3932 6484
450 408 554 461 46⁸7

947 407 1002 460 S.
1063 405 1416 461 BRUNONIS
1473 403 2116 460 CARTHUSIANORUM
2174 403 2660 460 INSTITUTORIS
2719 401 2870 459 OPP.
2929 403 3105 460 PARS
3161 405 3229 458 II.

3630 406 3730 459 468

453 537 534 584 est
565 545 594 583 a
629 529 977 583 similitudine
1007 528 1215 583 strenui
1247 528 1420 593 ducis,
1455 528 1546 599 qui
1577 528 1792 598 signum
1822 528 1912 582 dat
1935 527 2042 580 mi-
2071 530 2125 586 A
2146 527 2411 581 scendam
2432 529 2731 582 veritatem
2755 524 2880 581 ﬁdei
2916 545 2929 581 :
2963 534 3015 582 et
3045 527 3231 599 agnita
3253 526 3378 583 ﬁdei
3407 528 3632 584 veritate
3654 546 3732 585 re-

451 618 634 671 litibus
665 617 796 680 suis,
831 632 936 687 quo
966 616 1189 670 discreti
1219 616 1349 670 ﬁant
1399 617 1464 669 ab
1494 616 1634 670 aliis.
1671 616 1759 670 Sic
1789 617 1935 670 Deus
1967 614 2045 668 si-

452 711 580 776 gnat
609 719 738 758 suos
769 712 842 770 ut,
902 703 1020 758 viso
1079 704 1259 775 signo,
1309 704 1560 758 diabolus
1618 712 1897 773 prmtereat
1927 719 2042 767 eos,

2143 615 2423 684 sipiscant
2441 631 2475 668 a
2508 615 2721 686 laqueis
2750 615 2984 681 diaboli,
3016 615 3073 668 id
3102 623 3185 670 est
3215 631 3248 669 a
3275 617 3510 685 peccatis
3542 617 3732 686 quibus

2144 701 2393 756 diabolus
2423 701 2810 772 illaqueaverat
2840 717 2935 757 eos
2971 719 2986 756 :
3027 720 3061 757 a
3091 719 3193 774 quo
3215 703 3429 757 diabolo
3463 708 3736 759 tenentur

453 791 632 845 sciens
662 791 794 844 nihil
825 791 927 844 sibi
959 807 1082 845 esse
1115 807 1238 844 cum
1287 790 1412 845 illis.
1449 792 1676 861 Signum
1731 799 1909 844 autem
1943 791 2048 845 hoc
2143 791 2375 859 captivi,
2401 790 2642 859 quandiu
2665 790 2720 842 in
2741 789 2982 860 peccatis
2999 797 3142 844 sunt.
3167 791 3459 857 Tenentur,
3485 791 3727 862 inquam,

452 887 534 932 est
568 893 580 931 :
619 880 878 948 Cognovit
910 881 1184 934 Dominus
1214 881 1310 949 qui
1349 883 1486 933 sunt
1519 881 1640 949 ejus
1666 899 1684 944 ;
1714 880 1816 932 hoc
1845 878 2046 932 Paulus
2145 876 2215 930 ad
2246 878 2648 948 exsequendam
2681 878 2858 949 ipsius
2887 877 3091 932 diaboli
3122 879 3494 934 voluntatem.

449 982 515 1020 ex
545 973 702 1035 parte
735 981 835 1018 sua
855 966 1024 1035 ponit,
1061 964 1375 1035 signiﬁcans
1407 966 1730 1020 electionem
1751 966 1852 1020 Dei
1881 966 1936 1018 in
1951 965 2043 1032 ju-

448 1053 565 1120 stis,
596 1053 819 1107 dicens:
851 1053 1124 1108 Dominus
1155 1057 1406 1124 cegnovit
1437 1054 1504 1105 ab
1534 1061 1734 1107 mterno
1759 1053 1848 1124 qui
1879 1051 2045 1106 futuri

443 1144 580 1195 sunt
611 1143 758 1210 ejus.
799 1141 913 1194 Hoc
942 1148 1120 1194 autem
1153 1156 1390 1210 sequens
1420 1140 1611 1193 Isaiam
1630 1141 1727 1193 ait.
1758 1143 1946 1209 Agens
1977 1139 2046 1194 de

443 1234 708 1297 potestate
741 1227 897 1281 liberi
919 1227 1127 1280 arbitrii
1149 1227 1336 1281 dicens
1363 1242 1375 1280 :
1400 1227 1659 1282 Discedat
1679 1228 1856 1281 omnis
1881 1229 2043 1280 homo

444 1315 537 1384 qui
563 1323 756 1384 potens
789 1322 870 1369 est
901 1331 1000 1384 per
1028 1315 1335 1368 libertatem
1365 1314 1571 1368 arbitrii
1595 1321 1647 1368 et
1683 1316 1774 1386 qui
1817 1316 2043 1369 invocat

441 1417 649 1456 nomen
686 1403 912 1456 Domini
945 1402 1051 1456 ﬁde
1083 1409 1135 1456 et
1166 1418 1354 1472 opere,
1391 1403 1457 1456 ab
1490 1404 1814 1473 iniquitate.
1849 1402 2041 1456 Divina

445 1489 709 1544 electione
739 1496 792 1542 et
830 1489 1044 1543 lilibero
1075 1489 1296 1543 arbitrio
1319 1532 1331 1554 ,
1367 1490 1510 1559 quod
1540 1505 1639 1559 per
1683 1489 1826 1542 bona
1873 1504 2043 1558 opera

446 1576 679 1631 occurrit
696 1577 893 1631 divina:
916 1577 1186 1631 electioni.
1211 1577 1306 1630 His
1329 1577 1541 1631 duobus
1565 1577 1762 1648 signati
1785 1584 1929 1645 sunt,
1950 1577 2042 1648 qui

445 1663 500 1716 in
526 1664 731 1732 justitia
760 1672 883 1717 sunt
913 1664 1270 1733 permansuri.
1331 1665 1476 1718 Deus
1523 1664 1665 1718 enim
1721 1664 1800 1719 sic
1848 1681 2042 1718 unum-

441 1767 713 1821 quemque
767 1751 998 1805 electum
1035 1751 1282 1821 praevidit
1327 1750 1564 1804 futurum
1597 1751 1826 1819 bonum,
1884 1760 1939 1804 ut
1989 1759 2042 1805 et

443 1853 610 1907 opera
639 1838 779 1892 bona
801 1838 960 1891 simul
981 1838 1036 1890 in
1066 1853 1131 1892 eo
1154 1838 1499 1907 praevideret.
1522 1838 1840 1910 Quicunque
1861 1846 2040 1892 autem
2060 1869 2112 1928 B

444 1925 706 1978 electione
732 1925 831 1979 Dei
861 1933 914 1978 et
936 1925 1091 1979 bonis
1121 1925 1381 1994 operibus
1401 1925 1557 1979 liberi
1575 1926 1786 1980 arbitrii
1817 1926 2040 1996 signan-

446 2019 551 2078 tur,
585 2011 683 2066 Dei
705 2010 856 2065 ﬁunt.
889 2012 970 2066 Ne
1003 2019 1185 2066 tamen
1213 2012 1335 2066 ideo
1356 2013 1589 2077 mireris,
1617 2013 1660 2065 si
1681 2013 1733 2066 in
1755 2013 1919 2068 domo
1941 2013 2039 2067 Dei

444 2099 549 2153 hoc
583 2098 656 2160 ﬁt,
691 2106 748 2152 ut
778 2099 997 2169 quidam
1033 2114 1065 2152 a
1097 2099 1203 2152 ﬁde
1228 2100 1481 2154 recedant
1515 2117 1528 2153 :
1561 2100 1654 2153 alii
1683 2101 1737 2153 in
1784 2099 1890 2154 ﬁde
1921 2117 2043 2170 per-

447 2193 703 2240 severent
737 2201 748 2240 :
781 2187 907 2256 quia
939 2186 1098 2242 etiam
1130 2189 1193 2240 in
1225 2187 1466 2256 qualibet
1503 2204 1707 2258 magna
1737 2189 1898 2243 domo
1927 2205 2040 2243 non

443 2275 625 2329 solum
655 2277 795 2328 sunt
815 2291 948 2328 vasa
976 2291 1154 2330 aurea
1191 2279 1246 2328 et
1275 2279 1543 2344 argentea
1577 2294 1594 2329 :
1625 2275 1762 2329 sicut
1790 2275 1845 2329 in
1876 2276 2039 2330 domo

444 2360 543 2414 Dei
573 2361 790 2430 quidam
820 2369 944 2414 sunt
975 2361 1346 2431 perfectiores,
1380 2361 1469 2415 alii
1500 2361 1721 2431 perfecti
1753 2363 1853 2416 sub
1889 2363 1995 2417 illis
2021 2383 2035 2429 ;

441 2449 540 2503 sed
569 2450 747 2503 etiam
767 2456 890 2502 sunt
915 2449 971 2502 in
1001 2449 1194 2503 eadem
1240 2449 1404 2504 domo
1437 2451 1625 2517 lignea
1658 2467 1789 2506 vasa
1816 2459 1867 2504 et
1896 2453 2042 2518 ﬁcti-

449 2537 526 2590 lia
558 2555 576 2590 :
609 2535 747 2590 sicut
775 2537 831 2590 in
861 2537 1023 2591 domo
1051 2537 1151 2591 Dei
1183 2537 1404 2607 quidam
1434 2538 1579 2606 mali,
1610 2538 1699 2591 alii
1720 2539 2036 2593 deteriores.

447 2624 515 2678 Et
543 2624 797 2694 quaedam
827 2624 1047 2695 quidem
1095 2640 1284 2679 eorum
1315 2640 1569 2679 vasorum
1601 2633 1724 2679 sunt
1750 2629 1812 2681 in
1871 2628 2041 2682 hono-

444 2727 586 2776 rem,
618 2711 673 2765 in
694 2712 889 2782 quibus
911 2713 1160 2782 potiones
1183 2713 1341 2768 bona:
1362 2713 1748 2768 reconduntur.
1776 2715 2040 2781 Quaedam

446 2803 639 2854 autem
661 2807 785 2853 sunt
805 2802 868 2854 in
900 2802 1308 2856 contumeliam
1326 2821 1344 2854 :
1365 2809 1421 2854 ut
1451 2801 1519 2855 ad
1542 2802 1911 2871 recipiendum
1933 2803 2042 2856 uri-

444 2901 597 2950 nam,
631 2894 683 2941 et
710 2887 1017 2954 hujusmodi
1051 2901 1062 2940 :
1096 2895 1277 2942 tamen
1309 2888 1446 2942 sicut
1477 2889 1882 2944 honorabiliora
1911 2905 2042 2944 vasa

447 2973 506 3026 in
531 2973 697 3028 domo
741 2982 864 3028 sunt
892 2975 1225 3043 necessaria,
1260 2976 1452 3029 eodem
1483 2977 1647 3030 modo
1678 2993 1808 3030 vasa
1846 2986 2040 3031 contu-

444 3061 690 3115 meliosa.
726 3061 816 3116 Sic
858 3061 914 3114 in
962 3062 1210 3117 Ecclesia
1252 3064 1349 3118 Dei
1407 3063 1536 3116 mali
1565 3071 1617 3116 et
1667 3064 1795 3118 boni
1825 3066 2039 3136 utrique

441 3149 606 3202 modo
636 3149 736 3202 sub
766 3149 1056 3203 necessarii
1087 3157 1228 3204 sunt.
1263 3150 1319 3204 Si
1349 3151 1494 3205 enim
1524 3151 1650 3204 mali
1693 3168 1802 3206 non
1830 3162 2034 3219 essent,

2746 1045 2972 1121 CAPUT
3024 1045 3122 1100 III.

2219 1216 2239 1239 «ι
2277 1195 2392 1249 Hoc
2421 1201 2602 1249 autem
2632 1193 2786 1260 scito,
2820 1193 2966 1265 quod
2995 1194 3050 1248 in
3081 1193 3391 1250 novissimis
3421 1195 3615 1250 diebus
3645 1194 3734 1248 in-

2147 1301 2168 1329 «
2206 1281 2420 1334 stabunt
2477 1289 2725 1351 tempora
2771 1281 3082 1351 periculosa
3117 1300 3130 1336 :
3163 1289 3217 1336 et
3272 1293 3428 1337 erunt
3485 1283 3733 1338 homines

2146 1390 2167 1414 α
2205 1367 2418 1437 seipsos
2449 1377 2690 1422 amantes
2716 1409 2730 1435 ,
2764 1369 2966 1438 cupidi,
3017 1370 3162 1435 elati,
3199 1371 3437 1440 superbi,
3471 1370 3732 1440 blasphe-

2147 1475 2168 1504 ι
2202 1455 2300 1520 mi,
2333 1455 2651 1525 parentibus
2709 1471 2818 1510 non
2874 1457 3211 1522 obedientes,
3241 1457 3460 1528 ingrati,
3493 1459 3731 1526 scelesti,

2145 1565 2167 1588 ει
2206 1541 2322 1596 sine
2371 1541 2673 1609 affectione,
2711 1543 2828 1598 sine
2885 1559 3040 1614 pace,
3072 1545 3465 1614 criminatores,
3498 1546 3734 1602 inconti-

2146 1649 2168 1678 ι
2203 1638 2414 1694 nentes,
2448 1630 2702 1697 immites,
2735 1631 2852 1686 sine
2883 1632 3237 1703 benignitate,
3263 1633 3591 1703 proditores,
3613 1652 3739 1705 pro~

2146 1739 2167 1766 ε
2205 1717 2340 1771 tervi
2372 1716 2698 1789 [procaces],
2733 1718 2884 1784 cae-ci,
2919 1719 3111 1773 tumidi
3146 1734 3158 1772 :
3193 1720 3526 1790 voluptatum
3575 1737 3736 1778 ama-

2146 1827 2166 1849 «ι
2205 1813 2349 1859 tores
2376 1806 2550 1875 magis
2580 1821 2740 1876 quam
2771 1805 2890 1871 Dei,
2918 1807 3182 1861 habentes
3239 1808 3478 1878 speciem
3513 1811 3734 1880 quidem

2147 1913 2169 1941 α
2204 1893 2419 1962 pietatis
2447 1935 2459 1957 ,
2521 1893 2774 1947 virtutem
2818 1893 3142 1965 [veritatem]
3173 1903 3352 1950 autem
3411 1897 3527 1964 ejus
3555 1898 3724 1952 abne-

2147 2001 2168 2030 α
2202 1988 2422 2052 gantes.
2464 1981 2532 2033 Et
2561 1981 2661 2034 hos
2692 1981 2892 2036 devita.
2926 1983 3005 2036 Ex
3036 1983 3122 2036 his
3151 1983 3292 2037 enim
3311 1993 3436 2038 sunt
3456 1986 3546 2056 qui
3568 2002 3739 2055 pene-

2146 2091 2167 2114 «
2205 2074 2350 2121 trant
2379 2069 2591 2132 domos,
2619 2077 2671 2122 et
2697 2070 2941 2140 captivas
2969 2071 3169 2125 ducunt
3198 2072 3561 2138 mulierculas,
3596 2090 3736 2130 one-

2147 2176 2169 2205 α
2206 2164 2352 2210 ratas
2398 2157 2657 2226 peccatis,
2714 2174 2836 2228 quae
2882 2158 3152 2214 ducuntur
3208 2161 3371 2214 variis
3401 2161 3732 2216 desideriis:

2146 2265 2168 2292 α
2205 2260 2420 2314 semper
2462 2244 2755 2311 discentes,
2788 2253 2841 2299 et
2894 2263 3170 2318 nunquam
3199 2248 3269 2302 ad
3322 2248 3602 2303 scientiam
3634 2268 3736 2307 ve-

2147 2352 2168 2380 ι
2207 2332 2379 2386 ritatis
2436 2333 2837 2402 pervenientes.
2872 2334 3342 2401 Quemadmodum
3371 2346 3552 2392 autem
3580 2340 3734 2392 Jam-

2146 2441 2167 2464 α
2206 2435 2303 2472 nes
2335 2428 2386 2474 et
2415 2421 2680 2474 Mambres
2712 2421 3028 2476 restiterunt
3049 2423 3219 2494 Moysi
3243 2425 3442 2491 (Exod.
3484 2441 3581 2490 vn,
3607 2430 3735 2496 ll);

2146 2528 2168 2558 ι
2204 2506 2278 2560 ita
2333 2515 2384 2561 et
2454 2509 2507 2561 hi
2565 2509 2822 2562 resistunt
2869 2509 3118 2576 veritati,
3153 2512 3402 2566 homines
3489 2516 3738 2585 corrupti

2146 2616 2167 2645 α
2201 2603 2401 2660 mente,
2435 2596 2648 2666 reprobi
2697 2597 2843 2651 circa
2873 2597 3037 2651 ﬁdem
3069 2616 3082 2652 :
3117 2599 3213 2653 sed
3243 2599 3381 2654 ultra
3411 2616 3519 2655 non
3566 2602 3737 2672 proﬁ-

2146 2703 2167 2730 α
2204 2682 2366 2736 cient.
2399 2683 2716 2753 [nsipientia
2744 2685 2888 2737 enim
2945 2701 3129 2739 eorum
3172 2687 3458 2742 manifesta
3490 2689 3588 2743 erit
3617 2705 3740 2743 om-

2146 2793 2167 2815 «
2204 2771 2383 2834 nibus,
2429 2771 2564 2826 sicut
2616 2779 2667 2824 et
2724 2772 2931 2826 illorum
2990 2773 3106 2827 fuit.
3141 2774 3221 2827 Tu
3249 2783 3426 2829 autem
3457 2786 3740 2832 assecutus

2147 2880 2166 2905 α
2205 2873 2263 2911 es
2292 2873 2469 2911 meam
2531 2859 2856 2925 doctrinam,
2917 2861 3325 2927 institutionem,
3375 2866 3738 2936 propositum,

2148 2969 2167 2993 ιι
2201 2944 2382 3010 ﬁdem,
2438 2945 2907 3017 longanimitatem
2931 2991 2943 3013 ,
2976 2949 3338 3017 dilectionem,
3398 2953 3736 3022 patientiam,

2145 3055 2166 3082 ι
2201 3033 2628 3103 persecutiones,
2661 3036 2948 3104 passiones
2980 3053 2992 3090 :
3030 3037 3208 3108 qualia
3247 3039 3378 3092 mihi
3436 3039 3576 3095 facta
3606 3052 3740 3098 sunt

2146 3143 2166 3169 ι
2205 3122 2525 3186 Antiochia,
2587 3123 2772 3187 lconii,
2826 3124 3034 3193 Listris,
3085 3127 3272 3196 quales
3325 3130 3740 3198 persecutiones

445 3250 554 3290 non
579 3244 725 3290 esset
753 3236 1000 3289 meritum
1033 3237 1319 3291 bonorum.
1353 3239 1408 3292 Si
1439 3239 1582 3292 enim
1624 3256 1730 3294 non
1753 3240 1821 3294 sit
1841 3209 2033 3310 perse-I
2069 3211 2114 3270 Ο
2141 3231 2162 3255 ⁶¹
2200 3209 2428 3262 susum“
2465 3228 2478 3263 ³
2505 3218 2662 3308 ,θι,⁰Χ
2717 3212 2966 3310 QmD‘b‘,”
2994 3213 3320 3310 eriPuiLm?
3351 3217 3634 3310 Dofninus'
3669 3221 3740 3274 Et

444 3323 605 3387 cutio,
641 3322 734 3377 ubi
762 3323 1022 3394 patientia
1050 3325 1314 3379 bonorum
1337 3327 1364 3381 ‘l

519 3409 789 3477 Quoniam
832 3410 1049 3481 quidem
1080 3428 1210 3467 vasa
1255 3421 1346 3468 aut
1375 3415 1438 3468 in
1469 3414 1734 3471 honorem
1766 3424 1914 3485 sunt,
1947 3425 2039 3472 aut

443 3499 508 3553 in
535 3500 942 3554 contumeliam
973 3519 991 3554 :
1023 3507 1074 3554 et
1105 3500 1237 3554 nihil
1276 3500 1349 3555 ibi
1397 3502 1634 3556 medium
1674 3511 1756 3558 est
1789 3522 1802 3557 :
1837 3521 1964 3575 ergo
1987 3507 2038 3560 si

444 3585 568 3657 quis
594 3587 960 3642 mandaverit
983 3604 1042 3642 se
1072 3588 1139 3642 ab
1169 3589 1315 3655 istis,
1339 3589 1393 3643 id
1427 3597 1510 3644 est
1530 3591 1575 3643 si
1606 3591 1724 3661 quis
1745 3607 1855 3646 non
1876 3592 2037 3647 fuerit

441 3687 540 3726 vas
562 3672 617 3726 in
647 3673 1052 3740 contumeliam,
1088 3678 1198 3730 erit
1235 3693 1329 3731 vas
1359 3679 1430 3754 in
1470 3677 1737 3734 honorem
1758 3680 1892 3733 Deo.
1927 3681 2036 3735 Vas

443 3759 567 3814 dico
595 3761 1042 3829 sanctiﬁcatum,
1070 3761 1125 3816 id
1173 3771 1254 3817 est
1277 3763 1623 3831 justiﬁcatum
1653 3781 1685 3820 a
1713 3767 1954 3837 peccatis
1981 3773 2035 3823 et

441 3847 620 3900 etiam
639 3848 783 3902 utile
796 3848 1029 3904 Domino
1051 3868 1068 3902 :
1092 3849 1221 3920 quia
1237 3855 1512 3921 paratum
1530 3861 1613 3907 est
1629 3855 1699 3908 ad
1719 3870 1883 3909 omne
1899 3871 2036 3926 Opus

442 3931 651 3987 bonum
679 3932 1003 3989 faciendum.
1029 3937 1282 4005 Profana
1301 3939 1491 3994 devita
1521 3958 1540 3993 :
1566 3954 1669 3995 nec
1699 3942 1802 3996 hoc
1820 3943 1993 3997 solum
2017 3961 2031 3998 :

440 4018 539 4072 sed
565 4019 726 4073 etiam
753 4023 884 4090 fuge
912 4021 1190 4077 desideria
1210 4025 1514 4093 juvenilia,
1541 4026 1595 4080 id
1620 4035 1705 4081 est
1725 4045 1846 4099 quae
1877 4030 2033 4084 lubri-

437 4120 556 4160 cam
581 4107 918 4174 juventutem
945 4108 1298 4165 instimulant.
1326 4113 1450 4167 Haec
1482 4112 1628 4185 fuge,
1662 4120 1879 4171 sectare
1909 4135 2033 4174 vero

430 4194 746 4263 justitiam,
772 4193 827 4248 id
849 4202 930 4248 est
948 4196 1259 4266 aequitatem
1271 4199 1338 4253 ad
1358 4216 1546 4255 omnes
1569 4203 1758 4258 Fidem
1780 4205 1832 4258 in
1858 4207 2033 4259 Deum

436 4281 766 4336 castitatem
795 4283 974 4337 carnis
1004 4293 1055 4338 et
1084 4285 1269 4340 animi.
1306 4288 1538 4358 Pacem,
1571 4290 1627 4343 id
1686 4299 1769 4346 est
1797 4308 2031 4348 concor-

435 4367 601 4433 diam,
630 4368 860 4424 341
887 4370 1086 4426 habeto
1106 4387 1228 4428 cum
1251 4375 1333 4428 his
1364 4376 1455 4446 qui
1485 4377 1553 4432 de
1583 4394 1719 4448 puro
1747 4381 1915 4435 corde
1942 4381 2031 4435 in-

435 4462 630 4510 vocant
655 4456 964 4512 Dominum.
999 4459 1115 4515 Nec
1163 4461 1338 4515 solum
1379 4464 1642 4531 juvenilia
1689 4466 1884 4537 fugias,
1933 4470 2031 4524 sed

2151 3318 2172 3346 «
2207 3313 2396 3350 omnes
2429 3298 2518 3368 qui
2545 3298 2631 3368 pie
2659 3299 2846 3354 volunt
2877 3301 3061 3356 vivere
3091 3302 3147 3355 in
3177 3302 3388 3358 Christo
3415 3305 3566 3371 Jesu,
3599 3323 3739 3377 per-

2142 3405 2163 3434 α
2200 3386 2535 3440 secutionem
2576 3388 2870 3456 patientur.
2913 3389 3036 3442 Mali
3075 3398 3252 3445 autem
3282 3393 3529 3447 homines
3560 3404 3614 3450 et
3641 3412 3739 3451 se—

2141 3493 2168 3524 α
2195 3473 2452 3528 ductores
2500 3474 2788 3547 proﬁciunt
2818 3477 2871 3531 in
2901 3478 3090 3547 pejus;
3126 3488 3392 3546 errantes,
3425 3489 3478 3535 et
3505 3482 3562 3536 in
3583 3500 3738 3539 erro-

2141 3583 2162 3607 «
2198 3577 2314 3615 rem
2345 3562 2638 3616 mittentes.
2700 3564 2778 3618 Tu
2809 3580 2941 3619 vero
2969 3582 3228 3635 permane
3253 3569 3309 3622 in
3363 3569 3448 3624 his
3490 3587 3612 3642 quae
3645 3572 3738 3626 di-

2141 3669 2162 3697 (
2198 3647 2373 3703 dicisti
2430 3657 2482 3703 et
2531 3650 2736 3706 credita
2780 3660 2904 3706 sunt
2944 3654 3039 3708 tibi
3073 3669 3085 3708 :
3121 3656 3301 3710 sciens
3330 3673 3360 3710 a
3393 3674 3500 3729 quo
3525 3659 3740 3716 didice-

2143 3759 2163 3781 ι
2196 3737 2272 3790 ris
2306 3754 2318 3790 :
2354 3745 2406 3791 et
2437 3738 2560 3808 quia
2590 3739 2658 3792 ab
2686 3739 2905 3795 infantia
2935 3757 3119 3798 sacras
3150 3744 3359 3799 litteras
3398 3747 3562 3812 nosti,
3608 3766 3739 3820 qua:

2141 3847 2162 3869 «
2198 3832 2246 3878 te
2268 3834 2495 3894 possunt
2517 3827 2784 3882 instruere
2813 3829 2881 3882 ad
2911 3830 3137 3888 salutem
3168 3848 3268 3902 per
3297 3832 3458 3888 ﬁdem
3489 3852 3612 3906 quae
3649 3847 3739 3892 est

2141 3934 2162 3959 α
2197 3912 2252 3966 in
2279 3913 2492 3968 Christo
2542 3914 2669 3968 Jesu
2719 3915 2909 3971 Omnis
2958 3919 3102 3973 enim
3149 3920 3416 3991 scriptura
3472 3923 3739 3980 divinitus

2139 4022 2161 4046 ιι
2195 4000 2456 4069 inspirata
2487 4002 2631 4056 utilis
2662 4011 2743 4056 est
2773 4006 2842 4058 ad
2882 4005 3207 4075 docendum,
3240 4009 3308 4063 ad
3365 4012 3736 4083 arguendum,

2140 4109 2160 4132 η
2196 4087 2261 4140 ad
2293 4089 2720 4159 corripiendum,
2765 4093 2835 4146 ad
2880 4094 3237 4149 erudiendum
3270 4096 3326 4150 in
3373 4098 3584 4167 justitia
3620 4118 3633 4154 :
3666 4110 3729 4156 ut

2141 4196 2160 4222 α
2195 4174 2467 4244 perfectus
2494 4178 2562 4231 sit
2594 4179 2756 4234 homo
2778 4180 2899 4248 Dei,
2930 4181 3000 4236 ad
3029 4198 3190 4238 omne
3239 4199 3376 4255 opus
3405 4187 3608 4244 bonum
3642 4189 3731 4245 in-

2139 4282 2160 4312 α
2197 4270 2454 4318 structus.
2505 4288 2524 4312 η

2759 4431 3072 4474 ΕΧΡΟΒῘΤῙΟ.

434 4541 595 4595 etiam
610 4543 798 4598 devita
819 4547 1154 4637 quaestiones
1171 4551 1385 4605 stultas
1402 4551 1456 4604 in
1474 4552 1670 4622 quibus
1688 4570 1788 4609 nec
1806 4555 2030 4611 scientia
2058 4553 2111 4612 D
2204 4562 2396 4617 Devita
2428 4563 2614 4618 stultas
2643 4567 2970 4637 quaestiones
3005 4587 3018 4624 :
3051 4571 3234 4626 devita
3279 4573 3441 4629 etiam
3477 4576 3738 4634 homines

434 4636 537 4694 est,
570 4645 672 4684 nec
702 4646 824 4685 esse
852 4633 1086 4688 videtur.
1117 4636 1316 4690 Dnvita
1339 4638 1503 4692 etiam
1527 4655 1621 4694 eas
1639 4658 1760 4711 quae
1782 4643 2027 4700 licetnon

430 4716 507 4770 ita
545 4717 720 4772 stultae
750 4718 876 4786 sint,
923 4729 1050 4775 sunt
1098 4730 1281 4778 tamen
1314 4727 1436 4780 sine
1487 4727 1666 4782 fructu
1710 4730 2030 4788 Christiana;

430 4805 768 4875 disciplinae,
783 4814 841 4860 ut
857 4807 1153 4864 dialecticae
1173 4816 1507 4882 quaestiones
1526 4834 1543 4869 :
1556 4823 1741 4870 sciens
1767 4818 1870 4872 hoc
1887 4822 2029 4890 quod

431 4907 552 4960 quae
611 4899 734 4945 sunt
790 4893 1116 4964 hujusmodi,
1152 4905 1434 4966 generant
1475 4903 1623 4957 lites.
1673 4905 1905 4960 Servum
1934 4924 2032 4962 au-

435 4982 548 5032 tem
577 4981 801 5035 Domini
833 4983 998 5052 (quod
1021 4993 1075 5038 tu
1105 5001 1182 5050 es,
1217 4995 1268 5040 et
1291 5003 1412 5041 esse
1435 4988 1627 5058 debes)
1649 5007 1763 5047 non
1811 4999 2032 5063 oportet

432 5065 658 5134 litigare
688 5086 706 5121 :
735 5069 832 5122 sed
849 5079 1060 5139 oportet
1085 5088 1200 5126 esse
1219 5080 1603 5143 mansuetum,
1637 5077 1692 5132 id
1723 5088 1806 5133 est
1834 5080 1886 5134 in
1905 5097 2026 5136 om-

431 5151 592 5206 nibus
621 5155 958 5210 moderatum
993 5162 1048 5212 et
1079 5160 1149 5214 ad
1177 5176 1388 5227 omnes,
1452 5164 1676 5230 scilicet,
1711 5167 2022 5238 docibilem,

429 5239 483 5292 id
505 5246 716 5294 estcum
736 5242 1012 5298 habilitate
1033 5245 1320 5302 docentem
1343 5248 1508 5315 alios;
1526 5254 1841 5321 patientem
1862 5256 2025 5310 etiam

431 5341 764 5398 quaecunque
797 5329 1096 5385 inferantur
1125 5335 1173 5387 ei
1211 5348 1223 5387 :
1261 5344 1313 5388 et
1341 5339 1742 5409 corripientem
1759 5359 2023 5399 cummo-

431 5413 611 5468 destia
631 5431 719 5470 eos
747 5418 842 5486 qui
884 5419 1166 5473 resistunt
1196 5424 1450 5491 veritati,
1484 5442 1593 5480 non
1650 5444 1768 5482 cum
1801 5430 1974 5503 litigio
2005 5451 2018 5487 :

429 5499 554 5554 ideo
571 5501 648 5554 sic
669 5503 1075 5572 corripientem,
1095 5522 1166 5561 ne
1186 5512 1422 5579 quando,
1456 5512 1510 5565 id
1529 5523 1609 5567 est
1634 5523 1688 5568 ut
1707 5499 2016 5587 aliquando,

427 5587 523 5642 sed
537 5589 684 5676 Deus
703 5591 821 5644 illis
839 5593 1254 5661 paenitentiam.
1282 5599 1542 5654 Fortassis
1557 5602 1700 5656 enim
1727 5605 2021 5676 aliquando

427 5689 487 5728 se
517 5675 660 5729 male
691 5677 872 5747 egisse
910 5680 1274 5752 pmnitebunt,
1306 5685 1573 5744 veniendo
1604 5691 1683 5746 sic
1713 5693 1784 5748 ad
1811 5675 2019 5766 cogno-

2129 4649 2393 4704 habentes
2424 4653 2662 4721 speciem
2691 4654 2928 4723 pietatis,
2980 4666 3084 4713 etc.
3137 4659 3244 4714 Sed
3274 4649 3592 4734 priusquam
3624 4667 3739 4724 hoc

2128 4746 2308 4806 ponat,
2343 4740 2615 4808 praemittit
2643 4755 2860 4811 causas,
2895 4761 3065 4814 quare
3098 4747 3230 4802 tales
3272 4749 3546 4806 devitandi
3597 4754 3731 4818 sint,

2128 4824 2315 4879 dicens
2351 4841 2362 4878 :
2395 4827 2518 4881 Non
2548 4828 2722 4882 solum
2755 4832 2898 4901 quod
2929 4835 3267 4902 praemissum
3299 4845 3380 4891 est
3411 4838 3733 4898 faciendum

2129 4928 2250 4967 esse
2281 4914 2443 4974 scias.
2478 4916 2576 4970 sed
2607 4917 2769 4971 etiam
2801 4919 2901 4975 hoc
2934 4924 3094 4990 scito,
3130 4926 3272 4996 quod
3297 4927 3359 4980 in
3407 4930 3734 4987 novissimis

2127 4999 2337 5065 diebus,
2363 5002 2418 5055 id
2442 5011 2523 5056 est
2545 5004 2687 5059 circa
2711 5005 2873 5060 ﬁnem
2904 5010 3110 5079 mundi,
3155 5014 3451 5069 instabunt
3475 5021 3736 5089 tempora

2123 5091 2460 5158 periculosa,
2485 5091 2540 5144 id
2571 5100 2653 5145 est
2683 5092 2736 5146 in
2761 5102 3002 5166 tempore
3025 5098 3119 5152 illo
3144 5099 3417 5155 instabunt
3445 5104 3724 5172 docendo,

2126 5182 2179 5228 et
2209 5191 2302 5229 eos
2331 5178 2422 5248 qui
2462 5194 2571 5232 non
2599 5183 2938 5237 consentient
2978 5185 3269 5257 aﬁligendo
3300 5190 3593 5258 periculosi
3624 5195 3728 5249 do-

2125 5270 2304 5318 ctores
2338 5282 2350 5317 :
2383 5266 2475 5336 qui
2496 5267 2783 5323 credentes
2828 5271 2930 5325 sibi
2959 5272 3014 5325 in
3044 5274 3214 5329 multa
3248 5277 3574 5350 demergent
3619 5299 3725 5352 pe-

2124 5349 2294 5405 ricula
2329 5368 2340 5406 :
2375 5358 2428 5407 et
2460 5362 2588 5409 tunc
2633 5356 2688 5409 in
2727 5359 3062 5428 temporibus
3095 5362 3200 5416 illis
3229 5370 3401 5420 erunt
3453 5349 3725 5426 ihomi-‘nes

2123 5444 2381 5494 amantes
2411 5444 2636 5511 seipsos,
2672 5443 2726 5498 id
2756 5455 2838 5499 est
2888 5449 3188 5504 carnalitati
3221 5469 3334 5507 suae
3381 5470 3589 5510 morem
3619 5475 3727 5528 ge-

2121 5534 2304 5580 rentes
2328 5528 2410 5581 his
2427 5530 2621 5584 modis.
2648 5531 2819 5587 Erunt
2841 5535 2984 5588 enim
3007 5538 3224 5607 cupidi,
3258 5540 3313 5594 id
3336 5549 3417 5594 est
3451 5554 3730 5601 amatores

2122 5615 2381 5682 pecunim.
2431 5618 2605 5670 Erunt
2666 5621 2827 5674 etiam
2883 5623 3045 5689 elati,
3106 5625 3163 5680 id
3221 5636 3304 5681 est
3356 5629 3478 5684 aliis
3529 5649 3590 5688 se
3643 5653 3730 5690 su-

2119 5717 2421 5772 perponere
2441 5705 2742 5775 cupientes.
2768 5710 2941 5764 Erunt
2969 5715 3212 5783 superbi,
3241 5714 3293 5770 id
3325 5717 3486 5772 estin
3507 5722 3721 5795 adeptis
