3932 6420
237 356 346 410 469

891 361 1268 419 EXPOSITIO
1307 363 1382 418 IN
1417 364 1796 422 EPISTOLAS
1835 365 2060 422 PAULI.
2088 397 2157 407 —
2188 368 2261 422 IN
2297 367 2516 423 EPIST.
2559 368 2607 422 lI
2646 367 2738 422 AD
2777 367 2925 423 TIM.

3468 369 3573 424 L70

247 479 565 537 honoribus
595 482 783 540 illicite
812 484 1130 558 gloriantes.
1165 488 1334 542 Erunt
1364 488 1528 543 etiam
1558 489 1869 562 blasphemi
1888 491 1944 551 Α
1969 489 2313 546 Mulierculas
2333 491 2457 547 dico
2472 495 2738 547 oneratas
2752 494 3020 562 peccatis,
3046 491 3172 546 dum
3196 491 3434 548 seducta?
3455 501 3582 547 sunt

256 577 450 624 contra
483 572 665 626 Deum
697 580 749 627 et
795 573 1096 629 doctrinam
1144 575 1280 644 ejus.
1334 577 1503 631 Erunt
1544 577 1704 632 etiam
1759 594 1874 632 non

260 657 588 714 obedientes
618 662 974 731 parentibus,
1009 679 1104 717 seu
1136 664 1444 718 carnalibus
1496 665 1665 736 (quod
1721 664 1875 719 nefas

265 747 392 814 est),
455 763 554 801 seu
614 749 968 818 spiritalibus,
1027 759 1084 805 ut
1112 751 1386 822 episcopis
1415 761 1465 807 et
1521 753 1871 824 presbyteris.

268 833 442 888 Erunt
469 836 694 906 ingrati
723 857 742 892 :
773 838 900 909 quia
928 839 974 892 si
1007 839 1126 910 quis
1170 839 1314 894 bona
1345 841 1592 895 docuerit
1627 856 1745 906 eos,
1768 858 1874 894 un-

268 921 340 976 de
367 923 508 994 grati
553 939 678 978 esse
726 925 1044 994 debuerant,
1098 927 1312 982 molesti
1361 937 1521 982 erunt
1564 929 1876 983 doctoribus

270 1011 405 1066 suis.
442 1012 619 1065 Erunt
662 1013 824 1068 etiam
856 1016 1082 1070 scelesti
1114 1035 1131 1071 :
1163 1015 1454 1071 homicidia
1484 1025 1536 1071 et
1567 1017 1874 1086 hujusmodi

270 1099 482 1154 scelera
509 1108 808 1171 patrantes.
841 1102 1012 1157 Erunt
1042 1105 1165 1159 sine
1211 1104 1530 1175 affectione,
1590 1106 1734 1175 piam
1773 1121 1873 1161 vo-

269 1185 531 1242 luntatem
555 1205 663 1243 non
685 1189 949 1246 habentes
977 1191 1046 1246 ad
1068 1193 1403 1262 proximum;
1444 1193 1682 1248 342
1712 1194 1873 1248 etiam

269 1274 391 1330 sine
423 1276 554 1330 nihil
584 1277 716 1332 dare
745 1286 963 1349 queunt.
997 1279 1166 1334 Erunt
1193 1280 1316 1336 sine
1360 1297 1519 1352 pace,
1570 1281 1622 1334 id
1653 1290 1736 1336 est
1757 1281 1874 1337 sine

270 1365 564 1419 concordia
596 1383 610 1419 :
645 1365 743 1420 sed
782 1381 1002 1436 semper
1038 1367 1092 1421 in
1122 1367 1316 1438 litigio.
1351 1369 1520 1422 Erunt
1546 1369 1876 1425 criminato-

268 1468 382 1515 res,
433 1451 486 1506 id
518 1461 598 1507 est
622 1453 782 1521 justis
810 1453 1040 1511 crimina
1062 1453 1402 1526 imponentes
1437 1474 1450 1511 :
1481 1472 1604 1512 cum
1634 1455 1737 1527 ipsi
1766 1457 1874 1511 sint

265 1540 696 1596 incontinentes
729 1561 746 1596 :
776 1542 876 1597 sed
895 1542 1097 1612 passim
1115 1551 1276 1598 ruunt
1305 1544 1374 1598 ad
1397 1559 1738 1615 quaecunque
1752 1560 1872 1600 sce-

267 1626 411 1682 lera.
440 1629 608 1682 Erunt
636 1629 908 1696 immites,
941 1629 996 1684 id
1026 1637 1110 1685 est
1140 1631 1256 1686 sine
1277 1632 1423 1686 omni
1453 1631 1872 1688 mansuetudine

266 1716 539 1771 crudeles.
573 1717 641 1771 Et
669 1717 792 1772 sine
839 1718 1206 1789 benignitate,
1242 1719 1295 1772 id
1327 1727 1410 1773 est
1435 1719 1552 1774 sine
1596 1719 1866 1792 largitate,

264 1819 378 1858 non
401 1812 692 1876 erogantes
723 1820 821 1859 sua
867 1805 1257 1877 indigentibus.
1317 1808 1493 1862 Erunt
1539 1807 1704 1861 etiam
1733 1824 1868 1878 pro-

264 1891 501 1957 ditores,
559 1893 828 1947 tradentes
871 1893 1046 1960 justos
1076 1894 1145 1948 ad
1173 1901 1426 1948 mortem.
1481 1896 1653 1949 Erunt
1711 1895 1871 1951 etiam

260 1983 537 2052 protervi,
569 1981 624 2034 id
657 1988 740 2035 est
764 1980 832 2036 de
864 1981 1166 2037 maledictis
1194 1981 1549 2038 inverecundi
1583 1999 1595 2037 :
1629 1991 1681 2038 et
1713 1984 1875 2039 etiam

266 2068 316 2121 si
358 2069 851 2138 reprehenduntur,
905 2068 1031 2123 inde
1080 2069 1439 2140 impatientes.
1481 2071 1658 2126 Erunt
1715 2072 1872 2127 etiam

268 2156 498 2222 tumidi,
528 2156 581 2209 id
611 2164 695 2212 est
730 2156 896 2210 inﬂati
924 2155 1106 2211 animo
1139 2174 1151 2210 :
1185 2157 1344 2211 etiam
1375 2157 1422 2212 si
1451 2173 1553 2214 nec
1606 2159 1873 2214 honorem

261 2258 370 2299 nec
399 2259 551 2314 spem
582 2245 804 2300 honoris
834 2244 1068 2298 habeant
1096 2263 1114 2299 :
1144 2252 1195 2298 et
1223 2245 1278 2299 hi
1308 2246 1446 2300 tales
1491 2254 1665 2312 erunt,
1715 2263 1872 2303 ama-

268 2334 420 2386 tor'es
448 2333 826 2404 voluptatum,
858 2332 913 2386 id
939 2338 1021 2387 est
1047 2331 1211 2386 totius
1232 2333 1476 2399 luxuria),
1502 2335 1680 2405 magis
1703 2351 1871 2407 quam

264 2420 368 2474 Dei
402 2436 414 2474 :
447 2436 610 2490 quem
637 2420 692 2474 in
724 2420 871 2475 nullo
900 2419 1153 2476 videntur
1180 2421 1431 2493 diligere.
1465 2421 1544 2478 De
1575 2422 1660 2476 his
1690 2431 1871 2478 autem

264 2507 536 2562 subtiliter
565 2509 871 2564 cavendum
901 2515 983 2564 est
1010 2507 1126 2562 tibi.
1157 2509 1222 2562 Hi
1264 2510 1409 2564 enim
1448 2518 1571 2564 sunt
1602 2511 1871 2566 habentes

262 2597 511 2666 speciem
538 2597 790 2668 pietatis,
842 2596 896 2650 id
927 2602 1010 2650 est
1046 2594 1362 2651 simulantes
1391 2613 1451 2652 se
1481 2597 1792 2669 religiosos,
1817 2605 1871 2653 et

269 2683 527 2738 virtutem
558 2685 674 2753 ejus
702 2685 941 2756 pietatis,
993 2688 1046 2743 id
1077 2695 1159 2744 est
1189 2686 1553 2751 dilectionem,
1601 2703 1722 2757 quae
1752 2686 1868 2740 vir-

263 2779 350 2824 tus
381 2779 465 2826 est
491 2772 658 2826 totius
684 2773 994 2843 religionis.
1036 2770 1220 2829 Valida
1250 2773 1396 2828 enim
1425 2781 1508 2827 est
1547 2774 1685 2829 sicut
1717 2789 1868 2829 mors

263 2858 506 2914 dilectio.
541 2861 637 2915 Vel
692 2863 986 2928 virtutem,
1019 2863 1073 2917 id
1102 2869 1180 2918 est
1222 2862 1502 2917 veritatem
1563 2862 1864 2934 religionis,

265 2961 436 3016 opere
481 2948 822 3019 abnegantes
851 2971 868 3005 :
899 2951 1070 3006 ethos
1097 2950 1235 3004 tales
1267 2951 1477 3004 devita.

329 3035 545 3089 Diceret
573 3037 884 3092 Timotheus
919 3055 932 3092 :
967 3037 1148 3106 Quare
1178 3039 1246 3092 de
1281 3037 1364 3091 his
1407 3037 1702 3107 prmmunis
1753 3053 1862 3103 me,

263 3121 357 3191 qui
389 3121 548 3177 futuri
578 3132 702 3178 sunt
731 3125 875 3181 circa
907 3125 1069 3182 finem
1097 3126 1282 3180 mundi
1312 3127 1340 3179 ‘l
1370 3126 1498 3180 Ideo
1528 3126 1599 3178 ait
1625 3125 1823 3180 Paulus
1849 3139 1862 3178 :

1979 579 2196 633 diabolo
2232 596 2244 632 :
2278 597 2399 652 quae
2424 579 2683 634 mulieres
2723 579 3014 634 ducuntur
3043 582 3216 636 variis
3246 579 3538 636 desideriis
3561 599 3580 636 :

1979 666 2099 736 quia
2130 684 2349 739 semper
2371 668 2747 732 discentes,et
2768 685 3063 739 nunquam
3082 669 3477 739 pervenientes
3505 669 3579 724 ad

1976 757 2284 810 scientiam
2331 757 2612 819 veritatis,
2659 755 2712 808 id
2762 762 2844 810 est
2893 771 3109 825 semper
3154 755 3483 822 laborantes,
3527 765 3580 811 et

1977 859 2252 914 nunquam
2285 843 2352 896 ad
2406 843 2796 913 perfectionem
2854 844 3154 898 venientes.
3188 844 3256 897 Et
3299 844 3386 897 isti
3442 843 3579 899 tales

1976 947 2084 985 non
2115 938 2322 985 tantum
2351 931 2403 985 in
2427 932 2679 985 domibus
2725 930 2952 1001 privatis
2983 932 3199 996 docent,
3259 932 3356 986 sed
3413 932 3578 986 etiam

1976 1019 2029 1072 hi
2061 1019 2309 1073 homines
2339 1020 2602 1074 resistunt
2629 1019 2845 1090 veritati
2868 1019 2922 1073 in
2954 1027 3142 1090 aperto
3169 1038 3181 1074 :
3214 1021 3578 1090 quemadmo-

1977 1108 2112 1163 dum
2142 1110 2371 1163 Jamnes
2399 1113 2456 1163 et
2483 1109 2772 1174 Mambres,
2799 1108 2906 1163 duo
2939 1107 3138 1162 fratres
3168 1109 3312 1180 magi
3338 1109 3392 1161 in
3421 1110 3580 1180 Egy-

1973 1204 2067 1266 pto
2116 1197 2458 1252 restiterunt
2508 1197 2674 1267 Moysi
2728 1211 2914 1252 coram
2963 1197 3261 1263 Pharaone,
3329 1195 3578 1252 faciendo

1975 1284 2220 1354 qutham
2252 1300 2353 1354 per
2373 1284 2771 1339 incantationes
2820 1301 2946 1338 suas
2991 1301 3113 1355 quae
3142 1286 3357 1356 Moyses
3406 1285 3577 1341 facie-

1976 1371 2082 1436 bat,
2117 1387 2218 1426 nec
2273 1379 2456 1426 tamen
2494 1371 2675 1426 omnia
2707 1372 2911 1442 (Exod.
2947 1387 3044 1439 vn,
3080 1375 3190 1441 tt).
3225 1373 3290 1426 Ili
3321 1372 3577 1428 homines

1973 1459 2097 1514 dico
2126 1460 2382 1529 corrupti
2409 1464 2619 1525 mente,
2654 1460 2706 1513 id
2738 1467 2820 1514 est
2876 1460 3162 1530 depravati
3207 1460 3485 1516 intellectu
3524 1469 3578 1515 et

1973 1561 2139 1616 Opere
2174 1554 2266 1601 :et
2292 1547 2441 1602 circa
2467 1545 2631 1601 ﬁdem
2662 1555 2921 1602 errantes.
2982 1549 3064 1601 Ad
3098 1563 3257 1619 quam
3289 1548 3412 1620 quia
3465 1563 3576 1603 non

1971 1635 2367 1705 ingrediuntur,
2401 1635 2680 1705 reprobati
2712 1643 2837 1688 sunt
2869 1650 2901 1688 a
2933 1637 3069 1690 Deo.

2040 1723 2122 1777 Ne
2165 1722 2330 1777 modo
2363 1722 2448 1776 his
2495 1723 2769 1793 praedictis
2813 1723 3182 1778 deterrerctur
3233 1725 3570 1794 Timotheus,

1974 1811 2290 1866 consolatur
2319 1826 2443 1865 eum
2475 1811 2691 1876 Paulus,
2757 1803 2946 1866 dicens
2981 1826 2993 1864 :
3028 1811 3189 1866 Tales
3221 1812 3440 1883 quidem
3485 1811 3575 1866 fu-

1974 1898 2078 1953 turi
2111 1907 2235 1952 sunt
2265 1916 2279 1963 ;
2314 1899 2408 1953 sed
2438 1914 2505 1953 ne
2535 1899 2725 1953 timeas
2757 1898 2881 1970 quia
2912 1900 3070 1954 ultra
3101 1916 3214 1954 non
3251 1901 3573 1970 proﬁcient.

1975 1987 2103 2041 Ideo
2131 1986 2261 2057 quia
2292 1987 2625 2057 insipientia
2649 1988 2880 2042 illorum
2916 1987 3052 2041 sicut
3081 1987 3288 2042 Jamna:
3319 1995 3372 2042 et
3402 1989 3577 2042 Mam-

1973 2075 2087 2130 brae
2117 2075 2184 2129 ad
2204 2075 2448 2129 ultimum
2480 2077 2794 2144 manifesta
2824 2077 2956 2140 erit,
2990 2075 3065 2129 illi
3095 2091 3204 2129 non
3234 2076 3373 2130 ultra
3402 2076 3576 2146 profi-

1972 2159 2112 2214 cieut
2147 2176 2159 2214 :
2194 2166 2251 2213 tu
2270 2167 2469 2226 autem,
2505 2159 2661 2230 quasi
2717 2159 2940 2226 diceret,
2999 2160 3270 2230 prolicere
3325 2160 3496 2214 debes
3527 2169 3580 2217 et

1970 2255 2124 2317 potes
2159 2264 2172 2301 :
2210 2250 2275 2302 tu
2305 2247 2449 2302 enim
2481 2251 2776 2302 assecutus
2827 2263 2884 2302 es
2928 2263 3114 2302 meam
3154 2249 3474 2304 doctrinam
3520 2249 3578 2304 in

1971 2334 2196 2389 scientia
2229 2352 2241 2388 :
2276 2342 2327 2389 et
2357 2349 2537 2389 meam
2560 2335 2987 2391 institutionem
3005 2335 3059 2388 in
3081 2335 3433 2405 dispositione
3453 2337 3576 2392 vitae

1973 2431 2022 2477 et
2052 2423 2104 2475 in
2134 2412 2391 2477 'moribus
2421 2440 2434 2476 :
2469 2430 2520 2476 et
2540 2439 2720 2478 meum
2750 2425 3120 2496 propositum,
3157 2424 3284 2494 quia
3316 2423 3474 2479 sicuti
3503 2424 3577 2479 vi-

1970 2519 2081 2565 tam
2125 2518 2384 2564 aeternam
2445 2508 2607 2565 finem
2664 2510 2868 2564 laboris
2923 2511 3031 2564 mei
3089 2511 3348 2581 proposui
3383 2511 3490 2565 :ita
3521 2520 3576 2566 et

1970 2609 2024 2652 tu
2055 2605 2346 2652 assecutus
2377 2614 2436 2652 es
2465 2599 2627 2652 etiam
2685 2599 2852 2664 ﬁdem
2885 2618 2902 2653 :
2933 2598 3057 2670 quia
3106 2615 3239 2654 sane
3294 2599 3476 2654 credis
3516 2607 3575 2654 ut

1970 2701 2075 2759 ego
2109 2705 2124 2750 ς
2158 2695 2210 2741 et
2242 2687 2743 2756 longanimitatem
2774 2686 2827 2740 in
2877 2703 2974 2757 spe
3009 2687 3169 2758 :quia
3217 2697 3440 2756 paratus
3489 2705 3570 2754 es,

1969 2775 2204 2845 quandiu
2280 2775 2396 2829 Deo
2442 2774 2698 2844 placebit,
2761 2789 2995 2828 mecum.
3061 2774 3347 2830 sustinere.
3391 2775 3574 2831 Habes

1969 2862 2130 2916 etiam
2170 2862 2530 2917 dilectio-nem
2576 2861 2676 2915 Dei
2707 2870 2759 2916 et
2805 2861 3033 2932 proximi
3069 2879 3081 2916 :
3115 2870 3167 2916 et
3204 2863 3570 2935 patientiam,

1968 2949 2023 3004 id
2059 2958 2141 3005 est
2171 2949 2342 3019 ipsam
2372 2949 2627 3004 virtutem
2661 2949 2904 3003 :etiamsi
2933 2949 3066 3003 nihil
3096 2950 3314 3020 operari
3344 2966 3573 3006 necesse

1969 3039 2057 3103 sit,
2094 3046 2144 3092 et
2175 3045 2330 3093 actus
2376 3037 2520 3091 illius
2561 3038 2858 3107 patientiae,
2900 3037 3107 3092 scilicet
3149 3041 3572 3109 persecutiones

1967 3126 2036 3180 de
2056 3126 2176 3180 loco
2199 3127 2267 3179 ad
2288 3125 2486 3193 locum,
2507 3133 2559 3180 et
2579 3128 2871 3196 passiones
2892 3133 3302 3180 tormentorum.
3327 3126 3565 3182 343

262 3209 380 3264 Hos
407 3211 588 3265 devita
621 3231 635 3278 ;
667 3214 792 3284 quia
814 3230 888 3268 ex
919 3215 1004 3269 his
1022 3213 1217 3268 futuris
1246 3213 1302 3268 in
1330 3213 1642 3268 novissimis
1671 3213 1863 3267 diebus
1887 3193 1932 3252 δ
1964 3214 2118 3268 Nosti
2165 3213 2325 3268 etiam
2375 3193 2592 3285 qualid
2617 3216 2778 3284 facta
2841 3218 2979 3268 sunt
3035 3214 3180 3269 mihi
3234 3214 3565 3280 Antiochia,

260 3302 402 3352 sunt
434 3298 509 3352 illi
538 3301 633 3370 qui
659 3305 969 3373 penetrant
1015 3302 1223 3367 domos,
1257 3309 1363 3356 etc.
1417 3301 1724 3356 Notandum
1782 3308 1866 3355 est

261 3386 389 3457 quia
419 3403 485 3441 ex
514 3403 620 3458 quo
649 3388 813 3458 εωρίι
868 3389 1119 3455 mundus,
1170 3389 1354 3443 habuit
1400 3388 1455 3442 in
1485 3403 1551 3443 eo
1601 3389 1747 3442 Deus
1768 3404 1862 3443 re-

258 3490 432 3544 gnum
465 3491 640 3541 suum,
673 3484 727 3530 et
758 3476 1005 3531 diabolus
1052 3493 1228 3531 suum.
1265 3477 1322 3530 In
1348 3476 1485 3531 Abel
1516 3476 1660 3530 enim
1691 3477 1859 3543 Deus,

255 3571 310 3617 et
340 3563 398 3617 in
427 3563 556 3617 Cain
584 3563 834 3618 diabolus
862 3581 1099 3637 regnare
1129 3565 1317 3636 coepit.
1356 3567 1504 3620 Deus
1551 3573 1732 3619 autem
1779 3580 1862 3618 re-

258 3669 433 3724 gnum
453 3669 610 3706 suum
633 3653 960 3708 assumendo
990 3669 1231 3720 carnem,
1257 3661 1309 3708 et
1355 3670 1476 3725 qua:
1507 3661 1692 3708 secuta
1739 3661 1863 3707 sunt

257 3740 543 3810 operando
580 3741 975 3796 consummavit
1029 3758 1262 3814 regnum
1319 3757 1497 3806 suum,
1537 3741 1861 3796 remittendo

254 3836 502 3899 peccata,
523 3836 648 3897 etc.,
684 3829 956 3900 quomodo
985 3831 1354 3886 consummari
1405 3831 1579 3901 potuit
1628 3829 1682 3883 in
1713 3846 1859 3899 prae-

256 3916 400 3971 senti
428 3931 441 3971 :
475 3917 618 3986 quod
647 3933 875 3987 regnum
904 3918 972 3972 ad
1000 3918 1221 3988 plenum
1259 3917 1664 3973 consummabit
1683 3917 1739 3971 in
1771 3917 1858 3972 fu-

258 4013 412 4069 turo,
440 4004 622 4059 dando
650 4005 815 4060 vitam
873 4013 1154 4060 aeternam.
1201 4007 1349 4061 Sicut
1376 4014 1554 4061 autem
1604 4006 1751 4060 Deus
1805 4005 1861 4059 in

258 4093 408 4147 bono
444 4106 457 4145 :
490 4092 570 4147 sic
596 4092 848 4148 diabolus
889 4093 944 4147 in
997 4092 1330 4164 perfectione
1376 4093 1674 4165 iniquitatis
1721 4108 1859 4148 con-

255 4189 628 4235 summaturus
659 4189 743 4236 est
769 4197 996 4251 regnum
1026 4197 1186 4235 suum
1245 4182 1392 4237 circa
1451 4180 1613 4235 finem
1669 4181 1858 4235 mundi

256 4285 362 4340 per
389 4268 797 4324 Antichristum.
832 4270 898 4323 Et
928 4269 1065 4324 sicut
1093 4269 1429 4339 patriarchas
1475 4277 1527 4323 et
1565 4269 1858 4339 prOphetas

257 4357 553 4411 adventum
584 4357 782 4411 Christi
811 4357 957 4412 Deus
980 4357 1299 4427 praecedere
1338 4357 1544 4421 voluit;
1578 4357 1656 4411 sic
1695 4357 1857 4410 multa

259 4445 508 4499 membra
538 4444 852 4500 Antichristi
894 4445 1201 4516 praecedant
1256 4453 1416 4516 caput
1447 4461 1622 4512 suum,
1680 4444 1734 4498 id
1776 4451 1858 4499 est

1963 3301 2158 3365 Iconii,
2183 3302 2418 3372 Lystris,
2450 3308 2522 3366 et,
2557 3308 2753 3370 praeter
2772 3301 2910 3366 haec,
2933 3303 3126 3372 quales
3148 3303 3572 3373 persecutiones

1962 3405 2066 3459 ego
2110 3389 2363 3444 sustinui
2407 3388 2462 3442 in
2509 3388 2694 3442 multis
2724 3388 2880 3444 locis.
2913 3389 3019 3443 Sed
3053 3389 3180 3459 quid
3211 3389 3336 3443 inde
3368 3389 3569 3444 timen-

1962 3478 2131 3544 dum?
2161 3479 2249 3531 Ea:
2293 3477 2553 3531 omnibus
2593 3476 2737 3531 enim
2782 3475 2919 3529 eruit
2955 3493 3044 3531 me
3073 3477 3375 3544 Dominus;
3410 3485 3464 3532 et
3489 3477 3569 3533 sic

1961 3573 2114 3619 eruet
2136 3573 2188 3620 te
2217 3565 2286 3619 de
2317 3564 2400 3617 his
2430 3580 2549 3634 quae
2571 3571 2620 3617 te
2652 3563 2762 3633 pati
2794 3563 3101 3635 contigerit.
3148 3564 3360 3618 lncitari
3398 3565 3570 3619 debes

1961 3653 2031 3707 ad
2061 3652 2447 3708 continentiam
2480 3651 2730 3721 exemplo
2759 3667 2882 3705 meo
2909 3693 2921 3720 ,
2970 3659 3022 3705 et
3069 3651 3308 3706 omnium
3337 3651 3566 3722 religio-

1961 3756 2169 3796 sorum.
2210 3741 2412 3797 Omnes
2435 3740 2580 3794 enim
2609 3742 2702 3811 qui
2735 3741 2935 3794 volunt
2957 3740 3068 3811 pie,
3104 3739 3156 3792 id
3179 3747 3261 3794 est
3281 3727 3564 3812 religiose,

1962 3831 2143 3885 vivere
2163 3831 2226 3884 in
2255 3830 2472 3884 Christo
2489 3829 2638 3891 Iesu,
2661 3829 2966 3898 patientur
2987 3829 3441 3900 persecutionem
3463 3849 3481 3884 :
3513 3838 3567 3884 et

1960 3916 2084 3972 ideo
2114 3933 2180 3971 ne
2212 3917 2453 3970 turberis
2504 3915 2550 3969 si
2598 3915 2778 3986 aliqua
2811 3915 3033 3986 pateris.
3070 3915 3161 3970 Pie
3191 3917 3438 3972 viventes
3469 3932 3567 3988 pa-

1960 4005 2160 4058 tientur
2186 4022 2198 4058 :
2223 4003 2475 4062 homines
2497 4009 2689 4059 autem
2712 4005 2852 4058 mali
2873 4004 2926 4057 in
2952 4020 3010 4058 se
3029 4008 3085 4058 et
3099 4005 3421 4060 seductores
3440 4005 3569 4061 alio-

1960 4109 2079 4146 rum
2103 4093 2404 4164 proﬁcient
2453 4092 2674 4162 quidem
2704 4094 2766 4146 in
2806 4091 3095 4146 mundanis
3142 4092 3561 4165 [immunditiis],

1960 4180 2060 4235 sed
2091 4180 2196 4235 hoc
2226 4187 2394 4235 totum
2425 4179 2528 4234 erit
2559 4179 2666 4232 illis
2697 4179 2751 4232 in
2781 4181 2960 4250 poenis
2980 4223 2996 4244 ,
3047 4187 3100 4234 et
3155 4179 3212 4234 in
3255 4180 3563 4236 damnatio-

1959 4283 2104 4322 nem.
2140 4268 2247 4337 lpsi
2278 4268 2420 4330 dico,
2444 4271 2705 4322 errantes
2727 4267 2779 4319 in
2803 4283 2883 4332 se,
2908 4275 2960 4321 et
2980 4267 3102 4320 ideo
3125 4267 3249 4320 mali
3265 4268 3564 4324 mittentes

1959 4355 2116 4409 etiam
2148 4355 2283 4408 alios
2314 4357 2374 4409 in
2394 4370 2661 4418 errorem,
2698 4362 2751 4408 et
2780 4354 2902 4408 ideo
2933 4354 3269 4408 seductores.
3289 4354 3397 4424 Ipsi
3418 4371 3563 4411 erra-

1959 4443 2092 4496 bunt
2125 4461 2137 4496 :
2176 4447 2240 4497 tu
2287 4459 2413 4498 vero
2439 4457 2711 4514 permane
2748 4442 2814 4495 in
2839 4443 2922 4495 his
2951 4442 3235 4512 praeceptis
3265 4459 3388 4514 qua:
3417 4443 3562 4499 didi~

260 4533 677 4588 Antichristum.
718 4532 916 4587 Contra
943 4533 1098 4601 cujus
1128 4534 1374 4588 membra
1404 4532 1600 4586 Paulus
1637 4531 1853 4586 instruit
1886 4539 1938 4597 D
1959 4533 2092 4588 cisti
2122 4547 2154 4585 a
2182 4546 2291 4595 me,
2314 4537 2367 4584 et
2396 4529 2451 4583 in
2483 4529 2566 4582 his
2596 4545 2718 4600 quae
2737 4530 2958 4584 credita
2996 4535 3132 4584 sunt
3165 4530 3287 4595 tibi,
3307 4530 3362 4584 id
3383 4538 3467 4584 est
3504 4531 3558 4586 in

259 4621 599 4675 Timotheum
620 4663 634 4684 ,
695 4620 884 4675 dicens
917 4639 930 4674 :
964 4621 1045 4674 Ex
1075 4621 1158 4676 his
1206 4636 1341 4692 quos
1405 4620 1700 4690 descripsi,
1731 4627 1855 4674 sunt

259 4709 742 4779 pseudodoctores,
774 4709 866 4780 qui
920 4717 1204 4779 penetrant
1257 4709 1469 4772 domos,
1508 4724 1616 4762 non
1640 4709 1853 4762 auden-

261 4805 341 4852 tes
369 4798 569 4853 docere
609 4798 665 4851 in
710 4796 927 4867 plateis,
960 4813 1028 4852 ne
1066 4797 1314 4853 doctrina
1361 4811 1546 4851 eorum
1577 4803 1756 4866 pateat
1798 4795 1853 4849 in

259 4885 528 4940 audientia
560 4886 865 4940 bonorum:
899 4884 996 4938 sed
1016 4892 1072 4938 ut
1129 4884 1355 4939 liberius
1393 4883 1676 4949 seducant,
1737 4883 1853 4953 pri-

261 4974 415 5028 vatim
446 4975 500 5029 in
532 4973 794 5029 domibus
837 4973 1053 5039 docent,
1089 4981 1142 5028 et
1185 4973 1266 5027 sic
1299 4973 1669 5027 mulierculas
1709 4973 1864 5041 (quae.

258 5063 488 5133 quolibet
506 5069 673 5118 vento
705 5060 966 5115 doctrinae
994 5059 1185 5115 leviter
1213 5059 1494 5126 falluntur)
1523 5060 1742 5114 ducunt
1776 5074 1858 5112 se-

257 5151 437 5208 ductas
468 5150 721 5224 quolibet
776 5147 999 5202 inductu
1056 5147 1152 5202 illo
1212 5147 1379 5201 factas
1410 5149 1666 5219 captivas
1691 5165 1708 5200 :
1730 5145 1853 5216 quia

249 5243 532 5313 captivam?
558 5245 694 5294 sunt
724 5251 755 5288 a
788 5235 922 5299 Deo,
947 5243 1000 5289 et
1029 5236 1167 5290 data:
1209 5243 1332 5288 sunt
1353 5235 1451 5288 sub
1476 5236 1600 5302 jura
1628 5233 1849 5289 diaboli.

249 5333 334 5388 Vel
368 5333 436 5386 ad
488 5325 785 5386 cumulum
833 5322 1151 5392 improperii
1199 5323 1340 5378 sicut
1393 5322 1622 5377 feminas
1654 5340 1668 5376 :
1702 5321 1781 5376 sic
1803 5328 1856 5374 et

239 5424 376 5478 viros
410 5425 573 5476 vocat
605 5410 989 5476 mulierculas,
1047 5410 1102 5464 id
1133 5419 1214 5466 est
1269 5411 1462 5465 molles
1491 5411 1638 5465 omni
1693 5417 1855 5464 vento

230 5511 489 5569 doctrinm
550 5503 876 5560 cedentes:
910 5506 966 5552 ut
1014 5498 1197 5553 audito
1247 5498 1465 5553 nomine
1538 5497 1856 5568 improperii

223 5604 301 5661 sui
329 5601 500 5658 citius
545 5590 901 5650 erubescant
928 5595 980 5642 et
1025 5593 1413 5643 convertantur
1441 5586 1510 5644 ad
1563 5585 1854 5640 Dominum

1952 4618 2247 4690 pontificali
2277 4618 2473 4689 gratia,
2506 4620 2690 4673 sciens
2709 4625 2760 4671 et
2793 4631 3166 4671 rememorans
3187 4618 3304 4672 haec
3323 4635 3358 4672 a
3385 4635 3489 4690 quo
3505 4628 3560 4674 et

1953 4715 2156 4778 quanto
2195 4707 2422 4761 doctore
2468 4705 2734 4760 didiceris
2771 4705 2896 4758 ista.
2959 4704 3017 4758 Si
3069 4704 3211 4758 enim
3245 4705 3560 4762 recordaris

1952 4811 2090 4850 mete
2121 4793 2477 4857 auctoritatis,
2510 4793 2841 4863 contemptui
2873 4791 2962 4846 fiet
2993 4792 3085 4845 tibi
3120 4791 3257 4847 falsa
3286 4793 3554 4848 doctrina.

1953 4885 2022 4937 Et
2049 4891 2102 4938 te
2127 4882 2255 4936 inde
2287 4897 2587 4936 memorem
2618 4897 2743 4935 esse
2771 4881 2924 4934 volo:
2946 4883 3077 4952 quia
3109 4888 3165 4934 tu
3193 4883 3346 4938 nosti
3366 4897 3557 4937 sacras

1956 4972 2181 5025 litteras
2211 4971 2278 5024 ab
2325 4970 2583 5040 infantia
2605 5011 2618 5034 ,
2668 4953 2901 5022 traditus
2949 4967 3151 5024 scholis
3178 4985 3208 5022 a
3239 4978 3415 5024 matre
3445 4978 3553 5036 tua,

1955 5075 2076 5129 qua:
2106 5056 2281 5111 fidelis
2309 5056 2407 5111 fuit
2442 5073 2453 5109 :
2485 5074 2606 5127 qua:
2628 5056 2806 5110 omnia
2835 5060 3070 5127 possunt
3097 5061 3151 5111 te
3175 5059 3463 5112 instruere
3484 5058 3556 5112 ad

1953 5145 2257 5199 habendam
2303 5145 2548 5198 salutem
2597 5151 2811 5199 aeternae
2841 5143 2964 5198 vita!
2984 5184 2997 5210 ,
3032 5144 3098 5196 ad
3133 5160 3296 5214 quam
3326 5145 3431 5198 itur
3457 5162 3559 5215 per

1954 5232 2134 5293 fidem,
2170 5248 2291 5302 quae
2321 5230 2456 5286 fides
2509 5239 2587 5285 est
2634 5234 2695 5286 in
2741 5232 2959 5286 Christo
3003 5233 3151 5286 Jesu.
3201 5233 3342 5287 Vere
3389 5248 3558 5288 sacrae

1954 5321 2142 5374 littera:
2169 5328 2398 5389 possunt
2434 5329 2483 5373 te
2514 5320 2784 5373 instruere
2813 5320 2879 5372 ad
2911 5319 3140 5373 salutem
3188 5337 3201 5372 :
3250 5320 3340 5390 qui
3371 5322 3557 5376 omnis

1953 5410 2239 5479 scriptura
2264 5409 2548 5478 inspirata
2563 5407 2855 5470 divinitus,
2886 5407 2940 5460 id
2971 5414 3052 5461 est
3083 5406 3432 5476 spiritualiter
3462 5423 3556 5462 se-

1953 5495 2190 5550 cundum
2219 5496 2392 5549 Deum
2415 5495 2711 5559 intellecta,
2737 5496 2903 5549 utilis
2921 5499 3006 5549 est
3025 5495 3096 5548 ad
3117 5495 3427 5550 docendum
3458 5510 3559 5550 eos

1955 5582 2046 5661 qui
2069 5582 2333 5649 nesciunt,
2367 5591 2421 5637 et
2458 5583 2529 5638 ad
2557 5583 2940 5656 arquendum,
2975 5581 3029 5635 id
3079 5590 3161 5646 est
3203 5582 3274 5645 ad
3324 5582 3555 5638 convin-
