3932 6412
391 367 486 420 471

947 360 1002 414 S.
1045 354 1398 412 BRUNONIS
1440 345 2085 408 CARTHUSIANORUM
2124 340 2606 399 INSTITUTORIS
2646 337 2798 394 OPP.
2842 335 3016 391 PARS
3055 335 3120 389 Il.

3581 329 3690 382 472

388 487 621 542 cendum
651 499 746 539 eos
775 482 863 554 qui
896 479 1020 534 ﬁdei
1049 477 1451 541 contradicunt,
1486 483 1538 529 et
1567 472 1640 528 ad
1671 472 1986 543 corripien-
2008 469 2060 527 Α
2087 467 2430 523 Judicaturus
2461 473 2543 518 est
2595 462 2755 517 etiarn
2812 468 2936 514 ante
2984 457 3128 512 diem
3171 454 3360 525 judicii
3419 460 3684 520 mortuos.

391 575 527 630 dum
549 579 836 643 peccantes
865 576 916 623 et
949 584 1007 622 se
1039 581 1298 637 peccasse
1328 580 1437 618 non
1465 563 1822 632 abnegantes,
1853 567 1903 611 et
1924 556 1995 611 ad

395 661 764 719 erudiendum
797 673 890 712 eos
920 657 1011 727 qui
1033 655 1212 709 adhuc
1244 653 1408 707 rudes
1447 659 1568 704 sunt
1616 658 1668 703 et
1699 647 1992 717 simplices.

394 747 766 804 Erudiendum
788 746 910 800 dico
942 745 1002 798 in
1027 743 1283 815 justitia,
1319 740 1373 794 id
1395 747 1476 794 est
1506 738 1574 791 ad
1604 739 1706 792 hoc
1735 745 1792 789 ut
1807 732 1998 803 justiﬁ-

397 844 607 901 centur,
667 833 918 889 exucndo
980 830 1286 885 rudimenta
1335 825 1686 881 inﬁdelitatis.
1748 824 1857 887 Sic,
1909 821 1996 874 in-

396 939 579 996 quam,
629 921 912 977 erudiatur
958 924 1022 974 ut
1074 924 1338 989 quantum
1386 915 1441 968 in
1489 914 1715 968 doctore
1761 918 1861 973 est,
1923 909 1998 962 sit

395 1013 487 1068 ille
517 1011 626 1082 qui,
659 1009 900 1064 eruditur
928 1009 1216 1079 perfectus
1249 1004 1408 1058 homo
1438 1002 1559 1056 Dei.
1608 998 1885 1054 Perfectus
1927 996 1998 1049 ita

396 1115 456 1163 ut
485 1105 551 1162 sit
583 1106 902 1160 instructus
935 1102 1007 1156 ad
1050 1116 1213 1158 omne
1255 1114 1393 1171 Opus
1426 1097 1631 1152 bonum
1672 1091 1996 1148 faciendum.

1031 1241 1255 1295 CAPUT
1286 1239 1374 1292 IV.

475 1384 497 1413 ι
530 1359 813 1416 Testiﬁcor
838 1372 1022 1412 coram
1053 1357 1167 1410 Deo
1185 1362 1236 1408 et
1265 1351 1482 1407 Christo
1536 1351 1684 1416 Jesu,
1733 1346 1824 1418 qui
1851 1345 2001 1414 judi-

405 1475 426 1499 «
464 1458 682 1506 caturus
717 1456 798 1501 est
845 1446 999 1500 vivos
1032 1451 1082 1498 et
1118 1449 1383 1508 mortuos,
1417 1446 1470 1493 et
1496 1453 1596 1510 per
1633 1436 1925 1490 adventum
1951 1440 2004 1488 et

405 1561 426 1586 ιι
462 1538 632 1608 ipsius
655 1551 886 1605 regnum
918 1534 1070 1601 ejus:
1104 1529 1340 1601 pradica
1366 1527 1606 1591 verbum,
1639 1525 1777 1578 insta
1812 1536 2006 1591 oppor-

407 1649 428 1675 α
465 1634 613 1690 tune,
668 1623 972 1694 importune
1006 1639 1019 1684 ;
1053 1634 1240 1689 argue,
1301 1617 1552 1680 obsecra,
1631 1613 1868 1680 increpa,
1950 1608 2006 1661 in

410 1735 432 1764 ι
467 1710 616 1768 omni
647 1709 903 1781 patientia
933 1715 986 1761 et
1013 1705 1280 1760 doctrina.
1315 1702 1430 1756 Erit
1450 1700 1592 1755 enim
1624 1707 1857 1768 tempus,
1883 1711 2004 1750 cum

410 1823 432 1848 ιι
471 1814 664 1854 sanam
724 1795 1029 1850 doctrinam
1080 1807 1190 1846 non
1245 1788 1622 1843 sustinebunt:
1656 1785 1751 1840 sed
1792 1784 1859 1838 ad
1907 1798 2004 1836 sua

413 1911 435 1936 κ
472 1884 744 1941 desideria
785 1879 1188 1937 coacervabunt
1219 1877 1321 1931 sibi
1373 1875 1666 1946 magistros
1704 1871 2005 1942 prurientes

415 1997 436 2023 ιι
471 1973 695 2029 auribus
728 1991 745 2026 :
777 1977 828 2025 et
849 1975 880 2023 a
908 1968 1132 2024 veritate
1185 1964 1400 2035 quidem
1443 1962 1682 2016 auditum
1737 1964 2004 2023 avertant,

417 2086 438 2110 ιι
472 2065 540 2117 ad
572 2059 785 2115 fabulas
815 2065 992 2112 autem
1033 2060 1432 2110 convertentur.
1466 2051 1544 2105 Tu
1573 2064 1701 2103 vero
1744 2047 1930 2119 vigila,
1955 2045 2009 2099 in

417 2175 438 2199 ιι
477 2149 729 2206 omnibus
786 2146 1014 2208 labora;
1047 2158 1183 2213 opus
1213 2141 1299 2196 fac
1355 2137 1726 2209 evangelista,
1759 2133 2008 2188 ministe-

418 2261 440 2287 u
474 2238 617 2293 rium
648 2244 794 2290 tuum
838 2231 1022 2303 imple,
1086 2228 1301 2284 sobrius
1357 2235 1493 2282 esto.
1553 2226 1671 2294 Ego
1728 2222 1872 2277 enim
1896 2222 2010 2290 jam

422 2345 444 2370 ιι
478 2321 707 2385 delibor,
749 2326 800 2372 et
831 2325 1042 2386 tempus
1086 2311 1430 2368 resolutionis
1473 2324 1610 2362 mea
1664 2307 1845 2360 instat.
1903 2306 2010 2358 Bo-

421 2433 442 2458 ιι
476 2425 606 2464 num
680 2413 956 2462 certamen
1028 2401 1270 2469 certavi,
1324 2413 1542 2454 cursum
1619 2392 2009 2458 consummavi,

419 2521 442 2546 ιι
477 2497 642 2552 ﬁdem
672 2492 913 2549 servavi.
952 2492 1012 2545 In
1043 2489 1254 2559 reliquo
1286 2486 1520 2556 reposita
1542 2491 1623 2538 est
1651 2482 1782 2536 mihi
1814 2496 2013 2536 corona

421 2609 443 2634 α
473 2584 714 2654 justitia,
748 2596 912 2652 quam
962 2577 1153 2632 reddet
1201 2575 1331 2628 mihi
1386 2573 1649 2628 Dominus
1678 2571 1733 2624 in
1787 2569 1880 2623 illa
1925 2568 2012 2622 die

419 2697 440 2722 α
470 2680 648 2742 justus
668 2671 884 2738 judex:
928 2681 1036 2721 non
1085 2664 1260 2719 solum
1312 2669 1492 2716 autem
1539 2659 1689 2725 mihi,
1732 2658 1828 2711 sed
1860 2664 1910 2710 et
1932 2656 2015 2709 his

321 2807 326 2814 .
421 2783 443 2810 α
479 2761 572 2833 qui
601 2759 831 2829 diligunt
860 2755 1150 2808 adventum
1172 2753 1306 2820 ejus.
1355 2749 1569 2804 Festina
1612 2747 1799 2802 venire
1829 2745 1898 2799 ad
1929 2757 2016 2797 me

422 2871 445 2898 ιι
481 2848 609 2905 cito.
644 2847 842 2902 Demas
875 2843 1019 2898 enim
1049 2857 1137 2895 me
1180 2838 1487 2909 dereliquit,
1517 2836 1751 2907 diligens
1780 2835 1884 2888 hoc
1908 2849 2015 2886 sa-

425 2961 447 2985 ιι
483 2936 683 2999 culum,
717 2941 769 2987 et
791 2931 922 2986 abiit
959 2927 1422 2990 Thessalonicam,
1459 2925 1733 2979 Grescens
1760 2922 1815 2976 in
1846 2919 2016 2975 Gala-

431 3047 454 3073 α
490 3024 644 3087 tiam,
690 3021 844 3075 Titus
872 3019 928 3072 in
947 3016 1286 3074 Dalmatiam.
1340 3015 1514 3068 Lucas
1559 3019 1642 3065 est
1681 3024 1894 3064 mecum
1925 3023 2017 3060 so-

427 3135 450 3160 «
485 3112 592 3165 lus.
647 3109 886 3162 Marcum
945 3119 1162 3158 assume
1190 3110 1244 3157 et
1275 3101 1454 3155 adduc
1499 3107 1678 3153 tecum
1711 3105 1832 3152 :est
1873 3094 2016 3150 enim

2094 556 2192 611 Vel
2217 549 2556 622 judicaturus
2603 558 2684 604 est
2740 547 2894 603 vivos
2923 562 2986 601 ac
3016 552 3278 609 mortuos,
3312 542 3365 595 id
3396 550 3479 596 est
3502 541 3687 609 justos

2095 653 2147 699 et
2166 650 2502 714 peccatores.
2558 637 2836 692 Testiﬁcor
2881 635 3045 689 etiam
3087 633 3182 686 tibi
3238 647 3336 703 per
3379 630 3692 684 adventum

2096 735 2272 804 ipsius
2303 729 2519 793 Christi,
2552 735 2608 782 ut
2635 727 2706 780 ita
2731 731 2955 796 paratus
2985 722 3061 777 sis
3100 720 3254 798 quasi
3310 719 3402 790 qui
3449 717 3695 789 quotidie

2089 820 2328 890 judicem
2351 817 2727 872 advenientem
2749 818 3046 882 exspectet,
3077 817 3135 864 ut
3156 809 3348 862 timore
3379 807 3494 874 ejus
3517 804 3691 860 facias

2098 925 2220 980 qua
2248 908 2453 961 hortor.
2485 901 2766 958 Testiﬁcor
2795 901 2960 955 etiam
3001 897 3096 952 tibi
3125 913 3226 968 per
3258 911 3500 967 regnum
3539 896 3688 965 ejus,

2099 998 2150 1052 in
2183 1011 2289 1066 quo
2319 994 2424 1064 ipsi
2453 989 2868 1063 conregnabunt
2917 986 3108 1052 sancti,
3158 992 3215 1039 ut
3254 997 3439 1038 amore
3486 997 3697 1038 conre-

2099 1084 2299 1158 gnandi
2331 1082 2545 1137 Christo
2595 1078 2835 1133 studiose
2876 1075 3040 1130 facias
3093 1072 3238 1144 quod
3286 1086 3502 1126 moneo.
3551 1070 3694 1137 Hoc,

2099 1157 2334 1244 inquam,
2360 1168 2616 1224 testiﬁcor
2647 1166 2741 1220 tibi
2765 1180 2778 1219 :
2802 1163 3057 1219 Prwdica
3099 1161 3344 1224 verbum,
3378 1159 3432 1213 id
3459 1166 3540 1213 est
3588 1157 3698 1212 do-

2101 1261 2330 1318 ctrinam
2363 1257 2482 1325 Dei,
2507 1265 2557 1310 et
2586 1252 2933 1325 pradicando
2978 1252 3131 1304 insta
3160 1252 3472 1320 opportune
3493 1246 3574 1301 eis
3602 1245 3702 1316 qui

2099 1350 2332 1404 libenter
2351 1345 2597 1401 audiunt.
2637 1344 2782 1396 Insta
2809 1341 2969 1395 etiam
2999 1340 3320 1410 importune
3349 1335 3430 1390 eis
3459 1335 3551 1404 qui
3581 1333 3704 1403 pri-

2102 1437 2264 1490 mitus
2292 1435 2358 1488 ad
2389 1431 2717 1487 audiendum
2739 1427 2985 1482 diﬁiciles
3036 1433 3180 1491 sunt,
3213 1424 3310 1478 sed
3348 1421 3701 1493 postmodum

2103 1523 2319 1596 cognita
2363 1520 2567 1574 ratione
2616 1518 2849 1571 libenter
2901 1515 3143 1568 audiunt.
3203 1514 3384 1581 Argue
3427 1511 3610 1574 etiam,
3643 1508 3704 1562 id

2104 1620 2188 1667 est
2236 1609 2519 1672 convince,
2581 1603 3018 1661 contradicentes
3057 1600 3204 1655 ﬁdei.
3253 1600 3486 1655 Obsecra
3534 1597 3704 1652 etiam

2098 1702 2294 1770 justos,
2319 1705 2374 1751 ut
2407 1711 2621 1764 semper
2643 1694 2700 1746 in
2746 1691 2943 1746 melius
2988 1695 3428 1760 promoveantur.
3465 1688 3707 1755 Inerepa

2025 1812 2079 1872 Β
2107 1789 2269 1844 etiam
2309 1785 2489 1840 debita
2530 1781 2844 1836 austeritate
2893 1778 3264 1848 deprehensos
3311 1774 3366 1828 in
3440 1772 3708 1844 peccatis.

2108 1879 2235 1931 Hac
2265 1882 2442 1928 autem
2473 1871 2559 1926 fac
2600 1873 2662 1924 in
2687 1870 2843 1925 omni
2896 1865 3181 1938 patientia
3215 1883 3232 1918 :
3254 1871 3310 1916 ut
3367 1875 3710 1932 quacunque

2108 1964 2408 2020 inferantur
2429 1961 2660 2014 libenter
2688 1955 2955 2010 sustineas
2981 1971 2996 2017 ;
3040 1967 3142 2007 nec
3171 1952 3244 2006 ita
3272 1958 3329 2004 ut
3361 1949 3561 2004 docere
3607 1947 3709 2002 de-

2109 2052 2290 2119 sistas,
2311 2049 2405 2104 sed
2434 2062 2648 2116 semper
2677 2051 2794 2099 esto
2832 2043 2896 2096 in
2925 2042 3203 2097 doetriua.
3258 2039 3386 2093 Ideo
3429 2043 3578 2091 tanta
3623 2035 3710 2088 in-

2112 2139 2301 2194 stantia
2327 2145 2380 2191 te
2409 2137 2610 2190 docere
2640 2145 2959 2188 commoneo
2985 2143 2997 2182 :
3019 2128 3141 2200 quia
3171 2129 3283 2184 erit
3315 2131 3532 2196 tempus
3561 2123 3710 2178 circa

2111 2226 2274 2281 ﬁnem
2303 2223 2509 2288 mundi,
2542 2237 2672 2277 cum
2701 2218 2947 2274 homines
2979 2232 3092 2272 non
3122 2214 3488 2270 sustinebunt
3504 2227 3711 2266 sanam

2112 2315 2451 2371 doctrinam.
2487 2309 2541 2364 Si
2569 2316 2746 2363 autem
2777 2307 2829 2360 in
2865 2314 3106 2374 tempore
3135 2302 3229 2357 illo
3267 2317 3375 2355 non
3421 2300 3710 2354 roboratur

2113 2402 2363 2458 Ecclesia
2409 2398 2654 2454 doctrina
2701 2393 3017 2466 apostolica,
3061 2390 3255 2462 peribit
3298 2388 3451 2443 ﬁdes.
3502 2387 3707 2441 Sanam

2114 2490 2414 2545 doctrinam
2445 2503 2554 2542 non
2575 2485 2866 2556 patientur,
2895 2482 2989 2538 sed
3032 2477 3441 2536 coacervabunt
3462 2476 3566 2531 sibi
3586 2491 3714 2529 ma-

2114 2581 2318 2651 gistros
2338 2578 2489 2645 juxta
2509 2591 2610 2628 sua
2641 2571 2938 2628 desideria.
2973 2569 3028 2623 Si
3060 2565 3322 2622 luxuriosi
3350 2565 3585 2629 fuerunt,
3616 2563 3712 2616 lu-

2116 2667 2390 2722 xuriosum
2426 2681 2438 2718 :
2470 2671 2523 2718 et
2563 2662 2643 2717 sic
2697 2661 2750 2715 in
2807 2657 3034 2714 cateris.
3095 2655 3353 2709 Homines
3411 2653 3532 2706 dico
3580 2659 3715 2706 tunc

2114 2755 2439 2828 prurientes
2457 2751 2708 2814 auribus,
2741 2748 2795 2802 id
2841 2754 2924 2801 est
2951 2761 3091 2800 nova
3146 2751 3200 2798 et
3244 2740 3482 2797 inaudita
3523 2738 3717 2794 audire

2118 2843 2429 2913 cupientes;
2462 2840 2516 2894 in
2546 2839 2740 2908 quibus
2758 2835 2958 2891 veritas
2987 2848 3097 2888 non
3126 2831 3228 2886 erit
3261 2848 3274 2885 :
3308 2835 3362 2885 et
3393 2847 3427 2884 a
3474 2829 3718 2884 veritate

2119 2932 2340 3003 quidem
2369 2931 2628 2984 avertent
2658 2925 2921 2980 auditum
2951 2937 3127 2988 suum,
3163 2919 3262 2975 sed
3291 2918 3362 2973 ad
3387 2917 3612 2989 fabulas
3633 2914 3718 2986 (in

2120 3019 2314 3090 quibus
2338 3017 2414 3072 rei
2443 3016 2641 3071 veritas
2671 3029 2782 3068 non
2801 3012 2902 3080 est)
2934 3013 3352 3066 convertentur.

2192 3105 2274 3160 Eli
2332 3106 2410 3160 sic
2439 3103 2723 3158 intendunt
2751 3099 2983 3154 fabulis:
3021 3103 3082 3153 tu
3136 3113 3261 3152 vero
3292 3096 3483 3165 vigila,
3517 3093 3571 3147 id
3631 3100 3723 3147 est

431 3222 453 3248 α
489 3196 623 3252 mihi
663 3195 808 3250 utilis
838 3194 894 3248 in
949 3190 1266 3245 ministerio.
1325 3188 1616 3259 Tychicum
1675 3193 1856 3239 autem
1892 3182 2016 3237 misi

2119 3194 2266 3250 omni
2301 3191 2661 3248 sollicitudine
2686 3203 2933 3260 pracave
2969 3185 3066 3240 tibi
3092 3192 3178 3240 :et
3215 3184 3405 3239 labora
3444 3183 3506 3236 in
3540 3181 3724 3236 omni-

433 3286 787 3356 «Ephesum.
831 3280 1108 3345 Penulam,
1159 3293 1321 3350 quam
1376 3275 1570 3346 reliqui
1617 3273 1827 3328 Troade
1873 3271 2017 3341 apud

431 3365 455 3426 ci
491 3374 741 3444 Carpum,
792 3368 1018 3424 veniens
1065 3365 1200 3421 affer
1257 3373 1453 3433 tecum,
1486 3371 1538 3418 et
1558 3362 1743 3425 libros,
1787 3358 2019 3414 maxime

437 3485 460 3512 ει
496 3468 676 3516 autem
758 3457 1128 3512 membranas.
1197 3452 1504 3509 Alexander
1579 3449 1804 3505 ararius
1856 3447 2021 3501 multa

436 3573 458 3598 ιι
492 3549 633 3604 mala
659 3545 792 3601 mihi
822 3543 1059 3599 ostendit
1083 3558 1095 3596 :
1130 3541 1318 3597 reddet
1347 3540 1422 3594 illi
1438 3539 1701 3594 Dominus
1724 3535 2022 3591 secundum

437 3660 458 3686 ιι
495 3651 662 3709 opera
691 3635 848 3703 ejus;
881 3648 1044 3703 quem
1067 3638 1120 3685 et
1149 3638 1204 3684 tu
1235 3629 1432 3694 devita,
1464 3627 1623 3682 valde
1653 3625 1795 3680 enim
1832 3623 2025 3678 restitit

434 3748 455 3774 ιι
481 3723 662 3782 verbis
716 3721 944 3777 nostris.
984 3722 1043 3773 ln
1071 3718 1248 3789 prima
1293 3731 1417 3770 mea
1475 3713 1790 3769 defensione
1863 3726 2024 3766 nemo

442 3835 464 3861 ιι
500 3810 632 3865 mihi
690 3809 873 3875 aﬁ‘uit;
930 3807 1026 3861 sed
1066 3821 1257 3860 omnes
1301 3820 1389 3858 me
1436 3801 1840 3872 dereliquerunt
1873 3815 1886 3854 :
1918 3815 2026 3853 non

436 3899 593 3954 «illis
648 3897 961 3967 imputetur.
1024 3893 1291 3948 Dominus
1356 3898 1534 3944 autem
1589 3889 1717 3942 mihi
1784 3887 1948 3941 astitit
1975 3896 2028 3941 et

437 4007 460 4038 ι
498 3983 822 4042 confortavit
849 3999 957 4048 me,
989 3989 1045 4036 ut
1074 3997 1174 4052 per
1216 3996 1303 4034 me
1349 3977 1661 4049 pradicatio
1717 3975 2022 4046 impleatur,

437 4096 461 4125 ι
498 4081 553 4129 et
582 4072 807 4126 audiant
836 4085 1028 4124 omnes
1057 4077 1270 4141 gentes,
1329 4067 1453 4138 quia
1499 4065 1754 4119 liberatus
1785 4079 1906 4117 sum
1960 4063 2028 4116 de

436 4181 461 4213 ι
495 4177 590 4218 ore
621 4159 813 4214 leonis.
849 4157 1117 4212 Liberavit
1146 4172 1235 4211 me
1278 4155 1540 4209 Dominus
1586 4153 1656 4207 ad
1687 4152 1833 4206 omni
1864 4165 2030 4220 opere

441 4248 651 4315 «malo,
686 4253 739 4301 et
770 4246 985 4300 salvum
1023 4244 1182 4300 faciet
1214 4244 1268 4297 in
1298 4258 1524 4314 regnum
1573 4257 1727 4295 suum
1767 4239 2027 4295 caleste:

2120 3283 2217 3338 bus
2238 3281 2307 3342 (si
2352 3280 2529 3350 potes)
2577 3275 2975 3334 convertendis.
3018 3275 3195 3344 thue
3246 3272 3404 3326 labor
3435 3277 3555 3324 tuus
3592 3268 3722 3323 ido-

2120 3385 2256 3425 neus
2288 3368 2373 3433 sit,
2400 3372 2491 3438 [ac
2521 3382 2656 3438 opus
2684 3364 3057 3435 evangelista,
3089 3361 3144 3414 id
3177 3367 3260 3415 est
3304 3357 3680 3429 pradicatoris
3707 3371 3720 3410 :

2122 3456 2327 3514 scilicet
2356 3456 2502 3527 quod
2541 3452 2880 3524 operandum
2917 3449 3219 3520 pradicas,
3255 3461 3506 3518 operare.
3548 3447 3616 3500 Et
3646 3445 3727 3500 ita

2122 3545 2209 3601 {ac
2236 3553 2294 3599 ut
2322 3544 2552 3614 impleas
2611 3546 2775 3596 tuum
2805 3539 3215 3603 ministerium,
3250 3535 3304 3590 id
3355 3543 3437 3589 est
3479 3533 3723 3589 ofﬁcium

2123 3631 2512 3705 pradicatoris,
2546 3629 2693 3701 quod
2742 3643 2850 3682 non
2896 3625 3040 3681 infra
3088 3625 3371 3688 subsistas,
3405 3622 3502 3677 sed
3559 3621 3727 3692 quid-

2127 3721 2254 3794 quid
2281 3717 2650 3790 pradicatoris
2679 3724 2762 3770 est
2786 3714 2977 3780 facias,
3008 3721 3063 3768 et
3107 3711 3408 3767 laborando
3439 3710 3493 3764 in
3521 3709 3640 3763 aliis
3671 3717 3728 3764 et

2126 3810 2183 3863 in
2210 3817 2263 3864 te
2291 3823 2454 3878 opere
2481 3804 2806 3875 complenda
2833 3803 2978 3874 quod
3005 3800 3141 3856 alios
3188 3797 3460 3855 docueris.
3505 3798 3574 3852 Et
3617 3797 3725 3852 lice

2128 3897 2207 3952 sic
2238 3911 2510 3959 moneam,
2559 3893 2646 3948 fac
2683 3906 2820 3961 opus
2862 3888 3213 3960 evangelista
3243 3905 3256 3941 :
3281 3895 3463 3941 tamen
3490 3889 3605 3940 esto
3635 3901 3724 3940 so-

2131 3986 2303 4049 brius,
2337 3999 2445 4037 non
2472 3982 2614 4035 ultra
2636 3979 2856 4034 modum
2875 3976 3212 4032 abstinentia
3253 3975 3488 4040 deditus,
3516 3989 3584 4027 ne
3633 3972 3725 4026 ni-

2128 4069 2549 4139 mietatejejunii
2578 4068 2887 4122 debilitatus
2930 4064 3225 4136 (quomodo
3271 4063 3448 4131 decet)
3507 4060 3726 4115 incum-

2132 4161 2263 4214 bere
2285 4171 2525 4228 nequeas
2554 4152 2944 4226 pradicationi.
3006 4152 3300 4222 Propterea
3329 4157 3476 4204 tanta
3517 4148 3728 4202 instan-

2132 4247 2207 4301 tia
2227 4254 2278 4301 te
2307 4259 2629 4301 commoneo
2662 4260 2676 4296 :
2710 4241 2836 4312 quia
2867 4256 2960 4311 ego
2979 4242 3105 4312 jam
3132 4239 3361 4302 delibor,
3377 4237 3432 4291 id
3457 4243 3540 4290 est
3556 4234 3721 4289 sacri-

441 4359 462 4385 ιι
494 4335 580 4392 cui
612 4334 791 4407 gloria
839 4334 895 4388 in
942 4333 1141 4389 sacula
1196 4330 1534 4386 saculorum.
1611 4331 1804 4382 Amen.
1854 4325 2016 4380 Saluta

2132 4333 2285 4398 ﬁcor,
2337 4341 2391 4388 et
2437 4330 2696 4402 paulatim
2716 4329 2770 4383 in
2800 4327 3028 4385 vinculis
3078 4326 3319 4397 quotidie
3374 4322 3619 4379 deﬁcio:
3671 4326 3730 4378 et

440 4446 462 4476 ιι
499 4424 742 4479 Priscum
773 4430 826 4476 et
856 4421 1122 4492 Aquilam,
1145 4427 1198 4475 et
1228 4417 1555 4489 Onesiphori
1602 4416 1842 4470 domum.
1889 4414 2032 4467 Era-

2137 4427 2340 4493 tenpus
2366 4435 2506 4476 mea
2532 4419 2911 4483 resolutionis,
2943 4415 2999 4469 id
3045 4422 3128 4469 est
3156 4413 3273 4468 dies
3329 4411 3516 4467 mortis
3563 4425 3724 4476 mea,

439 4535 461 4560 ιι
498 4520 610 4567 stus
640 4510 900 4564 remansit
955 4508 1216 4564 Corinthi.
1249 4507 1599 4577 Trophimum
1654 4511 1835 4557 autem
1893 4500 2016 4554 reli-

2133 4511 2314 4565 instat
2333 4515 2384 4563 et
2404 4507 2460 4562 in
2487 4506 2735 4578 proximo
2764 4513 2846 4559 est
2878 4521 2891 4558 :
2925 4519 3089 4576 quem
3116 4501 3259 4557 diem
3314 4501 3510 4554 instare
3559 4514 3625 4553 ex
3659 4513 3727 4552 eo

438 4622 460 4648 ιι
498 4599 590 4671 qui
630 4598 904 4652 infirmum
945 4597 1132 4653 Mileti.
1201 4596 1414 4649 Festina
1458 4600 1581 4646 ante
1638 4591 1875 4644 hiemem
1932 4603 2030 4641 ve-

439 4709 461 4736 ιι
495 4687 612 4742 nire
637 4685 880 4742 344
910 4685 1150 4740 Salutant
1180 4691 1231 4738 te
1252 4682 1524 4745 Eubulus,
1558 4687 1610 4732 et
1641 4679 1857 4732 Pudens
1880 4675 2029 4748 [al...

437 4798 460 4822 ιι
485 4773 770 4845 Prudens],
803 4783 854 4828 et
867 4773 1050 4842 Linus,
1075 4780 1128 4827 et
1150 4769 1375 4826 Claudia
1395 4782 1407 4822 :
1425 4775 1477 4822 et
1498 4766 1690 4820 fratres
1719 4780 1910 4819 omnes
1931 4763 2028 4834 [aL

440 4894 462 4919 ιι
497 4888 612 4928 non
637 4871 803 4927 habet
853 4869 1062 4940 omnes]
1103 4867 1240 4936 ejus.
1295 4862 1557 4919 Dominus
1597 4863 1758 4916 Jesus
1789 4860 2034 4916 Christus

441 4981 462 5006 ιι
497 4975 620 5016 cum
641 4958 834 5030 spiritu
863 4964 975 5012 tuo.
1010 4953 1194 5011 Gratia
1224 4952 1526 5007 vobiscum.
1572 4953 1764 5005 Amen.
1793 4969 1815 4999 ι

1080 5108 1374 5148 EXPOSITIO
1387 5134 1400 5147 .

505 5217 572 5271 Et
603 5213 694 5285 qui
733 5211 1013 5280 Scriptura
1061 5207 1164 5262 Dei
1215 5216 1344 5262 nota
1400 5208 1497 5264 tibi
1544 5208 1689 5264 utilis
1719 5215 1802 5264 est
1842 5208 1910 5263 ad
1931 5208 2036 5263 do-

437 5302 692 5368 cendum,
746 5307 798 5354 et
851 5297 918 5350 ad
989 5295 1311 5367 argendum,
1355 5305 1408 5352 et
1464 5298 1534 5352 ad
1581 5297 2032 5367 corripiendum:

435 5389 562 5444 ideo
593 5387 868 5454 testiﬁcor
900 5384 994 5438 tibi
1051 5401 1241 5440 coram
1279 5387 1408 5450 Deo,
1461 5402 1528 5440 ne
1576 5387 1680 5442 hoc
1728 5386 1863 5440 ultra
1890 5401 1918 5438 a
1950 5401 2036 5440 me

435 5475 638 5546 exigat.
675 5478 743 5530 Et
785 5489 973 5529 coram
1005 5474 1230 5530 Chrosto
1259 5476 1408 5541 Jesu,
1440 5476 1534 5546 qui
1562 5476 1930 5545 judicaturus
1955 5478 2036 5529 est

435 5565 586 5620 vivos
607 5568 663 5619 et
690 5566 944 5621 mortuos
969 5579 982 5616 :
1008 5578 1145 5634 quos
1166 5562 1434 5618 invenerit
1468 5563 1620 5618 vivos
1650 5563 1704 5617 in
1732 5564 1865 5617 hora
1892 5561 2038 5630 judi-

439 5651 531 5718 cii,
588 5651 677 5724 qui
732 5651 832 5706 sub
885 5658 1162 5708 momento
1217 5650 1582 5708 dissolventur
1629 5659 1682 5706 et
1731 5657 2036 5721 resurgant.

2133 4606 2311 4654 certus
2332 4611 2471 4662 sum,
2497 4595 2620 4666 quia
2647 4595 2860 4649 σενιαυὶ
2887 4596 3176 4648 certamen
3217 4587 3598 4659 (frequentiam
3627 4601 3730 4640 no-

2136 4689 2226 4754 tat)
2259 4685 2484 4749 bonum,
2508 4683 2560 4737 id
2602 4689 2683 4738 est
2713 4680 2863 4736 utile.
2911 4679 3175 4735 Ecclesia
3232 4677 3350 4732 Dei.
3383 4675 3595 4730 Certavi
3625 4674 3732 4729 uti-

2134 4789 2240 4846 que
2261 4771 2518 4844 patiendo
2547 4784 2885 4842 quacunque
2930 4767 3041 4838 pati
3087 4765 3343 4837 oportuit,
3377 4773 3430 4819 et
3469 4779 3726 4828 cursum,

2136 4861 2192 4916 id
2218 4868 2300 4916 est
2315 4859 2657 4915 velocitatem
2688 4859 2826 4911 bene
2856 4854 3075 4928 agendi,
3110 4854 3202 4909 ubi
3231 4869 3341 4908 non
3361 4853 3436 4907 ita
3463 4851 3577 4922 pati
3632 4867 3733 4906 ne-

2135 4964 2291 5004 cesse
2314 4945 2429 5014 fuit,
2455 4947 2599 5001 hunc
2629 4943 2814 5014 utique
2844 4943 3231 5000 consummavi
3261 4960 3280 4996 :
3310 4940 3438 5011 quia
3466 4940 3603 4994 adeo
3632 4954 3730 4993 as-

2137 5036 2320 5092 cendit
2338 5048 2463 5089 mea
2497 5032 2722 5102 justitia,
2757 5031 2906 5102 quod
2961 5029 3103 5085 ultra
3130 5044 3240 5084 non
3287 5028 3448 5082 habet
3477 5042 3586 5098 quo
3633 5042 3731 5081 as-

2135 5124 2363 5190 cendat;
2396 5130 2448 5176 et
2473 5122 2529 5174 in
2550 5119 2810 5176 certando
2841 5127 2894 5174 et
2924 5118 2979 5172 in
3001 5117 3274 5173 currendo
3303 5118 3519 5171 servavi
3538 5114 3730 5183 ﬁdem.

2137 5213 2207 5268 Et
2231 5211 2359 5282 quia
2381 5211 2491 5279 jam
2522 5207 2898 5264 consummavi
2936 5220 3174 5270 cursum,
3214 5205 3338 5260 ideo
3383 5205 3448 5258 in
3490 5204 3730 5274 reliquo,

2138 5300 2192 5354 id
2223 5307 2304 5355 est
2333 5299 2388 5352 in
2419 5298 2529 5353 vita
2551 5313 2670 5368 qua
2700 5295 2857 5350 nobis
2887 5295 3060 5348 futura
3090 5292 3429 5364 relinquitur,
3487 5292 3736 5362 reposita

2138 5392 2240 5456 est,
2275 5387 2332 5442 id
2359 5394 2442 5442 est
2475 5385 2790 5450 custoditur,
2815 5383 2959 5438 mihi
3001 5398 3210 5438 corona
3257 5380 3530 5450 justitia,
3565 5379 3620 5433 id
3651 5386 3735 5433 est

2138 5475 2431 5546 promerita
2465 5489 2561 5542 per
2582 5471 2845 5540 justitiam
2876 5488 2890 5524 :
2931 5486 3097 5541 quam
3143 5483 3398 5523 coronam
3430 5465 3584 5537 quasi
3632 5467 3736 5521 de-

2139 5563 2300 5616 bitam
2331 5561 2522 5617 reddet
2554 5560 2696 5614 mihi
2724 5559 2995 5613 Dominus
3023 5559 3087 5612 in
3107 5557 3208 5610 illa
3241 5556 3328 5611 die
3358 5553 3551 5609 futura
3576 5554 3737 5608 retri-

2140 5649 2396 5718 butionis,
2425 5663 2528 5704 nec
2557 5646 2690 5704 mihi
2729 5661 2934 5717 negare
2991 5652 3172 5716 potest
3213 5659 3225 5697 :
3269 5642 3391 5714 quia
3440 5650 3521 5698 est
3542 5644 3743 5712 justus
