3932 6434
199 356 312 410 473
927 357 1306 415 EXPOSITIO
1345 358 1420 413 ΙΝ
1455 353 1840 413 EPISTOLAS

1935 351 2105 409 AULI.
2137 385 2206 396 —
2234 356 2308 411 IN
2344 356 2560 412 EPIST.
2601 355 2697 410 AD
2731 356 2862 410 TlT.
3449 351 3553 407 474

224 486 408 547 iudex
437 503 454 539 :
487 491 541 539 et
567 483 783 552 justitia
831 483 995 553 exigit
1025 491 1081 538 ut
1110 484 1215 539 hoc
1243 482 1374 537 mihi
1404 482 1685 537 reddatur.
1725 478 1853 535 Mihi
1873 479 1930 539 Α
1956 478 2142 534 venies
2190 480 2260 535 ad
2308 496 2396 535 me
2417 523 2430 546 ,
2483 496 2615 536 cave
2661 479 2758 534 tibi
2805 480 2874 534 ab
2921 479 3230 535 Alexandro
3255 496 3268 533 :
3291 477 3382 534 hic
3411 478 3555 533 enim

233 574 484 646 quidem,
518 573 620 627 sed
642 590 764 630 non
786 573 968 628 solum
997 573 1160 635 mihi,
1187 571 1282 626 sed
1311 572 1474 626 etiam
1496 569 1748 625 omnibus
1769 569 1856 623 his
1956 569 2284 624 Alexander
2303 571 2542 624 aerarius
2563 569 2786 639 (nomen
2816 567 3121 641 dignitatis)
3144 568 3396 623 ostendit
3413 567 3558 622 mihi

236 664 339 736 qui
360 662 614 731 diligunt
639 661 952 715 adventum
973 661 1094 730 ejus
1118 658 1328 728 judicii,
1354 659 1408 713 id
1439 666 1524 714 est
1546 658 1638 730 qui
1662 671 1854 727 puram
1957 658 2142 712 multa
2160 659 2313 712 mala
2344 677 2362 711 :
2392 673 2493 712 nec
2535 657 2664 712 inde
2693 673 2826 712 curo
2853 674 2868 710 :
2893 657 3018 727 quia
3047 657 3320 711 Dominus
3359 655 3554 710 reddet

236 750 447 805 habent
494 748 894 804 conscientiam
927 765 940 801 :
973 747 1066 819 qui
1109 747 1252 803 enim
1301 747 1403 800 sibi
1449 747 1593 801 male
1649 743 1856 800 conscii

241 847 373 893 sunt
399 880 412 903 ,
464 837 522 891 hi
554 836 744 908 utique
793 835 1084 890 adventum
1107 835 1308 904 judicis
1333 850 1441 890 non
1471 835 1724 906 diligunt,
1757 832 1854 887 sed

240 925 561 981 formidant.
614 926 720 979 Per
760 925 866 979 hoc
892 923 1185 994 plurimum
1242 923 1445 977 animat
1487 923 1848 990 Timotheum,

245 1014 401 1086 quod
449 1014 522 1068 ait
570 1012 870 1084 praeparari
919 1027 1176 1068 coronam
1230 1010 1454 1081 justitite
1502 1010 1888 1082 diligentibus-

237 1103 541 1159 adventum
582 1101 704 1157 Dei.

263 1212 281 1223 ε
327 1191 598 1246 Instructo
647 1190 930 1245 Timotheo
974 1189 1031 1242 in
1076 1188 1162 1242 his
1211 1205 1332 1259 quae
1376 1188 1595 1258 publice
1633 1187 1848 1260 agenda

235 1285 434 1341 erant,
493 1279 561 1332 de
621 1277 945 1348 quibusdam
975 1276 1211 1348 propriis
1243 1276 1467 1331 mandat
1496 1276 1568 1342 ei,
1601 1275 1791 1332 dicens
1821 1293 1833 1332 :

247 1366 497 1422 345
550 1364 690 1433 Quia
736 1366 792 1419 in
841 1365 1087 1436 proximo
1121 1365 1240 1420 dies
1292 1381 1432 1420 meae
1482 1365 1847 1420 resolutionis

242 1457 442 1510 instat
475 1469 488 1508 :
521 1453 643 1509 ideo
662 1454 880 1524 festina
904 1455 1018 1510 cito
1039 1455 1231 1509 venire
1259 1453 1331 1507 ad
1367 1469 1458 1508 me
1475 1471 1493 1508 :
1515 1460 1570 1508 et
1597 1468 1848 1508 necessa-

240 1543 365 1597 rius
397 1541 528 1596 mihi
557 1558 616 1596 es
651 1560 663 1596 :
693 1543 828 1614 quia
855 1543 1056 1598 Demas
1088 1541 1442 1611 apostatando
1473 1542 1702 1614 reliquit
1731 1558 1841 1608 me,

239 1631 499 1701 diligens
523 1631 622 1686 hoc
650 1646 895 1700 praesens
923 1632 1214 1695 sarculum,
1238 1633 1295 1686 et
1326 1630 1416 1684 ille
1446 1630 1589 1686 abiit
1617 1632 1844 1686 Thessa-

239 1720 522 1775 lonicam.
555 1720 821 1775 Crescens
839 1734 990 1785 vero,
1016 1718 1154 1772 alius
1186 1718 1483 1789 discipulus
1503 1718 1557 1772 in
1589 1717 1694 1773 fide
1715 1735 1842 1789 per-

1955 745 2007 800 ei
2025 745 2337 800 secundum
2358 760 2524 817 opera
2541 747 2681 814 eius.
2709 745 2879 812 Quem
2901 744 3271 799 Alexandrum
3293 748 3358 799 tu
3378 745 3555 799 etiam

1955 832 2140 888 devita
2162 852 2180 888 :
2211 833 2298 887 hic
2339 835 2492 888 enim
2513 833 2672 888 valde
2702 833 2923 888 restitit
2955 833 3130 888 verbis
3151 833 3385 888 nostris.
3420 830 3558 888 Veni

1953 920 2138 992 utique
2171 937 2183 976 :
2214 921 2339 992 quia
2369 921 2710 977 necessarius
2741 937 2821 976 es.
2856 923 2919 976 In
2950 923 3140 992 prima
3172 922 3325 976 enim
3351 921 3554 991 defen-

1952 1011 2111 1067 sione
2148 1027 2295 1075 mea,
2331 1011 2552 1080 quando
2582 1009 2802 1064 defendi
2840 1026 2928 1064 me
2957 1010 3013 1064 in
3043 1017 3342 1080 conspectu
3371 1009 3554 1064 Nero-

1952 1097 2056 1165 nis,
2081 1114 2246 1154 nemo
2267 1097 2660 1170 discipulorum
2677 1099 2846 1169 affuit
2862 1099 3004 1154 mihi
3025 1117 3043 1154 :
3065 1099 3160 1154 sed
3180 1113 3373 1154 omnes
3391 1098 3554 1153 dere-

1954 1187 2250 1258 liquerunt
2299 1204 2409 1243 me.
2437 1188 2505 1243 Ut
2539 1194 2721 1242 autem
2764 1188 2871 1243 hoc
2908 1204 3024 1241 non
3065 1187 3384 1258 imputetur
3410 1187 3552 1251 illis,

1947 1291 2146 1345 precor
2171 1293 2184 1329 :
2209 1275 2285 1329 illi
2302 1276 2732 1348 dereliquerunt
2752 1291 2883 1342 me;
2913 1275 3012 1330 sed
3046 1277 3320 1330 Dominus
3359 1275 3554 1330 astitit

1947 1365 2121 1419 mihi:
2134 1367 2190 1418 et
2208 1365 2438 1418 astando
2455 1367 2664 1436 fortem
2680 1366 2821 1434 fecit
2836 1380 2925 1420 me
2939 1383 2956 1419 :
2969 1364 3092 1418 ideo
3111 1370 3162 1418 et
3178 1363 3317 1418 adeo
3333 1367 3398 1418 ut
3407 1379 3553 1434 pra:-

1947 1451 2155 1506 dicatio
2176 1453 2516 1522 impleretur
2531 1468 2635 1524 per
2654 1467 2763 1517 me,
2788 1467 2897 1507 non
2919 1452 3206 1508 cedentem
3227 1451 3390 1506 minis
3412 1452 3548 1521 ejus.

1948 1539 2003 1594 Si
2035 1539 2180 1594 enim
2210 1541 2577 1596 consentirem
2607 1540 2731 1611 ipsi,
2764 1541 3039 1611 inexpleta
3083 1539 3239 1595 fieret
3280 1539 3549 1611 przedica-

1946 1627 2020 1682 tio
2056 1643 2068 1681 :
2103 1628 2226 1682 ideo
2257 1629 2422 1684 etiam
2454 1628 2778 1684 confortavit
2801 1647 2813 1682 :
2833 1634 2899 1684 ut
2919 1630 3035 1683 haec
3055 1630 3298 1684 audiant
3314 1633 3507 1700 gentes
3531 1647 3550 1684 :

1945 1724 2000 1771 et
2028 1717 2134 1772 hoc
2160 1717 2319 1772 etiam
2371 1717 2594 1771 audiant
2621 1718 2768 1789 quod
2818 1719 3092 1773 liberatus
3129 1733 3284 1783 sum,
3335 1725 3394 1771 ut
3438 1733 3549 1772 non

233 1822 495 1872 manens,
530 1807 661 1862 abiit
680 1809 746 1862 in
770 1807 1073 1862 Galatiam.
1119 1809 1272 1863 Titus
1304 1823 1436 1863 vero
1464 1807 1598 1861 abiit
1629 1809 1692 1863 in
1714 1809 1841 1863 Dal-
1862 1834 1914 1894 Β
1943 1807 2328 1873 consentirem,
2345 1805 2411 1862 de
2431 1823 2527 1861 ore
2546 1807 2741 1874 leonis,
2757 1805 2812 1860 id
2833 1813 2916 1878 est
2934 1805 3193 1872 Neronis,
3217 1805 3303 1860 vel
3321 1803 3545 1871 diaboli,

231 1897 506 1950 matiam.
530 1895 598 1950 Et
617 1895 717 1960 sic,
741 1894 860 1949 aliis
875 1895 1160 1964 dispersis,
1210 1897 1364 1951 solus
1408 1897 1589 1952 Lucas
1618 1912 1842 1951 mecum

233 1986 350 2039 est.
376 1983 539 2051 Veni,
577 1983 849 2055 inquiam,
883 1991 936 2038 et
956 1983 1012 2038 in
1031 1983 1301 2038 veniendo
1324 2000 1550 2040 assume
1570 1986 1837 2052 Marcum,

230 2075 296 2127 et
316 2072 540 2126 addhuc
567 2075 753 2126 tecum
793 2071 862 2126 ad
898 2087 1007 2126 me.
1033 2071 1132 2127 Hic
1153 2074 1308 2128 enim
1329 2076 1414 2128 est
1435 2073 1578 2128 mihi
1595 2074 1757 2128 utilis
1779 2076 1840 2128 in

230 2159 582 2214 ministerio.
608 2159 878 2214 Fortassis
893 2159 1160 2214 missurus
1181 2168 1300 2215 erat
1320 2176 1444 2216 eum
1471 2161 1765 2231 Apostolus
1786 2161 1840 2216 in

228 2246 475 2318 aliquam
493 2247 844 2319 legationem.
869 2249 1164 2318 Tychicum
1180 2253 1375 2304 autem
1391 2251 1526 2305 misi
1540 2251 1835 2322 Ephesum,

226 2334 327 2388 ubi
349 2342 406 2389 tu
439 2335 796 2405 episcOparis.
829 2336 908 2389 Tu
940 2351 1072 2390 vero
1102 2338 1332 2392 veniens
1362 2337 1434 2392 ad
1463 2353 1551 2393 me
1579 2338 1724 2408 a/fer
1755 2343 1840 2394 te-

229 2439 369 2478 cum
384 2425 662 2494 penulam
680 2438 848 2494 quam
879 2424 1030 2495 apud
1066 2425 1312 2496 Carpum
1345 2426 1552 2498 reliqui
1591 2427 1795 2482 Troade
1818 2446 1837 2482 :

225 2509 371 2565 aﬂ‘er
416 2511 580 2565 etiam
616 2512 782 2569 libros
833 2531 852 2567 :
896 2515 952 2567 et
1000 2515 1254 2568 maxime
1303 2529 1413 2584 prae
1461 2515 1676 2569 caeteris
1704 2514 1839 2570 affer

224 2599 616 2664 membranas,
651 2599 848 2671 quibus
879 2615 1015 2670 Opus
1045 2601 1224 2656 habeo
1251 2602 1320 2656 ad
1350 2603 1640 2658 mittendas
1678 2605 1836 2676 Epis-

228 2687 397 2742 tolas.
470 2687 668 2743 Penula
730 2689 901 2744 vestis
949 2697 1064 2743 erat
1110 2689 1306 2745 tradita
1349 2691 1747 2747 Tharsensibus
1803 2710 1836 2749 a

226 2776 496 2832 Romanis
533 2794 548 2832 :
593 2784 881 2848 propterea
909 2777 1037 2848 quia
1083 2786 1278 2848 sponte
1303 2820 1317 2848 ,
1367 2787 1421 2835 et
1467 2795 1574 2835 non
1606 2781 1750 2837 bello
1780 2783 1836 2836 in

223 2864 516 2935 imperium
549 2865 912 2920 Romanorum
945 2865 1278 2921 devenerant
1332 2885 1346 2922 :
1395 2883 1560 2939 quam
1598 2869 1724 2925 ideo
1747 2871 1835 2938 ju-

224 2951 394 3007 bebat
425 2951 608 3007 afferri
627 2996 640 3019 ,
674 2961 731 3007 ut
759 2955 1146 3024 comprobaret
1175 2970 1236 3010 se
1268 2971 1392 3010 esse
1421 2956 1598 3013 civem
1628 2959 1833 3013 Roma-

226 3056 392 3105 num,
443 3041 584 3096 sicut
611 3041 986 3112 appellaverat
1012 3043 1157 3113 apud
1207 3043 1447 3099 Festum.
1500 3046 1606 3102 Seu
1637 3049 1834 3117 penula

225 3128 338 3183 alia
370 3129 535 3184 vestis
565 3138 716 3185 erat:
741 3145 901 3202 quam
929 3139 1124 3187 contra
1151 3130 1326 3204 frigus
1353 3132 1535 3188 afferri
1585 3135 1689 3190 sibi
1726 3153 1832 3207 po-

225 3216 494 3284 stulabat,
542 3226 759 3274 acturus
807 3218 1023 3273 hiemen
1068 3219 1124 3274 in
1173 3234 1422 3276 carcere.
1481 3224 1624 3278 Dum
1653 3233 1831 3281 autem

1941 1909 2042 1965 per
2060 1894 2338 1949 Neronem
2359 1893 2666 1949 invadentis
2696 1909 2816 1949 me:
2838 1910 2940 1949 nec
2961 1894 3136 1949 solum
3176 1909 3209 1949 a
3243 1893 3425 1961 leone,
3449 1893 3549 1948 sed

1943 1983 2204 2039 liberavit
2224 1998 2314 2039 me
2332 1984 2605 2039 Dominus
2633 1983 2702 2038 ab
2753 1983 2910 2038 omni
2937 1999 3099 2054 opere
3125 1983 3296 2048 malo,
3315 1998 3385 2037 ne
3416 1981 3548 2053 quid

1942 2072 2080 2127 male
2097 2087 2361 2142 operarer
2386 2088 2397 2126 :
2421 2076 2479 2127 et
2496 2088 2584 2128 me
2604 2071 2895 2126 liberatum
2916 2072 3138 2128 salvum
3157 2073 3357 2142 faciet,
3378 2078 3549 2125 trans-

1940 2160 2109 2215 latum
2129 2162 2194 2215 in
2215 2177 2455 2230 regnum
2475 2177 2645 2217 suum
2664 2162 2883 2217 caleste
2901 2180 2919 2216 :
2936 2162 3033 2216 cui
3056 2159 3290 2215 Domino
3320 2167 3402 2215 est
3429 2161 3547 2232 glo-

1939 2251 2029 2305 ria
2049 2250 2113 2304 in
2133 2251 2345 2305 saecula
2365 2251 2721 2318 saeculorum,
2748 2251 2946 2306 Amen.
2968 2252 3208 2320 Accepta
3239 2256 3421 2304 autem
3442 2248 3545 2305 hac

1938 2337 2203 2408 Epistola,
2255 2339 2446 2394 saluta
2487 2340 2744 2394 Priscum
2765 2343 2826 2394 et
2864 2339 3143 2411 Aquilam,
3177 2341 3233 2393 et
3252 2338 3543 2408 familiam

1941 2427 2294 2499 Onesiphori.
2345 2428 2585 2482 Erastus
2614 2435 2796 2482 autem
2844 2429 3126 2483 remansit
3164 2425 3460 2482 Corinthi:
3490 2433 3544 2482 ct

1947 2517 2307 2588 Trophimum
2328 2516 2533 2588 reliqui
2555 2517 2732 2571 Mileti
2761 2516 3057 2583 infirmum
3075 2534 3092 2570 :
3112 2522 3164 2569 et
3185 2514 3312 2586 quia
3335 2521 3410 2569 tot
3440 2514 3539 2569 ab-

1937 2612 2121 2659 sentes
2149 2611 2289 2671 sunt,
2321 2605 2537 2674 festina
2559 2607 2752 2660 venire
2781 2603 2851 2658 ad
2877 2619 2966 2658 me
2992 2607 3129 2659 ante
3163 2602 3426 2658 hiemem.
3453 2603 3534 2658 Dc

1936 2693 2024 2747 his
2054 2701 2232 2748 autem
2263 2692 2356 2764 qui
2386 2693 2673 2748 nobiscum
2704 2699 2849 2758 sunt,
2894 2693 3155 2748 salutant
3199 2695 3252 2747 te
3272 2693 3536 2758 Eubolus,

1936 2787 1992 2838 et
2012 2782 2258 2848 Pudens,
2299 2785 2357 2836 et
2378 2782 2570 2847 Linus,
2611 2785 2666 2836 et
2691 2780 2946 2846 Claudia,
2991 2785 3048 2836 et
3085 2796 3280 2836 omnes
3299 2783 3534 2851 fratres.

1935 2871 2002 2924 Et
2031 2885 2136 2942 ego
2167 2869 2342 2924 saluto
2372 2877 2442 2924 te.
2496 2871 2770 2925 Dominus
2808 2871 2968 2925 Jesus
2993 2868 3246 2924 Christus
3294 2867 3362 2922 sit
3407 2884 3538 2925 cum

1935 2960 2146 3031 spiritu
2167 2963 2264 3014 tuo
2305 2977 2323 3013 :
2364 2966 2418 3013 et
2446 2957 2714 3013 concedat
2741 2965 2800 3012 ut
2825 2959 3013 3030 gratia
3043 2957 3112 3012 sit
3141 2959 3446 3023 nobiscum,
3479 2956 3536 3012 id

1935 3056 2019 3104 est
2069 3047 2288 3104 dilectio
2342 3046 2484 3102 inter
2554 3062 2644 3103 me
2709 3055 2761 3103 et
2841 3053 2895 3102 te
2949 3054 3129 3119 coepta
3186 3053 3524 3117 perseveret.

1935 3139 2112 3193 Amen
2124 3178 2138 3192 .

1581 3344 2072 3350 ,7____

1144 3440 1646 3500 ARGUMENTUM
1685 3447 1757 3502 IN
1798 3446 2193 3503 EPISTOLAM
2231 3447 2325 3500 AD
2363 3446 2595 3501 TITUM.

266 3535 464 3617 .Titum
496 3533 1002 3617 commonefacitnet
1033 3536 1347 3617 in_struit_de
1377 3542 1760 3617 constitutione
1802 3545 2126 3617 presbyterii
2160 3560 2172 3598 :
2204 3544 2353 3617 etde
2385 3542 2652 3615 spirituali
2697 3543 3144 3612 conversatione,
3177 3552 3230 3600 et
3261 3544 3530 3601 luet-elicis

228 3606 454 3661 vitandis
486 3623 499 3662 :
535 3607 630 3678 qui
656 3606 1047 3662 traditionibus
1072 3608 1310 3665 Judaicis
1339 3613 1598 3681 credunt;
1635 3606 1882 3672 scribens
1911 3606 2024 3673 ei'a
2053 3615 2323 3686 Nicopoli.

1081 3842 1526 3906 PROLOGUS
1568 3847 1647 3907 B.
1693 3848 2116 3912 BRUNONIS
2157 3849 2242 3910 IN
2283 3848 2654 3910 EAMDEM.

278 3979 498 4045 Paulus,
535 3975 829 4033 conversis
859 3975 1227 4042 Cretensibus,
1261 3978 1600 4033 consecravit
1629 3979 1704 4034 ibi
1733 3980 1894 4041 Ti-D
1921 3988 1980 4036 ut
2029 3981 2258 4037 instruat
2289 3997 2414 4036 eum
2458 3981 2649 4054 quales
2696 3997 3022 4040 consecrare
3070 3983 3265 4041 debeat
3312 3986 3532 4058 episco-

217 4072 325 4118 tum
349 4063 832 4134 archiepiscopum
854 4101 870 4128 ,
923 4059 1012 4131 qui
1043 4075 1138 4115 eos
1170 4060 1466 4117 instrueret
1492 4063 1561 4118 de
1592 4064 1817 4135 quibus-

223 4167 425 4222 cunque
476 4158 847 4222 opportunum
898 4148 1121 4204 videret.
1184 4150 1320 4205 Cum
1377 4158 1556 4206 autem
1617 4152 1816 4208 Paulus

221 4239 350 4294 isset
379 4238 687 4310 Nic0polim
711 4237 896 4308 (quod
926 4237 1043 4293 haec
1072 4237 1320 4308 Epistola
1352 4238 1566 4295 videtur
1585 4241 1814 4298 inuuere

221 4327 276 4381 in
314 4327 718 4398 sequentibus),
766 4325 981 4396 scripsit
1008 4327 1150 4381 hanc
1171 4326 1472 4396 Epistolam
1501 4328 1570 4382 ad
1607 4329 1808 4385 Titum.

222 4415 474 4470 Audierat
493 4415 638 4469 enim
661 4413 734 4468 de
763 4428 847 4479 eo,
887 4413 1031 4484 quod
1066 4413 1228 4468 nimis
1249 4414 1569 4486 simpliciter
1590 4417 1811 4488 episco-

222 4503 340 4575 pale
369 4509 645 4570 exerceret
674 4500 909 4556 oﬂicium
935 4516 947 4554 :
973 4501 1098 4573 quia
1125 4502 1411 4558 hereticos
1430 4546 1444 4571 ,
1477 4520 1574 4561 seu
1606 4506 1810 4578 quosli-

222 4593 309 4647 bet
337 4606 642 4662 perversos,
675 4605 784 4644 non
808 4589 1110 4660 expellebat
1141 4590 1209 4645 ab
1234 4591 1484 4647 Ecclesia
1512 4593 1811 4664 pontificali

221 4679 453 4751 imperio,
479 4679 621 4734 sicut
651 4677 894 4734 deceret.
927 4677 1290 4734 Denuntiabat
1311 4681 1529 4752 quidem
1562 4682 1641 4737 eis
1664 4683 1808 4754 quod

221 4768 353 4824 male
379 4775 626 4842 agerent,
661 4774 716 4821 et
746 4765 1011 4821 desistere
1040 4767 1300 4822 deberent
1333 4786 1345 4822 :
1381 4769 1478 4824 sed
1507 4770 1587 4826 eis
1617 4771 1686 4825 ab
1715 4771 1807 4826 in-

222 4866 384 4928 coepta
403 4856 551 4912 malo
573 4870 688 4912 non
707 4854 1047 4910 cessantibus
1087 4855 1253 4926 (quod
1275 4856 1599 4928 pontificalis
1619 4859 1808 4932 digni-

221 4955 288 5001 tas
307 4946 599 5020 exigeret),
627 4959 742 4998 non
767 4943 1056 4998 coercebat
1085 4959 1201 5011 eos,
1226 4945 1324 5000 sed
1345 4946 1618 5002 humiliter
1635 4949 1812 5018 patie-

219 5035 372 5091 batur.
395 5032 645 5092 346
670 5030 858 5101 Quare
888 5031 1086 5086 Paulus
1116 5033 1258 5088 hanc
1284 5034 1588 5104 Epistolam
1621 5037 1811 5093 scribit

213 5125 272 5182 ad
298 5126 468 5183 Titum
496 5139 510 5179 :
534 5137 721 5196 agens
743 5119 798 5173 in
819 5135 879 5175 ea
900 5119 968 5175 de
996 5119 1292 5192 pontificali
1317 5121 1494 5180 oﬂicio
1519 5139 1533 5180 :
1557 5140 1623 5180 eo
1643 5126 1809 5181 modo

1925 4085 2027 4141 pos
2066 4086 2165 4141 per
2217 4070 2466 4127 civitates
2520 4071 2605 4126 sui
2661 4071 3166 4144 archiepiscopatus
3223 4092 3236 4129 :
3296 4076 3530 4134 maxime

1925 4157 2070 4214 circa
2117 4159 2263 4215 hanc
2290 4159 2704 4216 instructionem
2735 4159 3059 4229 immorans,
3093 4170 3151 4217 ut
3179 4171 3449 4234 potestate
3476 4173 3530 4222 et

1925 4245 2161 4317 imperio
2187 4245 2483 4317 pontificali
2509 4255 2688 4302 utatur
2720 4265 2732 4302 :
2770 4247 2894 4319 quia
2922 4249 3050 4305 licet
3077 4250 3380 4321 simplicem
3401 4268 3527 4309 esse

1924 4335 2127 4389 bonum
2157 4335 2258 4401 sit,
2311 4342 2495 4390 tamen
2532 4335 2700 4390 nimia
2728 4337 3005 4391 humilitas
3036 4338 3280 4410 episcopi
3310 4340 3527 4396 incom-

1921 4423 2144 4478 modum
2175 4422 2298 4478 facit
2347 4423 2600 4494 regimini
2627 4424 2890 4480 Ecclesiae
2921 4439 2934 4478 :
2967 4425 3017 4480 ei
3061 4425 3187 4481 ideo
3215 4435 3402 4483 monet
3429 4429 3526 4484 Ti-

1920 4518 2058 4579 tum,
2091 4519 2150 4566 ut
2181 4527 2305 4566 cum
2352 4511 2580 4583 imperio
2618 4511 2914 4584 episcopali
2943 4513 3152 4582 doceat,
3184 4516 3520 4586 exhortetur,

1920 4607 1972 4654 et
2001 4607 2196 4672 arguat
2229 4618 2242 4655 :
2275 4607 2326 4655 et
2357 4600 2401 4654 si
2434 4600 2526 4672 qui
2555 4600 2798 4656 haeretici
2829 4601 3034 4674 corrigi
3065 4602 3280 4670 nolunt,
3317 4605 3387 4658 ab
3416 4605 3524 4662 Ec-

1918 4686 2084 4742 clesia
2114 4689 2370 4759 depellat.
2416 4690 2483 4744 Et
2511 4689 2592 4744 sic
2637 4689 2706 4746 de
2749 4688 3044 4760 episcopali
3093 4690 3271 4747 oﬁicio
3325 4708 3519 4765 agens,

1919 4774 2149 4831 intendit
2198 4777 2374 4831 Titum
2423 4777 2728 4848 perlectum
2777 4778 3009 4834 reddere
3056 4779 3394 4851 episcOpum.
3452 4783 3520 4839 Ut

1911 4879 2010 4934 per
2038 4865 2348 4936 exemplum
2379 4865 2561 4934 istius,
2617 4882 2973 4940 quoscunque
3018 4867 3310 4940 episcopos
3355 4870 3518 4927 nimis

1912 4952 2188 5023 simplices
2237 4955 2504 5010 animatos
2549 4955 2833 5022 redderet,
2883 4963 2933 5011 et
2961 4956 3258 5030 episcOpali
3285 4957 3516 5032 imperio

1911 5047 2143 5097 utentes.

210 5251 3514 5286 Μ

1233 5375 1782 5463 EPISTOLA
1847 5379 1994 5466 AD
2098 5384 2474 5470 TITUM.

721 5528 946 5585 CAPUT
1003 5532 1295 5589 PRIMUM.

245 5655 263 5677 ε
288 5626 495 5684 Paulus
525 5633 741 5676 servus
771 5616 890 5686 Dei,
922 5620 1200 5690 apostolus
1228 5629 1410 5678 autem
1457 5624 1587 5679 Jesu
1635 5625 1798 5680 Chri-

186 5745 203 5768 .
236 5719 295 5777 sti
343 5710 674 5773 secundum
725 5705 888 5763 tidem
917 5707 1218 5768 electorum
1247 5711 1352 5769 Dei
1378 5720 1432 5770 et
1461 5713 1798 5786 agnitionem

1913 5561 1936 5592 ‹
1969 5541 2231 5608 veritatis,
2265 5560 2388 5615 quae
2416 5544 2716 5600 secundum
2745 5545 2999 5617 pietatem
3029 5556 3112 5604 est
3137 5548 3193 5603 in
3242 5565 3398 5621 spem
3429 5550 3515 5605 vi-

1911 5651 1934 5681 ς
1971 5638 2040 5687 ta:
2058 5639 2274 5688 aeternae
2294 5647 2306 5686 :
2326 5649 2486 5705 quam
2509 5633 2781 5704 promisit,
2805 5635 2897 5706 qui
2919 5651 3028 5692 non
3050 5637 3327 5704 mentitur,
3365 5639 3514 5694 Deus

1911 5736 1934 5766 ι
1969 5723 2095 5774 ante
2124 5724 2374 5789 tempora
2401 5717 2649 5775 saeculari
2686 5734 2698 5774 :
2731 5719 3094 5779 manifestavit
3141 5729 3323 5779 autem
3367 5730 3510 5778 tem-
