3932 6412
445 348 552 404 ιτδ

943 356 998 411 S.
1059 355 1414 412 BRUNONIS
1472 356 2117 413 CARTHUSIANORUM
2173 355 2661 414 INSTITUTORIS
2717 357 2869 415 OPP.
2931 360 3105 417 PARS
3164 362 3231 416 II.

3645 364 3752 417 476

457 495 478 522 α
513 474 736 546 poribus
781 477 893 532 suis
939 478 1167 533 verbum
1197 495 1352 534 suum
1383 479 1437 533 in
1468 480 1872 550 praedicatione,
1918 497 2038 552 quae
2059 483 2109 541 Α
2142 496 2262 534 rum
2292 481 2677 550 praeordinavit
2700 499 2713 536 :
2737 498 2840 538 nec
2868 483 2936 538 de
2966 483 3070 539 hac
3098 484 3462 554 promissione
3493 485 3746 541 dubitare

456 586 477 609 ιι
513 565 714 618 credita
743 574 825 620 est
865 567 995 620 mibi
1043 567 1343 622 secundum
1373 578 1699 639 praeceptum
1749 569 2042 624 Salvatoris

456 672 478 701 α
512 653 682 706 nostri
715 654 831 708 Dei.
882 654 1000 708 Tito
1048 656 1244 710 dilecto
1290 655 1402 710 ﬁlio
1454 658 1750 711 secundum
1793 673 2041 712 commu—

457 760 478 790 ι
512 755 636 794 nem
685 740 846 795 ﬁdem
891 743 1061 814 gratia
1109 751 1160 798 et
1190 760 1290 814 pax
1321 760 1350 797 a
1381 745 1494 799 Deo
1527 747 1681 800 Patre
1731 754 1783 799 et
1826 745 2042 799 Christo

453 850 474 873 ι
509 829 638 882 Jesu
670 829 948 884 Salvatore
995 840 1200 886 nostro.
1253 834 1422 900 Hujus
1453 833 1528 888 rei
1562 834 1733 904 gratia
1765 833 1958 904 reliqui
1989 839 2040 886 te

453 935 474 964 ι
511 916 705 983 Cretae,
739 927 796 971 ut
827 933 892 972 ea
923 935 1042 990 qua:
1072 920 1267 974 desunt
1313 921 1560 991 corrigas
1582 964 1594 987 ,
1645 929 1698 974 et
1745 921 2040 975 constituas

456 1027 477 1050 ιι
511 1019 610 1074 per
657 1004 902 1061 civitates
955 1008 1306 1078 presbyteros
1350 1008 1491 1064 sicut
1533 1016 1582 1063 et
1645 1023 1750 1080 ego
1798 1007 2040 1078 disposui

452 1114 473 1136 αι
511 1091 646 1146 tibi:
673 1093 717 1147 si
749 1094 868 1164 quis
901 1095 1015 1149 sine
1047 1095 1274 1150 crimine
1299 1104 1401 1161 est,
1430 1097 1592 1150 unius
1623 1097 1808 1150 uxoris
1841 1096 1938 1160 vir,
1971 1094 2040 1149 ﬁ—

450 1201 472 1225 u
509 1178 610 1233 lios
654 1181 860 1236 habens
917 1181 1140 1250 ﬁdeles,
1175 1199 1282 1238 non
1332 1184 1387 1238 in
1434 1184 1777 1239 accusatione
1817 1183 2041 1239 luxuria:

453 1286 474 1316 ι
509 1276 600 1322 aut
647 1285 754 1323 non
806 1269 1072 1325 subditos.
1127 1271 1355 1341 Oportet
1403 1271 1544 1326 enim
1578 1272 1892 1342 episcopum
1923 1271 2040 1326 sine

450 1378 470 1401 ν
507 1356 736 1411 crimine
766 1373 890 1412 esse
914 1399 929 1425 ,
983 1359 1122 1414 sicut
1152 1360 1250 1414 Dei
1279 1359 1714 1430 dispensatorem
1749 1375 1762 1414 :
1797 1376 1904 1414 non
1944 1376 2040 1413 su-

446 1465 469 1489 a
506 1445 822 1514 superbum,
858 1462 966 1501 non
996 1447 1336 1514 iracundum,
1370 1463 1479 1502 non
1509 1447 1842 1503 vinolentum
1863 1491 1878 1513 ,
1931 1462 2038 1510 non

447 1551 468 1580 ι
504 1548 906 1602 percussorem,
939 1550 1047 1588 non
1077 1535 1249 1606 turpis
1295 1535 1432 1590 lucri
1470 1536 1721 1606 cupidum
1759 1553 1772 1589 :
1804 1535 1901 1589 sed
1942 1536 2040 1588 ho-

448 1644 468 1666 οι
505 1621 786 1691 spitalem,
836 1624 1133 1694 benignum
1160 1669 1172 1687 ,
1221 1626 1544 1696 prudentem
1571 1667 1586 1691 ,
1639 1625 1878 1679 sobrium
1904 1665 1918 1691 ,
1959 1626 2040 1692 iu-

447 1733 469 1757 ε
505 1701 644 1764 stum
667 1754 680 1775 ,
716 1720 993 1777 sanctum,
1044 1713 1431 1778 continentem,
1471 1713 1884 1783 amplectentem
1915 1729 2039 1767 eum

447 1820 468 1844 ιι
507 1797 598 1868 qui
646 1800 945 1854 secundum
990 1801 1291 1856 doctrinam
1323 1810 1404 1856 est
1451 1800 1668 1856 ﬁdelem
1706 1817 2033 1868 sermonem,
2058 1835 2108 1894 B

450 1904 471 1934 ι
507 1893 563 1939 ut
610 1893 803 1956 potens
849 1887 916 1940 sit
964 1888 1236 1942 exhortari
1267 1888 1321 1942 in
1368 1889 1615 1944 doctrina
1644 1904 1811 1955 sana,
1863 1897 1915 1944 et
1943 1904 2038 1943 eos

447 1993 469 2022 ι
505 1973 596 2044 qui
630 1974 1002 2029 contradicunt
1032 1991 1281 2047 arguere.
1318 1977 1453 2031 Sunt
1483 1977 1628 2031 enim
1675 1976 1828 2030 multi
1877 1977 2039 2031 etiam

443 2082 465 2106 «-
503 2060 878 2116 inobedientes
901 2103 916 2130 ,
980 2063 1253 2134 vaniloqui
1303 2072 1357 2118 et
1404 2063 1724 2119 seductores
1758 2081 1771 2118 :
1805 2063 2037 2118 maxime

447 2167 470 2198 ι
503 2156 680 2204 autem
731 2149 823 2220 qui
874 2150 942 2204 de
986 2151 1402 2206 circumcisione
1432 2159 1592 2216 sunt,
1642 2167 1780 2222 quos
1827 2159 2039 2222 oportet

445 2256 467 2287 ι
503 2236 759 2309 redargui
792 2253 804 2290 :
840 2238 931 2309 qui
980 2238 1268 2293 universas
1310 2239 1504 2294 domos
1553 2240 1893 2304 subvertunt,
1933 2239 2036 2293 do-

443 2343 465 2374 ι
500 2333 685 2380 centes
716 2342 837 2396 qua:
867 2342 975 2380 non
1004 2335 1238 2396 oportet,
1276 2328 1445 2398 turpis
1474 2327 1608 2382 lucri
1639 2328 1837 2399 gratia.
1893 2327 2040 2382 Dixit

448 2431 470 2461 α
505 2413 727 2484 quidam
757 2429 822 2468 ex
856 2413 984 2479 illis,
1017 2415 1276 2485 prOprius
1307 2416 1524 2470 illorum
1554 2418 1812 2486 propheta
1848 2431 1859 2469 :
1896 2416 2033 2470 Cre-

441 2522 464 2546 -
502 2509 682 2556 tenses
729 2518 949 2572 semper
990 2503 1318 2569 mendaces,
1351 2504 1507 2559 malae
1556 2503 1774 2571 bestiae,
1818 2512 2037 2559 ventres

443 2609 465 2633 οι
501 2587 664 2658 pigri.
697 2589 1086 2644 Testimonium
1109 2591 1212 2646 hoc
1243 2607 1432 2646 verum
1473 2600 1574 2646 est.
1610 2591 1786 2659 Quam
1809 2592 1881 2646 ob
1913 2607 2040 2647 cau-

443 2693 462 2727 s
501 2691 618 2730 sam
646 2676 867 2748 increpa
897 2678 1021 2732 illos
1051 2679 1216 2743 dure,
1253 2688 1308 2734 ut
1338 2679 1455 2734 sani
1486 2680 1593 2734 sint
1638 2680 1692 2733 in
1739 2678 1848 2734 ﬁde
1880 2696 1893 2734 :
1927 2695 2037 2734 non

441 2781 464 2814 ι
498 2763 839 2820 intendentes
857 2765 1096 2821 Judaicis
1116 2767 1347 2833 fabulis,
1383 2776 1435 2822 et
1456 2767 1728 2823 mandatis
1759 2767 2034 2822 hominum

442 2874 464 2898 α
499 2853 862 2908 aversantium
920 2856 1048 2922 tal.,
1112 2855 1489 2923 avertentium)
1566 2872 1625 2910 se
1688 2872 1718 2908 a
1786 2855 2032 2910 veritate.

441 2961 463 2986 ι
499 2939 693 2994 Omnia
724 2941 926 2995 munda
959 2942 1176 2996 mundis
1209 2960 1223 2996 :
1257 2943 1619 3013 coinquinatis
1647 2951 1827 2996 autem
1861 2951 1914 2996 et
1946 2942 2034 2996 in-

443 3046 466 3077 ι
499 3025 748 3082 ﬁdelibus
778 3029 928 3098 .nihil
979 3038 1062 3084 est
1108 3031 1365 3084 mundum
1392 3074 1407 3095 ,
1460 3031 1557 3084 sed
1587 3030 1879 3100 inquinata:
1913 3037 2039 3084 sunt

438 3137 461 3161 α
498 3130 686 3170 eorum
731 3123 785 3170 et
841 3131 996 3171 mens
1045 3126 1097 3171 et
1169 3119 1516 3172 conscientia.
1582 3117 1919 3173 Conﬁtentur
1976 3134 2036 3172 se

2144 568 2268 622 licet
2301 583 2314 622 :
2343 571 2605 639 promisit
2635 570 2779 624 enim
2815 571 2955 626 hanc
2996 571 3086 626 ille
3133 573 3226 644 qui
3282 591 3399 627 non
3456 577 3746 630 mentitur

2143 665 2195 710 et
2225 656 2439 710 mentiri
2483 673 2590 711 non
2621 666 2798 727 potest
2831 674 2842 711 :
2877 659 3003 728 quia
3034 661 3180 715 Deus
3229 668 3331 714 est.
3365 661 3480 715 Nec
3509 661 3564 714 in
3596 669 3744 716 tem-

2143 760 2276 814 pore
2323 745 2610 814 promisit:
2645 747 2738 799 sed
2789 754 2844 799 ut
2891 747 3174 817 diligentia
3216 748 3502 818 promissa:
3548 750 3625 804 rei
3687 751 3745 802 in

2143 833 2258 886 Deo
2287 833 2683 897 consideretur,
2709 833 2955 904 promisit
2977 836 3093 890 hazc
3115 841 3251 889 ante
3275 840 3528 907 tempora
3558 853 3744 892 saeu-

2145 921 2324 985 laria,
2375 919 2427 973 id
2478 929 2558 974 est
2590 921 2656 973 ab
2686 930 2888 976 zeterno
2921 923 2999 976 sic
3031 924 3412 992 praeordinavit
3441 932 3564 979 ante
3596 933 3744 979 tem-

2140 1023 2296 1077 pora,
2333 1024 2455 1078 quae
2483 1008 2771 1062 volvuntur
2797 1026 2898 1079 per
2924 1011 3143 1064 saecula.
3179 1012 3449 1078 Promisit,
3476 1013 3699 1084 inquam
3726 1030 3740 1068 :

2141 1097 2536 1166 mani/'estavit
2567 1102 2753 1151 autem
2774 1139 2787 1165 ,
2838 1097 2892 1150 id
2921 1106 3004 1152 est
3033 1099 3324 1168 complevit
3362 1101 3505 1170 quod
3537 1101 3745 1171 promi-

2143 1191 2286 1237 serat
2337 1185 2488 1248 suis,
2541 1184 2596 1238 id
2642 1192 2724 1238 est
2774 1185 2827 1238 in
2876 1186 3135 1256 congruis
3181 1187 3518 1256 temporibus
3573 1189 3741 1243 vitam

2140 1279 2398 1325 aeternam
2421 1289 2436 1324 :
2461 1271 2589 1342 quia
2609 1272 2743 1326 Abel
2767 1271 2897 1326 vidit
2926 1272 3052 1327 inde
3082 1273 3302 1344 aliquid,
3328 1274 3621 1343 perfectius
3639 1291 3740 1330 au-

2142 1367 2248 1412 tem
2295 1359 2570 1412 Abraham
2619 1376 2631 1412 :
2681 1367 2735 1413 et
2777 1360 2846 1412 ita
2893 1359 3152 1430 paulatim
3201 1362 3498 1432 prophetae,
3534 1371 3741 1433 quanto

2141 1446 2372 1516 amplius
2400 1447 2795 1517 propinquabat
2826 1448 3148 1518 redemptio,
3183 1456 3331 1509 tanto
3363 1451 3544 1520 magis
3571 1450 3642 1504 de
3676 1466 3744 1505 ea

2141 1542 2555 1604 cognoverunt:
2580 1542 2631 1589 et
2659 1536 2895 1589 Joannes
2926 1535 3099 1608 magis
3127 1536 3400 1605 omnibus,
3441 1539 3531 1608 qui
3561 1537 3736 1610 digito

2140 1622 2535 1677 demonstravit
2565 1622 2728 1676 vitam
2761 1631 3016 1677 aeternam
3035 1666 3050 1689 ,
3103 1624 3155 1678 id
3186 1632 3269 1679 est
3297 1625 3572 1680 Christum
3601 1641 3613 1679 :
3638 1626 3738 1680 sed

2139 1711 2374 1764 maxime
2406 1710 2457 1763 in
2482 1718 2725 1780 tempore
2756 1711 2943 1782 gratia:
2970 1713 3367 1782 manifestavit
3395 1714 3540 1768 Deus
3571 1714 3738 1768 vitam

2140 1806 2421 1862 mternam,
2448 1798 2655 1853 scilicet
2689 1799 2917 1854 Verbum
2939 1816 3126 1864 suum,
3149 1800 3203 1854 id
3233 1808 3316 1855 est
3346 1801 3536 1854 Filium
3559 1801 3739 1857 incar-

2141 1894 2342 1952 natum,
2379 1894 2675 1957 natumque
2709 1895 2760 1940 et
2793 1887 2914 1941 aliis
2942 1887 3140 1942 modis.
3179 1887 3543 1944 Manifestavit
3572 1889 3736 1944 etiam

2140 1974 2241 2028 hoc
2263 1975 2500 2028 Verbum
2533 1977 2595 2029 in
2615 1974 3041 2045 praedicatione,
3067 1992 3189 2046 quae
3201 1975 3420 2030 credita
3441 1986 3544 2042 est,
3569 1977 3624 2030 id
3654 1985 3737 2031 est

2139 2077 2239 2130 per
2268 2062 2711 2131 praedicationem
2742 2079 2864 2133 quae
2894 2063 3185 2117 commissa
3213 2071 3296 2117 est
3324 2063 3487 2118 mihi.
3521 2064 3736 2119 Credita

2139 2148 2321 2218 utique
2359 2149 2490 2202 mihi
2533 2158 2612 2203 est
2653 2150 2966 2204 secundum
3014 2155 3358 2221 prmeeptum
3401 2152 3518 2214 Dei,
3571 2150 3625 2204 id
3655 2159 3738 2206 est

2141 2237 2262 2307 quia
2293 2238 2438 2291 Deus
2469 2236 2541 2292 ita
2572 2237 2848 2307 praecepit.
2896 2237 2996 2291 Dei
3037 2237 3161 2293 dico
3189 2239 3374 2292 nostri
3402 2239 3730 2294 Saluatoris.

2141 2324 2368 2391 Paulus,
2419 2325 2670 2396 inquam,
2724 2325 2847 2378 talis
2878 2332 2931 2379 et
2960 2325 3082 2379 talis
3113 2325 3330 2391 scribit,
3383 2327 3501 2382 Tito
3532 2326 3735 2382 dilecto

2139 2413 2375 2484 quodam
2407 2413 2628 2482 speciali
2657 2413 2841 2467 modo.
3553 2435 3556 2438 ⁴

2213 2503 2328 2554 Tito
2358 2501 2480 2555 dico
2510 2502 2627 2566 ﬁlio
2670 2501 2980 2556 secundum
3003 2516 3378 2565 communem,
3431 2500 3485 2555 id
3523 2509 3606 2556 est
3634 2517 3732 2557 ca-

2140 2588 2412 2655 tholicam,
2435 2590 2622 2656 ﬁdem,
2648 2588 2700 2640 in
2721 2605 2825 2658 qua
2857 2604 2978 2642 eum
2997 2588 3186 2659 genui,
3214 2596 3266 2643 et
3294 2604 3404 2644 non
3429 2589 3730 2644 secundum

2137 2691 2380 2730 carnem.
2428 2676 2744 2731 Catholicon
2777 2676 2921 2730 enim
2967 2693 3262 2732 commune
3293 2677 3379 2730 vel
3410 2678 3731 2733 universale

2137 2765 2354 2818 dicitur.
2391 2763 2488 2818 Vel
2519 2764 2638 2817 Tito
2663 2765 2781 2832 ﬁlio
2811 2773 2961 2834 optat
2992 2780 3184 2834 sapere
3210 2765 3523 2820 secundum
3571 2781 3728 2820 com-

2137 2869 2388 2917 munem,
2404 2851 2456 2905 id
2479 2859 2560 2905 est
2582 2853 2880 2921 vulgarem,
2896 2853 3063 2920 [idem
3080 2860 3163 2906 :et
3184 2867 3290 2906 non
3314 2853 3611 2907 secundum
3628 2853 3731 2923 pri-

2139 2949 2289 2994 vatas
2319 2940 2594 2994 doctrinas
2623 2939 3019 2994 haereticorum.
3053 2940 3132 2994 Sit
3162 2940 3290 3008 tibi,
3335 2940 3472 3009 Tite,
3505 2926 3729 3009 gratia:

2138 3037 2190 3082 et
2221 3029 2520 3082 secundum
2553 3028 2932 3082 remissionem
2963 3037 3330 3098 peccatorum,
3356 3036 3409 3082 et
3429 3030 3728 3084 secundum

2139 3116 2449 3185 episcOpale
2479 3115 2736 3170 ofﬁcium.
2770 3117 2848 3169 Sit
2879 3116 3041 3170 etiam
3073 3116 3167 3168 tibi
3191 3132 3341 3187 pax,
3375 3116 3428 3169 id
3459 3124 3541 3170 est
3572 3125 3728 3170 tran-

437 3223 466 3255 α
496 3218 661 3258 nosse
691 3205 884 3269 Deum,
920 3203 1074 3259 factis
1103 3214 1282 3259 autem
1314 3213 1514 3277 negant
1543 3223 1555 3258 :
1590 3222 1711 3260 cum
1757 3206 1862 3260 sint
1893 3206 2026 3260 abo-
2067 3181 2112 3241 Ο
2132 3181 2372 3274 quillitas
2400 3203 2582 3268 animi,
2618 3211 2817 3274 quanta
2850 3204 2933 3257 hic
2953 3203 3144 3257 haberi
3173 3181 3369 3274 potest.
3394 3204 3522 3259 Hinc
3542 3204 3727 3274 utique

438 3311 461 3340 ι
495 3290 681 3344 minati
725 3291 846 3363 [al.,
879 3292 1295 3364 abominabiles]
1327 3301 1379 3348 et
1408 3293 1758 3349 incredibiles
1785 3337 1797 3359 ,
1857 3302 1910 3348 et
1962 3294 2030 3348 ad

439 3399 461 3429 ι
497 3394 659 3435 omne
687 3395 825 3452 Opus
874 3380 1076 3434 bonum
1122 3382 1360 3452 reprobi.
1401 3407 1423 3429 ι»

1027 3572 1319 3612 ΕΧΡΟΒῙΤΙΟ
1333 3599 1346 3611 .

501 3730 750 3795 Paulus,
807 3737 910 3785 etc.
975 3731 1124 3785 Sicut
1153 3746 1273 3784 mos
1329 3731 1448 3799 ejus
1499 3738 1615 3796 est,
1648 3731 2030 3786 salutationem

433 3817 704 3887 praemittit
732 3817 923 3872 dicens
956 3835 969 3872 :
1004 3820 1219 3873 Paulus
1241 3835 1433 3874 servus
1455 3820 1572 3884 Dei,
1605 3818 1660 3874 id
1689 3827 1771 3874 est
1802 3820 2030 3890 simplex

430 3912 481 3959 et
544 3904 762 3960 humilis
801 3905 870 3959 ad
908 3905 1132 3960 modum
1191 3907 1360 3960 servi.
1419 3907 1519 3962 Hic
1596 3907 1769 3961 innuit
1827 3905 2028 3962 bonam

431 3992 652 4064 quidem
717 4009 838 4048 esse
913 3993 1341 4065 simplicitatem.
1413 3995 1615 4050 Servus
1667 3994 1849 4066 utique
1909 3997 2027 4063 Dei,

430 4081 526 4136 sed
555 4087 732 4136 tamen
763 4083 1046 4151 apostolus
1094 4084 1226 4138 Jesu
1259 4082 1504 4148 Christi,
1555 4083 1609 4137 id
1651 4091 1734 4138 est
1778 4099 1953 4156 agens
1981 4093 2034 4140 et

430 4183 694 4224 coercens
725 4169 972 4242 singulos
1004 4171 1279 4241 quomodo
1329 4172 1641 4242 apostolicae
1686 4171 2032 4227 sublimitatis

431 4256 720 4328 imperium
753 4257 940 4329 exigit.
991 4259 1070 4312 Tu
1100 4258 1282 4330 itaque
1313 4259 1562 4331 exemplo
1611 4276 1734 4316 meo
1783 4261 1863 4316 sic
1911 4269 2029 4315 esto

429 4346 678 4416 simplex,
727 4353 784 4400 ut
811 4345 1127 4416 pontiﬁcale
1177 4347 1465 4417 imperium
1495 4364 1607 4404 non
1653 4347 1913 4418 impediat
1943 4348 2031 4402 ni-

430 4433 534 4487 mia
581 4433 875 4488 humilitas.
927 4434 1052 4489 Non
1095 4435 1220 4490 ideo
1249 4435 1382 4490 dixit
1417 4438 1617 4492 Servus
1649 4437 1747 4492 Dei
1793 4445 1844 4490 et
1873 4451 2034 4506 apos-

2128 3292 2225 3344 tibi
2269 3291 2374 3344 sint
2419 3309 2454 3346 a
2483 3293 2590 3348 Deo
2621 3293 2791 3346 Patre
2821 3291 2911 3362 qui
2941 3299 3148 3361 potest,
3192 3299 3244 3346 et
3273 3291 3364 3362 qui
3396 3292 3726 3346 voluntatem

2130 3381 2313 3434 habet.
2347 3380 2416 3433 Et
2445 3396 2510 3434 ea
2559 3381 2689 3434 Jesu
2720 3379 2968 3446 Christo,
3017 3379 3109 3450 qui
3157 3379 3406 3433 similiter
3448 3388 3499 3434 et
3525 3388 3720 3450 potest,

2130 3469 2420 3522 Saluatore
2453 3472 2644 3522 nostro
2675 3475 2728 3521 et
2757 3467 3085 3521 voluntatem
3109 3467 3291 3521 habet.
3325 3467 3497 3521 Finita
3527 3467 3730 3522 saluta-

2131 3555 2295 3620 tione,
2329 3555 2409 3610 sic
2439 3554 2733 3625 alloquitur
2760 3555 2939 3609 Titum
2982 3571 2995 3608 :
3037 3554 3082 3609 Ο
3111 3555 3256 3620 Tite,
3291 3571 3394 3624 ego
3424 3556 3628 3626 reliqui
3672 3559 3728 3610 te

2131 3650 2508 3698 consecratum
2561 3643 3029 3712 archiepiscopum
3088 3644 3267 3697 Creta:
3297 3643 3483 3712 gratia
3556 3642 3727 3712 hujus

2132 3734 2233 3798 rei,
2268 3731 2321 3784 id
2353 3740 2435 3785 est
2464 3745 2562 3800 pro
2591 3731 2693 3784 hac
2724 3747 2782 3784 re
2802 3773 2815 3797 ,
2850 3747 2990 3800 quae,
3025 3730 3071 3784 si
3102 3730 3221 3795 ﬁat,
3256 3738 3413 3799 grata
3441 3730 3544 3784 erit
3571 3730 3725 3784 mihi.

2132 3819 2239 3874 Res
2281 3826 2461 3873 autem
2491 3818 2587 3872 illa
2637 3819 2754 3873 hzec
2784 3827 2866 3872 est
2899 3834 2911 3872 :
2945 3823 3010 3872 ut
3058 3827 3111 3871 tu
3144 3819 3420 3888 corrigas,
3474 3818 3524 3871 id
3547 3825 3629 3872 est
3673 3827 3733 3871 ut

2131 3906 2461 3979 corrigendo
2510 3921 2631 3976 quae
2676 3905 3006 3975 corrigenda
3056 3914 3178 3959 sunt
3226 3905 3479 3975 perﬁcias
3511 3922 3575 3960 ea
3605 3922 3729 3976 qua:

2131 3996 2359 4050 desunt.
2390 3995 2506 4048 Hoc
2536 4001 2716 4048 autem
2747 3992 2950 4047 dictum
2981 4001 3062 4047 est
3093 3993 3160 4047 de
3191 3993 3456 4047 moribus.
3490 3995 3560 4047 Et
3595 4008 3722 4047 cor-

2131 4082 2360 4154 rigendo
2388 4098 2572 4136 mores
2601 4082 2918 4136 constituas
2947 4081 3108 4135 etiam
3135 4082 3503 4152 presbyteros,
3556 4081 3610 4134 id
3643 4089 3729 4135 est

2131 4171 2420 4241 episcopos
2443 4186 2544 4240 per
2573 4169 2816 4239 singulas
2836 4171 3093 4224 civitates
3121 4169 3392 4236 subjectas
3417 4176 3510 4222 tuo
3539 4168 3727 4223 archi-

2131 4258 2486 4330 episcopatui.
2519 4257 2847 4326 Constituas,
2878 4257 3096 4327 inquam
3116 4301 3128 4321 ,
3175 4273 3242 4310 eo
3287 4256 3450 4310 modo
3487 4258 3635 4311 sicut
3667 4261 3726 4311 et

2131 4364 2224 4418 ego
2257 4347 2357 4402 tibi
2386 4347 2658 4417 disposui.
2699 4345 2800 4399 Ubi
2833 4345 2907 4398 ait
2941 4363 2954 4398 :
2991 4346 3147 4400 Sicut
3179 4361 3272 4415 ego
3307 4346 3406 4398 tibi
3451 4345 3723 4416 disposui,

2131 4441 2279 4488 notat
2311 4433 2456 4504 quod
2486 4449 2611 4488 cum
2640 4433 2785 4503 apud
2816 4449 2939 4487 eum
2971 4440 3148 4499 esset,
3198 4431 3477 4486 intruxerit
3505 4447 3627 4486 eum
3656 4432 3728 4486 de

431 4521 578 4577 talus
629 4520 854 4586 Christi,
892 4522 1018 4592 quin
1066 4530 1118 4578 et
1150 4523 1430 4594 apostolus
1482 4523 1548 4577 sit
1589 4523 1689 4578 Dei
1738 4531 1790 4578 et
1839 4529 2103 4588 servusD
2133 4521 2544 4577 consecratione
2576 4521 2974 4591 episcoporum.
3023 4521 3162 4574 Eum
3202 4520 3429 4575 scillicet
3457 4520 3728 4574 constitue

431 4608 630 4664 Christi
657 4627 670 4662 :
696 4609 792 4663 sed
825 4609 949 4664 ideo
980 4619 1036 4665 ut
1065 4610 1273 4675 innuat,
1299 4612 1442 4683 quod
1465 4628 1562 4681 per
1591 4611 1861 4666 Christum
1884 4611 2030 4664 Deus

431 4697 592 4752 Pater
621 4696 674 4751 in
705 4697 1061 4753 ministerium
1093 4699 1431 4769 apostolatus
1479 4699 1702 4753 Paulum
1752 4698 2027 4752 direxerit.

429 4785 720 4855 Apostolus
753 4785 876 4841 dico
905 4786 1216 4842 secundum
1245 4787 1412 4854 [idem
1440 4787 1750 4842 electorum
1778 4787 1896 4842 Dei.
1933 4785 2030 4840 Se-

429 4872 611 4943 quitur
639 4873 783 4927 enim
815 4882 866 4930 et
896 4874 1156 4943 prmdicat
1183 4874 1350 4940 ﬁdem
1379 4888 1544 4944 quam
1575 4881 1864 4927 tenuerunt
1893 4889 2029 4943 pro-

427 4961 638 5029 phetae,
697 4969 750 5015 et
799 4961 1106 5031 quicunque
1155 4961 1313 5015 electi
1346 4961 1467 5015 Dei.
1520 4961 1810 5030 Apostolus
1867 4961 2029 5030 etiam

431 5049 728 5104 secundum
781 5050 1129 5120 agnitionem
1176 5049 1464 5115 veritatis,
1513 5048 1568 5102 id
1611 5057 1694 5103 est
1732 5050 2028 5104 secundum

431 5137 578 5208 quod
599 5136 823 5208 agnovit
844 5137 912 5191 de
935 5152 1066 5190 vera
1096 5135 1405 5205 cognitione
1428 5136 1547 5189 Dei.
1583 5137 1704 5190 Non
1744 5137 2032 5204 cujuslibet

429 5224 672 5279 veritatis
703 5225 846 5287 dico,
882 5223 978 5277 sed
1000 5223 1116 5291 ejus
1147 5241 1268 5294 qua:
1288 5227 1372 5277 est
1403 5224 1711 5279 secundum
1731 5226 2026 5296 pietatem,

427 5311 482 5366 id
530 5321 613 5366 est
663 5329 784 5382 quae
815 5311 1012 5364 veritas
1059 5310 1306 5381 sequitur
1348 5311 1550 5366 cultum
1599 5312 1716 5366 Dei.
1752 5312 1910 5366 Fides
1940 5313 2030 5367 di-

427 5414 494 5454 co
524 5408 577 5454 et
606 5399 812 5469 agnitio
834 5398 1093 5462 veritatis,
1127 5399 1308 5452 euntia
1325 5401 1383 5454 in
1417 5417 1571 5470 spem
1592 5402 1721 5456 vitta
1750 5405 1980 5456 (eterna:
2012 5421 2029 5456 :

434 5485 668 5542 347
708 5485 831 5555 quia
879 5502 980 5555 per
1027 5484 1186 5540 ﬁdem
1232 5496 1513 5558 acceptam
1535 5531 1547 5555 ,
1581 5496 1635 5544 et
1662 5506 1761 5559 per
1787 5489 2030 5559 agnitam

430 5573 728 5655 veritatem,
745 5589 1027 5643 speramus
1047 5591 1147 5629 nos
1169 5577 1426 5647 consequi
1440 5577 1599 5632 vitam
1622 5585 1900 5632 aeternam.
1915 5579 2032 5633 Nec

433 5661 629 5719 frustra
663 5678 678 5716 :
711 5660 837 5732 quia
867 5678 1036 5734 quam
1063 5663 1224 5719 vitam
1251 5666 1534 5736 promisit,
1566 5666 1620 5720 id
1647 5673 1730 5721 est
1759 5681 1820 5721 se
1871 5665 2030 5720 datu-

2129 4610 2467 4680 episcopum,
2501 4611 2553 4664 si
2573 4611 2696 4681 quis
2725 4609 2907 4678 fuerit
2934 4609 3055 4663 sine
3077 4609 3319 4662 crimine
3341 4650 3353 4670 ,
3380 4608 3433 4660 id
3464 4615 3566 4670 est,
3600 4607 3722 4662 sine

2128 4706 2252 4752 actu
2283 4705 2334 4752 et
2363 4696 2584 4754 infamia
2613 4697 2895 4765 cujuslibet
2925 4695 3244 4752 criminalis.
3279 4694 3383 4763 Qui
3411 4695 3574 4749 etiam
3604 4694 3724 4750 fue-

2129 4786 2198 4838 rit
2231 4787 2314 4840 vir
2334 4788 2506 4839 unius
2536 4787 2754 4850 uxoris,
2788 4792 2844 4838 ut
2873 4785 3017 4838 idem
3047 4783 3174 4838 alibi
3203 4783 3570 4853 exposuimus.
3605 4784 3722 4838 Ha-

2130 4874 2261 4927 ben‘s
2283 4873 2446 4926 etiam
2465 4873 2614 4940 ﬁlios
2637 4872 2848 4940 ﬁdeles,
2867 4871 2921 4925 id
2952 4879 3053 4936 est,
3089 4871 3179 4942 qui
3208 4871 3260 4923 in
3285 4869 3390 4924 ﬁde
3422 4885 3555 4923 sana
3577 4869 3723 4925 ﬁlios

2130 4976 2259 5015 suos
2285 4960 2592 5014 instruxerit
2627 4977 2641 5014 :
2675 4964 2729 5014 et
2762 4977 2876 5014 non
2897 4959 3106 5013 habens
3136 4975 3231 5013 eos
3260 4959 3324 5013 in
3353 4961 3724 5014 accusatione

2133 5050 2381 5103 luxuriae
2403 5068 2420 5102 :
2444 5047 2588 5118 quod
2621 5063 2722 5102 nec
2751 5047 2910 5101 etiam
2933 5047 3104 5100 malus
3135 5063 3320 5100 rumor
3352 5045 3480 5099 inde
3509 5046 3723 5099 exierit.

2131 5137 2187 5192 Si
2231 5135 2375 5190 enim
2425 5135 2564 5190 ﬁlios
2597 5151 2724 5189 suos
2760 5135 3001 5204 permisit
3050 5133 3351 5198 luxuriari,
3413 5133 3726 5203 exemplum

2127 5224 2274 5278 dedit
2301 5240 2408 5276 non
2437 5239 2495 5277 se
2527 5223 2666 5277 bene
2696 5230 3072 5278 correcturum
3105 5221 3246 5276 ﬁlios
3277 5221 3554 5275 Ecclesiae.
3607 5222 3727 5277 Aut

2128 5329 2242 5368 non
2273 5312 2480 5364 habens
2510 5309 2649 5364 ﬁlios
2679 5326 2786 5364 non
2822 5311 3098 5376 subditos,
3144 5309 3196 5362 id
3227 5317 3308 5363 est
3343 5308 3726 5363 inobedientes

2128 5399 2251 5453 sibi.
2298 5399 2354 5453 Si
2397 5398 2542 5452 enim
2590 5397 2852 5451 remissus
2898 5396 3142 5466 apparuit
3189 5397 3244 5448 in
3292 5396 3519 5465 privatis
3574 5394 3726 5464 ﬁliis,

2127 5486 2364 5540 ostendit
2411 5485 2554 5555 quod
2596 5500 2704 5539 non
2749 5484 3076 5539 sufﬁcienter
3119 5492 3401 5538 coerceret
3455 5483 3729 5538 creditam

2127 5575 2231 5628 sibi
2259 5573 2578 5628 Ecclesiam.
2605 5573 2732 5626 Ideo
2761 5573 2883 5628 volo
2914 5582 2970 5626 ut
2991 5573 3081 5642 qui
3108 5573 3232 5627 sine
3263 5572 3505 5624 crimine
3535 5570 3724 5637 fuerit,

2127 5661 2483 5718 constituatur
2530 5660 2822 5731 episcOpus
2856 5675 2868 5714 :
2901 5664 3120 5730 oportet
3188 5660 3343 5714 enim
3397 5659 3730 5731 episcopum
