3932 6412
205 303 324 358 L77

923 298 1306 359 EXPOSITIO
1347 299 1423 356 IN
1459 293 1846 356 EPISTOLAS
1886 292 2110 349 PAULI.
2144 323 2214 336 —-
2243 295 2318 385 lN
2354 296 2579 352 EPIST.
2626 297 2721 353 AD
2760 297 2898 352 TIT.

3476 299 3581 354 L78

211 442 344 483 esse
371 429 501 483 sine
539 428 813 494 crimine,
833 433 887 482 et
915 433 1058 491 actu,
1095 433 1148 480 et
1176 423 1512 494 suspicione,
1543 423 1695 478 sicut
1725 420 1848 475 dis-
1870 420 1926 480 Α
1952 417 2238 475 intendere
2268 420 2375 486 his,
2405 421 2533 492 quia
2572 420 2809 488 fabula;
2858 427 2912 476 et
2959 419 3090 493 quia
3135 427 3261 474 sunt
3316 418 3576 476 mandata

219 520 605 588 pensatorem
638 518 762 582 Dei,
797 515 851 570 id
879 521 979 579 est,
1015 514 1152 569 sicut
1180 529 1303 568 eum
1335 511 1426 583 qui
1454 512 1634 565 Doum
1677 508 1857 580 ipsum

226 604 524 674 dispensat
555 605 643 658 his
666 589 861 676 quibus
881 601 1159 674 praedicat.
1199 600 1426 670 Oportet
1455 598 1611 653 etiam
1653 597 1862 668 episco-

233 709 371 764 pum
392 709 514 747 non
532 709 660 747 esse
683 692 1006 765 superbum,
1031 690 1085 744 id
1109 697 1211 755 est,
1228 704 1340 744 non
1357 687 1667 758 cupientem
1692 702 1750 740 se
1772 701 1857 738 su-

232 796 556 852 perponere
587 780 738 835 allis.
799 781 918 836 Non
964 777 1327 846 iracundum,
1378 776 1476 831 sed
1519 775 1658 829 bene
1703 781 1860 845 regat

236 869 504 922 animum.
539 870 661 926 Non
695 869 1072 931 vinolentum,
1129 865 1185 920 id
1234 873 1316 920 est
1357 877 1466 919 non
1516 862 1683 916 multo
1731 862 1857 916 vino

237 957 511 1012 deditum.
548 958 669 1012 Non
698 943 1106 1028 percussorem,
1141 953 1195 1008 id
1228 961 1310 1008 est
1341 952 1434 1024 qui
1481 950 1859 1022 corporalibus

240 1046 421 1100 armis
452 1061 560 1100 non
590 1044 858 1115 percutiat
884 1063 898 1111 ;
923 1044 1086 1098 habet
1118 1043 1263 1098 enim
1289 1056 1446 1096 arma
1475 1040 1647 1094 sancti
1687 1038 1860 1110 Spiriv

241 1142 340 1188 tus
374 1148 385 1187 :
420 1133 505 1188 vel
538 1148 648 1188 non
677 1132 1071 1203 percutientem
1101 1129 1467 1186 conscientias
1495 1127 1805 1183 auditorum
1841 1144 1857 1193 ;

243 1238 324 1277 ne
356 1222 462 1276 tale
489 1221 619 1293 quid
649 1220 911 1291 praedicet
957 1220 1102 1274 unde
1148 1234 1320 1289 prava
1375 1216 1560 1288 opinio
1619 1215 1849 1270 oriatur.

243 1311 375 1367 Non
400 1310 667 1381 cupidum
702 1310 884 1381 turpis
905 1309 1072 1375 lucri,
1099 1307 1153 1360 id
1185 1313 1268 1362 est
1324 1321 1435 1360 non
1465 1305 1701 1378 negotiis
1749 1320 1858 1359 sa:-

243 1398 532 1454 cularibus
560 1395 916 1467 implicitum:
949 1396 1046 1452 sed
1088 1395 1447 1466 hospitalem,
1483 1393 1573 1464 qui
1590 1408 1860 1464 pauperes

245 1485 496 1556 hospitio
526 1485 797 1555 receperit
828 1502 841 1538 :
874 1484 1220 1555 receptisque
1260 1481 1609 1553 pauperibus,
1633 1488 1686 1535 et
1732 1480 1860 1552 qui-

247 1576 576 1645 buscunque
596 1574 917 1644 benignum,
935 1572 991 1626 id
1011 1579 1110 1637 est,
1128 1571 1285 1643 large
1313 1585 1413 1624 sua
1437 1569 1857 1624 ministrantem.

248 1663 516 1720 Sobrium
545 1648 709 1716 etiam
741 1661 884 1726 cibo,
917 1668 1047 1731 potu
1077 1668 1129 1714 et
1158 1659 1376 1715 vestitu.
1431 1660 1662 1714 Iustum
1701 1657 1860 1711 etiam

252 1749 502 1807 348
543 1757 594 1804 et
632 1750 702 1804 ad
747 1748 1022 1819 proximos
1069 1747 1193 1802 sibi.
1250 1749 1529 1804 Sanctum
1579 1745 1742 1801 etiam
1790 1746 1933 1830 adB

246 1840 453 1894 Deum.
480 1837 878 1894 Continentem
901 1836 1085 1902 etiam,
1110 1844 1166 1890 ut
1205 1834 1512 1906 exemplum
1547 1833 1860 1890 continendi

248 1928 328 1982 sit
347 1927 486 1982 aliis.
513 1927 581 1980 Et
601 1934 802 1996 praeter
822 1927 939 1981 haec
959 1932 1176 1996 oportet
1192 1941 1315 1979 eum
1356 1940 1479 1978 esse
1519 1925 1864 1995 amplecten-

252 2020 396 2082 tem,
421 2015 474 2069 id
495 2022 576 2070 est
594 2014 887 2086 diligenter
919 2021 971 2068 et
1009 2012 1228 2068 assidue
1264 2020 1606 2076 tractantem,
1644 2027 1860 2067 sermo-

251 2121 393 2160 nem
409 2104 653 2173 ﬁdelem,
675 2103 730 2156 id
751 2110 832 2157 est
853 2116 1131 2158 veracem:
1156 2116 1256 2157 nec
1278 2116 1497 2155 omnem
1517 2116 1731 2163 verum,
1765 2100 1864 2154 sed

254 2209 384 2247 eum
405 2193 499 2264 qui
515 2195 598 2247 est
618 2191 929 2246 secundum
949 2190 1288 2255 doctrinam,
1308 2189 1364 2243 id
1384 2197 1467 2243 est
1502 2188 1594 2260 qui
1632 2188 1865 2243 idoneus

250 2289 342 2337 est
368 2280 438 2335 ad
465 2279 928 2351 praedicationem.
968 2278 1105 2334 Sunt
1133 2277 1278 2332 enim
1309 2277 1480 2332 multa
1508 2292 1640 2333 vera
1661 2277 1863 2349 quibus

254 2369 544 2424 intendere
573 2368 886 2438 episcOpum
918 2366 1074 2437 culpa
1104 2373 1272 2422 esset.

329 2458 402 2512 Et
428 2456 554 2512 ideo
591 2455 949 2526 amplectatur
990 2455 1134 2509 hunc
1183 2469 1515 2520 sermonem,
1568 2458 1634 2509 ut
1674 2462 1726 2508 et
1767 2470 1865 2525 per

255 2561 424 2601 usum
441 2552 494 2600 et
514 2560 615 2615 per
638 2543 919 2599 scientiam
939 2547 1139 2616 potens
1155 2544 1229 2598 sit
1250 2543 1545 2598 exhortari
1576 2541 1766 2597 fideles
1801 2545 1863 2598 in

257 2633 529 2690 doctrina
558 2649 722 2688 sana.
755 2632 932 2687 Possit
954 2632 1114 2687 etiam
1146 2648 1246 2702 per
1276 2647 1435 2685 usum
1465 2635 1521 2686 et
1549 2647 1650 2702 per
1679 2630 1863 2688 scien-

257 2723 394 2777 tiam
413 2738 652 2794 arguere
669 2737 761 2777 eos
782 2722 876 2792 qui
896 2721 1299 2777 contradicunt
1319 2735 1468 2775 sanae
1497 2719 1777 2789 doctrinae,
1809 2719 1864 2774 id

255 2820 343 2868 est
373 2811 701 2867 convincere
731 2809 977 2865 infideles
1007 2809 1097 2881 qui
1128 2807 1293 2863 fidem
1321 2809 1659 2880 impugnant.
1683 2808 1750 2864 Et
1771 2825 1867 2864 ne-

254 2916 418 2956 cessa
449 2907 530 2954 est
559 2908 618 2953 ut
651 2900 732 2954 sic
748 2902 951 2971 potens
969 2901 1046 2954 sit
1065 2914 1339 2970 arguere;
1362 2898 1492 2969 quia
1525 2902 1658 2953 sunt
1692 2900 1866 2954 multi

256 2989 650 3045 inobedientes
705 2986 996 3058 episcopis.
1050 2987 1186 3042 Sunt
1221 2985 1384 3042 etiam
1422 2986 1729 3056 vaniloqui,
1776 2986 1864 3042 lo-

262 3086 499 3150 quentes
520 3075 758 3131 inutilia:
779 3080 836 3131 et
855 3076 907 3129 in
929 3076 1035 3131 hac
1061 3092 1196 3131 vana
1218 3075 1494 3131 locutione
1533 3084 1658 3130 sunt
1693 3075 1864 3131 sedu-

256 3171 467 3228 ctores.
491 3165 544 3220 id
567 3173 647 3220 est
676 3164 877 3219 habent
905 3171 1072 3218 artem
1103 3171 1155 3219 et
1186 3163 1536 3219 calliditatem
1569 3163 1867 3220 seducendi

260 3255 547 3310 auditores
576 3270 677 3325 per
703 3252 1042 3324 vaniloquia.
1081 3253 1309 3308 Possent
1340 3251 1487 3307 enim
1529 3267 1670 3307 vana
1717 3253 1866 3325 loqui

257 3343 385 3398 sine
412 3342 704 3398 calliditate
735 3341 1099 3397 seductionis:
1129 3350 1182 3396 et
1200 3344 1456 3399 maxime
1477 3358 1593 3414 pm
1612 3342 1868 3398 omnibus

257 3433 533 3488 seducunt
561 3431 638 3485 illi
669 3432 767 3503 qui
788 3435 922 3486 sunt
946 3432 1012 3508 de
1044 3433 1475 3488 circumcisione
1501 3424 1672 3488 Judmi
1696 3448 1708 3486 :
1733 3447 1867 3504 quos

257 3521 390 3577 ideo
408 3524 628 3592 oportet
646 3520 909 3591 redargui
923 3539 941 3575 :
955 3519 1078 3591 quia
1098 3520 1355 3590 praecipui
1376 3521 1698 3576 seductores
1719 3528 1864 3575 sunt.

255 3611 328 3665 Hi
362 3609 507 3664 enim
535 3610 632 3680 qui
661 3608 729 3662 de
759 3607 1173 3663 circumcisione
1201 3617 1484 3676 venerunt,
1534 3609 1869 3666 subvertunt

255 3714 375 3755 non
406 3697 582 3753 solum
621 3695 1074 3768 patremfamilias
1111 3698 1304 3752 domus
1341 3713 1353 3752 :
1387 3698 1486 3753 sed
1533 3699 1695 3754 etiam
1739 3700 1872 3755 uni-

261 3803 462 3844 versas
482 3787 693 3853 domos,
719 3785 774 3840 id
805 3793 887 3840 est
914 3801 1133 3841 omnem
1162 3786 1446 3856 familiam,
1467 3787 1732 3844 docentes
1749 3806 1872 3860 gra-

262 3878 372 3941 tia,
407 3875 462 3929 id
493 3883 574 3930 est
601 3890 804 3943 amore,
839 3875 1022 3946 turpis
1047 3875 1196 3931 lucri
1225 3890 1291 3930 ea
1321 3892 1444 3947 qua:
1471 3892 1588 3932 non
1619 3876 1866 3944 credere,

258 3980 368 4020 nec
397 3965 596 4020 docere
624 3968 864 4036 oportet.
899 3964 1035 4019 Vere
1076 3963 1133 4017 in
1177 3964 1528 4020 Cretensibus
1576 3973 1702 4020 sunt
1742 3965 1870 4020 mali

261 4055 588 4109 seductores
615 4068 627 4108 :
653 4052 797 4124 quod
818 4052 1084 4123 approbat
1100 4053 1326 4125 quidam
1347 4070 1422 4109 ea:
1439 4054 1557 4109 illis
1590 4054 1870 4110 Cretensi-

261 4143 367 4196 bus
393 4143 678 4214 proprius,
705 4141 758 4195 id
789 4149 870 4196 est
900 4141 1156 4195 naturalis
1183 4144 1469 4214 ipsorum;
1495 4158 1663 4214 quare
1693 4143 1870 4214 magis

260 4230 600 4287 credendum
621 4237 703 4285 est
724 4229 774 4285 ei
795 4247 808 4283 :
831 4230 918 4285 hic
940 4237 1120 4286 autem
1136 4233 1431 4302 propheta,
1456 4231 1511 4285 id
1532 4239 1613 4286 est
1654 4231 1868 4300 videns,

265 4319 569 4375 secundum
591 4318 736 4390 quod
765 4317 1033 4373 subtiliter
1061 4319 1428 4376 consideravit
1457 4319 1588 4375 vitia
1639 4320 1871 4376 Creten-

267 4408 410 4462 sium
445 4422 456 4460 :
490 4406 576 4462 hic
604 4415 786 4461 autem
830 4406 1006 4462 dictus
1038 4415 1136 4462 est
1181 4407 1556 4477 Epimenides,
1605 4409 1696 4480 qui
1738 4409 1874 4464 dixit

1963 507 2261 574 hominum,
2297 517 2348 564 et
2378 525 2487 564 non
2541 509 2641 564 Dei
2675 527 2688 563 :
2721 509 2850 564 olim
2899 508 3043 564 enim
3087 509 3190 562 sub
3239 507 3413 564 veteri
3453 507 3580 581 lege

1963 595 2112 652 Deus
2139 597 2359 668 quidem
2397 598 2677 653 mandavit
2707 597 3175 654 circumcisionem
3223 605 3276 652 et
3329 604 3572 664 cetera;

1963 685 2060 738 sed
2090 695 2378 756 postquam
2408 686 2555 743 venit
2599 695 2816 758 tempus
2864 686 3074 759 gratiae,
3119 687 3265 740 Deus
3312 685 3578 757 praecepit

1965 773 2067 827 hoc
2097 789 2206 828 non
2237 774 2372 829 ﬁeri.
2402 776 2472 829 Et
2502 775 2624 830 ideo
2656 774 2730 829 ait
2765 776 2921 830 :Non
2957 774 3239 830 intendant
3258 774 3570 841 mandatis,

1962 877 2074 916 non
2102 862 2223 929 Dei,
2256 864 2352 918 sed
2383 865 2678 919 hominum
2700 864 3090 919 aversantium
3118 879 3178 919 se
3229 879 3264 918 a
3293 863 3533 918 veritate
3559 879 3574 928 ;

1963 950 2091 1021 quia
2117 951 2402 1006 veritatem
2433 951 2595 1024 legis,
2632 952 2932 1022 spiritalem
2963 951 3172 1008 scilicet
3215 950 3574 1018 intellectum,

1962 1038 2153 1094 nolunt
2185 1040 2463 1110 accipere.
2502 1042 2582 1094 Ex
2617 1041 2815 1112 quibus
2837 1040 3191 1111 sequentibus
3211 1039 3405 1106 innuit,
3431 1039 3578 1111 quod

1962 1126 2017 1180 hi
2048 1127 2187 1182 tales
2219 1128 2547 1199 quibusdam
2577 1128 2714 1184 cibis
2765 1128 3150 1183 abstinendum
3198 1143 3323 1184 esse
3373 1127 3584 1199 prazdi-

1963 1223 2167 1281 carent,
2217 1215 2456 1272 dicens:
2509 1218 2633 1272 Non
2681 1225 2763 1272 est
2810 1216 3203 1272 intendendum
3232 1216 3434 1270 fabulis
3482 1217 3580 1272 Ju-

1961 1302 2224 1372 dzeorum,
2278 1304 2368 1376 qui
2409 1290 2659 1373 judicant
2727 1305 2993 1376 quosdam
3049 1305 3203 1360 cibos
3250 1305 3579 1371 immundos,

1961 1407 2084 1447 cum
2117 1394 2309 1448 omnia
2331 1393 2526 1464 quibus
2555 1393 2632 1447 uti
2675 1393 3014 1450 consuetudo
3059 1401 3161 1459 est,
3206 1392 3314 1447 sint
3362 1393 3584 1450 munda

1959 1480 2208 1545 mundis,
2243 1480 2298 1534 id
2345 1488 2427 1536 est
2476 1481 2560 1535 his
2601 1481 2694 1554 qui
2755 1482 2807 1536 in
2859 1481 3127 1536 munditia
3185 1487 3240 1536 et
3297 1481 3579 1538 sanctitate

1959 1568 2267 1639 percipiunt
2296 1585 2379 1624 ea.

2031 1658 2144 1712 Hos
2175 1657 2321 1712 enim
2352 1657 2505 1713 cibos
2534 1659 2683 1713 Deus
2712 1657 2956 1715 condidit
3003 1659 3073 1714 ad
3113 1657 3575 1714 sustentationem

1961 1744 2318 1800 servientium
2349 1746 2450 1800 sibi
2486 1762 2498 1801 :
2533 1762 2700 1818 quare
2742 1747 2960 1802 munda
3009 1755 3062 1802 et
3108 1747 3276 1820 digna
3322 1755 3446 1802 sunt
3494 1746 3580 1802 his

1965 1834 2058 1906 qui
2103 1834 2306 1889 mundo
2355 1835 2521 1890 corde
2569 1843 2622 1890 et
2681 1851 2848 1906 Opere
2890 1837 3006 1892 Deo
3065 1837 3325 1892 serviunt.
3389 1835 3584 1891 Omnis

1966 1923 2130 1978 etiam
2160 1931 2413 1979 creatura
2433 1923 2488 1978 in
2519 1940 2584 1979 eo
2615 1925 2764 1995 quod
2791 1939 2825 1978 a
2853 1925 2969 1979 Deo
2999 1932 3183 1979 creata
3213 1932 3315 1993 est,
3378 1925 3586 1980 munda

1965 2021 2066 2066 est.
2093 2012 2190 2066 Hic
2221 2020 2398 2068 tamen
2437 2028 2547 2067 non
2583 2020 2666 2068 est
2705 2028 2933 2068 necesse
2973 2013 3042 2068 de
3091 2013 3348 2068 omnibus
3414 2030 3584 2086 agere

1963 2101 2182 2157 blandis
2199 2101 2532 2157 conscientia
2579 2110 2630 2157 et
2660 2100 2767 2157 ﬁde
2798 2103 2992 2158 omnia
3040 2110 3166 2157 sunt
3214 2102 3449 2167 munda,
3477 2103 3574 2159 sed

1963 2191 2348 2262 coinquinatis
2377 2190 2712 2246 conscientia
2742 2195 2798 2246 et
2820 2191 3166 2260 inﬁdelibus,
3219 2191 3384 2247 etiam
3427 2193 3580 2264 quod

1964 2278 2229 2333 mundum
2261 2287 2532 2351 reputant,
2565 2295 2673 2334 non
2691 2285 2776 2335 est
2792 2279 2900 2334 illis
2922 2281 3221 2336 mundum.
3267 2280 3403 2335 Cum
3432 2280 3580 2336 enim

1965 2367 2019 2421 in
2050 2366 2369 2422 Creatorem
2416 2383 2528 2422 non
2573 2368 2818 2434 credant,
2871 2375 2924 2422 et
2961 2368 3296 2440 inquinatam
3343 2369 3581 2424 habeant

1965 2455 2377 2521 conscientiam,
2407 2456 2668 2525 injustum
2712 2464 2794 2511 est
2825 2472 2920 2512 eos
2965 2457 3040 2511 uti
3087 2457 3269 2528 aliqua
3314 2465 3574 2513 creatura

1965 2545 2084 2600 Dei.
2118 2544 2265 2599 Nihil
2288 2536 2394 2598 illis
2422 2553 2505 2600 est
2536 2545 2798 2600 mundum
2831 2563 2844 2600 :
2878 2547 2974 2602 sed
2995 2562 3174 2612 mens,
3217 2545 3273 2600 id
3304 2553 3386 2601 est
3415 2545 3582 2602 intel-

1963 2642 2155 2709 lectus,
2190 2639 2326 2696 fides
2357 2641 2585 2707 scilicet,
2611 2658 2806 2698 eorum
2827 2644 2884 2698 et
2907 2643 3258 2698 conscientia
3280 2647 3418 2699 sunt
3475 2643 3575 2698 in-

1962 2732 2250 2804 quinataz:
2269 2745 2437 2801 quare
2465 2730 2597 2784 nihil
2627 2730 2707 2785 eis
2739 2739 2821 2786 est
2851 2730 3139 2786 mundum.
3181 2731 3450 2786 Fortassis
3479 2731 3571 2787 di-

1963 2821 2113 2874 ceret
2141 2819 2336 2890 aliquis
2371 2835 2383 2873 :
2419 2818 2603 2887 Quare
2633 2819 2722 2873 isti
2753 2828 2879 2874 sunt
2905 2820 3194 2891 inquinati,
3251 2835 3379 2876 cum
3429 2835 3569 2876 con-

1965 2907 2218 2963 ﬁteantur
2237 2909 2412 2964 Deum
2431 2910 2458 2963 ‘l
2481 2909 2605 2964 Scio
2622 2909 2842 2980 quidem
2871 2909 2965 2979 (ait
2986 2909 3206 2980 Paulus)
3252 2909 3399 2981 quod
3447 2928 3582 2967 con-

1965 2998 2207 3066 ﬁtentur
2227 3015 2320 3054 ore
2339 3015 2398 3053 se
2416 3014 2577 3054 nosse
2613 2999 2812 3064 Deum,
2846 2998 2944 3053 sed
2974 2998 3104 3069 quid
3150 2999 3256 3054 hoc
3298 2999 3524 3070 prodest
3552 3000 3580 3054 ‘l

1966 3089 2184 3156 Negant
2209 3087 2357 3141 enim
2381 3088 2555 3142 Deum
2584 3086 2639 3141 in
2660 3089 2832 3158 factis
2853 3086 2986 3142 suis.
3022 3087 3241 3158 Negant
3263 3104 3366 3158 pro
3405 3097 3579 3159 certo,

1977 3193 2108 3232 cum
2137 3177 2256 3231 sint
2287 3177 2621 3242 abominati,
2653 3175 2707 3230 id
2738 3184 2820 3231 est
2851 3175 2992 3230 male
3023 3175 3247 3231 ominati
3281 3194 3295 3230 :
3328 3177 3466 3232 vela
3487 3194 3584 3232 uu-

1974 3281 2128 3320 mero
2160 3265 2439 3320 hominum
2470 3264 2739 3335 redempti
2767 3281 2868 3335 per
2896 3266 3090 3320 Deum.
3126 3265 3262 3320 Cum
3291 3265 3456 3320 etiam
3478 3265 3586 3322 sint

1973 3355 2353 3423 incredibiles,
2376 3354 2429 3408 id
2460 3363 2543 3409 est
2569 3370 2680 3410 non
2701 3353 2912 3410 habiles
2939 3354 3167 3410 credere
3182 3371 3285 3426 pro
3306 3354 3583 3412 nimietate

1974 3443 2269 3514 impietatis
2294 3443 2535 3500 349
2559 3460 2690 3498 suae.
2716 3444 2850 3499 Cum
2871 3444 3037 3499 etiam
3056 3444 3165 3498 sint
3186 3446 3472 3516 reprobati
3510 3447 3584 3502 ad

1975 3549 2141 3590 omne
2171 3534 2380 3588 bonum
2400 3549 2536 3605 Opus
2569 3553 2586 3588 :
2617 3532 2746 3604 quia
2777 3532 2908 3588 nihil
2941 3533 3088 3604 quod
3117 3533 3246 3588 boni
3276 3533 3588 3590 similitudi-

1975 3638 2102 3677 nem
2131 3622 2327 3677 habeat
2347 3629 2664 3692 aperantur.
2691 3621 3021 3694 Plerumque
3043 3621 3186 3677 enim
3217 3621 3440 3694 quidam
3485 3622 3577 3678 in-

1974 3710 2164 3766 ﬁdeles
2194 3710 2399 3766 faciunt
2427 3710 2574 3776 talia,
2607 3727 2728 3782 quae
2769 3710 2894 3767 licet
2924 3727 3052 3767 vere
3103 3711 3245 3768 bona
3289 3726 3400 3768 non
3449 3711 3578 3783 sint,

1973 3801 2117 3856 bona
2147 3808 2325 3856 tamen
2355 3816 2478 3856 esse
2509 3799 2778 3856 videntur.

2609 3999 2834 4056 CAPUT
2873 4001 2940 4056 ΙΙ.

2049 4163 2072 4194 ι
2114 4144 2194 4198 Tu
2223 4151 2405 4198 autem
2455 4143 2680 4216 loquere
2728 4160 2850 4215 quae
2888 4143 3082 4201 decent
3131 4160 3323 4200 sanam
3373 4145 3584 4202 doctri-

1979 4255 2000 4280 α
2043 4247 2191 4298 nam,
2226 4248 2388 4287 senes
2416 4239 2474 4286 ut
2505 4232 2673 4286 sobrii
2703 4232 2831 4299 sint,
2866 4233 3068 4304 pudici,
3103 4233 3426 4304 prudentes,
3459 4235 3582 4292 sani

1977 4342 2000 4372 ι
2043 4321 2098 4375 in
2125 4320 2251 4385 fide,
2287 4320 2343 4374 in
2372 4320 2681 4386 dilectione,
2713 4321 2769 4375 in
2801 4321 3080 4392 patientia,
3139 4338 3276 4377 anus
3334 4322 3587 4380 similiter

1978 4431 2000 4460 ι
2044 4409 2098 4463 in
2141 4408 2327 4463 habitu
2369 4418 2580 4475 sancto,
2628 4425 2737 4465 non
2778 4409 3194 4478 criminatrices,
3247 4427 3356 4466 non
3413 4412 3586 4468 multo

267 4497 375 4552 hoc
395 4494 585 4550 deillis
611 4510 624 4550 :
655 4496 945 4551 Cretenses
972 4511 1192 4567 semper
1208 4503 1330 4550 sunt
1350 4497 1649 4552 mendaces
1671 4506 1723 4551 et
1747 4505 1870 4552 sunt
1898 4488 1999 4549 Dc
2043 4498 2170 4554 vino
2213 4497 2530 4563 servientes,
2587 4497 2728 4554 bene
2789 4498 3072 4565 docentes,
3126 4506 3184 4553 ut
3233 4499 3585 4569 prudentiam

270 4585 482 4649 bestiae,
507 4583 806 4638 bestialiter
825 4583 1185 4649 meditantes;
1216 4591 1268 4639 et
1313 4587 1500 4651 molat,
1524 4585 1578 4640 id
1609 4593 1692 4641 est
1740 4601 1875 4657 quo-

268 4672 436 4728 modo
478 4672 825 4732 meditantur.
883 4672 963 4728 sic
1019 4672 1316 4728 crudeliter
1371 4681 1679 4744 operantes.
1739 4675 1875 4729 Sunt

270 4761 436 4818 etiam
462 4761 613 4832 pigri
643 4765 886 4825 ventres,
911 4761 964 4815 id
987 4770 1069 4816 est
1099 4761 1433 4816 luxuriantes
1481 4770 1536 4817 et
1581 4771 1872 4818 onerantes

275 4866 335 4906 se
378 4850 537 4906 cibis.
564 4849 804 4920 Ideoque
843 4850 912 4904 ad
953 4865 1112 4905 omne
1161 4850 1363 4904 bonum
1395 4850 1553 4906 tardi.
1586 4852 1668 4906 Ne
1690 4859 1872 4906 autem

270 4939 336 4994 de
371 4938 597 4994 veritate
624 4939 820 4993 horum
841 4937 1188 5004 dubitaretur,
1223 4939 1347 5010 quia
1375 4939 1593 5012 gentilis
1638 4939 1737 4994 fuit
1784 4941 1874 4996 ille

272 5028 361 5100 qui
393 5029 494 5084 hoc
522 5026 677 5092 dixit,
711 5026 908 5082 asserit
937 5027 1040 5083 hoc
1077 5027 1276 5082 Paulus
1319 5027 1509 5082 dicens
1544 5044 1556 5082 :
1600 5031 1872 5087 Testimo-

275 5120 434 5174 nium
462 5119 584 5184 hoc,
603 5115 753 5189 quod
771 5115 1124 5186 Epimenides
1145 5123 1374 5171 testatus
1400 5125 1484 5171 est
1502 5117 1570 5173 de
1592 5118 1872 5173 Cretensi-

271 5206 382 5272 bus,
423 5223 617 5263 verum
667 5204 878 5260 est:ob
912 5220 1076 5278 quam
1114 5221 1367 5272 causam,
1405 5205 1534 5277 quia
1578 5207 1873 5262 mendaces

273 5305 401 5363 sunt,
427 5305 554 5362 etc.,
581 5297 823 5365 increpa
841 5309 949 5357 eos,
977 5292 1184 5348 scilicet
1206 5294 1497 5349 Cretenses
1528 5295 1688 5362 dure,
1716 5295 1769 5349 id
1790 5303 1874 5350 est

271 5385 462 5442 scilicet
476 5401 608 5442 cum
629 5380 949 5437 austeritate
969 5389 1022 5436 et
1041 5381 1340 5452 pontificali
1370 5381 1615 5453 imperio,
1648 5387 1715 5439 ut
1744 5386 1874 5440 sani

263 5479 613 5548 perseverent
632 5473 700 5526 in
716 5469 851 5540 ﬁde,
883 5485 999 5524 non
1034 5471 1400 5526 intendentcs
1435 5471 1689 5528 Judaicis
1708 5473 1873 5543 fabu-

263 5567 346 5622 lis:
367 5565 496 5639 quia
521 5560 680 5635 quod
693 5559 767 5613 de
785 5557 1200 5613 circumcisione
1223 5559 1530 5615 reducenda
1551 5560 1768 5627 docent,
1793 5559 1874 5615 fa-

255 5656 378 5714 bula:
409 5661 562 5720 sunt,
611 5663 726 5705 nec
779 5645 857 5703 rei
897 5645 1182 5704 veritatem
1231 5647 1455 5705 habent.
1500 5649 1625 5706 Non
1674 5649 1871 5706 debent

1978 4607 2000 4637 ι
2044 4587 2276 4642 doceant
2304 4585 2744 4642 adolescentulas
2793 4595 2852 4642 ut
2898 4585 3048 4642 viros
3093 4603 3223 4642 suos
3269 4596 3472 4659 ament,
3519 4588 3583 4643 ti-

1977 4699 1998 4724 α
2043 4675 2146 4731 lios
2202 4691 2332 4730 suos
2387 4675 2642 4748 diligant,
2701 4675 3020 4746 prudentes,
3080 4685 3281 4743 castas,
3344 4676 3580 4745 sobrias,

1979 4788 2000 4812 υ
2043 4765 2240 4820 domus
2271 4781 2456 4820 curam
2487 4764 2768 4834 habentes,
2812 4764 3101 4836 benignas,
3153 4765 3396 4820 subditas
3443 4765 3578 4822 viris

1977 4876 1998 4900 α
2044 4854 2177 4919 suis,
2207 4861 2264 4907 ut
2294 4869 2402 4908 non
2434 4852 2844 4924 hlasphemetur
2900 4854 3129 4908 verbum
3180 4853 3299 4909 Dei.
3340 4855 3582 4910 Iuvenes

1977 4963 2000 4993 ι
2045 4941 2294 4997 similiter
2323 4943 2565 5011 hortare,
2593 4949 2651 4996 ut
2689 4941 2858 4998 sobrii
2905 4942 3030 4998 sint.
3085 4945 3144 4998 In
3190 4943 3445 4999 omnibus
3494 4951 3580 5000 te-

1976 5054 1986 5076 ι
2036 5031 2215 5103 ipsum
2249 5031 2436 5102 prebe
2465 5031 2773 5103 exemplum
2803 5031 3073 5088 bonorum
3104 5048 3354 5104 operum,
3390 5032 3445 5088 in
3485 5033 3585 5090 do-

1977 5140 2000 5170 ι
2044 5119 2239 5186 ctrina,
2285 5120 2341 5174 in
2382 5120 2712 5194 integritate,
2766 5121 2822 5175 in
2859 5121 3148 5193 gravitate.
3200 5122 3440 5178 Verbum
3487 5139 3582 5178 sa-

1976 5229 1999 5259 ι
2043 5225 2194 5274 num,
2224 5208 2709 5280 irreprehensibile
2743 5228 2757 5264 :
2789 5218 2846 5265 ut
2873 5211 2921 5265 is
2963 5210 3056 5282 qui
3103 5226 3170 5266 ex
3216 5211 3452 5267 adverso
3500 5219 3584 5268 est

1978 5317 2000 5348 ι
2043 5305 2293 5353 vereatur
2322 5297 2445 5368 [al.,
2480 5297 2749 5370 vincatur]
2778 5317 2791 5353 :
2823 5299 2956 5354 nihil
2988 5299 3198 5355 habens
3236 5301 3443 5355 malum
3490 5299 3583 5355 di-

1977 5408 1999 5437 ε
2035 5401 2158 5442 cere
2189 5387 2258 5441 de
2288 5386 2464 5442 nobis.
2499 5388 2701 5443 Servos
2729 5387 2964 5443 dominis
2993 5388 3106 5443 suis
3137 5388 3385 5444 subditos
3415 5404 3577 5444 esse:

1977 5499 1998 5521 ιι
2043 5474 2098 5528 in
2130 5474 2382 5530 omnibus
2434 5476 2731 5547 placentes,
2792 5492 2902 5532 non
2956 5476 3410 5541 contradicentes,
3471 5492 3583 5531 non

1975 5584 1998 5614 ι
2041 5563 2374 5629 fraudantes,
2411 5564 2508 5620 sed
2539 5564 2595 5619 in
2622 5564 2874 5620 omnibus
2923 5564 3087 5621 ﬁdem
3133 5566 3335 5622 bonam
3383 5572 3575 5620 osten-

1976 5676 1997 5700 «
2043 5651 2235 5708 dentes
2266 5670 2280 5708 :
2313 5660 2368 5709 ut
2398 5653 2701 5712 doctrinam
2722 5653 3022 5712 Salvatoris
3055 5653 3228 5714 nostri
3256 5653 3357 5714 Dei
3386 5659 3584 5715 ornent
