3932 6420
372 331 476 388 479

907 336 965 391 S.
1005 332 1359 391 BRUNONIS
1404 331 2050 391 CARTHUSIANORUM
2091 331 2576 390 INSTITUTORIS
2614 332 2767 390 OPP.
2826 333 3001 391 PARS
3057 335 3125 390 Il.

3569 338 3680 392 480

379 473 405 505 ι
446 453 504 509 ἱιι
532 454 809 511 omnibus.
846 455 1111 528 Apparuit
1138 455 1283 511 enim
1312 456 1485 529 gratia
1514 457 1614 513 Dei
1670 456 2040 517 SalvatorisA
2068 454 2170 509 sibi
2200 454 2468 526 imperato
2500 474 2513 510 :
2545 464 2604 511 ut
2631 473 2755 512 cum
2783 457 3040 515 laborare
3072 458 3272 513 debent
3303 466 3497 514 vacent
3518 458 3634 514 otio
3662 475 3678 513 :

379 563 403 594 ι
445 542 613 599 nostri
648 543 900 599 omnibus
945 544 1274 608 hominibus,
1323 546 1577 601 erudiens
1605 562 1724 611 nos,
1777 553 1835 600 ut
1879 545 1972 598 ab-

378 654 402 679 ε
446 640 714 704 negantes
744 632 1077 703 impietatem
1118 642 1171 688 et
1201 634 1490 689 smculuria
1533 634 1825 699 desideria,
1879 649 1974 688 so-

380 740 403 769 ι
446 719 554 789 bie,
589 728 642 775 et
682 720 844 789 juste,
898 729 951 776 et
1006 722 1096 792 pie
1152 722 1400 778 vivamus
1457 722 1512 777 in
1564 723 1668 778 hoc
1726 722 1971 777 saeculo:

383 828 408 859 α
450 816 832 879 exspectantes
862 810 1077 866 beatam
1123 827 1297 881 spem,
1346 819 1398 865 et
1444 811 1736 866 adventum
1784 809 1975 883 gloriae

380 917 403 947 ι
446 896 631 968 magni
662 897 781 965 Dei,
814 906 868 952 et
900 897 1198 954 Salvatoris
1228 898 1401 954 nostri
1429 899 1559 954 Jesu
1590 898 1813 954 Christi.
1872 897 1976 966 Qui

379 1006 401 1031 ι
448 983 597 1039 dedit
627 985 978 1056 semetipsum
1036 1002 1137 1057 pro
1180 986 1358 1050 nobis,
1418 995 1474 1041 ut
1531 1002 1630 1041 nos
1683 986 1975 1041 redimeret

378 1093 402 1119 α
446 1072 517 1126 ab
563 1072 713 1127 omni
761 1072 1088 1145 iniquitate:
1135 1082 1187 1129 et
1216 1074 1503 1130 mundaret
1557 1075 1661 1128 sibi
1716 1074 1975 1146 populum

379 1181 403 1207 α
445 1160 859 1231 acceptabilem,
890 1169 1216 1217 sectatorem
1246 1162 1513 1217 bonorum
1544 1178 1794 1233 operum.
1846 1163 1975 1219 Haec

380 1270 402 1294 ιι
454 1246 678 1319 loquere
707 1256 759 1304 et
788 1249 1093 1315 exhortare,
1126 1258 1179 1305 et
1206 1266 1378 1322 argue
1406 1266 1525 1307 cum
1548 1250 1695 1307 omni
1724 1250 1971 1322 imperio.

377 1357 413 1399 «κ
446 1335 623 1393 Nemo
652 1343 705 1392 te
734 1345 1072 1394 contemnat.
1117 1358 1140 1388 ι

1065 1547 1361 1588 ειροειτῐο
1373 1573 1387 1588 ο

451 1683 691 1754 Reprobi
720 1684 801 1740 sic
829 1700 1083 1755 perverse
1111 1692 1281 1757 agunt
1312 1702 1326 1739 :
1360 1688 1423 1740 tu
1450 1699 1577 1741 vero
1608 1699 1716 1740 non
1744 1684 1842 1750 sic,
1877 1683 1977 1740 sed

2073 544 2167 598 sed
2194 546 2553 601 ostendentes
2580 548 2643 601 in
2692 547 2950 602 omnibus
2994 546 3299 602 actionibus
3349 547 3463 601 suis
3505 548 3682 616 ﬁdem

2073 631 2439 686 Christianam
2488 649 2610 687 esse
2665 634 2889 704 bonam,
2932 634 2985 688 id
3037 642 3118 689 est
3180 634 3414 701 utilem;
3466 639 3533 690 ut
3597 634 3684 689 sic

2074 718 2324 774 faciendo
2355 726 2558 777 ornent
2599 722 2660 777 in
2695 722 2955 778 omnibus
2987 723 3308 778 doctrinam
3342 723 3442 778 Dei
3482 723 3685 779 Salva-

2076 810 2216 863 toris
2236 810 2438 864 nostri.

2146 895 2277 950 Cum
2309 895 2453 951 enim
2483 897 2628 952 servi
2657 896 2786 953 facti
2816 896 3009 952 fideles
3036 913 3145 952 non
3176 896 3478 953 subducant
3511 914 3525 951 :
3580 897 3688 953 sed

2073 982 2324 1038 devotius
2353 984 2586 1039 dominis
2618 985 2802 1056 utique
2842 986 3104 1052 serviant,
3157 993 3383 1040 ornatur
3427 1001 3527 1056 per
3572 986 3687 1042 hoc

2073 1070 2321 1127 doctrina
2351 1072 2447 1127 Dei
2479 1081 2530 1127 et
2558 1072 2830 1139 laudatur,
2860 1089 2981 1144 quae
3012 1089 3201 1127 servos
3233 1074 3313 1129 sic
3340 1072 3589 1127 instruxit
3618 1071 3687 1127 ﬁ-

2074 1159 2226 1215 deles
2256 1167 2307 1214 et
2337 1160 2581 1215 subditos
2614 1176 2736 1215 esse
2767 1160 3026 1215 dominis.
3065 1162 3194 1216 Ideo
3228 1176 3423 1216 moneo
3452 1168 3503 1216 te
3524 1161 3685 1217 labo-

2074 1263 2200 1302 rare
2230 1247 2283 1301 in
2315 1248 2568 1302 omnibus
2604 1264 2617 1302 :
2660 1265 2756 1303 seu
2801 1249 2946 1303 servi
2986 1249 3110 1315 sint,
3162 1265 3261 1303 seu
3307 1248 3529 1316 domini,
3582 1265 3687 1304 seu

2074 1351 2256 1401 senes,
2303 1352 2400 1391 scu
2442 1335 2688 1404 juniores
2724 1354 2738 1391 :
2793 1335 3049 1407 quoniam
3088 1337 3235 1391 Deus
3278 1352 3380 1407 pro
3425 1336 3689 1391 omnibus

2075 1422 2348 1477 salvandis
2390 1424 2661 1494 apparuit.
2711 1423 2971 1495 Apparuit
3012 1424 3200 1495 utique
3247 1440 3371 1479 cum
3439 1424 3687 1479 Verbum

2075 1511 2251 1565 Patris
2283 1510 2485 1567 factum
2515 1527 2644 1566 caro
2673 1511 2728 1565 in
2759 1520 2910 1567 utero
2943 1511 3179 1584 Virginis
3208 1512 3438 1583 praebuit
3483 1529 3542 1566 se
3593 1512 3685 1565 vi-

2075 1599 2231 1654 sibile
2260 1600 2587 1655 hominibus.
2622 1601 2920 1672 Apparuit,
2950 1599 3191 1672 inquam,
3240 1601 3429 1670 gratia
3466 1601 3585 1666 Dei,
3627 1599 3689 1655 id

2075 1696 2176 1757 est,
2209 1690 2357 1744 Deus
2387 1705 2483 1759 per
2508 1678 2739 1761 gratiam
2776 1704 2789 1743 :
2823 1704 2931 1743 non
2982 1705 3048 1743 ex
3095 1687 3303 1743 meritis
3352 1688 3630 1744 hominum
3667 1703 3684 1743 :

383 1773 606 1865 loquere
623 1789 691 1865 ea
713 1790 835 1845 qua:
854 1773 1011 1865 decet
1030 1772 1199 1845 loqui,
1228 1789 1431 1829 sanam
1470 1774 1813 1865 doctrinam.
1862 1774 1976 1828 Hoc
2003 1804 2057 1865 Β
2078 1778 2171 1833 sed
2205 1794 2300 1848 per
2329 1778 2499 1832 solam
2528 1776 3089 1832 misericordiam.Dei
3120 1776 3242 1832 dico
3265 1778 3452 1831 nostri
3479 1778 3685 1833 Salva-

384 1859 594 1915 scilicet
621 1859 843 1932 loquere
872 1861 1116 1927 senibus,
1168 1865 1234 1916 ut
1277 1877 1436 1917 senes
1472 1860 1643 1917 sobrii
1690 1861 1816 1927 sint,
1866 1876 1977 1916 non

379 1947 554 2003 dediti
594 1948 875 2018 potationi.
933 1948 1051 2003 Sint
1097 1949 1277 2004 etiam
1301 1949 1513 2022 pudici,
1572 1949 1627 2003 id
1684 1956 1768 2003 est
1816 1949 1971 2005 casti.

380 2034 499 2091 Sint
548 2037 876 2108 prudentes,
898 2044 956 2091 ut
1010 2037 1258 2092 noverint
1313 2037 1512 2092 docere
1535 2036 1781 2106 juniores
1816 2053 1829 2092 :
1871 2037 1980 2091 sint

381 2125 512 2181 sani
540 2125 604 2180 in
618 2124 728 2193 ﬁde
758 2125 865 2179 sint
894 2126 1011 2180 sani
1040 2127 1103 2181 in
1137 2126 1441 2182 dilectione
1469 2145 1488 2181 :
1519 2134 1576 2180 ut
1614 2127 1750 2181 sicut
1792 2126 1979 2181 dome-

380 2212 567 2279 sticos,
603 2213 683 2270 sic
709 2229 902 2269 omnes
929 2214 1066 2269 alios
1091 2214 1337 2286 diligant.
1386 2215 1500 2270 Sint
1548 2215 1712 2271 etiam
1751 2214 1869 2269 sani
1913 2216 1978 2270 in

382 2303 666 2374 patientia
698 2321 717 2357 :
745 2302 890 2373 quod
920 2318 1029 2357 non
1059 2303 1137 2359 sic
1162 2303 1437 2374 patiantur
1465 2303 1726 2370 convicia,
1749 2303 1891 2375 quod
1909 2304 1978 2359 ad

382 2390 680 2461 Opprobria
709 2390 1053 2461 impatientes
1084 2391 1208 2447 sint.
1238 2393 1393 2449 Anus
1427 2394 1697 2448 similiter
1724 2393 1975 2459 admone,

381 2485 442 2532 ut
470 2478 577 2533 sint
602 2480 668 2534 in
698 2479 897 2535 habitu
916 2484 1135 2546 sancto,
1157 2480 1210 2535 id
1233 2488 1312 2535 est
1341 2481 1431 2552 qui
1489 2481 1831 2537 sanctitatem
1880 2496 1979 2535 ea-

383 2580 505 2621 rum
534 2565 734 2621 indicet
765 2583 778 2622 :
812 2574 866 2622 et
885 2575 940 2622 ut
961 2585 1076 2624 non
1099 2568 1207 2622 sint
1234 2570 1673 2636 criminatrices,
1692 2568 1745 2623 id
1768 2577 1850 2623 est
1869 2584 1978 2623 non

381 2653 656 2726 imponant
686 2655 912 2711 crimina
937 2656 1287 2728 quibuslibet,
1345 2658 1435 2728 qui
1481 2657 1708 2712 morbus
1744 2656 1980 2713 maxime

380 2742 686 2799 vetularum
706 2753 813 2800 est.
850 2746 968 2802 Non
985 2745 1086 2799 sint
1110 2745 1269 2801 etiam
1290 2748 1599 2802 servientes
1617 2747 1798 2802 multo
1826 2747 1978 2810 vino,

384 2830 483 2888 sed
503 2832 641 2889 bene
661 2833 923 2890 docentes
947 2851 961 2888 :
987 2850 1089 2889 nec
1108 2834 1160 2887 in
1183 2834 1413 2889 ecclesia
1434 2834 1521 2889 vel
1540 2834 1689 2890 viros
1710 2835 1941 2889 doceant
1963 2852 1978 2899 ;

382 2920 479 2976 sed
500 2920 570 2975 ita
589 2920 730 2987 dico,
750 2926 815 2978 ut
837 2922 1291 2978 adolescentulus
1309 2923 1550 2977 doceant
1569 2922 1939 2993 prudentiam
1963 2940 1981 2976 :

382 3009 527 3066 hanc
552 3010 779 3075 scilicet,
801 3014 870 3065 ut
898 3015 1096 3066 ament
1123 3011 1270 3066 viros
1289 3027 1435 3075 suos,
1460 3018 1515 3065 et
1534 3026 1642 3065 non
1663 3010 1942 3065 adulteros
1967 3027 1981 3064 :

383 3102 442 3155 et
457 3097 623 3152 etiam
652 3098 896 3170 diligant
927 3098 1074 3166 ﬁlios
1103 3115 1232 3155 suos
1274 3098 1422 3153 omni
1464 3098 1849 3164 sollicitudine,
1901 3098 1983 3153 fo-

382 3193 574 3242 ventes
605 3201 701 3241 eos
724 3204 738 3240 :
770 3194 824 3242 et
852 3186 1083 3241 doceant
1102 3203 1195 3242 eas
1208 3202 1331 3242 esse
1349 3186 1673 3257 prudentes,
1700 3194 1750 3241 et
1767 3190 1973 3255 castas,

384 3280 439 3331 et
458 3275 691 3342 sobrias,
744 3274 880 3330 etin
932 3274 1088 3342 cibis,
1148 3282 1202 3329 et
1253 3274 1307 3329 in
1361 3275 1743 3330 ornamentis:
1776 3283 1827 3330 et
1877 3276 1981 3331 ha-

385 3362 578 3419 bentes
606 3379 806 3419 curam
836 3363 1051 3428 domus,
1076 3362 1130 3417 id
1152 3371 1253 3429 est,
1277 3363 1524 3419 laborent
1543 3379 1668 3419 cum
1691 3363 1821 3418 viris
1842 3364 1982 3418 bene

384 3466 685 3522 procurare
710 3449 989 3507 familiam.
1024 3452 1270 3508 Doceant
1298 3451 1463 3507 etiam
1511 3468 1603 3507 eas
1650 3468 1774 3507 esse
1822 3454 1982 3509 beni-

382 3556 526 3613 gnas
544 3540 600 3595 in
621 3539 944 3614 erogatione
976 3540 1472 3612 eleemosynarum,
1502 3548 1555 3596 et
1574 3540 1829 3597 subditas
1850 3543 1984 3597 viris

385 3629 548 3697 suis;
577 3643 687 3686 non
743 3645 912 3701 super
964 3630 1113 3685 viros
1170 3630 1431 3685 habentes
1487 3628 1796 3700 imperium.
1855 3631 1984 3685 Haec

381 3718 568 3776 omnia
580 3719 815 3774 admone
835 3716 952 3773 fieri
969 3734 982 3774 :
1006 3722 1072 3773 ut
1086 3719 1334 3783 verbum,
1357 3718 1412 3773 id
1433 3726 1515 3773 est
1531 3718 1866 3789 praedicatio,
1884 3719 1984 3774 Dei

382 3822 499 3864 non
520 3806 981 3879 blasphemetur:
1022 3806 1070 3860 si
1115 3806 1259 3861 enim
1309 3806 1565 3862 mulieres
1602 3814 1792 3862 contra
1839 3810 1983 3862 viros

384 3894 743 3966 superbirent,
776 3893 819 3948 si
851 3902 1034 3949 essent
1062 3894 1304 3961 incestae,
1335 3902 1465 3959 etc.,
1499 3894 1849 3966 opinarentur
1892 3894 1982 3949 iu-

384 3981 647 4054 sipientos
692 3981 772 4038 sic
816 3981 1081 4038 contineri
1138 3982 1195 4037 in
1250 3982 1551 4037 Christiana
1605 3982 1871 4049 doctrina,
1932 3992 1985 4039 et

384 4070 511 4127 ideo
541 4070 981 4141 blasphemerent
1010 4070 1235 4126 verbum
1264 4071 1383 4127 Dei.
1431 4074 1669 4128 Iuvenes
1711 4074 1985 4128 similiter

386 4159 632 4224 hortare,
656 4163 723 4214 ut
738 4160 905 4215 sobrii
925 4161 1063 4225 sint,
1081 4167 1134 4215 et
1152 4159 1454 4231 temperati.
1474 4161 1542 4216 Ut
1581 4168 1762 4215 autem
1792 4176 1984 4216 omnes

384 4247 772 4305 convenienter
781 4248 1050 4320 corrigas,
1064 4249 1246 4321 prwbe
1266 4250 1510 4321 teipsum
1527 4250 1851 4322 exemplum
1863 4249 1985 4303 aliis

385 4337 653 4393 bonorum
680 4352 945 4408 operum:
972 4351 1075 4392 nec
1097 4336 1150 4391 in
1182 4337 1529 4409 quibusdam,
1564 4337 1661 4392 sed
1690 4338 1756 4392 in
1802 4339 1986 4392 omni-

386 4425 785 4495 busoperibus.
812 4425 1021 4493 Prmbe,
1059 4425 1300 4498 inquam,
1352 4434 1405 4481 te
1444 4425 1751 4497 exemplum
1793 4425 1873 4481 eis
1920 4425 1982 4479 in

388 4506 652 4565 doctrina
674 4527 692 4564 :
723 4515 779 4562 ut
810 4509 956 4579 quod
987 4508 1117 4565 utile
1148 4509 1484 4564 auditoribus
1513 4509 1581 4564 sit
1624 4509 1823 4564 doceas
1866 4526 1878 4561 :

384 4596 449 4652 in
475 4597 807 4667 integritate
830 4596 1071 4651 omnium
1112 4597 1390 4664 virtutum,
1425 4598 1569 4670 quod
1615 4595 1891 4668 perfectus
1938 4604 1993 4650 et

386 4684 617 4756 integer
632 4684 708 4738 sis
728 4684 783 4738 in
806 4684 963 4739 bonis
987 4704 1001 4751 ;
1028 4693 1080 4741 et
1096 4686 1235 4741 doce
1255 4687 1318 4741 in
1348 4687 1648 4757 gravitate,
1671 4685 1726 4739 id
1756 4692 1837 4739 est
1865 4700 1990 4739 cum

388 4772 680 4829 severitate
709 4782 762 4827 et
794 4773 1025 4844 imperio
1052 4773 1368 4844 pontiﬁcali.
1403 4775 1470 4828 Et
1516 4775 1743 4829 verbum
1780 4772 1989 4829 doctri-

387 4877 472 4916 nae
500 4870 606 4916 tua:
637 4861 706 4915 sit
733 4877 941 4917 sanam
964 4882 982 4918 :
1010 4862 1145 4916 nihil
1194 4861 1525 4917 infidelitatis
1572 4861 1769 4916 habeat
1810 4861 1991 4916 admi-

389 4957 563 5017 stum;
588 4950 657 5004 sit
676 4949 838 5004 etiam
860 4950 1350 5022 irreprehensibile
1365 4949 1542 5021 :quod
1564 4964 1665 5005 nec
1702 4949 1885 5021 aliqua
1905 4964 1992 5006 oc-

388 5036 540 5093 casio
561 5037 1000 5108 reprehensionis
1016 5037 1143 5093 inde
1182 5044 1343 5109 queat
1362 5037 1575 5108 concipi
1609 5044 1698 5093 :et
1726 5038 1830 5093 hoc
1866 5037 1992 5092 ideo

390 5124 628 5198 expedit,
651 5130 719 5182 ut
739 5127 789 5183 is
808 5129 907 5199 qui
925 5131 1009 5182 est
1032 5143 1107 5182 ex
1138 5126 1389 5193 adverso,
1420 5125 1475 5179 id
1492 5134 1574 5180 est
1605 5124 1838 5181 infidelis
1867 5126 1994 5182 insi-

392 5214 590 5280 diator,
614 5220 879 5271 vereatur
898 5215 1119 5270 malum
1137 5214 1322 5270 dicere
1334 5213 1400 5269 de
1421 5214 1578 5270 nobis
1595 5233 1613 5269 :
1634 5214 1767 5268 nihil
1786 5215 1993 5270 habens

391 5303 535 5358 unde
564 5302 708 5358 male
736 5303 921 5359 dicere
951 5301 1150 5377 possit.
1192 5302 1417 5358 Hortare
1446 5302 1607 5357 etiam
1652 5319 1835 5360 servos
1874 5319 1993 5359 esse

391 5392 638 5449 subditos
660 5391 907 5446 dominis
946 5391 1083 5455 suis,
1119 5405 1187 5467 ne
1237 5390 1557 5460 superbiant
1607 5399 1796 5447 contra
1843 5407 1938 5447 eos
1975 5406 1989 5445 :

393 5478 492 5535 sed
512 5479 653 5534 bene
672 5478 779 5532 sint
800 5479 1091 5550 placentes
1117 5478 1186 5534 3
1200 5478 1372 5535 50
1396 5480 1475 5535 eis
1497 5480 1559 5535 in
1594 5482 1851 5537 omnibus
1889 5480 1993 5536 sibi

392 5565 670 5637 imperatis
702 5582 716 5619 :
746 5580 863 5621 non
883 5565 1343 5623 contradicentes
1371 5567 1451 5623 eis
1480 5567 1537 5622 in
1566 5568 1770 5639 aliquo,
1804 5577 1855 5624 et
1877 5585 1992 5625 non

393 5652 751 5727 fraudantes,
782 5652 871 5709 vel
900 5652 968 5709 de
997 5654 1164 5712 rebus
1195 5656 1300 5711 sibi
1328 5656 1568 5725 creditis,
1599 5657 1686 5714 vel
1715 5658 1784 5714 de
1809 5657 1992 5714 labore

2004 3151 2051 3213 G

1930 4503 2064 4563 etD

2080 1867 2257 1921 toris:
2289 1873 2340 1920 et
2382 1866 2521 1920 sicut
2570 1882 2668 1936 pro
2712 1865 2870 1920 nobis
2917 1864 3194 1920 salvandis
3241 1864 3487 1936 apparuit
3534 1864 3689 1936 quod

2073 1953 2184 2022 jam
2229 1969 2327 2023 per
2365 1952 2524 2007 fidem
2566 1951 2841 2021 justiﬁcati
2884 1969 3090 2018 sumus,
3140 1952 3219 2007 sic
3279 1967 3381 2023 pro
3422 1953 3685 2009 omnibus

2081 2040 2400 2096 hominibus
2431 2040 2711 2095 salvandis
2742 2041 2991 2111 apparuit
3024 2059 3037 2095 :
3070 2048 3122 2095 et
3160 2040 3284 2094 ideo
3326 2040 3383 2094 in
3427 2040 3687 2095 omnibus

2078 2129 2327 2184 laborare
2356 2129 2551 2184 debes.
2590 2130 2657 2183 Et
2681 2128 2804 2201 quia
2833 2142 3101 2199 apparere
3129 2127 3229 2183 Dei
3259 2143 3367 2182 non
3408 2128 3476 2182 ad
3526 2127 3683 2183 salu-

2078 2225 2185 2272 tem
2216 2217 2510 2283 suﬂicerct,
2547 2216 2650 2271 nisi
2680 2220 2747 2270 ab
2778 2217 2971 2271 eodem
3004 2217 3419 2282 instrueremur,
3451 2216 3543 2283 ait,
3576 2232 3682 2287 ap-

2078 2306 2256 2378 paruit
2284 2306 2428 2359 Deus
2457 2320 2558 2376 per
2584 2305 2813 2377 gratiam
2867 2306 3133 2361 erudiens
3178 2315 3279 2359 nos
3300 2320 3528 2370 omnes;
3576 2304 3688 2360 hoc

2080 2394 2323 2451 scilicet:
2359 2398 2421 2449 ut
2442 2409 2541 2447 nos
2562 2395 2904 2464 abnegantes
2932 2394 3307 2465 impietatem,
3342 2392 3397 2446 id
3429 2400 3510 2447 est
3557 2391 3685 2447 cul-

2080 2490 2251 2537 turam
2281 2482 2567 2547 idolorum,
2611 2485 2667 2537 et
2702 2481 3038 2553 abnegantes
3068 2481 3344 2536 desideria
3360 2480 3684 2546 sa'cularia,

2079 2571 2136 2626 id
2164 2579 2245 2626 est
2276 2587 2397 2641 qua:
2428 2577 2481 2625 et
2508 2569 2765 2625 saeculum
2811 2570 3098 2637 ministrat,
3133 2577 3185 2623 et
3230 2584 3463 2640 quorum
3510 2581 3687 2623 causa

2082 2667 2183 2723 est,
2219 2660 2468 2714 vivamus
2487 2658 2684 2723 sobrie,
2718 2657 2772 2711 id
2800 2666 2884 2711 est
2913 2666 3213 2728 temperate
3241 2657 3295 2710 in
3324 2656 3483 2711 nobis
3510 2654 3643 2725 ipsis
3668 2672 3684 2710 :

2081 2755 2135 2802 et
2153 2748 2311 2817 juste
2332 2746 2403 2801 ad
2431 2745 2738 2816 proximum
2774 2760 2785 2798 :
2821 2754 2873 2799 et
2898 2746 2992 2816 pie
3036 2744 3283 2800 vivamus
3330 2744 3403 2798 ad
3446 2745 3621 2798 Deum
3666 2759 3683 2797 :

2081 2835 2241 2889 etiam
2269 2837 2332 2889 in
2363 2835 2463 2890 hoc
2495 2842 2601 2899 tam
2634 2832 2814 2905 fragili
2843 2848 3094 2904 corpore,
3147 2832 3202 2886 in
3252 2848 3360 2903 quo
3406 2831 3494 2887 vix
3536 2830 3688 2900 juste

2082 2923 2266 2979 vivere
2294 2923 2418 2978 licet
2452 2938 2464 2975 :
2496 2922 2572 2977 sic
2602 2922 2800 2987 sobrie,
2822 2921 2965 2989 juste
2996 2929 3049 2975 et
3079 2920 3167 2991 pie
3198 2919 3432 2975 vivendo
3472 2935 3684 2992 exspe-

2082 3016 2305 3067 ctantes
2336 3011 2553 3066 beatam
2587 3027 2762 3082 spem,
2788 3010 2840 3063 id
2864 3018 2947 3065 est
2968 3016 3239 3080 speratam
3270 3008 3683 3077 beatitudinem,

2085 3104 2142 3155 et
2175 3107 2552 3170 exspectantes
2598 3100 2906 3154 adventum
2943 3100 3139 3171 gloria:
3176 3100 3307 3153 Jesu
3356 3096 3584 3161 Christi,
3627 3094 3686 3149 id

2088 3196 2189 3258 est,
2223 3189 2441 3259 quando
2499 3187 2747 3242 Christus
2804 3186 2896 3258 qui
2949 3185 3102 3257 prius
3159 3185 3215 3240 in
3270 3183 3570 3239 humilitate
3626 3191 3690 3238 ut

2084 3277 2319 3332 erudiret
2347 3292 2448 3331 nos
2480 3276 2750 3347 apparuit,
2782 3274 3036 3329 adveniet
3064 3290 3188 3329 cum
3227 3273 3402 3346 gloria
3438 3271 3689 3342 judicare

2084 3365 2363 3421 saeculum.
2389 3364 2588 3419 Christi
2609 3363 2751 3425 dico,
2775 3362 2961 3435 magni
2998 3363 3097 3417 Dei
3124 3365 3181 3417 et
3198 3362 3382 3417 nostri
3426 3361 3689 3417 Salvato-

2082 3456 2163 3509 ris
2187 3473 2205 3509 :
2228 3453 2355 3525 quia
2376 3454 2504 3508 tunc
2533 3452 2587 3506 in
2609 3451 2834 3521 judicio.
2872 3450 3037 3506 velint
3066 3450 3258 3516 nolint,
3285 3447 3691 3504 conﬁtebuntur

2084 3559 2207 3599 eum
2238 3557 2495 3615 magnum
2524 3542 2698 3595 Deum
2733 3547 2785 3595 et
2816 3539 3153 3595 Salvatorem
3185 3544 3491 3592 sanctorum
3524 3552 3537 3590 :
3583 3552 3688 3591 ve-

2083 3631 2321 3686 nientem
2353 3638 2479 3684 tunc
2510 3645 2633 3684 cum
2682 3636 2950 3699 potestate
3007 3640 3207 3700 magna
3253 3634 3306 3680 et
3351 3625 3687 3694 majestate:

2083 3720 2175 3791 qui
2204 3735 2377 3790 usque
2408 3718 2479 3773 ad
2526 3717 2677 3771 illum
2735 3716 2880 3771 diem
2936 3731 3216 3786 nunquam
3272 3712 3510 3769 confessi
3564 3720 3693 3768 sunt

2083 3808 2355 3862 Christum
2384 3822 2506 3861 esse
2537 3807 2729 3860 Deum.
2787 3806 2892 3871 Qui
2934 3804 3182 3858 Christus
3224 3803 3354 3857 Jesu
3401 3801 3541 3855 inter
3585 3801 3691 3856 hos

2083 3896 2219 3951 duos
2249 3896 2512 3967 adventus
2541 3894 2694 3950 dedit
2716 3894 3082 3964 semetipsum
3102 3908 3203 3964 pro
3240 3890 3400 3948 nobis
3424 3908 3437 3944 :
3461 3889 3585 3944 ideo
3618 3893 3691 3945 ut

2082 3985 2386 4041 redimeret
2414 4000 2515 4038 nos
2537 3982 2605 4036 ab
2627 3982 2784 4037 omni
2802 3981 3128 4053 iniquitate,
3160 3978 3215 4033 id
3244 3986 3327 4034 est
3354 3985 3407 4033 et
3435 3993 3465 4031 a
3491 3976 3694 4048 fragili-

2085 4079 2192 4128 tate
2222 4070 2425 4137 carnis,
2479 4079 2532 4125 et
2562 4085 2593 4124 a
2648 4068 2891 4139 potentia
2947 4076 2998 4122 et
3056 4066 3411 4139 suggestione
3467 4064 3689 4120 diaboli.

2084 4161 2406 4232 Priusquam
2436 4158 2582 4214 enim
2614 4157 2862 4213 Christus
2907 4155 2963 4210 in
3010 4171 3173 4211 cruce
3220 4171 3321 4209 nos
3371 4153 3687 4222 redimeret,

2084 4265 2194 4304 non
2223 4257 2535 4319 poteramus
2562 4245 2732 4301 obniti
2776 4243 3016 4311 diabolo,
3064 4251 3117 4298 et
3165 4242 3504 4316 suggestioni
3548 4241 3688 4311 ejus,

2083 4353 2187 4394 nec
2235 4336 2516 4409 fragilitati
2563 4341 2764 4390 nostrae
2810 4333 3037 4388 carnis:
3071 4347 3103 4385 a
3148 4347 3254 4403 quo
3301 4329 3543 4402 periculo
3586 4328 3694 4385 nisi

2085 4442 2186 4482 nos
2215 4427 2364 4481 Deus
2395 4424 2673 4491 liberaret,
2724 4421 2935 4477 etiamsi
2982 4420 3288 4475 mandaret
3327 4435 3429 4474 nos
3458 4418 3528 4472 ab
3559 4433 3682 4474 om-

2087 4516 2250 4571 nibus
2277 4513 2536 4585 peccatis,
2571 4511 2704 4566 nihil
2734 4517 2913 4565 tamen
2942 4509 3233 4581 prodesset
3268 4526 3282 4563 :
3312 4507 3419 4562 nisi
3449 4515 3502 4563 et
3531 4507 3698 4563 virtu-

2088 4611 2194 4659 tem
2225 4603 2378 4657 daret
2408 4598 2696 4656 resistendi
2724 4597 3170 4670 suggestionibus
3223 4595 3427 4650 diaboli
3473 4603 3527 4650 et
3572 4595 3691 4650 fra-

2089 4691 2283 4765 gilitati
2315 4689 2511 4746 carnis.
2545 4687 2649 4755 Qui
2681 4686 2823 4741 enim
2852 4685 3089 4756 primum
3120 4683 3396 4738 hominem
3444 4683 3499 4738 in
3543 4690 3691 4738 tanta

2090 4780 2285 4835 virtute
2330 4785 2571 4833 creatum
2628 4775 2946 4829 subvertere
3002 4772 3194 4844 potuit,
3256 4779 3457 4843 quanto
3513 4771 3691 4841 magis

2091 4884 2213 4923 eum
2252 4866 2344 4937 qui
2401 4873 2478 4919 tot
2525 4862 2761 4918 miseriis
2817 4860 3190 4932 passibilitatis
3248 4868 3299 4915 et
3356 4859 3694 4916 mortalitatis

2094 4954 2356 5027 premitur
2375 4952 2404 5007 ?
2433 4952 2593 5008 Dedit
2615 4952 2773 5006 etiam
2797 4950 3150 5020 semetipsum
3178 4955 3236 5003 ut
3282 4963 3383 5003 nos
3412 4948 3696 5004 mundaret

2093 5045 2161 5098 ab
2191 5042 2339 5098 omni
2367 5041 2564 5097 delicto
2596 5054 2609 5093 :
2642 5055 2738 5095 seu
2768 5037 3035 5110 originali,
3086 5053 3183 5091 seu
3231 5035 3446 5102 actuali,
3492 5036 3547 5090 in
3592 5036 3693 5090 ba—

2095 5132 2312 5205 ptismo.
2343 5131 2456 5184 Nos
2474 5128 2618 5193 dico,
2642 5126 2845 5183 factum
2864 5126 3136 5197 populum
3157 5123 3561 5196 acccptabilem
3590 5124 3695 5180 sibi

2094 5227 2220 5292 post
2248 5216 2683 5274 emundationem
2715 5213 3056 5285 baptismatis
3089 5230 3102 5266 :
3136 5228 3239 5283 per
3260 5212 3364 5267 hoc
3384 5211 3508 5283 quia
3530 5218 3699 5267 secta-

2096 5316 2274 5364 torem
2330 5307 2601 5361 bonorum
2656 5317 2931 5373 Operam;
2965 5300 3113 5371 prius
3170 5300 3315 5355 enim
3371 5300 3441 5354 ab
3471 5298 3696 5370 imperio

2098 5394 2302 5451 diaboli
2331 5400 2385 5450 et
2415 5392 2710 5466 fragilitate
2739 5389 2920 5446 carnis
2949 5388 3106 5452 eruit,
3167 5387 3366 5442 dehinc
3423 5387 3493 5441 ab
3550 5387 3697 5443 omni

2099 5484 2296 5541 delicto
2324 5481 2565 5546 mundat,
2599 5488 2653 5535 et
2678 5479 2783 5534 hoc
2805 5485 3095 5547 utrumque
3123 5476 3178 5530 in
3207 5475 3476 5547 baptismo
3509 5492 3523 5527 :
3558 5484 3698 5545 post.

2101 5589 2163 5628 ea
2193 5588 2289 5645 per
2320 5569 2643 5642 positionem
2691 5567 2961 5622 bonorum
3012 5563 3139 5620 facit
3186 5579 3286 5618 nos
3332 5563 3697 5633 acceptabiles

2100 5662 2236 5718 Deo.
2291 5661 2411 5715 Hrec
2462 5657 2724 5730 prodicta,
2772 5655 2946 5710 Deum
2986 5651 3193 5709 scilicet
3239 5651 3557 5725 apparuisse
3605 5668 3702 5727 per
