3932 6438
191 361 268 415 481
847 352 1220 411 EXPOSITIO
1267 354 1341 408 IN
1379 349 1758 408 EPISTOLAS
1789 347 2010 404 PAULI.
2051 377 2121 388 —
2166 349 2239 402 IN
2290 347 2509 402 EPIST.
2552 347 2647 402 AD
2694 346 2826 402 TIT.

3388 348 3494 403 482

200 481 441 555 gratiam,
493 489 792 555 venturum
840 489 1019 535 autem
1070 479 1124 534 in
1163 477 1428 548 judicium
1459 493 1582 533 cum
1613 474 1790 546 gloria
1810 474 1866 534 A
1893 472 1990 529 sed
2013 473 2286 528 modestos
2307 481 2359 527 et
2377 472 2514 526 bene
2528 478 2876 541 temperatos,
2894 469 3253 526 ostendentes
3272 485 3494 526 omnem

205 580 300 626 etc.
318 613 330 635 ,
364 571 594 642 loquere
629 578 682 624 et
711 570 846 624 doce
873 584 969 623 eos
992 568 1084 640 qui
1105 567 1354 623 nesciunt
1378 584 1391 619 :
1415 570 1471 621 et
1489 564 1795 621 exhortare

207 675 290 714 eos
335 658 428 728 qui
476 658 704 713 sciunt:
755 665 811 710 ut
857 665 1170 728 prinparent
1213 672 1272 709 se
1317 655 1517 736 dignos
1555 650 1796 708 secundo

209 746 470 801 adventui.
505 745 669 813 Quod
699 745 746 799 si
774 744 1032 799 admoniti
1072 744 1297 798 obedire
1339 748 1591 806 renuunt,
1625 754 1795 809 argue

207 850 290 890 eos
317 851 444 890 cum
475 836 638 889 omni
668 835 923 905 imperio,
956 832 1011 886 id
1043 841 1126 887 est
1155 829 1753 902 episcopaliseveritate
1779 842 1790 880 :

210 923 275 977 ita
303 931 358 976 ut
385 939 554 979 nemo
578 927 634 978 te
665 925 1014 986 contemnat,
1048 920 1103 974 id
1131 928 1215 974 est
1242 927 1300 973 ut
1329 919 1491 973 nimia
1524 916 1795 971 humilitas

210 1019 289 1066 tua
315 1026 424 1066 non
459 1019 695 1084 generet
726 1017 1100 1080 contemptum
1137 1005 1464 1080 pontificalis
1501 1004 1796 1061 auctorita-

210 1099 286 1153 tis.

817 1203 1045 1259 CAPUT
1075 1203 1167 1257 III.

275 1368 295 1397 ι
328 1346 580 1401 Admone
610 1345 734 1399 illos
765 1344 1102 1416 principibus
1132 1351 1185 1398 et
1212 1342 1568 1414 potestatibus
1603 1342 1794 1397 subdi-

214 1457 234 1486 ι
266 1443 346 1490 tos
407 1450 548 1501 esse,
598 1434 746 1489 dicto
793 1433 1034 1502 obedire,
1083 1432 1150 1486 ad
1200 1449 1361 1486 omne
1408 1447 1544 1502 Opus
1592 1431 1794 1486 bonum

209 1549 229 1571 ε
262 1531 486 1594 paratos
534 1513 704 1577 ess'e:
747 1521 1018 1576 neminem
1066 1519 1465 1590 blasphemare,
1520 1535 1627 1574 non
1684 1519 1794 1573 liti-

208 1633 229 1663 ι
268 1611 462 1683 giosos
491 1627 635 1676 esse,
662 1610 814 1665 35
833 1609 892 1665 1
926 1610 1022 1664 sed
1039 1610 1336 1676 modestos,
1363 1624 1581 1663 omnem
1603 1617 1793 1664 osten-

209 1723 227 1748 ι
259 1700 452 1755 dentes
497 1698 970 1754 mansuetudinem
1021 1697 1092 1751 ad
1120 1713 1313 1752 omnes
1347 1697 1616 1752 homines.
1655 1699 1793 1752 Era-

213 1812 232 1834 -
262 1804 380 1842 mus
431 1787 577 1842 enim
625 1786 918 1858 aliquando
961 1795 1014 1840 et
1042 1802 1144 1840 nos
1173 1785 1492 1856 insipientes
1524 1793 1576 1840 et
1607 1785 1792 1840 incre-

207 1900 228 1923 ι
261 1876 385 1942 duli,
441 1883 710 1941 errantes,
763 1875 1061 1929 servientes
1109 1874 1398 1929 desideriis
1421 1882 1470 1928 et
1502 1873 1797 1943 voluptati-

210 1989 228 2012 α
263 1965 358 2019 bus
388 1965 579 2031 variis,
612 1964 667 2018 in
703 1963 909 2018 malitia
939 1972 989 2017 et
1017 1963 1220 2017 invidia
1249 1970 1496 2033 agentes,
1544 1963 1797 2030 odibiles,

208 2078 227 2100 α
261 2053 511 2108 odientes
557 2052 811 2108 invicem.
865 2052 999 2106 Cum
1048 2060 1223 2106 autem
1274 2051 1584 2122 benignitas
1611 2059 1664 2106 et
1693 2052 1798 2106 hu-

207 2164 227 2188 α
261 2142 492 2195 manitas
549 2140 799 2211 apparuit
855 2139 1149 2194 Salvatoris
1198 2140 1369 2194 nostri
1429 2138 1547 2209 Dei,
1594 2156 1700 2195 non
1733 2156 1799 2195 ex

208 2252 228 2280 ι
259 2231 522 2301 operibus
546 2229 770 2297 justitia:
800 2245 922 2300 quae
953 2227 1183 2284 fecimus
1215 2244 1337 2292 nos,
1371 2228 1468 2282 sed
1499 2228 1800 2283 secundum

210 2341 228 2363 ε
261 2335 410 2372 suam
447 2316 878 2372 misericordiam
912 2315 1093 2372 salvos
1115 2332 1213 2371 nos
1245 2315 1371 2371 fecit
1400 2332 1498 2386 per
1518 2316 1800 2372 lavacrum

208 2430 227 2454 α
261 2405 700 2478 regenerationis
763 2414 816 2459 et
889 2405 1260 2461 renovationis
1315 2405 1546 2475 Spiritus
1602 2404 1797 2471 sancti,

209 2518 228 2542 α
265 2512 423 2566 quem
455 2492 647 2549 effudit
677 2494 733 2548 in
761 2510 862 2548 nos
890 2494 1124 2559 abunde,
1160 2510 1261 2564 per
1290 2494 1474 2548 Jesum
1526 2494 1802 2548 Christum

207 2606 227 2630 α
261 2583 602 2638 Salvatorem
661 2590 925 2647 nostrum,
984 2590 1042 2636 ut
1083 2581 1358 2650 justificati
1403 2581 1580 2654 gratia
1608 2581 1796 2652 ipsius,

206 2693 226 2721 ι
258 2672 508 2726 hazredes
540 2670 713 2725 simus
743 2671 1043 2725 secundum
1077 2687 1230 2741 spem
1277 2670 1401 2726 vitae
1431 2678 1671 2726 aeternae.
1717 2671 1801 2725 Fi-

206 2782 226 2805 σ
260 2759 394 2814 delis
424 2774 616 2814 sermo
647 2767 747 2813 est.
781 2759 850 2813 Et
879 2759 947 2813 de
978 2759 1062 2813 his
1108 2759 1234 2814 volo
1265 2767 1318 2813 te
1352 2756 1695 2823 confirmare,
1745 2767 1802 2812 ut

209 2870 228 2894 ει
261 2856 449 2903 curent
499 2847 662 2902 bonis
709 2847 967 2918 operibus
1014 2863 1254 2918 praeesse
1277 2841 1369 2918 qui
1398 2847 1623 2902 credunt
1651 2849 1792 2903 Deo.

210 2958 229 2980 α
263 2936 385 2991 Haec
414 2943 547 2990 sunt
585 2935 726 2990 bona
766 2943 818 2990 et
849 2935 1001 2990 utilia
1029 2935 1360 2990 hominibus.
1395 2935 1597 2991 Stultas
1624 2944 1802 2990 autem

207 3046 227 3069 ι
261 3025 616 3095 quaestiones,
676 3032 728 3079 et
777 3024 1150 3097 genealogias,
1208 3033 1260 3079 et
1307 3025 1701 3090 contentiones,
1751 3031 1804 3078 et

208 3132 227 3160 ι
260 3129 472 3184 pugnas
521 3111 664 3184 legis
695 3111 895 3168 devita.
932 3113 1069 3168 Sunt
1098 3113 1243 3168 enim
1274 3113 1496 3167 inutiles
1528 3121 1580 3168 et
1616 3128 1792 3170 vanae.

206 3221 226 3249 ι
257 3201 590 3257 ΙΙτεΓριίοιιιιι
617 3201 892 3255 hominem
939 3209 1064 3271 post
1094 3218 1255 3255 unam
1309 3201 1429 3272 [al.,
1454 3201 1702 3272 primam]
1753 3209 1806 3256 et
1828 3184 1872 3244 Ο

205 3308 223 3340 ι
259 3290 566 3345 secundam
618 3290 1016 3360 correptionem
1064 3289 1265 3358 devita,
1297 3289 1480 3345 sciens
1512 3290 1640 3361 quia
1669 3290 1802 3344 sub-

203 3400 223 3422 ·
256 3394 448 3433 versus
477 3385 568 3433 est
602 3378 693 3448 qui
723 3378 988 3446 ejusmodi
1019 3386 1117 3445 est,
1153 3387 1204 3434 et
1250 3377 1534 3450 delinquit,
1567 3394 1691 3434 cum
1737 3378 1805 3432 sit

211 3487 230 3509 ι
263 3466 487 3536 proprio
514 3465 727 3535 judicio
772 3467 1185 3522 condemnatus.
1241 3467 1374 3521 Cum
1416 3467 1621 3522 misero
1652 3467 1722 3522 ad
1751 3473 1804 3521 te

209 3574 230 3603 ι
261 3556 563 3621 Artemam,
599 3561 690 3607 aut
711 3554 1022 3623 Tychicum,
1058 3553 1255 3610 festina
1274 3555 1344 3609 ad
1375 3571 1463 3610 me
1493 3555 1681 3610 venire
1702 3555 1803 3608 Ni-

206 3663 225 3685 -
259 3642 516 3712 copolim.
573 3642 654 3696 Ibi
703 3641 848 3696 enim
898 3641 1062 3696 statui
1105 3643 1365 3698 hiemare.
1400 3645 1598 3698 Zenam
1628 3643 1803 3714 legis-

205 3752 225 3774 ε
258 3731 490 3800 peritum
524 3738 580 3785 et
611 3730 804 3800 Apollo
834 3730 1063 3786 sollicite
1107 3731 1394 3801 praemitte,
1423 3739 1481 3786 ut
1534 3731 1668 3785 nihil
1696 3731 1804 3786 illis

206 3839 226 3866 ι
255 3818 411 3873 desit.
437 3819 672 3874 Discant
698 3825 880 3874 autem
911 3826 964 3873 et
992 3819 1158 3875 vestri
1192 3820 1350 3875 bonis
1381 3819 1638 3891 operibus
1657 3835 1804 3891 prae-

208 3927 229 3956 ι
263 3923 384 3962 esse
413 3907 486 3963 ad
517 3924 656 3962 usus
686 3907 1045 3977 necessarios,
1079 3917 1135 3963 ut
1163 3925 1271 3964 non
1301 3909 1405 3964 sint
1447 3907 1796 3965 infructuosi.

207 4015 228 4044 ι
260 3995 500 4052 Salutant
553 4004 611 4049 te
656 3995 750 4067 qui
797 4012 1010 4052 mecum
1061 4005 1187 4051 sunt
1233 4013 1445 4053 omnes.
1499 3997 1680 4052 Saluta
1710 4013 1806 4052 eos

205 4103 226 4133 α
261 4083 350 4155 qui
381 4100 483 4139 nos
517 4092 708 4138 amant
735 4084 791 4138 in
839 4083 964 4140 fide.
1016 4085 1209 4141 Gratia
1240 4086 1342 4142 Dei
1397 4103 1520 4142 cum
1551 4085 1806 4141 omnibus

204 4194 224 4217 α
259 4171 435 4228 vobis.
470 4175 673 4228 Amen.
705 4193 729 4223 ι

841 4329 1160 4372 EXPOSI’I‘IO.

266 4456 346 4512 Ne
377 4457 547 4514 modo
580 4457 754 4522 Titus,
791 4457 918 4528 quia
946 4457 1158 4514 dixerat
1188 4458 1382 4513 Paulus
1432 4459 1590 4515 omni
1623 4459 1808 4530 impe-

1895 561 2399 617 mansuetudinem
2429 567 2482 615 et
2511 560 2870 614 humilitatem
2894 577 2907 612 :
2935 574 3043 613 non
3065 566 3268 612 tantum
3301 560 3372 613 ad
3404 560 3498 615 do-

1893 650 2091 716 minos,
2120 650 2218 704 sed
2248 649 2411 704 etiam
2439 649 2510 704 ad
2540 664 2730 706 omnes
2762 638 3035 703 homines.
3084 647 3382 718 Propterea
3417 648 3498 704 sic

1894 739 2020 795 volo
2050 754 2242 793 omnes
2271 737 2492 793 obedire
2522 737 2685 792 etiam
2734 735 3040 790 infidelibus
3070 735 3334 802 dominis,
3370 736 3498 808 quia

1895 826 2143 882 fortassis
2190 827 2282 897 qui
2339 826 2503 880 modo
2549 823 2795 879 infideles
2827 832 2952 878 sunt
3001 822 3127 878 fient
3159 823 3266 880 cito
3306 823 3497 880 fideles

1895 916 2033 970 sicut
2062 924 2115 970 et
2145 931 2264 970 nos.
2290 917 2530 970 Eramus
2579 915 2734 970 enim
2773 913 3096 984 aliquando,
3131 913 3186 966 id
3216 923 3298 968 est
3329 913 3496 984 paulo

1893 1011 2039 1069 ante,
2074 1004 2436 1074 insipientes,
2471 1002 2684 1058 etiamsi
2715 1001 2991 1072 sapientes
3014 1001 3201 1056 mundi
3224 1015 3493 1058 essemus.

1895 1093 1963 1146 Et
1990 1093 2114 1164 quia
2171 1094 2238 1146 de
2271 1091 2584 1163 cognitione
2644 1090 2744 1145 Dei
2795 1090 2928 1148 nihil
2969 1090 3335 1161 sapiebamus,
3370 1091 3496 1148 ideo

1896 1197 2114 1236 eramus
2144 1181 2446 1249 increduli,
2479 1195 2588 1234 non
2621 1179 2884 1233 habentes
2928 1177 3088 1234 fidem
3119 1179 3240 1234 Dei.
3262 1181 3499 1236 Eramus

1895 1269 2057 1323 etiam
2088 1273 2369 1338 errantes,
2394 1268 2449 1322 id
2481 1277 2564 1323 est
2592 1276 2904 1338 peccantes,
2939 1275 2991 1322 et
3021 1269 3326 1324 servientes
3353 1269 3499 1325 desi-

1894 1359 2084 1423 deriis,
2121 1357 2246 1428 quia
2269 1357 2313 1410 si
2334 1356 2787 1412 desiderabamus
2813 1356 3104 1426 pecuniam
3125 1372 3224 1411 seu
3239 1358 3498 1425 honores,

1896 1445 2066 1500 multo
2087 1446 2274 1501 labore
2307 1445 2685 1500 serviebamus
2715 1446 2784 1499 ad
2803 1445 2920 1500 haec
2941 1445 3327 1516 consequenda
3350 1465 3364 1513 ;
3392 1462 3508 1502 ser-

1895 1535 2103 1589 vientes
2135 1536 2312 1590 etiam
2342 1535 2738 1606 voluptatibus
2766 1533 2950 1589 carnis
2983 1535 3175 1599 variis,
3210 1535 3266 1589 id
3296 1543 3378 1589 est
3407 1551 3502 1591 se-

1895 1623 2132 1678 cundum
2165 1639 2356 1678 omnes
2387 1639 2609 1677 sensus.
2660 1621 2816 1690 Quod
2856 1623 3000 1677 enim
3031 1622 3222 1678 oculus
3260 1623 3500 1690 videbat,

1896 1711 1983 1766 vel
2007 1712 2156 1766 auris
2177 1710 2453 1778 audiebat,
2488 1727 2680 1764 manus
2713 1711 2817 1766 hoc
2846 1711 3316 1781 comprehendere
3346 1697 3503 1768 labo-

1904 1801 2079 1855 rabat.
2111 1801 2226 1854 Nos
2247 1799 2391 1864 dico,
2426 1804 2653 1871 agentes
2683 1800 2745 1854 in
2778 1801 3025 1869 malitia,
3060 1799 3186 1871 quia
3219 1817 3341 1872 qua:
3358 1799 3504 1856 mala

1901 1889 2027 1944 licet
2056 1896 2231 1956 erant,
2264 1887 2632 1942 inferebamus
2663 1887 2944 1958 proximis,
2977 1896 3204 1958 agentes
3244 1888 3408 1943 etiam
3441 1891 3506 1944 in

1900 1977 2140 2045 invidia,
2175 1977 2304 2048 quia
2333 1991 2458 2032 cum
2475 1976 2710 2047 amplius
2731 1992 2839 2031 non
2871 1985 3202 2046 poteramus,
3237 1977 3503 2048 proximis

1899 2065 2296 2119 invidebamus.
2330 2065 2444 2119 Nos
2473 2065 2596 2119 dico
2649 2065 2880 2120 odibiles
2914 2064 3051 2130 aliis,
3084 2073 3137 2120 et
3165 2081 3195 2120 e
3226 2080 3500 2121 converso

1902 2153 2153 2209 odientes
2171 2153 2327 2219 alios,
2362 2153 2543 2208 eundo
2572 2154 2834 2220 invicem,
2889 2153 2941 2206 id
2974 2161 3057 2207 est
3085 2153 3140 2207 ia
3170 2169 3504 2225 recompen-

1903 2242 2168 2297 sationem
2198 2242 2327 2297 odii.
2379 2242 2536 2296 Tales
2564 2242 2716 2313 prius
2761 2257 2999 2308 eramus,
3032 2241 3130 2298 sed
3171 2259 3301 2298 cum
3341 2243 3504 2299 beni-

1899 2332 2090 2402 gnitas
2124 2333 2240 2397 Dei,
2272 2331 2328 2384 id
2359 2339 2440 2386 est
2469 2332 2616 2386 Deus
2647 2347 2747 2401 per
2764 2331 3172 2401 benignitatem,
3205 2336 3262 2387 et
3292 2331 3502 2387 huma-

1902 2421 2058 2474 nitas
2077 2419 2175 2473 Dei
2204 2420 2507 2490 apparuit:
2543 2419 2794 2491 designat
2827 2435 3014 2490 quare,
3050 2427 3102 2474 et
3121 2435 3222 2490 per
3250 2420 3380 2491 quid
3398 2421 3506 2477 hoc

1903 2508 2102 2563 factum
2147 2507 2326 2575 fuerit,
2378 2515 2603 2578 propter
2636 2507 3030 2580 benignitatem
3080 2508 3292 2563 scilicet
3323 2517 3375 2562 et
3402 2525 3504 2579 per

1902 2595 2322 2651 humanitatem:
2371 2612 2494 2650 cum
2553 2596 2735 2667 utique
2765 2597 2914 2650 Deus
2943 2611 3114 2651 causa
3148 2595 3502 2668 benignitatis

1903 2700 2003 2754 per
2059 2683 2449 2738 humanitatem
2507 2684 2784 2740 counitam
2827 2684 3009 2739 Verbo
3040 2684 3214 2738 Patris
3246 2685 3503 2756 apparuit

1903 2773 2144 2838 mundo;
2178 2773 2277 2828 Dei
2303 2772 2448 2838 dico,
2481 2774 2664 2828 nostri
2691 2773 3023 2840 Saluatoris,
3075 2772 3203 2844 quia
3232 2773 3372 2829 sicut
3401 2789 3501 2844 pro

1903 2862 2081 2925 nobis,
2114 2862 2195 2916 sic
2223 2877 2323 2932 pro
2351 2861 2431 2915 eis
2452 2861 2543 2933 qui
2571 2861 2749 2916 adhuc
2778 2859 3028 2916 infideles
3059 2870 3186 2916 sunt
3225 2862 3504 2917 salvandis

1902 2949 2155 3020 apparuit
2179 2965 2190 3002 :
2223 2967 2327 3005 nec
2359 2950 2462 3005 hoc
2490 2949 2587 3004 fuit
2613 2967 2688 3005 ea:
2709 2949 2972 3022 operibus
2985 2951 3240 3021 justitice
3259 2967 3382 3022 quia
3402 2966 3506 3006 nos

1903 3039 2206 3110 aliquando
2231 3039 2492 3110 fecimus,
2525 3038 2581 3092 id
2611 3047 2713 3108 est,
2749 3039 2872 3105 hoc,
2908 3046 2966 3092 ut
3013 3040 3162 3093 Deus
3194 3047 3505 3110 appareret,

1902 3142 2180 3198 nunquam
2209 3142 2685 3198 promerueramus
2709 3145 2723 3192 ;
2756 3127 2852 3182 sed
2881 3127 3192 3182 secundum
3213 3145 3380 3183 suam
3397 3130 3505 3184 mi-

1902 3217 2268 3271 sericordiam
2297 3216 2437 3286 fecit
2466 3233 2566 3272 nos
2596 3217 2777 3270 salvos
2808 3217 2955 3270 Deus
2981 3232 3082 3286 per
3107 3217 3396 3272 lavacrum
3417 3233 3506 3273 re-

1903 3305 2304 3376 generationis,
2337 3304 2392 3358 id
2423 3311 2507 3359 est
2526 3319 2623 3374 per
2645 3304 2974 3374 baptismum
2998 3303 3052 3357 in
3074 3321 3182 3376 quo
3203 3305 3381 3375 prima
3402 3320 3506 3377 ge-

1904 3393 2135 3462 neratio,
2169 3409 2288 3464 quae
2319 3393 2374 3446 in
2401 3391 2644 3463 peccatis
2677 3401 2777 3458 est,
2811 3392 3149 3447 destruitur:
3183 3401 3235 3448 et
3265 3394 3508 3449 secunda

1906 3481 2218 3551 spiritualis,
2275 3481 2482 3537 scilicet
2529 3481 2812 3553 generatio
2844 3481 3106 3536 habetur:
3141 3489 3192 3536 et
3222 3498 3324 3551 per
3353 3481 3508 3536 lava-

1905 3586 2058 3624 crum
2089 3572 2493 3625 renovationis.
2543 3569 2852 3640 Baptismus
2889 3569 3035 3624 enim
3067 3571 3192 3641 quia
3222 3569 3506 3640 praecedit,

1905 3658 2040 3712 tales
2071 3674 2173 3712 nos
2205 3657 2384 3724 efficit,
2439 3657 2532 3729 qui
2562 3658 2799 3729 quotidie
2851 3659 3151 3713 crescendo
3199 3659 3253 3712 in
3287 3657 3504 3726 melius,

1906 3746 2080 3817 magis
2121 3763 2186 3802 ac
2238 3745 2479 3803 352
2523 3747 2701 3817 magis
2740 3762 3102 3813 renovamur;
3144 3747 3296 3816 juxta
3333 3746 3508 3802 illud:

1911 3856 1932 3885 α
1968 3834 2322 3890 Renovamini
2346 3835 2533 3906 spiritu
2556 3835 2752 3890 mentis
2772 3842 2969 3891 vestrae
3001 3835 3225 3906 (Ephes.
3252 3851 3328 3902 IV,
3345 3835 3458 3907 23).
3480 3855 3504 3885 ι

1907 3924 2062 3980 Unde
2074 3923 2176 3978 ait:
2203 3925 2669 3996 regenerationis,
2687 3940 2784 3995 per
2795 3924 3206 3980 evacuationem
3219 3923 3508 3990 malorum;

1909 4021 1961 4067 et
2018 4013 2402 4070 renovationis
2457 4029 2558 4084 per
2610 4013 2939 4084 positionem
2996 4013 3266 4078 bonorum
3316 4012 3512 4084 :quod

1908 4109 2199 4173 utrumque
2221 4110 2275 4157 et
2305 4101 2651 4174 regeneratio
2709 4110 2762 4157 et
2809 4102 3092 4158 renovatio
3138 4110 3222 4157 est
3263 4103 3514 4174 Spiritus

1907 4193 2134 4258 sancti;
2165 4207 2263 4261 per
2293 4190 2538 4262 spiritum
2595 4190 2739 4245 enim
2799 4198 3041 4246 sanctum
3083 4199 3138 4246 et
3165 4190 3513 4246 remittuntur

1909 4288 2150 4349 peccata,
2210 4287 2261 4334 et
2316 4279 2656 4350 accipiuntur
2714 4279 2962 4335 virtutes.
3018 4280 3191 4347 Quem
3249 4279 3512 4349 Spiritum

1911 4376 2159 4424 sanctum
2191 4368 2391 4438 effudit
2421 4369 2567 4423 Deus
2588 4369 2652 4423 in
2672 4385 2775 4423 nos
2794 4369 3035 4435 abunde,
3065 4368 3121 4422 id
3141 4375 3224 4422 est
3245 4367 3516 4422 sufficien-

1909 4465 1992 4511 ter
2022 4457 2092 4510 ad
2121 4456 2501 4511 remissionem
2533 4457 2775 4512 omnium
2805 4457 3163 4522 delictorum;
3197 4455 3402 4523 effudit,
3430 4455 3516 4511 in-

205 4545 306 4612 rio,
337 4547 660 4617 opinaretur
697 4546 1049 4601 commissum
1093 4547 1198 4601 sibi
1224 4546 1506 4618 populum,
1547 4547 1651 4602 sibi
1683 4537 1883 4601 tan-D
1913 4561 2094 4617 quam,
2129 4562 2232 4617 per
2273 4547 2464 4602 Iesum
2517 4545 2806 4601 Christum
2850 4546 3198 4601 Salvatorem
3249 4549 3513 4600 nostrum

203 4638 310 4687 tum
349 4635 548 4705 subjici
582 4635 810 4702 debere,
846 4644 899 4689 et
926 4651 1037 4690 non
1065 4636 1428 4706 potestatibus
1457 4636 1666 4702 mundi,
1691 4637 1810 4692 haec

201 4723 532 4778 removendo
563 4722 644 4777 ait
676 4737 689 4776 :
724 4723 974 4778 Admone
1007 4725 1156 4792 illos,
1206 4725 1518 4790 Cretenses,
1561 4724 1810 4780 subditos

204 4823 314 4864 esse
342 4812 707 4884 principibus
741 4812 950 4878 mundi,
983 4819 1042 4866 ut
1072 4811 1298 4885 regibus
1327 4817 1381 4868 et
1416 4813 1627 4869 caeteris
1644 4816 1809 4885 pote-

202 4901 463 4968 statibus,
528 4899 802 4954 solvendo
860 4900 1079 4967 tributa,
1114 4909 1167 4956 et
1197 4917 1395 4957 census
1423 4902 1636 4956 debitos
1666 4901 1800 4957 illis.

203 4985 443 5043 Admone
466 4989 641 5043 etiarn
662 4987 786 5042 illos
811 4988 1037 5044 obedire
1082 4989 1244 5055 dicto,
1295 4989 1351 5044 id
1382 4998 1465 5045 est
1494 4990 1806 5062 praeceptis,

201 5075 523 5147 principum,
559 5093 669 5131 nec
699 5085 881 5132 tamen
910 5077 976 5132 ad
999 5093 1136 5148 opus
1166 5077 1438 5134 nefarium
1463 5098 1478 5145 ;
1513 5079 1611 5134 sed
1637 5095 1810 5150 para-

207 5165 284 5218 tos
311 5181 427 5220 esse
454 5165 532 5220 ad
561 5181 735 5222 omne
765 5182 902 5238 opus
930 5166 1155 5235 bonum,
1190 5167 1336 5239 quod
1377 5167 1693 5238 praecipitur
1730 5167 1810 5222 eis

207 5265 235 5302 a
264 5252 605 5324 principibus
633 5253 770 5308 suis.
803 5254 861 5309 Si
891 5255 1035 5310 enim
1065 5255 1136 5310 ad
1166 5255 1435 5312 culturam
1465 5256 1596 5311 idoli
1625 5256 1706 5311 ire
1721 5256 1810 5324 ju-

212 5338 390 5395 berent
417 5359 516 5398 eos
539 5341 848 5414 principes,
873 5359 971 5398 seu
994 5344 1063 5399 ad
1085 5344 1366 5416 quodlibet
1386 5344 1674 5412 nefarium,
1700 5359 1810 5399 non

211 5431 435 5486 esseteis
453 5431 742 5487 eundum:
779 5456 800 5479 ιι
821 5431 1048 5503 Oportet
1069 5433 1213 5488 enim
1235 5434 1411 5506 magis
1440 5433 1666 5489 obedire
1695 5432 1810 5488 Deo

213 5533 364 5586 quam
393 5520 723 5575 hominibus
750 5520 898 5592 (Act.
927 5537 983 5588 v,
1015 5525 1127 5592 29).
1163 5545 1184 5570 υ
1219 5522 1467 5578 Admone
1497 5539 1594 5578 eos
1625 5522 1807 5589 etiam,

209 5609 488 5666 neminem
535 5607 892 5664 dominorum
939 5627 1166 5666 suorum
1227 5612 1618 5684 blasphemare
1643 5631 1662 5667 :
1706 5627 1810 5667 nec

209 5694 360 5750 etiam
390 5698 700 5768 litigiosos,
725 5697 780 5753 id
798 5706 880 5753 est
901 5715 1003 5756 nec
1019 5699 1309 5756 decertare
1326 5709 1516 5756 contra
1535 5699 1810 5768 dominos,

1909 4634 2210 4689 secundum
2236 4633 2513 4688 hominem
2543 4635 2645 4689 hoc
2676 4632 3035 4689 intellectum.
3076 4635 3222 4688 Deus
3244 4632 3389 4688 enim
3419 4632 3515 4705 qui

1909 4723 1966 4777 in
1988 4723 2207 4779 homine
2236 4722 2329 4778 illo
2359 4731 2490 4791 erat,
2525 4739 2625 4794 per
2651 4722 2928 4778 hominem
2959 4721 3111 4777 illum
3148 4722 3299 4777 dedit
3333 4721 3512 4794 Spiri-

1909 4819 2025 4866 tum
2057 4820 2304 4868 sanctum
2330 4829 2343 4865 :
2366 4812 2436 4866 ad
2463 4812 2566 4867 hoc
2586 4815 2654 4867 ut
2683 4827 2784 4866 nos
2805 4811 3115 4882 justiﬁcati
3142 4828 3244 4884 per
3263 4811 3514 4882 gratiam

1910 4903 2090 4973 ipsius
2113 4900 2231 4967 Dei,
2272 4903 2449 4956 simus
2479 4901 2724 4956 heredes
2752 4901 2885 4956 vita:
2931 4904 3161 4956 aeternae
3181 4920 3200 4956 :
3231 4901 3404 4956 ethoc
3426 4915 3513 4956 se-

1911 4989 2163 5046 cundum
2181 5006 2354 5062 spem,
2387 4990 2442 5044 id
2473 4997 2555 5045 est
2575 4989 2875 5045 secundum
2898 4989 3043 5061 quod
3065 5004 3353 5061 speramus
3375 4988 3512 5044 dum

1911 5078 1966 5133 in
1994 5080 2099 5136 hoc
2127 5079 2332 5134 mundo
2365 5086 2635 5135 tenemur.

1983 5168 2083 5224 Hic
2111 5184 2291 5224 sermo
2320 5185 2485 5241 quem
2505 5168 2635 5235 dixi,
2673 5168 2882 5225 scilicet
2911 5185 3009 5240 per
3033 5169 3323 5226 lavacrum
3354 5184 3513 5240 rege-

1911 5258 2232 5314 nerationis
2254 5273 2355 5313 nos
2385 5257 2602 5326 salvari,
2636 5265 2687 5312 et
2718 5258 2964 5314 hceredes
2994 5257 3204 5313 futuros
3235 5273 3360 5313 esse
3381 5257 3514 5313 vitae

1911 5350 2161 5413 (sternte,
2195 5353 2300 5402 etc.
2329 5363 2341 5402 :
2375 5347 2464 5403 hic
2489 5346 2710 5419 inquam
2750 5363 2935 5402 sermo
2961 5345 3149 5416 ﬁdelis
3179 5351 3263 5402 est
3284 5353 3339 5401 et
3366 5345 3509 5402 bene

1913 5435 2210 5491 credibilis.
2262 5436 2328 5490 Et
2358 5435 2482 5491 ideo
2511 5435 2578 5491 de
2611 5436 2696 5492 his
2722 5452 2846 5507 quae
2892 5435 3138 5506 praedixi,
3197 5436 3317 5491 volo
3371 5439 3446 5501 te,
3481 5449 3515 5491 ο

1912 5523 2048 5590 Tite,
2081 5524 2420 5592 conﬁrmare
2450 5524 2759 5592 Cretenses,
2789 5529 2856 5580 ut
2881 5525 2999 5579 haec
3029 5521 3258 5579 firmiter
3285 5522 3516 5579 creden-

1913 5621 2013 5677 tes,
2045 5617 2250 5668 curent
2273 5630 2510 5685 prwesse
2540 5613 2698 5669 bonis
2718 5613 3070 5686 operibus,ut
3099 5613 3145 5667 si
3174 5611 3338 5666 hodie
3369 5611 3510 5666 bene

1913 5707 2227 5772 operantur,
2273 5716 2399 5759 cras
2442 5701 2667 5758 meliora
2709 5700 2988 5773 operando
3034 5715 3272 5772 praeesse
3303 5697 3510 5755 faciant
