3932 6468
415 369 520 426 483

958 375 1015 430 S.
1057 373 1412 431 BRUNONIS
1451 373 2100 432 CARTHUSIANORUM
2138 374 2621 432 INSTITUTORIS
2659 373 2811 431 OPP.
2871 376 3046 432 PARS
3094 374 3166 430 Il.

3620 375 3722 430 488

417 497 698 552 hodiernis
719 497 900 553 bonis.
941 499 1139 553 Curent
1170 499 1332 554 etiam
1387 517 1626 571 praeesse
1655 500 1793 565 aliis,
1833 499 2014 554 dando
2035 501 2085 558 A
2117 499 2382 565 videmus,
2438 500 2744 568 judicamus
2791 501 2861 556 de
2908 501 3290 556 interioribus:
3326 499 3456 571 quia
3487 499 3634 555 enim
3665 499 3722 554 in

423 587 728 657 exemplum
778 587 1046 641 bonorum
1105 588 1155 641 hi
1198 590 1292 660 qui
1337 589 1576 644 credunt
1609 591 1743 644 Deo.
1788 590 1853 642 Et
1878 588 2014 654 hrec,

419 673 630 729 scilicet
658 690 898 744 praeesse
929 675 1086 730 bonis
1108 677 1385 746 Operibus,
1409 682 1544 733 sunt
1577 677 1718 732 bona
1737 677 1840 730 illis
1862 678 2013 747 ipsis,

422 765 619 815 etsunt
639 763 809 817 utilia
831 765 1149 820 hominibus
1166 781 1260 819 eos
1281 765 1640 820 imitantibus.
1674 767 1751 820 De
1774 766 1858 819 his
1879 781 2015 821 con-

419 847 573 902 ﬁrma
605 851 891 906 Cretenses
916 871 930 917 ;
963 853 1057 907 sed
1077 855 1285 908 stultas
1313 855 1644 926 qucestiones
1679 859 1735 909 et
1751 853 2015 925 genealo-

413 939 535 1008 gias
581 946 634 992 et
682 939 1058 995 contentiones
1092 958 1211 1012 qua:
1259 950 1465 996 certant
1492 942 1632 996 inter
1661 959 1720 996 se
1753 943 1820 996 de
1851 941 2014 996 intel-

411 1024 554 1081 lectu
585 1026 1002 1097 Scripturarum,
1029 1034 1087 1084 et
1124 1046 1345 1100 pugnas
1394 1031 1548 1101 legis,
1581 1031 1634 1083 id
1666 1038 1880 1100 estquae
1911 1029 2012 1084 sibi

414 1113 648 1170 invicem
678 1114 932 1170 videntur
963 1118 1252 1184 contraire,
1304 1134 1640 1189 quaecunque
1673 1127 1796 1171 sunt
1825 1119 2013 1186 hujus-

413 1201 580 1267 modi,
617 1203 830 1258 devita.
887 1205 1034 1259 Sunt
1064 1207 1215 1260 enim
1239 1207 1492 1270 inutiles,
1535 1207 1650 1260 sine
1680 1206 1863 1276 aliquo
1892 1205 2012 1259 fru-

409 1297 518 1358 ctu,
553 1290 832 1362 (quodque
861 1293 1018 1361 pejus
1048 1294 1152 1363 est)
1184 1311 1362 1358 vanw,
1396 1293 1450 1348 id
1481 1302 1563 1348 est
1595 1294 1711 1349 sine
1742 1293 1968 1348 veritate
1994 1311 2009 1360 ;

408 1379 735 1449 quaestiones
765 1381 862 1433 has
891 1381 960 1434 de
991 1380 1117 1436 vita.
1151 1382 1343 1437 Devita
1373 1383 1534 1437 etiam
1565 1384 1894 1438 hmreticum
1917 1384 2012 1438 ho-

411 1463 646 1528 minem,
678 1462 734 1516 id
756 1471 839 1517 est
869 1463 938 1517 ab
969 1464 1173 1519 unitate
1203 1464 1328 1519 fidei
1355 1465 1610 1520 divisum.
1642 1467 1834 1520 Devita
1864 1466 2006 1532 dico,

410 1549 458 1603 si
485 1549 872 1621 incorrigibilis
903 1551 1062 1607 fuerit
1089 1557 1212 1625 post
1235 1569 1433 1619 unam,
1469 1553 1521 1607 id
1551 1562 1632 1609 est
1661 1554 1906 1624 primam,
1955 1559 2011 1610 et

409 1639 715 1694 secundam
743 1641 1174 1712 correptionem,
1207 1641 1334 1712 quia
1363 1642 1407 1695 si
1454 1642 1538 1696 bis
1566 1643 1872 1698 admonitus
1903 1658 2012 1697 non

412 1726 754 1797 paenituerit,
811 1727 899 1783 hic
928 1728 1019 1799 qui
1071 1737 1153 1783 est
1182 1731 1476 1798 ejusmodi,
1508 1730 1560 1785 id
1591 1739 1672 1785 est
1701 1731 2006 1797 haereticus,

409 1813 702 1870 subversas
747 1820 866 1883 est;
917 1833 1027 1871 non
1053 1833 1154 1886 per
1203 1818 1584 1887 ignorantiam,
1620 1819 1716 1873 sed
1747 1819 1925 1874 sciens
1957 1826 2008 1873 et
2030 1846 2080 1905 Β

407 1902 649 1972 prudens
695 1919 914 1958 manum
954 1904 1114 1959 mittit
1143 1905 1196 1958 in
1218 1905 1422 1977 ignem,
1467 1911 1522 1961 et
1553 1906 1641 1962 hic
1671 1907 1793 1960 talis
1814 1907 2005 1962 delin-

410 1991 536 2062 quit
555 1993 782 2062 proprio
795 1991 1032 2062 judicio,
1066 1993 1120 2046 id
1149 2000 1233 2047 est
1262 2009 1325 2047 ex
1339 1993 1560 2064 prepria
1586 1995 2002 2060 deliberatione,

412 2077 563 2132 nullo
618 2078 930 2149 impellente
985 2097 1130 2146 eum,
1165 2089 1218 2136 et
1271 2081 1394 2136 ideo
1429 2083 1836 2138 condemnatus
1865 2093 1947 2138 est
1973 2098 2006 2136 a

414 2165 552 2221 Deo.
1399 2232 1410 2240 _

480 2253 620 2309 Nota
652 2255 797 2326 quod
829 2271 894 2310 ex
922 2256 1027 2312 hoc
1059 2255 1180 2312 loco
1210 2257 1484 2330 colligitur
1513 2259 1658 2329 quod
1687 2259 1733 2312 si
1761 2258 1882 2329 quis
1910 2257 2006 2312 im-

406 2343 705 2413 prudenter
734 2352 893 2413 errat,
927 2353 978 2400 et
1007 2361 1246 2400 errorem
1279 2363 1432 2400 suum
1464 2363 1573 2400 non
1602 2346 1860 2414 defendit,
1913 2347 2000 2402 hic

408 2446 516 2486 non
566 2439 649 2486 est
689 2433 1016 2500 judicandus
1067 2435 1392 2490 haereticus:
1428 2435 1524 2489 sed
1556 2435 1648 2489 ille
1681 2442 1878 2488 tantum
1913 2435 2004 2505 qui

408 2519 554 2590 quod
585 2520 724 2574 male
753 2521 821 2575 de
849 2520 954 2575 ﬁde
983 2521 1145 2576 sentit
1173 2523 1342 2592 (quod
1372 2522 1612 2576 deterius
1643 2524 1748 2591 est)
1778 2522 2008 2577 incorri-

408 2606 591 2679 gibilis
639 2617 920 2663 asseverat
970 2617 1023 2663 et
1066 2609 1326 2664 defendit.
1377 2609 1538 2678 Quod
1584 2611 1629 2664 si
1671 2611 1776 2666 hoc
1797 2611 2008 2665 ratione

408 2694 745 2751 Simoniacos
787 2713 1056 2769 negamus
1108 2714 1231 2752 esse
1290 2699 1611 2753 haereticos:
1656 2699 1834 2754 sciunt
1865 2699 2010 2753 enim

409 2799 468 2838 se
497 2784 639 2838 male
666 2801 849 2856 agere,
873 2802 974 2840 nec
1003 2787 1327 2856 approbant,
1363 2787 1458 2841 sed
1491 2787 1777 2842 ambitiose
1808 2803 2009 2842 cazcan-

407 2879 532 2926 tur:
591 2881 782 2928 contra
830 2875 932 2928 hoc
990 2874 1206 2940 dicitur,
1240 2874 1365 2946 quia
1387 2875 1514 2946 quid
1545 2875 1646 2944 ipsi
1677 2875 2006 2930 intenderint

407 2960 584 3030 pretio
632 2969 1016 3031 comparantes
1063 2963 1209 3017 dona
1255 2963 1488 3032 Spiritus
1518 2963 1692 3018 sancti
1721 2964 1998 3031 nescitur;

405 3047 510 3102 soli
565 3048 709 3102 enim
765 3049 881 3103 Deo
908 3049 1122 3104 occulta
1151 3050 1400 3104 cei-dium
1445 3051 1680 3105 revelata
1728 3060 1869 3118 sunt,
1904 3053 2002 3107 sed

407 3136 708 3190 secundum
765 3136 912 3207 quod
959 3136 1013 3190 in
1072 3137 1429 3193 exterioribus
1459 3153 1647 3193 eorum
1680 3138 1836 3194 factis
1865 3141 2005 3194 dona

2119 588 2432 658 episcopatu
2461 604 2556 643 eos
2604 605 2829 644 manere
2859 589 3126 656 videmus,
3162 604 3325 659 quem
3362 604 3461 658 per
3484 588 3721 658 pretium

2115 676 2296 744 adepti
2327 685 2468 739 sunt,
2497 677 2804 744 judicamus
2825 678 2892 732 de
2924 677 3002 732 eis
3031 685 3088 731 ut
3141 678 3206 731 de
3237 676 3586 731 credentibus
3616 692 3721 746 pe-

2115 763 2277 818 cunia
2334 780 2496 834 posse
2554 765 2822 834 possideri
2885 765 3144 835 Spiritum
3175 773 3440 819 sanctum.
3475 764 3637 832 Quod
3667 763 3716 818 si

2115 851 2296 906 dicunt
2330 852 2594 908 beneﬁcia
2623 853 2942 923 temporalia
2973 853 3144 907 solum
3177 869 3235 907 se
3267 852 3486 918 emisse,
3523 860 3575 906 et
3606 867 3718 906 non

2115 941 2600 1006 consecrationem,
2626 941 2857 1012 ideoque
2885 957 2994 996 non
3044 957 3168 996 esse
3200 941 3556 1007 Simoniacos,
3588 941 3717 994 lon-

2117 1045 2187 1100 ge
2210 1029 2450 1084 deterius
2479 1029 2735 1084 sentiunt.
2777 1030 3050 1100 Scriptum
3083 1037 3164 1084 est
3201 1029 3343 1084 enim
3371 1044 3383 1082 :
3417 1028 3519 1096 Qui
3550 1043 3718 1098 sepa-

2114 1117 2310 1171 raverit
2339 1133 2421 1185 se,
2454 1118 2665 1172 dicatur
2694 1117 2769 1171 illi
2800 1118 3110 1172 anathema.
3162 1117 3310 1172 Sicut
3339 1115 3482 1170 enim
3512 1131 3718 1186 corpus

2114 1213 2166 1258 et
2220 1202 2401 1258 anima
2456 1213 2734 1276 nequeunt
2764 1205 3007 1275 separari
3051 1212 3109 1259 ut
3138 1204 3361 1259 alterum
3392 1203 3572 1268 vivat;
3635 1203 3718 1258 sic

2113 1291 2436 1347 beneficium
2498 1293 2797 1363 temporale
2827 1309 2859 1347 a
2891 1293 3118 1362 spiritali
3148 1293 3201 1346 in
3232 1292 3489 1362 episcopo
3526 1291 3714 1362 nequit

2112 1379 2376 1450 separari.
2412 1381 2526 1435 Hoc
2556 1380 2896 1435 sentiendum
2923 1381 2992 1435 de
3031 1380 3316 1436 ordinibus
3348 1387 3401 1434 et
3429 1387 3707 1449 tempora-

2110 1466 2255 1521 libus
2285 1468 2604 1522 honoribus.

2182 1556 2474 1627 Postquam
2533 1556 2715 1612 docuit
2764 1557 2940 1611 Titum
2988 1556 3057 1610 de
3099 1555 3266 1610 rebus
3313 1553 3715 1619 ecclesiasticis,

2110 1644 2298 1698 scribit
2342 1645 2411 1698 ad
2443 1661 2565 1698 eum
2597 1645 2665 1699 de
2697 1645 3024 1716 quibusdam
3054 1644 3282 1715 privatis
3313 1643 3542 1698 didens:
3580 1642 3718 1698 Curi

2107 1733 2311 1788 misero
2339 1733 2412 1787 ad
2428 1736 2500 1799 te,
2527 1747 2558 1786 ο
2589 1733 2724 1797 Tite,
2759 1734 3086 1787 Arthemam
3111 1735 3214 1787 aut
3273 1731 3589 1802 Tychicum,
3623 1733 3717 1800 fe-

2111 1823 2265 1875 stina
2295 1823 2486 1874 venire
2511 1820 2582 1874 ad
2611 1837 2700 1875 me
2723 1822 3072 1892 Nicopolim;
3104 1820 3181 1874 ibi
3212 1821 3365 1874 enim
3395 1818 3574 1873 statui
3604 1819 3724 1873 hie-

2113 1924 2290 1962 mare.
2325 1909 2697 1978 Etantequam
2712 1909 3216 1979 venias,prwmitte
3229 1909 3438 1962 Zenam
3465 1907 3716 1978 peritum

2118 1996 2270 2065 legis,
2318 1996 2404 2050 vel
2464 1995 2753 2066 Scriptura:
2792 1996 3008 2061 divina,
3041 1995 3127 2050 vel
3160 1994 3470 2059 saecularis,
3505 1997 3560 2048 et
3589 2009 3717 2048 cum

2116 2099 2180 2137 eo
2213 2085 2424 2154 Apollo.
2454 2085 2561 2138 Hos
2590 2085 2773 2155 utique
2795 2084 3058 2154 praemitte
3081 2084 3344 2146 sollicite,
3379 2082 3434 2136 id
3463 2089 3546 2136 est
3573 2081 3718 2136 bene

2116 2179 2459 2242 procuratos,
2495 2172 2673 2226 dando
2704 2172 2812 2225 illis
2837 2188 2957 2242 quae
2987 2171 3301 2228 necessaria
3331 2177 3491 2235 sunt;
3523 2169 3596 2223 ita
3624 2169 3717 2223 di-

2111 2276 2176 2314 co
2208 2259 2456 2325 sollicite,
2490 2265 2554 2315 ut
2584 2261 2734 2315 nihil
2764 2261 2909 2314 desit
2927 2261 3063 2314 illis.
3090 2258 3247 2328 Quod
3277 2257 3322 2312 si
3350 2257 3547 2328 quaeris
3570 2257 3716 2312 unde

2111 2349 2228 2404 haec
2259 2348 2513 2418 accipias,
2548 2349 2672 2402 volo
2705 2357 2756 2402 et
2781 2348 2895 2416 jam
2922 2355 2977 2402 ut
2999 2346 3715 2401 nostriCretensesdiscant

2108 2453 2341 2507 praeesse
2377 2437 2532 2491 bonis
2560 2437 2834 2508 Operibus,
2867 2437 2934 2490 de
2967 2437 3052 2490 die
3071 2435 3123 2488 in
3153 2435 3300 2489 diem
3329 2433 3670 2488 meliorando
3700 2452 3715 2488 :

2110 2524 2188 2579 sic
2221 2524 2403 2596 utique
2435 2541 2693 2594 praeesse,
2727 2524 3156 2578 administrando
3193 2523 3536 2578 necessarios
3576 2538 3718 2577 usus

2112 2613 2583 2682 praedicatoribus,
2603 2617 2664 2667 ut
2705 2611 2759 2666 hi
2793 2613 3205 2667 Cretensesnon
3229 2611 3720 2680 sintinfructuosi

2111 2700 2424 2756 doctoribus
2457 2701 2607 2765 suis;
2639 2701 2735 2754 sed
2768 2700 3066 2754 ministrent
3085 2713 3420 2770 qumcunque
3469 2697 3590 2750 usui
3612 2713 3717 2752 eo-

2112 2805 2226 2842 rum
2261 2788 2572 2843 necessaria
2607 2795 2749 2842 sunt.
2779 2811 2799 2834 α
2831 2788 3185 2841 Laborantem
3243 2787 3387 2840 enim
3414 2785 3717 2857 agricolam

2108 2876 2570 2946 oportetprimum
2591 2875 2658 2929 de
2684 2876 2752 2930 3
2765 2875 2836 2945 5
2850 2875 2918 2930 3
2938 2874 3197 2929 fructibus
3215 2873 3554 2943 accipere(lI
3570 2874 3712 2927 Tim.

2105 2978 2162 3028 ιι,
2191 2966 2264 3032 6).
2299 2987 2320 3010 η
2344 2964 2616 3017 Salutant
2653 2967 2705 3017 te
2743 2979 2936 3017 omnes
2973 2964 3068 3034 qui
3114 2977 3334 3016 mecum
3372 2964 3526 3026 sunt,
3570 2966 3623 3014 et
3654 2967 3716 3013 tu

2103 3054 2292 3106 saluta
2323 3067 2412 3106 eos
2434 3051 2528 3123 qui
2559 3065 2662 3106 nos
2688 3055 2888 3105 amant
2920 3053 2981 3104 in
3003 3049 3130 3118 ﬁde,
3150 3049 3304 3104 idest
3331 3047 3541 3102 ﬁdeles.
3577 3048 3718 3103 Gra-

2109 3141 2188 3195 tia
2219 3141 2320 3195 Dei
2334 3142 2413 3194 sit
2440 3156 2571 3195 cum
2601 3140 2858 3195 omnibus
2881 3140 3051 3195 vobis.
3083 3139 3281 3193 Amen.

1201 3409 1697 3468 ARGUMENTUM
1736 3413 1808 3466 IN
1844 3411 2241 3468 EPISTOLAM
2279 3413 2373 3466 AD
2413 3410 2900 3466 PHILEMONEM.

471 3561 774 3618 Philemoni
803 3560 1084 3616 familiaris
1119 3560 1330 3616 litteras
1347 3561 1472 3618 facit
1490 3578 1590 3633 pro
1621 3561 1882 3618 Onesimo
1905 3578 2064 3618 servo
2093 3563 2229 3632 ejus,
2254 3565 2502 3621 scribens
2532 3560 2581 3617 ei
2611 3561 2680 3616 ab
2703 3560 2839 3616 urbe
2883 3560 3054 3615 Roma
3074 3559 3142 3615 de
3162 3573 3381 3615 carcere
3401 3573 3501 3629 per
3528 3557 3714 3628 ipsum

411 3632 728 3690 Onesimum
743 3672 756 3688 .

1271 3970 1716 4034 PROLOGUS
1761 3971 1835 4030 B.
1883 3969 2304 4032 BRUNONIS
2346 3969 2430 4030 IN
2472 3967 2838 4029 EAMDEM.

473 4155 671 4212 Paulus
718 4155 1006 4212 familiares
1065 4155 1267 4212 litteras
1298 4155 1486 4212 scribit
1523 4157 1595 4211 ad
1616 4155 2005 4224 Philemonem,
2038 4164 2090 4223 1)
2115 4155 2282 4210 Paulo
2325 4153 2520 4210 exinde
2563 4161 2616 4208 et
2664 4150 2910 4208 fortassis
2940 4150 3008 4205 de
3039 4149 3217 4204 furata
3246 4147 3494 4219 pecunia.
3531 4147 3713 4216 Quem

403 4260 567 4318 quem
622 4245 690 4298 ad
739 4243 902 4299 ﬁdem
931 4253 1297 4310 converterat,
1330 4246 1518 4301 Roma:
1547 4245 1759 4316 vinctus
1790 4245 1846 4299 in
1876 4260 2003 4300 car-

405 4348 552 4389 cere.
605 4336 846 4402 Accepta
890 4331 1016 4388 inde
1060 4334 1370 4399 occasione,
1405 4332 1530 4404 quia
1559 4332 1782 4403 quidam
1815 4348 2008 4387 servus

403 4421 734 4476 Philemonis
790 4420 1100 4487 Onesimus,
1136 4437 1259 4477 cum
1301 4422 1478 4477 adhuc
1518 4420 1753 4476 infidelis
1782 4427 1947 4484 esset,
1979 4436 2009 4473 a

404 4509 626 4564 domino
680 4509 861 4564 furtim
917 4510 1156 4582 elapsus,
1197 4509 1266 4565 de
1297 4509 1529 4581 pecunia
1560 4509 1763 4564 domini
1797 4516 2008 4564 secrete

402 4606 796 4669 asportaverat.
833 4600 1081 4670 Dumque
1112 4615 1173 4654 se
1201 4599 1510 4654 absentaret
1539 4613 1570 4651 a
1618 4597 1869 4664 Domino,
1904 4613 2004 4652 ve-

402 4686 482 4742 nit
532 4687 764 4742 Romam
791 4687 861 4742 ad
891 4688 1116 4743 Paulum
1170 4687 1225 4741 in
1270 4703 1509 4743 carcere.
1544 4686 1734 4758 Ibique
1779 4694 2002 4756 accepto

400 4775 570 4831 verbo
626 4774 772 4840 fidei,
850 4792 881 4830 a
910 4776 1078 4832 Paulo
1109 4776 1409 4846 baptizatus
1432 4783 1515 4831 est
1566 4774 2001 4846 ministravitque

2109 4243 2305 4298 Paulus
2362 4241 2718 4298 reconciliare
2775 4240 3029 4310 cupiens,
3090 4237 3310 4293 remittit
3341 4253 3555 4290 servum
3584 4252 3716 4291 cum

2108 4334 2210 4386 hac
2237 4330 2478 4402 Epistola
2511 4331 2582 4384 ad
2611 4329 2911 4397 dominum,
2946 4327 3000 4381 in
3031 4342 3138 4398 qua
3156 4325 3268 4398 agit
3289 4325 3356 4379 de
3375 4324 3711 4390 Philemone,

2109 4420 2406 4475 obsecrans
2464 4434 2588 4474 eum
2643 4417 2826 4471 multis
2876 4423 2929 4470 et
2975 4415 3209 4471 diversis
3240 4413 3420 4468 causis
3447 4421 3503 4466 ut
3531 4411 3718 4474 indng

2109 4516 2238 4581 geat
2265 4523 2424 4563 servo
2457 4506 2603 4578 quod
2631 4504 2897 4577 peccavit.
2933 4505 2994 4558 In
3025 4519 3130 4575 qua
3160 4519 3219 4557 re
3250 4500 3475 4556 intendit
3504 4516 3604 4554 nos
3627 4499 3714 4554 in-

2112 4605 2342 4661 struere,
2397 4603 2450 4651 et
2471 4595 2740 4650 orandum
2769 4609 2892 4649 esse
2920 4607 3018 4663 pro
3049 4590 3418 4662 delinquente,
3451 4589 3497 4642 si
3527 4589 3715 4660 pceni-

2104 4685 2288 4751 tuerit,
2321 4692 2374 4739 et
2402 4683 2742 4755 parcendum
2773 4697 2896 4736 esse
2927 4680 3017 4752 (ab
3048 4695 3113 4735 eo
3145 4679 3236 4750 qui
3267 4677 3432 4732 habet
3461 4685 3709 4747 potesta-

2102 4773 2235 4844 tem)
2265 4771 2619 4844 delinquenti,
2655 4770 2702 4825 si
2730 4770 2801 4826 ad
2827 4767 3261 4824 misericordiam
3291 4765 3621 4838 confugerit.

1154 5133 1769 5232 EPISTOLA
1823 5133 1988 5228 AD
2067 5129 2925 5232 PHILEMONEM.

476 5383 498 5413 ι
532 5360 731 5417 Paulus
777 5359 990 5416 vinctus
1037 5357 1236 5413 Christi
1265 5359 1411 5427 Jesu,
1447 5366 1498 5413 et
1527 5359 1842 5414 Timotheus
1885 5357 1997 5412 fra-

403 5471 426 5500 «
459 5457 557 5518 ter,
619 5446 939 5511 Philemoni,
991 5445 1189 5502 dilecto
1231 5446 1460 5515 adjutori
1491 5455 1694 5516 nostro,
1729 5455 1781 5502 et
1811 5445 1997 5518 Appiae

403 5562 426 5585 υ
461 5537 639 5593 sorori
697 5534 1031 5593 charissima:
1089 5543 1142 5590 et
1193 5534 1471 5606 Archippo
1509 5535 1863 5592 commilitoni
1890 5551 1996 5590 no-

404 5646 428 5676 ι
464 5632 598 5693 stro,
634 5632 686 5680 et
710 5623 974 5680 Ecclesia
1002 5639 1122 5694 quae
1139 5623 1194 5678 in
1224 5624 1388 5679 domo
1414 5631 1504 5679 tua
1533 5632 1634 5680 est.
1680 5624 1865 5679 Gratia
1893 5639 1990 5680 vo-

401 5733 430 5766 α
457 5711 542 5767 bis
601 5719 653 5768 et
682 5728 787 5785 pax
833 5727 868 5769 a
895 5710 1012 5768 Deo
1059 5712 1216 5770 Patre
1260 5719 1470 5783 nostro,
1511 5720 1565 5770 et
1607 5713 1840 5770 Domino
1869 5713 1997 5769 Iesu

2111 5379 2133 5408 ι
2169 5357 2404 5414 Christo.
2471 5355 2690 5412 Gratias
2745 5369 2852 5427 ago
2908 5353 3024 5407 Deo
3054 5367 3196 5417 meo,
3232 5365 3448 5422 semper
3486 5365 3704 5405 memo-

2112 5447 2306 5501 «riam
2362 5447 2438 5500 tui
2493 5444 2696 5500 faciens
2743 5443 2800 5496 in
2861 5441 3196 5497 orationibus
3252 5439 3409 5507 meis,
3476 5439 3710 5493 audiens

2109 5557 2132 5583 α
2161 5535 2478 5590 charitatem
2516 5540 2681 5597 tuam,
2712 5538 2764 5586 et
2794 5530 2958 5585 fidem
2986 5545 3147 5601 quam
3182 5528 3353 5583 habes
3385 5527 3439 5581 in
3469 5526 3708 5582 Domino

2109 5643 2133 5674 ε
2166 5622 2313 5690 Jesu,
2348 5630 2401 5678 et
2429 5621 2484 5675 in
2515 5637 2706 5676 omnes
2764 5626 3005 5686 sanctos,
3039 5625 3098 5673 ut
3129 5615 3549 5672 communicatio
3579 5613 3714 5670 fidei

2109 5731 2132 5761 ι
2170 5718 2274 5767 tum
2331 5710 2556 5768 evidens
2606 5709 2662 5764 in
2721 5707 2998 5784 agnitione
3053 5705 3232 5762 omnis
3279 5703 3466 5776 operis
3496 5704 3628 5760 boni
3655 5703 3715 5759 in
