3932 6416
142 303 253 364 ι85

841 305 1219 368 EXPOSITIO
1257 310 1332 367 IN
1367 309 1748 366 EPISTOLAS
1788 305 2013 364 PAULI.
2045 336 2116 348 -—
2145 304 2217 364 IN
2254 306 2474 362 EPIST.
2514 307 2609 362 AD
2649 307 2824 362 PHIL.

3399 306 3502 361 £86

157 455 181 480 ει
221 432 452 488 Christo
500 435 661 489 Iesu.
705 434 974 489 Gaudium
1006 435 1151 489 enim
1197 450 1458 508 magnum
1497 433 1681 500 habui,
1743 439 1794 488 et
1814 435 1869 493 A
1900 447 2064 502 quem
2094 431 2216 486 ideo
2246 431 2300 485 in
2331 431 2434 486 hac
2462 431 2703 501 Epistola
2739 431 2950 499 salutat,
2984 438 3043 484 ut
3071 429 3338 485 benevole
3367 430 3500 485 bor-

161 543 182 566 ε
220 522 671 578 consolationem
740 524 794 576 in
861 523 1123 579 charitate
1183 531 1293 592 tua,
1383 523 1512 594 quia
1577 522 1792 577 viscera

167 632 190 660 ι
226 619 550 666 sanctorum
611 611 996 682 requieverunt
1029 627 1128 682 per
1177 619 1248 677 te,
1309 610 1500 665 frater.
1564 612 1792 680 Propter

171 721 195 747 ι
231 699 382 769 quod
408 698 639 753 multam
679 699 932 755 fiduciam
962 700 1169 754 habens
1199 699 1253 752 in
1285 699 1502 754 Christo
1523 699 1652 753 Iesu
1683 698 1791 752 im-

176 807 200 836 ι
227 787 462 856 perandi
505 788 604 841 tibi
655 788 801 858 quod
834 788 903 841 ad
935 804 1048 842 rem
1097 787 1349 858 pertinet,
1405 795 1629 858 propter
1658 788 1791 842 cha-

174 897 198 920 ο
238 875 462 930 ritatem
493 876 676 948 magis
707 876 957 941 obsecro,
1001 891 1122 931 cum
1175 876 1250 930 sis
1299 875 1443 943 talis,
1492 883 1548 929 ut
1594 875 1794 929 Paulus

177 985 201 1010 α
235 979 428 1030 senex,
463 980 612 1019 nunc
661 973 837 1019 autem
867 973 918 1019 et
946 964 1158 1020 vinctus
1184 966 1315 1019 Iesu
1357 964 1575 1029 Christi,
1627 965 1794 1020 obse-

183 1071 208 1102 ι
245 1067 347 1107 cro
378 1060 431 1107 te
458 1068 558 1123 pro
590 1069 715 1108 meo
745 1051 876 1119 filio,
910 1069 1071 1124 quem
1103 1053 1266 1126 genui
1288 1053 1343 1106 in
1364 1053 1614 1120 vinculis,
1641 1052 1794 1108 One-

179 1162 202 1187 -
234 1139 401 1205 simo,
433 1140 526 1211 qui
555 1140 651 1194 tibi
690 1141 984 1212 aliquando
1023 1140 1228 1195 inutilis
1274 1141 1390 1210 fuit,
1441 1157 1581 1196 nunc
1612 1149 1795 1196 autem

178 1249 203 1279 ε
243 1237 302 1284 et
322 1227 456 1281 mihi
490 1237 542 1282 et
572 1228 670 1282 tibi
700 1228 866 1293 utilis,
903 1245 1066 1300 quem
1098 1229 1281 1283 remisi
1311 1229 1428 1282 tibi.
1477 1229 1555 1283 Tu
1613 1237 1792 1283 autem

179 1336 203 1365 ι
251 1316 408 1370 illum
437 1323 493 1369 ut
541 1332 666 1371 mea
712 1317 922 1371 viscera
973 1317 1189 1388 suscipe
1235 1315 1424 1388 [filium
1455 1333 1634 1371 meum
1667 1318 1795 1372 cha—

180 1428 204 1452 κ
243 1403 567 1476 rissimum].
604 1403 780 1472 Quem
823 1420 928 1476 ego
958 1404 1241 1460 volueram
1280 1421 1492 1460 mecum
1523 1404 1789 1472 detinere,

180 1513 205 1542 α
245 1501 310 1546 ut
341 1509 440 1563 pro
469 1499 520 1547 te
553 1493 682 1546 mihi
727 1492 1058 1547 ministraret
1105 1493 1159 1546 in
1206 1493 1437 1548 vinculis
1484 1493 1791 1565 Evangelii.

182 1601 208 1631 ι
243 1579 378 1635 Sine
410 1580 640 1636 consilio
679 1588 860 1634 autem
891 1589 982 1636 tuo
1031 1580 1163 1634 nihil
1211 1580 1357 1635 volui
1389 1579 1588 1651 facere,
1621 1582 1696 1636 uti
1727 1598 1796 1636 ne

184 1689 208 1718 ι
248 1668 402 1723 velut
430 1684 496 1724 ex
512 1668 840 1724 necessitate
862 1669 1064 1723 bonum
1097 1676 1246 1723 tuum
1277 1678 1440 1735 esset,
1469 1669 1566 1724 sed
1596 1669 1795 1724 volun-

1891 528 2036 574 tetur
2077 527 2331 590 parentes
2380 519 2667 592 indulgere
2716 518 2995 574 Onesimo.
3041 518 3296 573 Scribunt
3341 518 3502 573 etiam

1893 610 2175 672 Ecclesia,
2213 608 2268 662 id
2299 615 2381 662 est
2412 607 2630 662 familia:
2659 607 2726 661 ad
2755 606 2918 661 fidem
2937 606 3138 661 Christi
3161 615 3495 674 convocatae,

1892 713 2015 769 quw
2043 695 2292 754 Ecclesia
2331 700 2415 751 est
2443 697 2507 750 in
2537 697 2695 753 domo
2728 699 2826 751 tua
2851 716 2868 750 :
2896 695 3020 750 ideo
3051 703 3213 749 totam
3239 694 3496 750 familiam

1894 785 2111 853 salutat,
2149 800 2308 856 quam
2350 792 2460 838 tam
2502 784 2669 856 digno
2720 784 2959 849 nomine,
2991 784 3046 837 id
3077 791 3159 838 est
3205 783 3495 839 ecclesiam

1893 872 2148 943 appellat,
2183 881 2238 926 ut
2268 872 2444 927 omnis
2476 871 2679 927 familia
2708 888 2894 927 secum
2924 889 3025 942 pro
3055 872 3316 927 Onesimo
3347 873 3493 943 apud

1896 961 2266 1015 Philemonem
2328 961 2711 1028 intercederet,
2763 961 2997 1016 dicens:
3047 962 3194 1016 Vobis
3241 960 3493 1015 omnibus

1894 1049 2289 1120 patrifamilias,
2313 1049 2496 1116 matri,
2531 1047 2660 1115 filio,
2695 1058 2746 1104 et
2776 1048 2994 1104 familiae
3022 1048 3090 1102 sit
3119 1050 3326 1120 gratia,
3346 1049 3495 1104 idest

1895 1137 2144 1192 remissio
2200 1146 2570 1208 peccatorum,
2625 1141 2681 1193 et
2737 1155 2876 1210 pax,
2909 1137 2964 1192 id
3012 1145 3094 1192 est
3133 1137 3496 1209 tranquillitas

1895 1225 2085 1280 animi.
2117 1226 2254 1295 Sint,
2286 1226 2527 1297 inquam,
2561 1225 2717 1282 vobis
2739 1227 2856 1282 haec
2883 1243 2918 1281 a
2948 1228 3055 1281 Deo
3072 1230 3237 1298 patre
3260 1231 3454 1283 nostro
3477 1245 3498 1284 :

1896 1314 1988 1386 qui
2018 1321 2197 1384 potest
2223 1323 2274 1370 et
2303 1313 2437 1384 vult,
2469 1319 2527 1370 et
2552 1331 2583 1368 a
2613 1315 2846 1371 Domino
2875 1317 3007 1372 Iesu
3040 1315 3276 1382 Christo,
3310 1315 3400 1386 qui
3423 1315 3496 1370 si-

1895 1401 2095 1456 militer
2123 1402 2238 1457 vult
2266 1410 2316 1458 et
2347 1409 2544 1473 potest.

1964 1491 2031 1546 Ut
2053 1490 2344 1560 Apostolus
2385 1491 2715 1546 exorabilem
2743 1491 2926 1562 faciat,
2959 1492 3031 1546 ait
3062 1510 3076 1547 :
3108 1493 3229 1566 Ego
3257 1492 3499 1549 audiens

1895 1578 2239 1634 charitatem
2259 1583 2438 1644 tuam,
2463 1579 2518 1633 id
2549 1587 2631 1635 est
2650 1580 2998 1636 dilectionem
3028 1581 3127 1635 Dei
3158 1589 3210 1635 et
3237 1581 3492 1652 proximi,

1897 1666 2127 1720 audiens
2159 1667 2318 1721 etiam
2347 1668 2534 1736 ﬁdem,
2568 1667 2623 1722 id
2662 1676 2745 1723 est
2793 1678 2844 1724 te
2881 1668 2937 1723 in
2984 1668 3091 1724 fide
3138 1669 3338 1723 Christi
3370 1685 3498 1740 per-

181 1779 206 1805 ιι
246 1756 470 1811 tarium.
512 1756 783 1813 Forsitam
829 1757 971 1812 enim
1012 1757 1134 1812 ideo
1160 1757 1413 1813 discessit
1442 1759 1512 1812 ad
1541 1759 1730 1812 horam
1761 1772 1794 1811 a
1823 1769 2186 1846 Bseverare;
2233 1755 2358 1810 ideo
2415 1755 2738 1811 charitatem
2785 1757 3098 1826 praeposuit,
3151 1757 3277 1828 quia
3323 1757 3500 1813 inten-

184 1865 208 1895 ι
248 1853 327 1910 te,
360 1853 416 1898 ut
445 1846 500 1899 in
530 1853 794 1900 aeternum
816 1844 965 1899 illum
996 1845 1293 1916 reciperes,
1310 1846 1422 1914 jam
1453 1861 1562 1900 non
1594 1855 1650 1900 ut
1681 1863 1796 1901 ser-

183 1956 207 1980 ε
250 1950 402 1999 vum,
440 1933 538 1988 sed
555 1949 657 2004 pro
687 1949 848 1988 servo
880 1933 1259 1990 charissimum
1280 1934 1525 2000 fratrem,
1561 1933 1798 1989 maxime

185 2042 211 2071 ι
250 2021 406 2074 mihi.
452 2019 666 2089 Quanto
712 2029 886 2076 autem
918 2021 1094 2094 magis
1150 2022 1244 2076 tibi
1284 2030 1336 2077 et
1367 2022 1420 2075 in
1466 2039 1629 2077 carne
1661 2023 1799 2076 etin

187 2129 212 2160 ι
253 2109 538 2182 Domino?
569 2109 626 2164 Si
658 2126 790 2182 ergo
820 2111 992 2165 habes
1012 2127 1098 2166 me
1131 2111 1361 2176 socium,
1398 2111 1613 2182 suscipe
1645 2111 1798 2166 illum

185 2218 211 2248 ι
251 2197 397 2252 sicut
426 2181 533 2252 ine.
567 2197 626 2252 Si
667 2206 843 2252 autem
886 2199 1093 2270 aliquid
1137 2200 1320 2254 nocuit
1364 2200 1458 2253 tibi
1490 2181 1582 2254 aut
1612 2200 1793 2267 debet,

189 2307 214 2336 ι
251 2285 361 2342 hoc
389 2286 521 2341 mihi
553 2285 780 2356 imputa.
827 2287 948 2358 Ego
988 2287 1190 2342 Paulus
1230 2288 1419 2360 scripsi
1452 2305 1573 2344 mea
1608 2305 1793 2342 manu.

188 2397 212 2420 ιι
252 2374 377 2445 Ego
406 2373 652 2440 reddam,
687 2381 880 2428 utnon
909 2374 1086 2430 dicam
1144 2375 1239 2430 tibi
1273 2377 1418 2446 quod
1463 2385 1517 2431 et
1562 2376 1797 2446 teipsum

188 2484 211 2508 -
241 2462 378 2514 mihi
399 2461 586 2516 debes.
619 2463 717 2527 Ita,
749 2461 933 2528 frater,
969 2479 1074 2535 ego
1103 2470 1156 2518 te
1177 2463 1326 2517 fruar
1356 2464 1410 2518 in
1432 2465 1684 2529 Domino,
1710 2481 1797 2520 re-

189 2570 214 2598 ι
251 2548 355 2605 tice
403 2549 613 2605 viscera
641 2565 763 2604 mea
810 2550 866 2604 in
895 2551 1112 2606 Christo
1161 2552 1459 2625 [Domino.]
1503 2552 1797 2608 Confidens

191 2659 215 2688 ι
255 2637 311 2691 in
351 2637 664 2692 obedientia
705 2646 793 2692 tua
823 2639 1016 2709 scripsi
1051 2639 1166 2707 tibi,
1213 2641 1392 2696 sciens
1439 2641 1698 2713 quoniam
1747 2650 1798 2696 et

189 2750 213 2773 α
245 2742 416 2796 super
443 2725 500 2780 id
529 2726 672 2797 quod
695 2727 816 2781 dico
838 2726 1026 2783 facies.
1044 2728 1213 2782 Simul
1244 2737 1422 2783 autem
1446 2739 1497 2784 et
1517 2746 1648 2800 para
1666 2729 1797 2783 mihi

189 2838 213 2862 ιι
251 2814 572 2884 hospitium.
590 2813 830 2870 354
843 2816 983 2870 Nam
1001 2832 1160 2886 spero
1180 2833 1279 2887 per
1295 2817 1571 2873 orationes
1591 2827 1796 2873 vestras

190 2924 213 2949 ιι
251 2902 450 2956 donari
469 2917 556 2956 me
586 2902 760 2956 vobis.
814 2903 1020 2958 Salutat
1049 2913 1100 2958 te
1130 2906 1414 2976 Epaphras
1443 2906 1798 2976 concaptivus

193 3012 216 3036 ιι
253 3006 411 3045 meus
454 2989 510 3043 in
556 2990 769 3044 Christo
813 2992 959 3057 Jesu,
1007 2993 1238 3059 Marcus,
1274 2994 1646 3059 Aristarchus,
1690 2995 1798 3049 De-

193 3101 215 3124 ι
251 3093 375 3131 mas
408 3085 456 3132 et
489 3078 680 3144 Lucas,
714 3078 983 3147 adjutores
1013 3080 1140 3136 mei.
1175 3081 1357 3136 Gratia
1386 3081 1602 3136 Domini
1623 3081 1797 3138 nostri

195 3186 220 3216 ι
253 3167 389 3221 Jesu
421 3165 620 3220 Christi
649 3181 774 3222 cum
804 3167 994 3238 spiritu
1023 3177 1226 3225 vestro.
1260 3171 1454 3225 Amen.
1482 3194 1504 3220 ιι

833 3325 1151 3366 ιζχροειτιο.

265 3425 485 3481 Paulus
516 3427 758 3492 vinctus,
793 3432 897 3481 etc.
936 3427 1005 3482 Ut
1035 3425 1195 3482 citius
1244 3426 1315 3481 ad
1359 3426 1796 3484 misericordiam

190 3521 413 3568 moveat
462 3513 829 3570 Philemonem
870 3513 1152 3569 reticendo
1195 3515 1283 3570 hic
1325 3515 1648 3587 dignitatum
1691 3534 1796 3573 no-

192 3601 362 3666 mina,
424 3609 500 3666 ut,
556 3603 840 3674 apostolus
892 3603 1121 3670 Christi,
1179 3611 1306 3670 etc.,
1342 3603 1548 3660 inducit
1576 3606 1796 3660 nomina

191 3688 545 3743 miseriarum
567 3705 703 3762 quas
722 3690 1044 3761 patiebatur,
1069 3690 1258 3746 dicens
1292 3707 1304 3746 :
1334 3693 1550 3748 Paulus
1569 3696 1796 3750 vinctus

195 3777 413 3832 Christi
438 3779 586 3844 Iesu,
613 3795 776 3849 quem
805 3779 928 3834 ideo
957 3779 1179 3851 gravius
1217 3765 1627 3848 estoﬂ‘endere,
1667 3781 1797 3854 quia

191 3863 250 3919 in
299 3864 531 3920 vinculis
570 3865 855 3936 premitur.
907 3867 1197 3922 Videretur
1245 3868 1389 3922 enim
1426 3869 1627 3924 Paulus
1654 3885 1794 3925 con-

192 3951 424 4022 temptui
452 3969 574 4008 esse
602 3954 903 4010 Philemoni
933 3955 1020 4010 vel
1048 3955 1103 4009 in
1151 3955 1300 4011 nullo
1341 3957 1598 4028 compati,
1624 3958 1670 4012 si
1699 3974 1795 4013 au-

193 4039 355 4094 diens
409 4056 534 4095 eum
561 4041 803 4096 vinctum
832 4059 974 4108 esse,
1010 4043 1292 4099 clauderet
1321 4061 1499 4112 servo,
1558 4062 1656 4116 pro
1687 4061 1794 4117 quo

194 4127 544 4198 precabatur,
578 4129 789 4186 viscera
833 4131 1226 4187 misericordia:
1261 4150 1273 4189 :
1307 4147 1433 4188 cum
1462 4149 1564 4189 nec
1594 4134 1794 4189 Paulus

196 4215 414 4270 vinctus
443 4225 588 4272 esset
633 4234 736 4289 pro
788 4219 950 4290 culpa
980 4236 1100 4286 sua,
1134 4221 1231 4276 sed
1262 4237 1362 4292 pro
1393 4222 1612 4277 Christo
1641 4223 1790 4277 Jesu.

198 4304 374 4374 thue
411 4314 610 4374 quanto
648 4305 829 4376 plures
867 4307 1063 4363 viderit
1101 4309 1479 4379 deprecantes,
1514 4319 1662 4366 tanto
1710 4311 1793 4366 ci-

197 4390 306 4444 tius
342 4391 622 4463 indulgeat
651 4393 973 4465 Philemoni,
999 4396 1071 4451 ait
1101 4416 1122 4452 :
1144 4399 1358 4454 Paulus
1381 4402 1438 4454 et
1474 4399 1792 4455 Timotheus

1897 1842 2063 1897 debat
2092 1859 2216 1897 eum
2247 1858 2468 1898 movere
2527 1844 2596 1898 ad
2633 1844 2687 1898 in
2746 1845 3138 1916 indulgendum
3192 1845 3446 1916 proximo
3481 1859 3494 1900 :

1897 1947 2066 2002 quam
2118 1930 2434 1986 charitatem
2467 1933 2632 1987 habes
2672 1935 2734 1987 in
2781 1935 3018 1988 Domino
3056 1935 3205 2000 Iesu,
3237 1942 3294 1987 ut
3346 1934 3401 1988 in
3433 1949 3500 1989 eo

1899 2018 1991 2089 qui
2020 2018 2428 2074 fundamentum
2460 2028 2543 2074 est
2571 2020 2895 2086 dilectionis,
2930 2037 3090 2092 quam
3132 2021 3294 2077 etiam
3326 2022 3499 2078 habes

1897 2107 1956 2161 id
1976 2122 2170 2163 omnes
2192 2113 2440 2173 sanctos,
2489 2107 2544 2162 id
2574 2116 2657 2162 est
2685 2108 2740 2162 in
2769 2124 2960 2164 omnes
3009 2108 3373 2166 sanctificatos
3403 2126 3502 2182 per

1896 2195 2225 2266 baptismum
2249 2214 2264 2262 ;
2298 2212 2469 2274 quare
2512 2204 2565 2251 et
2593 2197 2648 2250 in
2677 2196 2996 2252 Onesimum
3027 2197 3415 2254 sanctificatum
3444 2199 3500 2253 in

1897 2281 2022 2350 fide,
2048 2283 2303 2338 habenda
2333 2291 2416 2337 est
2447 2283 2704 2351 charitas,
2737 2293 2791 2339 et
2822 2285 3035 2340 bonitas
3061 2303 3072 2341 :
3108 2287 3230 2355 hoc,
3254 2285 3494 2358 inquam,

1897 2371 2146 2436 audiens,
2181 2387 2283 2442 ago
2320 2373 2535 2442 gratias
2571 2375 2678 2427 Deo
2724 2389 2866 2438 meo,
2916 2375 3136 2444 faciens
3164 2376 3499 2430 memoriam

1896 2475 2117 2530 semper
2135 2460 2198 2514 in
2222 2461 2570 2515 orationibus
2599 2462 2764 2516 meis.
2793 2462 2912 2532 Ego
2943 2462 3089 2516 enim
3121 2462 3190 2516 de
3219 2463 3498 2519 concessis

1897 2547 2057 2600 bonis
2079 2547 2284 2618 gratias
2313 2563 2438 2618 ago,
2472 2556 2525 2602 et
2564 2557 2622 2601 ut
2659 2565 2880 2618 semper
2943 2548 3340 2606 incrementum
3393 2554 3496 2607 ha-

1898 2635 2081 2701 beant,
2114 2651 2212 2690 oro
2243 2639 2310 2690 ut
2329 2637 2768 2692 communicatio
2789 2638 2920 2705 ﬁdei
2942 2642 3076 2706 tuae,
3099 2639 3153 2693 id
3175 2648 3331 2694 estut
3361 2639 3499 2696 fides

1896 2731 2005 2791 tua,
2032 2740 2154 2794 qua:
2182 2725 2326 2778 bona
2351 2731 2444 2778 tua
2473 2725 2675 2779 sanctis
2703 2726 3082 2791 communicat,
3117 2728 3220 2795 ﬁat
3249 2729 3495 2796 evidens,

1897 2811 1953 2866 id
1970 2811 2314 2866 estomnibus
2325 2820 2584 2883 appareat
2602 2829 2742 2879 esse,
2761 2815 2824 2868 in
2843 2816 3130 2885 agnitione
3141 2819 3325 2872 omnis
3346 2819 3496 2884 boni,

1897 2899 1952 2953 id
1983 2908 2064 2954 est
2093 2917 2190 2970 per
2245 2899 2408 2954 fidem
2440 2902 2807 2971 promovearis
2853 2903 2922 2957 ad
2959 2918 3119 2958 omne
3174 2904 3396 2971 bonum,
3444 2914 3500 2961 et

1897 2987 2027 3041 illud
2051 2988 2119 3041 sit
2139 2987 2390 3042 omnibus
2412 2989 2678 3060 agnitum,
2710 2990 2834 3045 ideo
2863 3006 2964 3060 pro
2995 2991 3331 3048 incremento
3359 2995 3496 3049 cha-

1899 3075 2071 3130 ritatis
2101 3083 2208 3131 tua:
2237 3076 2315 3131 sic
2353 3092 2477 3132 oro.
2529 3077 2648 3147 Ego
2679 3079 2833 3133 enim
2865 3078 3032 3135 habui
3077 3081 3350 3152 gaudium
3375 3098 3498 3138 ma-

1821 3137 1868 3198 C
1896 3181 2093 3238 gnum,
2109 3168 2164 3219 et
2182 3179 2305 3220 cum
2319 3165 2519 3238 gaudio
2531 3167 2973 3222 consolationem
2994 3169 3056 3222 in
3075 3137 3174 3224 tua
3191 3170 3495 3238 charitate,

1896 3251 1952 3306 id
1973 3260 2055 3306 est
2088 3252 2140 3306 in
2186 3252 2659 3309 administratione
2689 3261 2794 3310 tuae
2823 3255 3119 3323 charitatis,
3153 3264 3205 3312 et
3247 3259 3498 3328 gravisus

1897 3348 1949 3393 et
1978 3340 2294 3396 consolatus
2349 3358 2488 3406 sum,
2515 3343 2644 3414 quia
2692 3344 2909 3398 viscera
2948 3349 3297 3416 sanctorum,
3330 3346 3384 3401 id
3414 3355 3500 3403 est

1898 3429 2151 3483 conversi
2163 3445 2261 3499 per
2281 3429 2730 3500 praedicationem
2750 3439 3082 3498 sanctorum,
3103 3436 3500 3505 requieverunt

1899 3533 2000 3587 per
2030 3521 2083 3572 te
2115 3517 2589 3573 administrantem
2611 3519 2710 3574 eis.
2743 3518 2789 3574 Ο
2816 3523 3006 3590 frater
3033 3521 3497 3588 Philemon,mul—

1897 3613 2009 3659 tam
2065 3606 2208 3660 enim
2240 3605 2477 3677 quietem
2529 3605 2833 3662 habuerunt
2887 3624 2986 3679 per
3028 3615 3080 3664 te
3131 3609 3498 3680 depellentem

1897 3692 2089 3765 frigus,
2124 3701 2176 3749 et
2205 3694 2444 3749 esuriem
2465 3711 2673 3750 eorum.
2699 3698 2935 3770 Propter
2962 3697 3122 3769 quod,
3155 3697 3212 3752 id
3260 3707 3344 3753 est
3371 3700 3501 3772 quia

1897 3789 2103 3836 tantam
2125 3782 2441 3838 charitatem
2473 3783 2615 3839 circa
2655 3792 2870 3840 sanctos
2909 3785 3112 3841 habere
3142 3789 3496 3857 consuevisti,

1897 3885 1963 3924 ex
1995 3886 2060 3925 eo
2091 3871 2298 3927 habens
2320 3873 2566 3928 multam
2584 3873 2848 3942 ﬁduciam
2891 3890 3000 3930 non
3029 3882 3234 3930 tantum
3264 3876 3388 3947 quia
3421 3877 3500 3934 sic

1895 3959 2210 4025 meruerim,
2245 3959 2342 4014 sed
2359 3962 2422 4014 in
2456 3960 2674 4018 Christo
2702 3964 2835 4018 Iesu
2863 3963 3183 4034 imperandi
3215 3966 3334 4021 tibi.
3367 3967 3502 4022 Pos-

1897 4062 2018 4100 sum
2051 4047 2276 4116 enim,si
2308 4047 2452 4114 volo,
2485 4049 2801 4105 auctoritate
2833 4052 3190 4122 apostolatus,
3221 4062 3442 4124 accepta
3469 4071 3501 4110 a

1897 4135 2114 4190 Christo
2132 4136 2283 4201 Iesu,
2315 4135 2585 4210 imperare
2614 4138 2710 4192 tibi
2740 4138 2884 4211 quod
2899 4139 2973 4194 ad
2993 4156 3112 4196 rem
3140 4143 3410 4213 pertinet,
3445 4144 3502 4199 id

1896 4223 2069 4276 estad
2097 4223 2379 4278 utilitatem
2433 4233 2606 4280 tuam.
2640 4226 2720 4281 De
2764 4242 2828 4282 eo
2877 4227 3019 4282 enim
3069 4229 3215 4300 quod
3257 4231 3387 4286 utile
3416 4240 3500 4287 est

1894 4326 2095 4381 cogere
2116 4318 2167 4365 te
2188 4327 2435 4381 possum,
2459 4312 2505 4367 si
2525 4313 2724 4384 placet,
2750 4315 2848 4369 sed
2864 4315 3151 4386 imperium
3171 4319 3500 4387 prmtermit-

1894 4399 2078 4463 tendo,
2109 4398 2346 4455 355
2371 4401 2591 4456 obsecro
2620 4409 2672 4457 te
2697 4407 2931 4474 prapter
2949 4405 3290 4461 charitatem
3318 4407 3501 4477 magis

199 4481 415 4549 fratres
458 4481 701 4536 scribunt
734 4485 1073 4550 Philemoni,
1100 4485 1337 4556 quadam
1366 4487 1744 4558 spiritualitate
1777 4505 1792 4554 ;
1823 4490 1876 4549 D
1897 4502 2059 4558 quam
2075 4486 2336 4558 imperem
2362 4496 2584 4559 propter
2600 4491 2994 4548 auctoritatem.
3025 4492 3094 4546 Et
3122 4493 3500 4551 obsecrandus

198 4582 302 4623 nec
329 4568 432 4623 hoc
478 4569 655 4623 solum
695 4570 917 4634 dilecto,
965 4573 1064 4628 sed
1093 4572 1256 4628 etiam
1287 4575 1540 4644 adjutori
1578 4581 1794 4639 nostro,

201 4654 293 4726 qui
331 4670 441 4710 non
477 4665 656 4712 cessat
685 4657 942 4726 adjuvare
972 4669 1025 4715 et
1053 4668 1361 4717 sustentare
1393 4663 1462 4717 de
1491 4662 1655 4718 rebus
1685 4663 1800 4719 suis

201 4740 390 4798 ﬁdeles
415 4752 656 4800 nostros.
690 4745 947 4802 Scribunt
984 4748 1145 4804 etiam
1177 4749 1374 4805 Paulus
1395 4758 1448 4806 et
1482 4751 1800 4807 Timotheus

201 4831 390 4902 Appiae
412 4833 567 4888 uxori
585 4833 933 4902 Philemonis,
965 4839 1147 4893 sorori
1176 4846 1380 4894 nostrae
1405 4839 1709 4895 secundum
1738 4837 1800 4892 ti-

200 4918 340 4985 dem,
366 4929 418 4974 et
448 4921 683 4992 quadam
719 4921 1059 4995 sigularitate
1090 4925 1396 4982 dilectionis
1425 4927 1797 4983 charissima.

203 5007 326 5063 Ideo
372 5009 669 5080 Apostolus
697 5011 886 5066 scribit
923 5013 1153 5080 mulieri,
1177 5022 1236 5068 ut
1263 5014 1354 5069 illa
1374 5015 1568 5070 videns
1597 5015 1702 5070 sibi
1730 5017 1799 5071 ab

204 5097 460 5167 Apostolo
474 5095 594 5153 fieri
617 5098 764 5170 quod
783 5098 834 5153 in
857 5116 991 5156 sexu
1006 5102 1261 5158 muliebri
1282 5118 1392 5159 non
1417 5113 1796 5172 consueverat,

205 5186 574 5241 conveniendo
613 5186 894 5242 dominum
937 5205 1118 5257 suum,
1170 5191 1354 5247 flectet
1383 5207 1506 5248 eum
1549 5193 1618 5247 ad
1671 5209 1796 5263 par-

205 5274 424 5329 cendum
455 5290 644 5330 servo.
679 5274 935 5331 Scribunt
974 5279 1138 5333 etiam
1169 5279 1370 5335 Paulus
1401 5288 1454 5336 et
1482 5280 1800 5336 Timotheus

203 5362 467 5436 Archippo
508 5363 624 5418 filio
653 5363 844 5433 Appiae
865 5373 918 5420 et
935 5366 1286 5435 Philemonis,
1311 5375 1506 5425 nostra
1525 5370 1802 5426 commili-

204 5453 328 5519 toni,
371 5451 573 5507 militat
622 5450 771 5506 enim
800 5453 916 5509 Deo
963 5454 1252 5511 nobiscum
1289 5456 1346 5511 in
1383 5457 1796 5528 praedicatione.

202 5539 290 5597 Hic
308 5549 389 5598 est
418 5539 742 5611 Archippus
776 5540 869 5612 qui
897 5541 1258 5602 Colossenses
1290 5543 1535 5603 fundavit
1560 5545 1618 5602 in
1666 5544 1796 5615 ﬁde,

1900 4591 1960 4630 es
1977 4591 2008 4628 a
2035 4591 2152 4630 me:
2185 4591 2315 4630 cum
2338 4583 2392 4630 tu
2413 4577 2489 4632 sis
2520 4578 2655 4632 talis
2681 4582 2750 4633 ut
2774 4580 3009 4646 Paulus,
3035 4579 3260 4647 scilicet,
3294 4599 3497 4640 senex.

1899 4663 2048 4718 Etas
2086 4663 2229 4718 enim
2277 4664 2580 4720 consimilis
2617 4666 2863 4722 hortatur
2905 4675 2963 4722 ut
3008 4684 3176 4724 senex
3206 4670 3324 4726 seni
3362 4686 3502 4728 con-

1903 4751 2114 4818 sentiat,
2149 4767 2252 4808 nec
2307 4753 2412 4809 hoc
2441 4753 2637 4821 solum,
2671 4755 2770 4810 sed
2801 4755 2964 4810 etiam
3014 4757 3192 4830 magis
3221 4759 3291 4814 ad
3335 4775 3504 4817 exau-

1903 4839 2162 4895 diendum
2216 4840 2406 4896 invitat
2451 4843 2557 4899 hoc
2585 4843 2730 4915 quod
2770 4843 2965 4900 Paulus
2997 4863 3173 4916 nunc,
3224 4847 3279 4902 id
3310 4855 3411 4915 est,
3445 4848 3503 4906 in

1904 4935 2152 4999 tempore
2180 4945 2288 5000 quo
2308 4931 2557 4998 obsecro,
2591 4939 2676 4987 est
2703 4932 2930 4989 vinctus
2957 4935 3090 4991 Iesu
3132 4937 3362 4994 Christi.
3397 4936 3506 5007 Qui

1906 5016 2051 5072 enim
2091 5033 2213 5072 eum
2265 5018 2319 5072 in
2351 5019 2583 5076 vinculis
2624 5035 2733 5076 non
2763 5022 3002 5090 exaudit,
3034 5025 3282 5094 profecto
3319 5027 3509 5083 Iesum

1907 5104 2198 5174 Christum,
2230 5122 2331 5178 pro
2361 5123 2467 5179 quo
2498 5108 2709 5164 vinctus
2737 5117 2838 5178 est,
2871 5109 3115 5167 offendit.
3153 5114 3402 5183 Obsecro,
3426 5115 3512 5172 in-

1908 5209 2090 5265 quam,
2123 5202 2176 5250 te
2207 5211 2306 5266 per
2333 5197 2452 5252 haec
2479 5198 2780 5268 pra-inissa,
2811 5216 2910 5272 pro
2940 5217 3062 5257 meo
3082 5203 3202 5270 ﬁlio
3231 5220 3398 5276 quem
3415 5221 3509 5276 ge-

1908 5284 2013 5338 nui
2031 5284 2094 5338 in
2124 5285 2388 5341 vinculis.
2409 5285 2560 5342 Sicut
2579 5287 2725 5341 enim
2745 5287 2791 5342 si
2803 5297 3057 5362 parentes
3079 5289 3251 5346 ﬁlium
3271 5309 3511 5364 genera-

1907 5379 2028 5426 rent
2057 5370 2111 5426 in
2138 5387 2380 5439 carcere,
2413 5375 2694 5445 acceptior
2723 5385 2870 5432 esset
2897 5377 3033 5445 illis,
3076 5379 3200 5450 quia
3230 5380 3286 5434 in
3314 5381 3510 5437 adver-

1911 5458 2163 5514 sitatibus
2221 5461 2336 5516 suis
2383 5470 2540 5518 natus
2583 5472 2748 5531 esset,
2782 5465 2862 5520 sic
2904 5467 3105 5522 Paulus
3165 5469 3517 5526 commendat

1912 5546 2256 5620 Onesimum,
2288 5565 2452 5622 quem
2482 5551 2857 5610 incarceratus
2874 5553 3186 5627 baptizavit,
3227 5555 3321 5630 qui
3348 5555 3514 5615 ﬁdem
