3928 6464
461 380 568 433 48⁵7

1023 379 1079 434 S.
1120 378 1476 457 BRUNQNIS
1513 378 2160 437 CARTHUSIANORUM
2197 380 2682 438 INSTITUTORIS
2720 382 2873 439 OPP.
2917 385 3092 442 PARS
3129 387 3196 442 II.

3659 393 3758 446 488

465 503 668 557 Christi
698 518 805 558 non
835 502 1048 558 erubuit
1076 511 1300 573 propter
1327 503 1544 559 vincula
1564 504 1737 558 Pauli.
1771 503 2056 560 Praemissa
2077 505 2127 568 Α
2157 506 2385 562 socium.
2438 507 2493 562 Si
2524 507 2667 562 enim
2719 509 2878 563 odisti
2911 526 3054 576 eum,
3089 510 3181 582 qui
3221 511 3317 565 tibi
3366 512 3644 582 proximus
3674 521 3751 568 est

465 592 634 646 multa
692 591 1237 660 recommendalione,
1274 594 1389 661 ejus
1443 609 1642 648 nomen
1698 593 1766 648 ad
1810 593 2058 648 ultimum

466 680 662 735 subdit.

541 769 787 835 Obsecro,
820 767 1061 838 inquam,
1091 785 1195 840 pro
1221 768 1338 837 ﬁlio
1379 786 1541 841 quem
1573 785 1677 841 ego
1710 768 2059 839 spiritualiter

464 856 875 927 genui,scilicet
907 857 1182 920 Onesimo,
1206 858 1303 928 qui
1331 859 1446 927 fuit
1482 858 1581 912 tibi
1608 858 1856 928 inutilis,
1874 856 2055 911 furtim

464 943 728 999 elabendo
757 959 790 999 a
820 953 890 1012 te,
923 945 1246 1016 aliquando,
1275 944 1328 998 id
1359 954 1438 998 est
1468 961 1591 1000 cum
1622 945 1856 1000 infidelis
1887 953 2051 1013 esset,

460 1049 615 1088 nunc
635 1037 827 1088 autem
841 1031 1014 1087 factus
1029 1033 1222 1096 fidelis,
1243 1035 1405 1088 utilis
1425 1032 1523 1086 fuit
1549 1033 2054 1088 mihiministrando

460 1120 515 1174 in
546 1120 792 1186 vinculis,
817 1125 872 1176 et
902 1137 1001 1190 per
1030 1121 1133 1176 hoc
1153 1120 1298 1174 utilis
1332 1121 1451 1176 tibi.
1479 1121 1756 1191 Quidquid
1777 1121 1920 1175 enim
1939 1121 2055 1191 ipse

462 1207 588 1263 boni
635 1207 780 1272 fecit,
813 1207 938 1262 inde
970 1208 1063 1262 tibi
1094 1208 1342 1275 debetur,
1376 1209 1530 1277 cujus
1561 1217 1613 1263 et
1643 1225 1834 1263 servus
1866 1217 1966 1274 est,
2001 1216 2056 1264 et

458 1295 705 1352 fortassis
734 1296 960 1366 pecunia
992 1296 1108 1350 fuit.
1147 1297 1317 1363 Quem
1365 1295 1684 1351 Onesimum
1727 1298 1921 1352 remisi
1952 1297 2054 1352 tibi

456 1401 580 1440 cum
602 1385 701 1439 hac
718 1383 980 1455 Epistola.
1015 1387 1090 1440 Tu
1119 1389 1314 1440 autem
1344 1387 1563 1457 suscipe
1591 1402 1718 1440 eum
1749 1387 1896 1440 sicut
1925 1401 2053 1440 mea

456 1473 690 1538 viscera,
724 1472 779 1526 id
808 1479 891 1526 est
933 1472 1072 1526 scito
1101 1473 1246 1527 hunc
1292 1489 1414 1527 esse
1445 1473 1498 1526 in
1529 1472 1832 1528 visceribus
1880 1472 2042 1526 meis.

455 1559 636 1628 Quare
667 1560 712 1614 si
762 1561 906 1615 hunc
948 1576 1055 1615 non
1105 1559 1359 1630 suscipis,
1405 1575 1527 1614 mea
1574 1560 1789 1615 viscera
1837 1559 2048 1628 abjicis.

458 1650 629 1716 Quem
660 1647 978 1703 Onesimum
1011 1649 1296 1704 volueram
1329 1649 1582 1704 detinere
1626 1649 1768 1703 mihi
1799 1667 1816 1714 ;
1849 1648 2048 1702 etenim

453 1744 600 1791 esset
619 1736 749 1790 mihi
771 1736 1112 1791 necessarius
1135 1740 1197 1791 ut
1227 1736 1315 1792 hic
1336 1737 1477 1791 mihi
1508 1737 1886 1801 ministraret,
1921 1733 2053 1789 mihi

453 1823 673 1878 detento
701 1825 764 1877 in
793 1823 1038 1878 vinculis
1080 1824 1389 1893 Evangelii,
1444 1823 1497 1876 id
1554 1831 1636 1876 est
1688 1839 1806 1893 quae
1837 1821 2052 1877 vincula

453 1911 647 1981 patior,
698 1918 919 1980 propter
971 1911 1333 1982 Evangelium
1409 1911 1554 1982 quod
1601 1909 1879 1980 praedico;
1925 1926 2045 1980 quae

451 1997 776 2052 ministratio
807 2005 952 2052 esset
997 2014 1099 2070 pro
1132 2003 1202 2066 te,
1236 1997 1290 2051 id
1321 2006 1402 2052 est
1447 2014 1548 2068 pro
1579 2006 1672 2051 tua
1711 1997 1956 2052 utilitate.
1990 1997 2048 2051 Si

451 2085 596 2140 enim
653 2085 743 2140 hic
797 2101 986 2140 servus
1036 2093 1156 2139 tuus
1212 2086 1465 2156 demptus
1511 2085 1643 2140 mihi
1692 2085 2040 2151 ministraret,

451 2173 546 2228 tibi
594 2173 684 2244 qui
731 2173 983 2227 dominus
1032 2189 1152 2227 eras
1198 2174 1508 2228 mercedem
1557 2173 1884 2244 acquireret.
1936 2173 2044 2226 Sed

447 2261 576 2317 licet
605 2261 736 2315 mihi
764 2261 1106 2316 necessarius
1155 2270 1319 2326 esset,
1353 2261 1449 2314 tibi
1481 2269 1682 2328 autem,
1716 2261 1758 2314 si
1791 2260 2043 2330 demptus

445 2349 578 2403 mihi
607 2349 955 2414 ministraret,
990 2348 1157 2414 utilis,
1190 2356 1366 2403 tamen
1407 2349 1554 2403 nihil
1603 2349 1803 2404 horum
1852 2352 2041 2418 facere

446 2438 598 2492 volui
643 2438 767 2492 sine
819 2441 912 2492 tuo
958 2437 1212 2502 consilio,
1247 2437 1372 2490 ideo
1417 2445 1473 2490 ut
1504 2453 1593 2502 ne,
1628 2436 1681 2490 id
1732 2443 1812 2490 est
1843 2444 1899 2489 ut
1930 2451 2039 2490 non

444 2534 590 2580 esset
618 2525 818 2579 bonum
850 2526 954 2580 hoc
983 2533 1130 2578 tuum
1164 2526 1316 2578 velut
1357 2540 1430 2579 ea:
1480 2526 1834 2587 necessitate,
1872 2523 1927 2578 id
1957 2530 2040 2577 est

441 2612 610 2668 velles
639 2612 831 2678 nolles,
865 2614 958 2667 sed
986 2621 1043 2665 ut
1073 2620 1218 2666 esset
1261 2613 1670 2668 voluntarium.
1708 2611 1884 2666 Debes
1913 2627 2038 2665 eum

441 2700 742 2771 suscipere,
758 2700 882 2755 ideo
903 2700 1027 2770 quia
1047 2701 1302 2755 discessit
1331 2699 1404 2754 ad
1421 2701 1617 2756 horam
1640 2718 1674 2754 a
1698 2703 1772 2763 te,
1787 2700 2037 2769 forsitan

443 2797 669 2860 propter
689 2790 792 2844 hoc
821 2793 888 2843 ut
907 2789 1070 2842 modo
1088 2789 1366 2859 reciperes
1395 2804 1524 2842 eum
1553 2792 1854 2850 teter-num,
1878 2786 1934 2840 id
1956 2794 2039 2840 est

438 2884 703 2948 perpetuo
749 2885 1056 2931 manentem
1104 2883 1301 2932 tecum.
1337 2875 1392 2930 Si
1423 2875 1567 2930 enim
1617 2875 1670 2928 in
1719 2874 2037 2929 infidelitate

437 2965 742 3036 perdurans
788 2963 1106 3034 conspectui
1149 2972 1242 3018 tuo
1289 2978 1506 3033 semper
1554 2970 1778 3024 astaret,
1819 2961 1873 3015 in
1931 2961 2036 3016 hoc

438 3052 638 3107 saeculo
671 3052 840 3122 (quod
868 3067 1055 3122 parum
1087 3053 1190 3122 est)
1222 3058 1402 3106 tecum
1434 3057 1597 3114 esset,
1635 3049 1761 3120 quia
1790 3057 2035 3103 mortuus

437 3155 560 3195 cum
603 3139 782 3209 impiis
829 3139 1200 3208 deputaretur,
1244 3145 1303 3192 tu
1353 3153 1481 3192 vero
1529 3153 1654 3193 cum
1694 3137 1856 3206 justis
1889 3154 1900 3190 :
1934 3136 2030 3191 sed

2069 1870 2120 1929 B

2158 594 2404 664 profecto
2435 612 2535 650 nec
2581 597 2753 651 Deum
2785 598 2967 670 diligis
3005 617 3018 652 :
3049 606 3101 653 et
3131 615 3238 654 non
3286 599 3535 672 diligenti
3579 603 3748 657 Deum

2157 698 2266 736 non
2325 691 2406 737 est
2463 685 2712 739 habenda
2755 685 2862 739 ulla
2910 687 3240 742 communio.
3301 689 3461 743 Modo
3509 689 3751 744 fortassis

2157 770 2362 825 diceret
2419 771 2508 826 ille
2543 790 2555 826 :
2590 773 2797 826 Reddat
2845 790 2966 844 qua:
3011 775 3249 841 abstulit,
3311 784 3362 831 et
3409 793 3514 847 ego
3573 777 3750 831 indul-

2156 875 2316 930 geam
2364 860 2487 930 ipsi.
2540 862 2683 916 Bene
2731 861 2876 917 enim
2917 863 3122 931 justum
3189 873 3270 919 est
3312 863 3603 931 dimittere,
3655 866 3750 921 sed

2154 948 2434 1018 pecuniam
2468 957 2718 1019 repetere
2750 950 2945 1023 religio
2985 952 3288 1006 Christiana
3318 969 3427 1007 non
3474 954 3744 1024 prohibet.

2155 1036 2352 1090 Contra
2380 1037 2484 1092 hoc
2511 1037 2704 1092 Paulus
2729 1055 2742 1091 :
2767 1039 2997 1111 Suscipe
3022 1041 3211 1095 illum.
3245 1041 3303 1096 Si
3332 1046 3522 1097 autem
3555 1043 3750 1098 nocuit

2155 1125 2255 1178 tibi
2285 1125 2519 1196 aliquid,
2543 1125 2898 1181 subducendo
2916 1144 2974 1180 se
2993 1127 3107 1193 tibi,
3131 1133 3233 1183 aut
3265 1129 3311 1182 si
3335 1129 3491 1185 debet
3521 1129 3745 1201 aliquid,

2155 1211 2319 1282 quod,
2347 1221 2400 1266 te
2428 1213 2632 1281 nescio,
2654 1215 2971 1283 asportavit,
2996 1215 3118 1270 ideo
3139 1231 3247 1270 non
3278 1217 3455 1270 minus
3484 1218 3748 1272 miserea-

2152 1298 2225 1350 ris
2257 1298 2307 1352 ei
2341 1317 2353 1364 ;
2380 1301 2475 1354 sed
2508 1301 2607 1356 hoc
2630 1308 2797 1355 totum
2829 1304 3050 1374 imputa
3084 1304 3410 1375 mihi,quasi
3433 1320 3536 1375 ego
3557 1305 3746 1359 horum

2151 1386 2365 1440 debitor
2393 1388 2514 1440 sim.
2550 1389 2615 1442 Et
2647 1389 2778 1442 mihi
2806 1406 2939 1444 sane
2985 1390 3245 1460 imputare
3277 1392 3445 1447 debes
3476 1400 3528 1447 et
3558 1399 3736 1462 potes.

2151 1474 2257 1544 Ego
2289 1475 2433 1528 enim
2464 1477 2680 1531 Paulus
2706 1478 2909 1548 scripsi
2949 1494 3075 1532 mea
3105 1496 3282 1535 manu
3313 1498 3333 1535 :
3360 1481 3467 1551 Ego
3515 1481 3742 1536 reddam

2149 1560 2247 1614 tibi
2303 1564 2449 1634 quod
2498 1563 2661 1618 debet
2718 1564 3027 1620 Onesimus.
3061 1567 3188 1621 Ideo
3235 1568 3308 1621 ait
3336 1584 3461 1622 mea
3518 1585 3746 1635 manu;

2150 1651 2387 1718 ponebat
2432 1651 2576 1705 enim
2625 1653 2871 1722 qumdam
2918 1653 3074 1726 signa
3120 1654 3171 1708 in
3219 1655 3475 1726 Epistolis
3523 1656 3655 1720 suis,
3689 1664 3749 1710 ut

2149 1749 2276 1787 suas
2308 1750 2430 1789 esse
2459 1751 2619 1789 nemo
2659 1736 2927 1790 dubitaret
2974 1737 3062 1807 qui
3108 1738 3267 1810 signa
3313 1739 3536 1794 videret.
3585 1738 3745 1807 Quod

2150 1821 2239 1876 ille
2265 1823 2429 1876 debet
2458 1840 2526 1877 ne
2560 1839 2756 1878 renuas
2787 1825 3056 1895 imputare
3103 1826 3234 1880 mihi
3267 1844 3280 1880 :
3315 1831 3379 1881 ut
3409 1843 3524 1883 non
3555 1828 3744 1882 dicam

2151 1910 2250 1964 tibi
2276 1910 2520 1965 indurato
2539 1919 2593 1965 et
2613 1911 2901 1984 indulgere
2923 1913 3147 1979 nolenti,
3173 1915 3314 1986 quod
3334 1922 3388 1968 tu
3409 1915 3568 1970 debes
3595 1915 3744 1970 mihi

2147 2013 2255 2050 non
2285 1999 2384 2052 hoc
2414 1998 2606 2068 solum,
2633 1999 2729 2054 sed
2761 2000 2922 2054 etiam
2955 2004 3220 2073 teipsum.
3256 2001 3452 2056 Paulus
3466 2003 3554 2072 jus
3575 2003 3742 2058 habe-

2146 2084 2237 2138 bat
2284 2102 2450 2156 super
2498 2103 2613 2151 eos,
2647 2095 2699 2141 et
2729 2087 2782 2141 in
2832 2088 2994 2142 rebus
3045 2105 3234 2143 eorum
3278 2105 3415 2160 quos
3461 2091 3529 2143 ad
3577 2089 3738 2144 ﬁdem

2145 2177 2501 2224 converterat.
2537 2171 2604 2225 Ut
2634 2171 2978 2243 negationem
3029 2172 3322 2227 obtendere
3357 2172 3598 2228 356
3629 2189 3741 2228 non

2144 2257 2357 2321 audeat,
2430 2258 2706 2328 subjungit
2780 2259 3193 2327 adjurationem,
3267 2261 3455 2316 dicens
3490 2279 3503 2314 :
3537 2263 3739 2317 Frater

2142 2344 2423 2398 Philemon
2454 2349 2535 2400 ita
2567 2363 2662 2416 ego
2709 2350 2876 2417 fruar
2907 2352 2960 2402 te
2992 2350 3054 2402 in
3085 2350 3335 2414 Domino,
3371 2349 3417 2402 si
3445 2348 3735 2404 indulseris

2142 2431 2423 2497 Onesimo,
2444 2442 2500 2486 ut
2515 2443 2594 2488 est
2613 2434 2744 2488 illud
2760 2435 2964 2489 Horatii
2982 2438 3057 2503 (3,
3076 2436 3128 2506 1)
3150 2452 3161 2490 :
3180 2437 3268 2492 Sic
3292 2441 3344 2491 te
3365 2437 3489 2492 diva
3507 2441 3734 2508 potens,

2141 2527 2245 2573 etc.
2280 2523 2345 2574 Et
2372 2521 2496 2576 ideo
2528 2524 2691 2590 reﬁce
2722 2525 2934 2579 viscera
2963 2541 3109 2588 mea,
3133 2525 3186 2578 id
3216 2532 3296 2578 est
3319 2524 3636 2579 Onesimum
3671 2529 3738 2581 in

2143 2608 2359 2665 Christo
2389 2612 2539 2676 Jesu,
2575 2609 2629 2664 id
2661 2618 2742 2664 est
2772 2619 2993 2681 propter
3021 2611 3311 2666 Christum.
3338 2613 3450 2667 Hoc
3479 2621 3554 2678 ut,
3587 2612 3738 2668 scili-

2138 2704 2243 2760 cet,
2264 2697 2476 2752 reficias
2495 2714 2637 2752 eum.
2663 2699 2730 2752 Et
2743 2701 3038 2769 prternissa
3068 2701 3267 2772 scripsi
3299 2701 3419 2763 tibi,
3446 2701 3736 2769 conﬁdens

2137 2783 2201 2837 de
2221 2785 2536 2841 obedientia
2570 2790 2669 2841 tua
2694 2786 2945 2842 :conlido
2965 2786 3111 2841 enim
3148 2795 3198 2841 te
3234 2788 3575 2842 obediturum
3596 2789 3730 2844 mihi

2137 2887 2302 2942 super
2322 2873 2425 2928 his.
2459 2875 2652 2930 Sciens
2681 2874 2841 2929 etiam
2872 2875 3018 2945 quod
3039 2883 3091 2928 tu
3109 2874 3278 2930 facies
3308 2876 3568 2931 Onesimo
3583 2877 3735 2948 quod

2135 2960 2258 3016 dico
2291 2966 2386 3025 ;et
2423 2964 2597 3017 etiam
2626 2979 2793 3034 super
2840 2962 2926 3017 his
2956 2963 3188 3033 postulo,
3224 2963 3349 3034 quia
3397 2979 3506 3018 non
3552 2964 3734 3019 solum

2133 3047 2444 3121 indulgebis
2478 3067 2490 3103 :
2526 3050 2624 3104 sed
2671 3050 2878 3104 reddita
2907 3051 3009 3120 ipsi
3053 3051 3230 3123 gratia
3276 3060 3367 3106 tua
3415 3052 3484 3121 (si
3532 3053 3734 3123 quibus

2132 3135 2400 3208 indigeat)
2429 3137 2781 3192 ministrabis.
2813 3138 2902 3194 Sic
2932 3138 3116 3193 facias.
3148 3140 3330 3195 Simul
3379 3141 3553 3195 etiam
3601 3156 3733 3196 cum

437 3227 603 3282 modo
633 3226 757 3298 quia
786 3225 961 3281 fidelis
991 3235 1091 3288 est.
1121 3234 1174 3281 et
1204 3241 1346 3280 nunc
1377 3234 1431 3280 et
1459 3225 1512 3278 in
1541 3225 1722 3279 futuro
1744 3234 1920 3280 tecum
1948 3220 2097 3280 estC
2126 3223 2245 3278 istis
2266 3225 2552 3290 mandatis,
2577 3243 2722 3297 para
2749 3227 2893 3281 mihi
2923 3226 3252 3297 hospitium.
3277 3228 3418 3282 Nam
3445 3244 3604 3298 spero
3634 3245 3731 3284 me

435 3330 848 3386 permansurus,
880 3314 1003 3369 ideo
1051 3314 1125 3368 ait
1153 3315 1425 3384 forsitan,
1460 3314 1584 3384 quia
1613 3313 1898 3384 dispositio
1928 3313 2028 3367 Dei

434 3403 641 3458 incerta
670 3411 751 3458 est
778 3402 1108 3458 hominibus.
1144 3403 1207 3456 Et
1229 3403 1356 3471 jam
1384 3401 1617 3471 amplius
1664 3419 1778 3456 non
1825 3401 2026 3455 habeas

435 3508 559 3546 eum
581 3500 638 3546 ut
667 3508 890 3548 servum
911 3490 1274 3556 solummodo,
1299 3490 1391 3545 sed
1421 3489 1628 3544 habeas
1658 3505 1782 3544 eum
1810 3489 2026 3544 charis-

430 3581 639 3636 simam
670 3583 912 3650 fratrem
943 3579 1006 3633 in
1034 3579 1271 3634 Domino
1296 3594 1399 3650 pro
1431 3593 1603 3641 servo,
1632 3578 1686 3631 id
1716 3585 1798 3632 est
1830 3577 1882 3630 in
1903 3577 2025 3631 loco

432 3669 595 3724 servi.
657 3668 753 3723 Vel
810 3667 954 3739 quod
1003 3666 1204 3720 habere
1247 3665 1454 3720 scilicet
1503 3674 1558 3719 ut
1604 3664 1844 3732 fratrem,
1901 3664 2025 3735 plus

431 3772 614 3822 servo,
645 3756 700 3810 id
742 3763 826 3810 est
871 3770 1036 3826 quam
1085 3754 1308 3808 haberet
1353 3770 1569 3808 servum
1618 3752 2022 3819 charissimum,

428 3843 562 3898 mihi
615 3859 717 3914 pro
773 3850 925 3899 certo
972 3841 1372 3898 charissimum.
1423 3841 1563 3909 Quia
1611 3841 1657 3895 si
1705 3840 1835 3895 mihi
1885 3841 2024 3894 adeo

430 3933 629 3987 charus
675 3939 776 3996 est,
829 3930 913 3986 cui
960 3937 1162 3984 tantum
1210 3929 1264 3983 in
1312 3930 1426 3984 Deo
1472 3928 1640 3983 frater
1668 3937 1768 3993 est,
1817 3935 2020 3998 quanto

425 4019 601 4092 magis
657 4026 841 4073 autem
894 4017 986 4072 tibi
1034 4018 1229 4074 charus
1277 4033 1400 4072 esse
1450 4017 1630 4082 debet,
1665 4023 1717 4070 et
1764 4015 1818 4069 in
1859 4030 2021 4071 carne

425 4107 728 4162 secundum
769 4121 932 4178 quam
981 4122 1174 4161 servus
1205 4113 1306 4169 est,
1341 4111 1393 4159 et
1419 4104 1474 4158 in
1520 4103 1772 4170 Domino,
1807 4102 1862 4156 in
1911 4118 2019 4174 quo

424 4193 519 4250 tibi
548 4194 718 4250 frater
745 4202 847 4250 est.
868 4192 1325 4272 Quandoquidem
1355 4193 1490 4248 adeo
1513 4193 1713 4247 charus
1744 4198 1825 4246 est
1854 4192 2015 4259 mihi,

424 4299 560 4354 ergo
617 4283 832 4354 suscipe
888 4283 1040 4337 illum
1095 4282 1235 4337 sicut
1280 4297 1389 4346 me,
1435 4281 1481 4334 si
1539 4279 1618 4335 vis
1665 4279 1870 4334 habere
1929 4293 2017 4332 me

2129 3313 2330 3368 donari
2361 3315 2509 3368 vobis
2549 3330 2652 3385 per
2699 3315 2980 3370 orationes
3025 3319 3259 3370 vestras.
3295 3316 3399 3370 Per
3427 3316 3530 3370 hoc
3559 3316 3733 3371 etiam

2129 3401 2274 3472 quod
2303 3417 2363 3455 se
2393 3402 2751 3456 adventurum
2782 3401 2932 3467 dicit,
2967 3401 3338 3457 Philemonem
3367 3403 3434 3457 ad
3465 3405 3731 3458 miseran-

2127 3489 2256 3542 dum
2287 3504 2444 3543 servo
2473 3489 2698 3543 inducit.
2735 3489 2791 3543 Si
2821 3489 2963 3543 enim
2993 3489 3287 3559 Apostolus
3309 3490 3534 3545 veniens
3563 3491 3728 3546 inve-

2125 3577 2265 3631 niret
2293 3577 2569 3631 dominum
2599 3577 3105 3642 immisericordem,
3141 3577 3384 3632 severius
3421 3578 3728 3648 corriperet

2127 3681 2271 3720 eum.
2309 3665 2535 3719 Salutat
2571 3668 2625 3719 te
2647 3664 2936 3736 Epaphras
2965 3667 3027 3719 in
3051 3664 3269 3720 Christo
3295 3667 3442 3722 Jes—u.
3469 3666 3564 3721 Vel
3586 3683 3728 3721 con-

2126 3753 2384 3826 captivus
2410 3769 2569 3808 meus
2583 3751 2653 3805 in
2674 3752 2887 3808 Christo
2907 3753 2934 3805 J
2941 3769 3035 3807 esu
3057 3767 3068 3806 :
3094 3752 3185 3824 qui
3207 3762 3430 3824 pr0pter
3445 3754 3727 3809 Christum

2123 3841 2312 3895 Iesum
2365 3840 2728 3910 captivitatem
2785 3857 2997 3896 mecum
3070 3841 3288 3910 patitur.
3369 3842 3611 3896 Salutant
3669 3851 3729 3898 te

2123 3930 2284 3984 etiam
2323 3929 2554 3996 Marcus,
2576 3929 2956 3995 Aristarchus,
2973 3931 3193 3993 Demas,
3210 3931 3408 3998 Lucas,
3431 3930 3730 3996 adjutores

2120 4018 2252 4072 mei.
2283 4017 2476 4072 Gratia
2503 4017 2729 4071 Domini
2755 4017 2939 4071 nostri
2953 4017 3084 4072 Jesu
3107 4016 3315 4072 Christi
3353 4018 3576 4073 sitcum
3595 4019 3724 4090 spi-

2121 4107 2242 4161 ritu
2254 4104 2513 4167 vestro,id
2527 4112 2607 4158 est
2621 4120 2744 4159 cum
2757 4104 3069 4159 Philemone
3086 4112 3138 4158 et
3151 4104 3265 4172 ejus
3277 4103 3498 4159 familia.
3517 4107 3724 4162 Amen.

2121 4194 2269 4249 Sicut
2316 4193 2369 4246 in
2418 4192 2702 4262 principio,
2737 4193 2819 4247 sic
2866 4193 2921 4246 in
2969 4192 3076 4247 fine
3123 4208 3313 4246 omnes
3358 4193 3627 4261 salutavit,
3663 4203 3729 4249 ut

2119 4275 2361 4330 omnium
2392 4274 2712 4330 affectiones
2742 4274 2885 4330 circa
2914 4274 3232 4330 Onesimum
3259 4274 3550 4347 mitigaret.

423 4417 3723 4453 ω

1277 4526 1769 4583 ARGUMENTUM
1807 4525 1880 4580 IN
1915 4523 2312 4580 EPISTOLAM
2349 4523 2443 4577 AD
2483 4519 2847 4578 HEBREOS.

489 4657 548 4712 In
578 4656 767 4727 primis
799 4653 1089 4711 dicendum
1119 4660 1203 4707 est
1231 4667 1330 4706 cur
1355 4649 1632 4774 apostolus
1661 4649 1860 4704 Paulus
1889 4648 1944 4702 in
1974 4649 2083 4728 hac
2121 4647 2366 4728 Epistola
2396 4645 2688 4702 scribenda
2727 4661 2834 4700 non
2864 4625 3160 4701 servaverit
3186 4661 3396 4726 morem
3445 4661 3627 4727 suum,
3660 4652 3726 4700 ut

490 4729 503 4774 1
551 4727 871 4774 vocabulum
906 4723 1139 4774 nominis
1169 4722 1270 4774 sui.
1318 4737 1383 4774 ve
1433 4721 1636 4774 ordinis
1666 4719 2005 4774 describeret
2031 4719 2370 4774 dignitatern.
2403 4717 2531 4771 Haec
2552 4732 2717 4771 causa
2743 4724 2826 4770 est
2855 4717 3000 4774 quod
3026 4717 3096 4770 ad
3125 4731 3220 4771 eos
3246 4717 3494 4771 scribens
3528 4734 3620 4774 am
3649 4733 3722 4770 ex

417 4729 507 4785 vel
551 4722 872 4783 vocabulum
906 4723 1139 4780 nominis
1169 4722 1270 4788 sui,
1318 4737 1383 4775 ve

1433 4721 1636 4775 ordinis
1666 4719 2005 4775 describeret
2031 4717 2370 4789 dignitatern.
2403 4717 2531 4771 Haec
2552 4732 2717 4771 causa
2743 4724 2826 4789 est
2855 4717 3000 4787 quod
3026 4717 3096 4770 ad
3125 4731 3220 4771 eos
3246 4717 3494 4771 scribens
3528 4717 3620 4789 qui
3649 4733 3722 4770 ex

416 4797 828 4855 circumcisione
856 4795 1218 4866 crediderant,
1253 4785 1408 4866 quasi
1438 4791 1678 4863 gentium
1726 4785 2661 4866 ap_ostolus_et:non_Hebraeorum.:
2695 4785 2887 4866 sciens
2921 4802 3134 4866 quoque
3161 4803 3349 4866 eorum
3381 4785 3720 4866 superbiam,

415 4884 677 4939 suamque
706 4867 1061 4922 humilitatem
1093 4865 1149 4988 ig

415 4955 514 4988 nes
543 4939 817 4988 amstolus
845 4944 1067 4988 nronter

415 4955 514 4994 nes
543 4939 817 5009 apostolus
845 4944 1067 5007 propter

1151 4856 1213 4918 se
1239 4856 1640 4927 demonstrans,
1672 4856 1922 4914 meritum
1952 4857 2115 4914 ofﬁcii
2160 4859 2241 4913 sui
2271 4857 2440 4911 noluit
2469 4856 2761 4911 anteferre.
2794 4856 3123 4911 Nam‘sim’ili
3152 4857 3315 4912 modo
3346 4856 3510 4911 etiam
3538 4859 3722 4911 Joan-

1151 4933 1466 4987 umilitatem
1494 4931 1551 4984 in
1581 4930 1823 5002 Epistola
1853 4945 1969 5002 sua
2011 4944 2411 5002 nomensuum
2456 4927 2669 5002 eadem
2691 4927 2920 5002 ratione
2944 4943 3051 4982 non
3095 4928 3350 4998 praetulit.
3401 4929 3549 5002 lianc
3577 4942 3720 4999 ergo

411 4997 716 5080 Epistolam
743 4997 917 5063 fertur
947 4997 1237 5080 Apostolus
1264 5003 1332 5056 ad
1362 4997 2016 5080 Hebraeos'conscriptam
2047 4999 2312 5080 liebraica
2339 4997 2523 5068 lingua
2552 4997 2765 5052 misisse
2791 5017 2804 5063 ;
2837 4997 2992 5078 cujus
3017 4997 3237 5080 sensum
3267 5005 3321 5052 et
3351 4997 3602 5053 ordinem
3623 4997 3720 5053 re-

412 5067 592 5136 tinens
622 5079 798 5136 Lucas
827 5067 1182 5148 evangelista,
1215 5081 1338 5144 post
1367 5088 1651 5128 excessum
1680 5067 1911 5143 apostoli
1941 5069 2094 5125 Pauli
2123 5069 2318 5126 Graeco
2348 5067 2600 5124 sermone
2631 5069 3007 5139 composuisse
3037 5067 3258 5123 dicitur.

417 5210 3713 5238 Μ

1264 5315 1710 5380 PROLOGUS
1751 5316 1827 5379 B.
1872 5311 2295 5377 BRUNONIS
2336 5311 2420 5373 IN
2462 5311 2836 5373 EAMDEM.

477 5454 537 5509 In
563 5453 752 5509 Iudaea
773 5458 926 5506 erant
944 5448 1226 5516 Ecclesiae,
1251 5449 1307 5504 in
1327 5449 1434 5506 fide
1460 5449 1659 5504 Christi
1677 5448 2001 5516 constituta,
2033 5456 2085 5516 1)
2107 5453 2162 5501 et
2203 5445 2273 5500 de
2330 5425 2546 5500 Christo
2589 5443 3036 5514 incarnationem,
3085 5452 3335 5512 mortem,
3369 5451 3422 5499 et
3451 5459 3714 5500 resurre-

405 5539 603 5611 quibus
633 5545 686 5592 et
714 5538 832 5606 ipse
862 5534 1108 5590 Christus
1156 5535 1542 5606 praedicaverat
1576 5549 1588 5588 :
1623 5541 1676 5589 et
1718 5549 1815 5604 per
1860 5548 1999 5603 apo-

403 5626 664 5681 stolorum
693 5622 997 5678 doctrinam
1027 5623 1162 5692 ejus,
1197 5631 1250 5678 et
1280 5623 1476 5694 quibus
1503 5621 1812 5678 ascendens
1849 5621 2004 5675 insti-

399 5713 633 5770 tuendas
677 5711 953 5768 Ecclesias
1002 5713 1370 5780 commiserat,
1424 5711 1587 5769 fidem
1627 5717 2000 5782 susceperant,

2101 5534 2355 5599 ctionem,
2389 5540 2441 5588 et
2472 5540 2668 5588 caetera
2711 5533 2851 5588 bene
2899 5532 3232 5599 credebant;
3263 5532 3363 5587 sed
3392 5532 3448 5586 in
3477 5548 3544 5587 eo
3581 5533 3714 5603 plu-

2102 5622 2301 5676 rimum
2349 5620 2622 5686 errabant,
2653 5621 2800 5692 quod
2831 5620 3323 5687 circumcisionem,
3359 5627 3414 5675 et
3452 5621 3714 5692 quedam

2105 5709 2310 5781 legalia
2360 5708 2759 5775 observabant;
2790 5709 3080 5764 credentes
3130 5709 3248 5764 sine
3299 5708 3382 5762 his
3428 5709 3714 5764 neminem
