3928 6416
194 335 302 394 489

887 340 1270 399 EXPOSITIO
1308 340 1383 398 IN
1420 336 1804 399 EPISTOLAS
1843 338 2067 398 PAULI.
2098 372 2168 382 —
2199 338 2274 398 IN
2301 340 2518 398 EPIST.
2564 343 2659 398 AD
2704 335 2861 399 ΗΕΒ.

3430 343 3533 400 490

203 482 372 536 posse
401 466 646 534 salvari,
681 475 736 522 et
773 467 827 522 in
865 468 969 524 hoc
1013 469 1368 523 detrahentes
1412 468 1722 524 eminentiae
1769 468 1902 528 etA
1998 468 2127 524 Ideo
2183 469 2348 523 etiam
2399 470 2514 524 haec
2556 469 2772 526 reticuit
2820 469 2943 542 quia
2993 485 3192 524 exosus
3232 477 3352 526 erat
3400 470 3532 537 illis,

208 555 336 610 ﬁdei
367 557 598 612 Christi.
637 558 708 612 Et
737 574 902 628 super
931 559 1034 613 hoc
1065 559 1263 613 multas
1293 558 1618 613 verisimiles
1645 558 1826 612 addu-

211 646 407 700 cebant
430 646 698 712 rationes,
719 647 925 702 scilicet
945 647 1093 718 quod
1112 648 1356 702 Christus
1382 649 1483 701 sub
1499 647 1624 720 lege
1642 655 1822 714 natus,

212 736 394 807 legem
429 753 529 806 per
557 737 746 791 omnia
773 737 1142 802 observasset,
1175 745 1228 792 et
1260 737 1304 792 si
1339 737 1558 808 quando
1587 737 1656 792 de
1675 737 1826 791 solu-

213 825 363 880 tione
384 825 527 899 legis
548 826 915 890 incusaretur,
940 826 1198 880 reddebat
1222 826 1462 881 rationes
1481 827 1624 897 quod
1644 827 1824 897 legem

211 915 274 969 in
330 915 482 970 nullo
531 915 800 978 solveret,
851 923 909 968 ut
947 915 1042 979 ibi,
1086 916 1306 986 quando
1356 924 1729 986 opposuerunt
1775 915 1826 970 ei

215 1005 344 1076 quia
383 1005 439 1058 in
488 1004 729 1059 Sabbato
757 1012 973 1060 curaret
1015 1020 1123 1059 non
1159 1005 1456 1060 observare
1504 1005 1821 1070 Sabbatum,

217 1093 462 1149 reddidit
481 1093 745 1148 rationem
780 1101 832 1148 et
860 1093 936 1148 ait
969 1109 980 1147 :
1013 1095 1073 1148 Si
1105 1109 1195 1149 vos
1234 1095 1295 1148 in
1336 1094 1424 1149 die
1461 1095 1688 1150 Sabbati
1735 1095 1826 1150 b0-

216 1199 344 1238 vem
365 1184 451 1238 vel
472 1185 702 1238 asinum
733 1184 1012 1238 solventes
1060 1183 1409 1254 adaquatum
1449 1183 1659 1238 ducitis
1699 1186 1824 1239 sine

213 1273 666 1343 transgressione
707 1273 864 1343 legis,
911 1273 1179 1344 quomodo
1211 1288 1304 1344 ego
1341 1273 1601 1329 solvendo
1639 1274 1823 1329 homi-

215 1379 355 1416 nem
407 1378 443 1416 a
481 1360 758 1417 daemonio
806 1363 981 1432 legem
1029 1362 1462 1433 transgredior?
1491 1363 1650 1430 (Luc.
1695 1377 1818 1426 xm,

217 1454 335 1521 15.)
364 1451 488 1505 Non
530 1451 886 1505 recordantes
928 1451 1075 1523 quod
1123 1441 1368 1505 Christus
1400 1449 1566 1506 linem
1609 1451 1684 1505 illi
1713 1451 1823 1522 legi

214 1539 511 1610 posuisset,
542 1539 669 1594 dum
700 1547 856 1595 vetus
888 1540 1092 1594 Pascha
1121 1539 1438 1605 celebravit,
1459 1547 1512 1595 et
1541 1540 1618 1594 illi
1650 1541 1821 1596 veteri

213 1644 345 1683 mox
395 1644 595 1684 novum
655 1629 864 1684 Pascha
923 1631 1146 1698 (novum
1203 1629 1411 1685 scilicet
1468 1628 1818 1700 sacrificium)

215 1719 580 1784 consecravit,
644 1719 862 1774 tradens
919 1734 1116 1789 corpus
1172 1727 1225 1774 et
1277 1719 1601 1790 sanguinem
1661 1735 1818 1774 suum

212 1807 479 1878 apostolis
509 1808 622 1862 suis
646 1826 661 1873 ;
696 1808 991 1863 ostendens
1021 1807 1284 1880 quidquid
1311 1817 1668 1878 praecesserat
1690 1825 1815 1863 um-

213 1897 366 1951 bram
399 1896 584 1960 fuisse,
615 1913 759 1952 nunc
800 1905 979 1953 autem
1028 1897 1260 1967 primum
1290 1897 1574 1952 veritatem
1611 1914 1670 1953 se
1700 1906 1815 1952 tra-

210 1986 375 2041 dere.
417 1987 646 2057 Pr0pter
690 1987 795 2042 hoc
845 1986 973 2058 quia
1021 1987 1294 2042 Christum
1342 1986 1520 2059 legem
1568 1987 1817 2042 viderant

209 2076 558 2142 observasse,
584 2076 715 2147 quia
735 2075 932 2130 iterum
964 2077 1155 2131 Petrus
1185 2083 1239 2131 et
1269 2075 1380 2142 alii,
1415 2076 1507 2147 qui
1550 2077 1816 2146 praedica-

208 2173 407 2220 verant
434 2164 639 2219 Iudaeis
668 2181 700 2218 a
731 2164 1148 2220 circumcisione
1193 2173 1245 2220 et
1274 2165 1589 2232 huiusmodi
1619 2165 1811 2238 legali-

206 2254 335 2322 bus,
368 2271 476 2310 non
526 2270 622 2309 eos
669 2262 965 2325 coegerant
1008 2254 1290 2320 recedere,
1342 2255 1594 2310 timentes
1640 2255 1816 2325 impa-

209 2342 458 2398 tientiam
487 2358 678 2398 eorum
711 2339 838 2413 quia
879 2343 1068 2398 mallet
1095 2359 1315 2398 omnem
1348 2342 1510 2398 fidem
1540 2344 1817 2411 deserere,

207 2448 370 2503 quam
420 2432 656 2488 35⁵7
707 2433 791 2486 his
834 2432 887 2486 in
927 2432 1124 2503 quibus
1171 2441 1569 2488 consueverant
1608 2449 1816 2488 renun-

205 2521 370 2576 tiare.
405 2521 659 2576 Sciebant
689 2522 833 2576 enim
867 2523 1056 2577 Petrus
1094 2530 1148 2576 et
1178 2522 1270 2576 alii
1299 2522 1443 2592 quod
1480 2522 1559 2577 sic
1608 2522 1816 2577 enutri-

204 2619 325 2665 rent
351 2626 448 2664 eos
480 2610 534 2664 in
565 2609 812 2680 pueritia,
852 2625 960 2665 non
991 2627 1155 2680 posse
1191 2627 1288 2666 eos
1309 2611 1467 2666 aliter
1482 2611 1705 2681 perduci
1747 2612 1819 2666 ad

202 2699 519 2754 virilitatem
548 2699 919 2770 perfectionis.
970 2700 1202 2770 Propter
1247 2701 1369 2766 hoc,
1417 2701 1675 2772 inquam,
1715 2700 1820 2756 cir-

205 2788 599 2845 cumcisionem
630 2805 755 2844 cum
796 2788 904 2844 fide
948 2789 1149 2843 Christi
1191 2790 1486 2856 tenebant;
1528 2790 1626 2844 sed
1672 2790 1817 2844 Pau-

202 2877 291 2932 lus
349 2877 541 2932 videns
599 2878 882 2932 Christum
932 2878 1174 2933 inutilem
1232 2879 1339 2932 illis
1378 2895 1533 2947 esse,
1578 2879 1817 2950 quandiu

203 2968 384 3040 legem
404 2983 527 3023 cum
561 2965 666 3022 ﬁde
697 2975 966 3032 tenerent,
993 2967 1145 3036 juxta
1176 2967 1310 3022 illud
1353 2968 1498 3040 quod
1543 2969 1613 3022 ad
1653 2967 1816 3024 Gala-

201 3064 281 3111 tas
309 3057 429 3111 ait:
482 3079 505 3105 ι
549 3056 606 3112 Si
632 3056 1122 3123 circumcidamini,
1179 3056 1428 3111 Christus
1477 3057 1636 3113 vobis
1681 3057 1816 3112 nihil

199 3146 443 3218 proderit
472 3147 625 3218 (Gal.
657 3161 712 3210 ν,
746 3149 824 3214 2),
857 3170 880 3194 ιι
905 3162 971 3200 ex
1001 3147 1470 3216 superabundanti
1517 3148 1660 3202 hanc
1707 3147 1815 3201 illis

1930 567 2220 628 propterea
2260 559 2386 630 quia
2418 559 2597 628 legem
2644 560 3099 630 persequebatur,
3134 568 3187 614 et
3212 559 3412 632 ubique
3442 561 3540 616 de-

1927 647 2188 702 struebat.
2225 648 2380 702 Unde
2410 649 2610 717 saepius
2639 649 3023 704 incusaverunt
3059 665 3205 710 eum,
3244 649 3537 719 imponen-

1926 743 2009 790 tes
2041 737 2090 790 ei
2118 737 2263 808 quod
2286 737 2466 809 legem
2497 753 2529 791 a
2561 739 2676 792 Deo
2707 753 2814 794 non
2845 754 2968 793 esse
2990 738 3169 793 datam
3220 738 3449 806 diceret,
3483 746 3537 793 et

1925 825 2075 879 omni
2106 833 2347 896 tempore
2380 825 2548 880 fuisse
2579 827 2845 881 inutilem.
2881 826 3062 895 Quare
3094 835 3150 881 ut
3184 844 3243 882 se
3273 837 3535 901 purgaret

1926 914 2150 981 abistis,
2176 915 2416 981 oportuit
2447 932 2571 970 eum
2600 915 2655 969 in
2686 916 3027 971 Hierusalem
3060 917 3363 972 secundum
3401 918 3532 972 ritus

1922 1004 2235 1058 Judaeorum
2301 1003 2594 1074 puriticare
2652 1013 2704 1059 et
2759 1004 3104 1075 puriticatum
3166 1006 3220 1058 in
3270 1007 3530 1077 templum

1923 1094 2224 1148 ascendere
2273 1095 2421 1162 (Act.
2454 1109 2578 1158 XXI,
2612 1098 2718 1161 26;
2750 1109 2911 1159 xxxv,
2951 1096 3057 1164 l8),
3109 1103 3161 1149 et
3189 1095 3532 1151 Timotheum

1924 1182 2253 1253 discipulum
2302 1183 2699 1238 circumcidere
2749 1186 2894 1254 (Act.
2947 1199 3066 1249 xw,
3110 1185 3186 1254 3).
3221 1185 3276 1238 Si
3323 1193 3527 1254 autem,

1924 1286 2049 1326 cum
2079 1281 2135 1325 ut
2166 1281 2576 1341 persecutorem
2610 1272 2748 1343 legis
2780 1289 2892 1326 suae
2921 1289 3043 1327 eum
3083 1273 3209 1328 odio
3242 1274 3526 1340 haberent,

1925 1361 2214 1432 dignitatis
2272 1378 2383 1415 sua:
2441 1362 2663 1416 nomina
2716 1362 3124 1432 praiposuisset,
3160 1363 3214 1416 in
3263 1362 3529 1434 principio

1923 1450 2331 1520 obstreperent,
2362 1451 2608 1506 dicentes
2638 1467 2740 1506 nec
2769 1451 3098 1506 audiendum
3127 1451 3236 1506 illis
3266 1468 3390 1507 esse
3420 1452 3529 1506 ini-

1921 1539 2121 1594 micum
2154 1556 2330 1608 suum,
2364 1540 2528 1594 etiam
2575 1540 2619 1594 si
2656 1541 2956 1596 secundum
3004 1540 3270 1596 rationem
3323 1542 3528 1597 suade-

1921 1637 2022 1683 ret.
2058 1629 2288 1698 Propter
2317 1630 2433 1684 htec
2483 1630 2776 1684 devitanda
2817 1630 3099 1702 dignitatis
3148 1647 3260 1686 suae
3290 1631 3528 1686 mentio-

1920 1734 2046 1772 nem
2070 1733 2176 1772 non
2207 1717 2352 1774 fecit.
2380 1717 2550 1786 Quasi
2580 1718 2824 1773 diceret:
2857 1719 3023 1773 Nulla
3069 1735 3194 1775 mea
3226 1720 3525 1775 auctoritas

1919 1822 2018 1862 vos
2048 1807 2340 1876 compellit,
2369 1807 2466 1862 sed
2497 1807 2757 1862 attendite
2778 1807 3129 1863 auctoritates
3157 1807 3300 1881 legis
3329 1818 3527 1864 vestrae

1919 1904 1972 1950 et
2000 1897 2414 1966 prophetarum,
2448 1905 2499 1951 et
2529 1914 2593 1951 ex
2626 1897 2741 1966 ipsa
2782 1897 2907 1968 lege
2951 1904 3005 1952 et
3034 1897 3315 1968 prophetis
3361 1897 3528 1954 intel-

1918 1983 2100 2056 ligetis
2128 1985 2182 2038 in
2214 1984 2430 2040 Christo
2462 1985 2629 2040 fuisse
2659 1984 2820 2040 tinem
2860 1985 3026 2056 legis.
3084 1988 3152 2041 Et
3183 1986 3309 2058 quia
3336 1987 3392 2041 in
3421 2003 3528 2044 ca:-

1919 2073 2049 2128 teris
2097 2089 2298 2128 nomen
2332 2091 2492 2128 suum
2534 2089 2644 2129 non
2675 2074 2993 2145 praeposuit,
3024 2075 3277 2131 dixerunt
3304 2076 3529 2148 quidam

1918 2163 2060 2218 hanc
2097 2180 2208 2218 non
2238 2180 2361 2218 esse
2397 2163 2580 2229 Pauli;
2615 2163 2712 2218 sed
2759 2164 2851 2218 alii
2897 2164 3178 2232 Bernabze,
3222 2164 3313 2220 alii
3345 2166 3525 2232 Lucae,

1918 2252 2011 2307 alii
2044 2252 2340 2308 Clementis
2373 2269 2496 2308 esse
2527 2253 2802 2308 dicebant.
2855 2254 3052 2309 Contra
3078 2271 3216 2325 quos
3245 2256 3324 2310 sic
3355 2271 3528 2327 argu-

1917 2350 2192 2396 mentatur
2223 2342 2586 2414 Hieronymus
2612 2357 2624 2396 :
2650 2342 2707 2396 Si
2739 2342 2868 2414 quia
2899 2344 3044 2397 Pauli
3075 2344 3294 2399 nomine
3323 2360 3432 2400 non
3453 2344 3526 2400 ti-

1921 2431 2145 2501 tulatur,
2181 2431 2331 2486 Pauli
2375 2448 2483 2486 non
2533 2440 2634 2496 est,
2685 2448 2838 2504 ergo,
2893 2432 3018 2504 quia
3058 2432 3259 2488 nullius
3305 2434 3526 2490 nomine

1920 2521 2176 2587 titulatur,
2209 2521 2277 2574 sit
2307 2521 2535 2575 nullius.
2572 2522 2750 2576 Lucas
2781 2522 2964 2592 utique
2993 2522 3137 2577 hanc
3179 2523 3248 2578 de
3291 2523 3525 2579 Hebraeo

1919 2610 2192 2664 transtulit
2223 2610 2276 2664 in
2309 2610 2581 2665 Graecum.
2622 2611 2681 2664 In
2711 2611 2811 2666 hac
2859 2620 3040 2666 autem
3078 2611 3326 2682 Epistola
3360 2621 3529 2668 mate-

1918 2700 2055 2754 riam
2087 2700 2247 2754 habet
2287 2699 2634 2755 eminentiam
2668 2699 2867 2754 Christi
2899 2708 2950 2754 et
2997 2701 3340 2758 inutilitatem
3381 2701 3525 2776 legis

1918 2789 2280 2859 comprobans
2317 2805 2417 2858 per
2447 2789 2698 2844 eamdem
2723 2788 2902 2861 legem
2921 2791 3283 2860 etprophetas
3305 2807 3525 2846 eorum-

1919 2880 2045 2933 dem
2074 2878 2128 2932 in
2157 2877 2376 2932 Christo
2408 2876 2571 2932 tinem
2601 2878 2856 2932 habuisse
2889 2897 2903 2943 ;
2935 2879 3129 2950 legalia
3158 2897 3278 2951 qua:
3325 2897 3427 2936 nec
3458 2897 3524 2937 eo

1917 2976 2165 3038 tempore
2195 2983 2302 3038 quo
2334 2984 2458 3022 esse
2478 2967 2752 3022 debebant
2769 2967 2928 3022 alicui
2949 2969 3268 3038 proderant,
3292 2970 3397 3024 nisi
3425 2986 3526 3041 per

1918 3056 2083 3112 fidem
2121 3057 2350 3125 venturi,
2400 3057 2497 3111 sed
2544 3056 2792 3111 Christus
2843 3057 2922 3112 sic
2970 3058 3039 3112 ad
3082 3057 3523 3126 justiticationem

1917 3147 2133 3212 sufficit,
2194 3154 2251 3200 ut
2287 3145 2553 3215 adjutorio
2594 3145 2735 3218 legis
2780 3163 2891 3202 non
2929 3147 3193 3219 indigeat,
3245 3157 3295 3203 et
3341 3149 3387 3204 si
3436 3149 3524 3204 lex

195 3207 500 3306 Epistolam
529 3207 768 3306 scripsit,
784 3207 913 3291 [cum
934 3207 1598 3308 tamengentiumtantum
1627 3240 1807 3306 Apos-
1837 3207 1882 3267 Ο
1912 3207 2309 3301 admisceatur,
2355 3207 2522 3290 iidem
2569 3207 2780 3290 irritam
2828 3234 3009 3291 faciat.
3045 3207 3141 3291 ‘Eo
3178 3236 3286 3293 fine
3334 3238 3414 3295 sic
3454 3239 3524 3294 de

195 3324 336 3379 tolus
364 3333 534 3390 esset,
569 3340 748 3397 agens
778 3325 1081 3380 secundum
1111 3324 1256 3396 quod
1289 3325 1359 3381 ad
1389 3326 1666 3382 Romanos
1698 3325 1805 3380 ait:

195 3433 218 3462 ι
248 3412 641 3470 Honoriﬁcabo
676 3413 1040 3468 ministerium
1079 3430 1291 3476 meum,
1341 3413 1388 3468 si
1430 3415 1706 3485 quomodo
1736 3414 1806 3470 ad

187 3503 592 3559 aemulationem
641 3518 938 3574 provocem
982 3518 1208 3558 carnem
1257 3519 1431 3558 meam
1482 3506 1666 3574 (Rom.
1720 3518 1800 3569 χι,

187 3595 292 3662 tl),
330 3615 352 3643 ι
387 3602 504 3649 etc.
545 3591 754 3660 Quare,
788 3592 916 3663 quia
945 3607 1055 3648 non
1094 3600 1213 3647 erat
1244 3608 1432 3648 eorum
1476 3593 1800 3663 Apostolus,

181 3683 395 3738 nomina
433 3681 734 3756 dignitatis
770 3681 823 3735 in
853 3682 958 3737 hac
985 3680 1238 3753 Epistola
1268 3697 1588 3753 praeponere
1608 3681 1799 3751 noluit,

179 3772 316 3829 sicut
345 3773 492 3829 solet
525 3772 585 3826 in
631 3770 888 3843 singulis.

176 3975 3226 4008 Μ

1909 3325 2126 3380 Christo
2157 3334 2210 3380 et
2239 3325 2362 3396 lege
2392 3325 2486 3390 ait,
2520 3332 2576 3378 ut
2604 3324 2778 3380 Judaei
2811 3325 3008 3397 legalia
3057 3327 3334 3392 deserant,
3383 3336 3437 3382 et
3466 3327 3521 3382 in

1907 3414 2202 3470 eminentia
2261 3413 2460 3470 Christi
2510 3412 2953 3481 justiticationem
3007 3425 3254 3486 quaerant
3287 3423 3339 3471 et
3383 3416 3527 3473 acci-

1905 3504 2072 3574 piant.
2126 3502 2283 3558 Circa
2325 3501 2490 3557 tinem
2535 3500 2700 3556 etiam
2737 3502 2998 3572 Epistola:
3044 3503 3259 3558 instruit
3307 3520 3403 3559 eos
3450 3505 3520 3561 de

1906 3591 2241 3658 moralitate,
2288 3592 2417 3664 quia
2461 3591 2593 3646 sicut
2616 3591 2800 3645 vitium
2843 3592 3090 3646 naturale
3116 3593 3319 3648 Judaeis
3367 3611 3518 3649 sem-

1905 3699 2003 3754 per
2035 3681 2151 3750 fuit,
2183 3682 2451 3738 luxuriosi
2482 3680 2644 3735 nimis
2674 3687 2827 3736 erant
2851 3681 2907 3735 in
2935 3681 3071 3737 cibis
3105 3691 3158 3737 et
3179 3683 3234 3736 in
3263 3683 3510 3741 libidine.

3231 3978 3507 3992 ᾗ

3227 3994 3507 4011 ἡ

1030 4155 1654 4275 EPISTOLA
1738 4173 1909 4274 AD
1985 4171 2651 4275 HEBR/EOS.

720 4387 946 4444 CAPUT
977 4389 1265 4445 PRIMUM.

244 4507 266 4536 ι
298 4479 663 4539 Multifariam
696 4477 988 4548 multisque
1019 4477 1148 4533 olim
1189 4479 1336 4533 Deus
1366 4477 1594 4550 loquens
1623 4477 1794 4548 patri-

185 4598 206 4624 α
236 4576 339 4629 bus
365 4574 422 4627 in
444 4567 762 4643 pr0phetis,
805 4567 1100 4623 novissime
1131 4567 1228 4640 [in]
1257 4568 1452 4623 diebus
1491 4568 1608 4622 istis
1635 4568 1790 4623 locu-

189 4685 210 4713 ι
245 4671 328 4717 tus
357 4670 442 4716 est
491 4659 659 4714 nobis
706 4657 762 4710 in
791 4657 944 4722 Filio,
985 4674 1146 4728 quem
1192 4658 1469 4712 constituit
1519 4657 1789 4712 liaaredem

188 4776 208 4800 ι
240 4753 649 4813 universorum,
681 4762 782 4817 per
809 4763 971 4818 quem
1002 4746 1129 4802 fecit
1169 4755 1224 4802 et
1270 4747 1487 4802 saecula.
1532 4747 1635 4816 Qui
1664 4763 1789 4802 cum

188 4865 209 4890 ε
244 4842 310 4895 sit
367 4839 635 4910 splendor
687 4835 880 4906 gloriae
926 4844 982 4891 et
1036 4835 1208 4908 ﬁgura
1268 4836 1587 4891 substantiae
1647 4836 1783 4906 ejus,

188 4955 208 4979 ι
243 4939 579 5000 portansque
628 4925 812 4981 omnia
861 4926 1031 4980 verbo
1079 4925 1293 4981 virtutis
1338 4942 1472 4992 suae,
1500 4925 1784 4996 purgatio-

190 5044 210 5067 ι
244 5036 368 5074 nem
402 5024 752 5089 peccatorum
793 5013 1017 5081 faciens,
1049 5016 1203 5070 sedet
1247 5015 1316 5069 ad
1355 5016 1634 5070 dexteram
1669 5031 1788 5070 ma-

190 5131 212 5158 ι
239 5109 451 5178 jestatis
481 5107 536 5160 in
563 5104 816 5173 excelsis,
865 5112 1012 5160 tanto
1047 5105 1240 5160 melior
1282 5105 1492 5175 angelis
1536 5103 1778 5171 effectus,

192 5219 213 5248 ι
245 5206 444 5268 quanto
475 5194 816 5250 diﬁerentius
862 5209 976 5264 pra;
1023 5193 1129 5248 illis
1179 5210 1379 5249 nomen
1423 5194 1779 5250 baereditavit.

193 5308 213 5336 ι
245 5286 338 5340 Cui
362 5285 509 5340 enim
539 5284 674 5337 dixit
703 5283 997 5354 aliquando
1025 5283 1346 5354 angelorum
1372 5300 1385 5336 :
1421 5283 1587 5337 Filius
1624 5299 1782 5338 meus

193 5397 212 5424 ι
244 5392 304 5430 es
331 5384 406 5438 tu,
438 5389 547 5446 ego
585 5372 749 5426 hodie
779 5372 945 5444 genui
984 5381 1074 5437 te;
1124 5381 1177 5427 et
1215 5388 1430 5426 rursum
1474 5390 1486 5424 :
1520 5373 1640 5442 Ego
1689 5388 1781 5427 ero

189 5486 210 5514 ‹
243 5464 315 5518 illi
347 5465 400 5518 in
444 5464 681 5528 Patrem,
713 5469 763 5514 et
794 5462 912 5531 ipse
942 5461 1045 5516 erit
1067 5461 1198 5514 mihi
1229 5461 1281 5514 in
1315 5461 1524 5514 Filium.
1559 5462 1626 5514 Et
1655 5478 1779 5515 cum

184 5575 203 5604 ι
234 5555 426 5608 iterum
460 5549 758 5606 introducit
806 5549 1232 5622 Primogenitum
1279 5551 1333 5603 in
1363 5550 1554 5604 orbem
1597 5558 1774 5614 terrae,

183 5666 202 5694 ι
237 5644 364 5699 dicit
401 5644 515 5697 :Et
540 5641 772 5695 adorent
818 5655 940 5693 eum
986 5656 1177 5694 omnes
1218 5639 1401 5711 angeli
1442 5639 1561 5694 Dei.
1604 5641 1672 5692 Et
1711 5639 1780 5692 ad

179 5757 198 5782 ι
231 5733 460 5806 angelos
490 5729 720 5803 quidem
750 5727 881 5784 dicit
915 5743 927 5784 :
961 5728 1067 5798 Qui
1088 5727 1214 5784 facit
1243 5727 1474 5800 angelos
1512 5743 1640 5783 suos
1659 5727 1778 5799 spi-

380 5832 634 5888 ΡΑτιιοι..
677 5825 860 5883 CLIII.

1826 4389 1878 4450 D
1906 4412 1928 4437 α
1966 4389 2131 4459 ritus,
2154 4399 2208 4445 et
2238 4390 2516 4446 ministros
2557 4408 2689 4446 suos
2709 4393 2982 4450 ﬂammam
3025 4396 3191 4468 ignis.
3215 4397 3298 4452 Ad
3317 4396 3508 4454 Filium

1898 4500 1920 4529 ι
1957 4487 2139 4534 autem
2193 4497 2206 4533 :
2258 4480 2508 4534 Thronus
2542 4489 2664 4535 tuus
2724 4483 2872 4538 Deus
2903 4485 2958 4539 in
2979 4485 3239 4541 saeculum
3289 4488 3498 4558 saeculi,

1897 4590 1918 4613 «
1955 4577 2008 4622 et
2039 4568 2194 4641 virga
2251 4569 2518 4640 aequitatis
2570 4570 2723 4641 virga
2757 4573 2916 4645 regni
2965 4573 3058 4628 tui.
3108 4574 3501 4645 Dilexistijus-

1895 4679 1917 4704 «
1955 4658 2127 4712 titiam
2178 4667 2230 4713 et
2285 4659 2448 4713 odisti
2495 4659 2869 4731 iniquitatem,
2906 4672 3199 4734 propterea
3247 4665 3398 4720 unxit
3450 4675 3502 4722 te

1894 4768 1915 4794 «
1950 4747 2098 4801 Deus
2129 4755 2253 4803 tuus
2299 4748 2420 4803 oleo
2460 4750 2833 4805 exsultationis
2855 4751 3092 4825 [laztitiaz]
3123 4770 3234 4824 prae
3281 4755 3500 4824 partici-

1893 4859 1915 4884 «
1951 4837 2110 4907 pibus
2134 4838 2257 4903 tuis,
2283 4845 2335 4892 et
2367 4846 2421 4893 tu
2452 4838 2506 4892 in
2545 4840 2831 4911 principio,
2867 4843 3118 4909 Domine,
3153 4852 3352 4899 terram
3375 4843 3496 4900 fun-

1891 4946 1912 4976 α
1948 4925 2092 4980 dasti
2124 4941 2136 4980 :
2171 4934 2224 4982 et
2278 4944 2445 4998 opera
2473 4945 2735 4984 manuum
2767 4939 2976 4986 tuarum
3035 4941 3157 4987 sunt
3187 4933 3331 4989 coeli.
3385 4936 3494 5007 Ipsi

1887 5037 1910 5065 α
1944 5015 2217 5086 peribunt,
2256 5016 2496 5073 358
2529 5026 2582 5072 tu
2611 5029 2788 5075 autem
2834 5023 3202 5092 permanebis,
3227 5032 3280 5079 et
3299 5039 3493 5082 omnes

1889 5125 1911 5156 ι
1946 5113 2003 5159 ut
2049 5105 2430 5161 vestimentum
2487 5116 2870 5176 veterascent;
2923 5120 2976 5166 et
3026 5112 3170 5168 velut
3235 5114 3491 5172 amictum

1887 5217 1908 5241 α
1943 5195 2178 5248 mutabis
2226 5211 2322 5250 eos
2371 5204 2422 5250 et
2441 5198 2823 5264 mutabuntur,
2872 5208 2930 5254 tu
2974 5210 3155 5256 autem
3177 5202 3324 5259 idem
3367 5205 3486 5276 ipse

1887 5307 1908 5331 α
1946 5299 2025 5350 es,
2060 5291 2112 5338 et
2139 5284 2267 5338 anni
2299 5285 2375 5339 tui
2405 5302 2515 5340 non
2543 5285 2816 5343 deficient.
2843 5290 2924 5343 Ad
2959 5307 3121 5361 quem
3163 5301 3345 5348 autem
3382 5309 3488 5350 an-

1887 5394 1909 5423 «
1945 5373 2195 5444 gelorum
2226 5373 2361 5428 dixit
2388 5374 2678 5446 aliquando
2704 5395 2716 5433 :
2750 5377 2891 5433 Sede
2931 5394 2963 5433 a
2995 5381 3201 5436 dextris
3222 5383 3490 5449 meis,do-

1883 5485 1905 5508 α
1941 5477 2043 5516 nec
2081 5460 2476 5534 [quoadusque]
2509 5481 2706 5534 ponam
2755 5466 3005 5522 inimicos
3035 5476 3157 5524 tuos
3188 5472 3490 5529 scabellum

1885 5571 1906 5596 ‹‹
1941 5550 2139 5620 pedum
2168 5557 2386 5604 tuorum
2417 5551 2444 5604 ?
2488 5555 2662 5621 (Psal.
2690 5569 2801 5618 cxx,
2856 5559 2905 5619 l,
2957 5559 3038 5622 2.)
3071 5559 3264 5614 Nonne
3295 5576 3488 5617 omnes

1883 5661 1904 5685 α
1942 5645 2067 5692 sunt
2107 5637 2556 5695 administratorii
2584 5641 2806 5710 spiritus
2846 5643 2900 5696 in
2923 5645 3284 5702 ministerium
3307 5648 3481 5717 missi,

1885 5748 1907 5778 «
1939 5735 2163 5798 propter
2192 5743 2288 5782 eos
2343 5728 2434 5798 qui
2491 5730 2861 5786 haereditatem
2912 5733 3129 5803 capiunt
3181 5735 3414 5791 salutis?
3459 5761 3481 5786 ι»

3204 5835 3270 5886 16
