3928 6424
165 374 259 428 893

814 361 1194 423 EXPOSITIO
1232 363 1309 420 ΙΝ
1343 361 1725 420 EPISTOLAS
1771 358 1998 418 PAULI.
2035 388 2103 403 —
2130 360 2205 417 IN
2247 359 2468 417 EPIST.
2517 360 2613 417 AD
2666 360 2827 416 HEB.

3371 359 3481 414 ιθι

175 495 399 553 cundum
426 493 749 549 humanam.
782 491 941 548 Nunc
980 490 1174 547 Filium
1218 496 1500 563 comparat
1535 487 1848 563 angelis,A
1876 486 2112 559 raphim,
2171 486 2264 560 qui
2321 487 2460 543 ordo
2507 486 2774 559 dignitate
2820 485 2961 543 alios
3006 483 3286 557 praecedit.
3339 483 3490 541 Facit

178 585 247 641 ita
285 592 464 641 tamen
509 591 570 639 ut
613 583 777 656 longe
829 580 1085 654 praeferat
1141 579 1250 635 illis
1307 579 1497 636 dicens
1531 594 1544 634 :
1577 578 1765 647 Filius,

175 674 405 748 inquam,
441 673 681 745 effectus
699 676 859 728 tanto
882 671 1086 729 melior
1105 671 1343 743 angelis,
1366 673 1579 743 quanto
1602 669 1769 740 diffe-

177 765 385 822 rentias
419 762 779 820 haereditavit
806 777 1036 827 nomen,
1079 760 1134 815 id
1164 767 1248 816 est
1294 757 1771 815 honoriﬁcentiam

175 861 454 927 postquam
493 851 794 909 resurrexit
841 858 893 907 et
941 849 1208 906 ascendit.
1259 847 1615 905 Diﬁ'erentius
1643 848 1768 904 ideo

177 943 293 1017 quia
320 958 446 999 cum
503 942 686 998 adhuc
726 947 873 998 esset
918 939 1195 1012 passibilis
1225 946 1279 995 et
1310 937 1577 1005 mortalis,
1609 936 1767 993 diﬁ'e-

174 1049 291 1090 rens
343 1047 551 1088 nomen
604 1030 808 1097 habuit,
867 1029 993 1103 quia
1045 1028 1229 1102 angeli
1284 1027 1671 1083 ministrabant
1717 1026 1770 1082 ei

176 1122 389 1191 (Matth.
453 1136 530 1189 tv,
566 1123 677 1191 lt),
730 1119 827 1175 sed
872 1119 1180 1176 ascendens
1226 1117 1396 1174 multo
1424 1116 1767 1174 differentius

175 1228 365 1269 nomen
392 1209 667 1283 possedit.
733 1209 802 1264 Et
851 1208 975 1281 quia
1020 1207 1357 1264 diﬂ'erentius
1404 1222 1527 1263 esse
1557 1214 1763 1279 posset,

174 1317 277 1357 non
305 1309 485 1356 tamen
515 1316 630 1372 prae
672 1298 905 1373 angelis,
939 1296 1065 1354 ideo
1094 1297 1167 1353 ait
1193 1297 1575 1369 differentias,
1609 1296 1689 1351 ita.
1710 1303 1766 1351 ut

175 1390 239 1446 sit
262 1407 380 1464 prce
413 1390 535 1446 illis
579 1388 811 1462 angelis.
858 1389 1003 1444 Vere
1052 1403 1254 1443 nomen
1282 1385 1622 1442 hiereditavit
1650 1402 1766 1457 prae

169 1480 391 1553 angelis.
427 1480 571 1535 Nam
602 1495 705 1535 vox
750 1476 925 1534 Patris
953 1477 1025 1533 ait
1054 1477 1123 1532 ad
1167 1476 1320 1532 illum
1353 1493 1366 1530 :
1401 1477 1580 1533 Filius
1608 1492 1768 1532 meus

171 1586 225 1627 es
252 1574 313 1626 tu
341 1570 524 1640 (Psal.
558 1583 619 1633 ll,
651 1568 708 1638 ’7)
741 1567 926 1640 ;quod
956 1566 1091 1621 nulli
1120 1565 1441 1640 angelorum
1469 1565 1621 1620 dixit.
1656 1564 1767 1621 Sed

168 1660 233 1715 ad
254 1659 517 1729 majorem
533 1655 1006 1714 conﬁrmationem
1026 1656 1131 1711 sub
1152 1654 1766 1730 interrogationem,boc

172 1749 241 1804 ita
269 1748 343 1804 ait
373 1763 387 1803 :
424 1747 528 1804 Cui
556 1748 888 1818 angelorum
919 1746 1075 1802 dixit
1101 1744 1430 1819 aliquando,
1467 1744 1521 1800 id
1551 1751 1633 1800 est
1662 1759 1765 1800 nec

1869 578 2171 635 ministros
2219 592 2348 633 suos
2379 577 2547 637 etiam
2577 577 2879 632 secundum
2912 576 3210 631 humanam
3238 581 3490 629 naturam

1869 667 2239 740 obsequentes
2290 666 2387 722 illi.
2420 667 2537 723 IIoc
2590 667 2753 722 Pater
2778 666 2871 733 ait,
2906 666 3188 738 pertinens
3218 665 3291 720 ad
3317 679 3492 738 ange-

1869 755 1973 812 los.
2007 757 2123 813 Hoc
2156 764 2337 813 autem
2379 756 2529 812 idem
2576 755 2651 811 ait
2693 756 2763 811 ad
2808 756 3024 811 Filium.
3062 754 3110 811 Ο
3158 756 3309 811 Deus
3340 752 3483 821 Filii,

1871 847 2111 904 thronus
2142 851 2295 917 tuus,
2328 846 2383 902 id
2416 853 2499 902 est
2514 844 2786 915 judicialis
2802 845 2963 902 sedes
2987 853 3077 901 tua
3098 848 3396 919 permanet
3416 843 3482 899 in

1871 937 2144 993 saeculum
2171 937 2389 993 manli.
2420 937 2491 991 Et
2518 935 2732 1005 merito,
2767 935 2895 1008 quia
2926 935 3085 1008 virga
3111 935 3273 1007 regni
3295 934 3383 989 tui
3400 940 3486 989 est

1868 1028 2026 1098 virga
2056 1027 2348 1099 equitatis,
2382 1025 2438 1081 id
2489 1027 2573 1081 eat
2616 1024 2828 1081 directa
2876 1024 3105 1097 aequitas
3150 1031 3205 1080 et
3262 1022 3481 1079 inﬂexi-

1872 1115 2023 1171 bilis.
2065 1114 2232 1187 Virga
2263 1115 2413 1188 regis
2440 1123 2610 1182 recta,
2643 1122 2698 1170 et
2726 1114 2851 1170 ideo
2873 1114 2943 1170 de
2960 1130 3071 1170 aere
3088 1113 3227 1171 solet
3256 1111 3402 1180 ﬁeri,
3422 1119 3483 1168 ut

1872 1203 2091 1276 signum
2149 1204 2218 1259 sit
2276 1205 2500 1261 directae
2556 1212 2610 1260 et
2666 1202 2980 1258 inﬂexibilis
3033 1202 3322 1275 aequitatis,
3355 1217 3478 1275 quae

1869 1294 2099 1365 aquilas
2128 1294 2180 1349 in
2215 1293 2432 1349 Christo
2463 1293 2671 1350 directa
2702 1301 2785 1348 est
2815 1301 2868 1349 et
2899 1292 3232 1348 inﬂexibilis.
3286 1291 3480 1347 Merito

1869 1382 2068 1438 iterum
2125 1384 2355 1439 thronus
2415 1391 2538 1438 tuus
2565 1382 2732 1439 estin
2759 1390 3023 1439 teternum
3055 1381 3224 1454 :quia
3281 1389 3339 1437 tu
3386 1381 3480 1437 di-

1873 1473 2075 1529 lexisti
2091 1474 2410 1545 justitiam,
2465 1472 2520 1528 id
2551 1480 2633 1529 est
2665 1488 2828 1528 omne
2858 1473 3061 1528 bonum
3092 1487 3204 1528 non
3232 1479 3476 1539 coactus,

1869 1562 1968 1618 sed
1998 1579 2064 1619 ex
2115 1563 2407 1619 dilectione
2458 1562 2797 1635 amplexatus
2836 1578 2923 1619 es.
2964 1564 3035 1619 Et
3075 1561 3215 1619 sicut
3245 1561 3483 1618 dilexisti

1862 1651 2144 1721 justitiam,
2180 1652 2255 1708 ita
2294 1653 2465 1710 odisti
2500 1654 2890 1727 iniquitatem,
2922 1651 2978 1706 id
3022 1660 3102 1708 est
3143 1668 3307 1709 omne
3354 1666 3480 1708 ma-

1870 1741 2001 1797 lum.
2035 1741 2270 1812 Quidam
2303 1742 2449 1797 enim
2501 1741 2581 1798 sic
2611 1741 2849 1815 diligunt
2892 1741 3156 1811 justitiam
3201 1750 3259 1799 ut
3300 1749 3487 1798 tamen

169 1837 474 1911 priusquam
494 1834 968 1905 conﬁrmarentur,
988 1851 1091 1891 nec
1110 1842 1396 1908 postquam
1419 1850 1520 1906 per
1538 1849 1764 1890 causam
1786 1861 1840 1923 B
1871 1831 2142 1904 quasdam
2171 1830 2461 1902 injustitias
2492 1831 2619 1887 odio
2650 1846 2756 1887 non
2788 1830 3041 1886 habeant.

168 1923 388 1980 aliorum
444 1920 753 1979 conﬁrmati
809 1928 978 1976 sunt:
1031 1920 1196 1986 Dixit,
1256 1919 1525 1992 inquam:
1578 1922 1655 1976 Tu
1710 1935 1768 1975 es

169 2012 317 2083 ﬁlius
336 2028 501 2069 meus
521 2009 1022 2078 consubstantialis,
1044 2025 1153 2066 non
1174 2008 1482 2081 adoptivus,
1502 2025 1599 2080 ego
1622 2008 1770 2064 enim

172 2102 326 2157 Pater
339 2102 520 2174 genui
549 2104 604 2157 te
622 2099 785 2156 hodie
806 2099 1013 2171 (ibid.),
1034 2098 1087 2154 id
1110 2106 1192 2154 est
1213 2098 1267 2153 in
1290 2097 1614 2154 aeternitate.
1636 2098 1769 2153 Pro-

169 2198 284 2262 pter
308 2188 681 2245 inﬁrmitatem
712 2188 1020 2245 intellectus
1048 2188 1242 2253 nostri,
1264 2203 1388 2245 cum
1413 2187 1576 2243 hodie
1599 2187 1769 2259 (quod

171 2288 293 2336 nota
319 2278 612 2352 prescntis
644 2277 905 2350 temporis
935 2280 1040 2349 est)
1081 2277 1263 2350 posuit
1307 2277 1638 2349 praeteritum
1667 2293 1766 2349 ge-

170 2372 286 2437 nui,
318 2385 387 2425 ne
417 2368 464 2424 si
495 2368 704 2424 diceret
732 2367 894 2424 hodie
922 2366 1091 2441 gigno
1121 2374 1192 2435 te,
1218 2366 1621 2438 suspicaremur
1641 2382 1769 2421 eum

168 2476 269 2515 non
324 2459 396 2514 ab
451 2465 666 2514 aeterno
721 2457 966 2531 genitum
1023 2455 1091 2512 de
1120 2456 1298 2512 Patre.
1330 2456 1399 2511 Et
1440 2455 1565 2512 ideo
1595 2457 1769 2527 genui

171 2548 313 2615 dixit,
346 2548 652 2604 secundum
684 2545 1053 2602 inﬁrmitatem
1082 2553 1345 2613 nostram,
1378 2546 1537 2602 hodie
1570 2561 1769 2602 secun-

170 2638 291 2694 dum
318 2636 662 2694 divinitatem
695 2636 751 2691 in
780 2651 886 2708 qua
930 2635 1063 2690 nihil
1110 2635 1464 2707 praeteritum,
1496 2634 1629 2690 nihil
1676 2634 1768 2690 fu-

168 2734 354 2798 turum,
388 2726 493 2782 sed
524 2724 710 2782 omnia
738 2724 813 2780 ibi
843 2724 1006 2780 hodie
1033 2724 1342 2796 prirsentia.

231 2817 294 2872 Et
331 2832 557 2872 rursum
575 2815 1011 2886 cuiangelorum
1027 2814 1179 2870 dixit
1200 2814 1302 2870 hoc
1319 2814 1625 2887 aliquando
1641 2817 1666 2870 ἵ
1680 2812 1767 2869 vel

171 2905 278 2963 sine
293 2905 755 2978 interrogatione.
770 2906 1011 2961 Rursum
1025 2905 1185 2959 Pater
1205 2905 1309 2960 hoc
1322 2903 1397 2959 ait
1410 2904 1480 2959 de
1490 2902 1647 2959 Filio.
1663 2903 1769 2960 Ubi

165 2996 232 3050 ait
259 3013 496 3053 rursum
523 2995 594 3050 de
625 2994 820 3051 eodem
850 2991 1122 3067 signiﬁcat
1141 3001 1288 3049 esset
1306 2993 1531 3049 dictum.
1555 2993 1645 3048 Ait
1680 2994 1771 3048 Pa-

171 3093 247 3140 ter
277 3103 290 3140 :
321 3087 429 3158 Ego
454 3100 553 3141 ero
594 3084 706 3153 illi,
758 3082 815 3138 id
869 3090 953 3139 est
1006 3083 1275 3140 honorem
1332 3082 1498 3149 illius,
1546 3098 1643 3138 ero
1690 3081 1770 3138 illi

169 3175 228 3230 in
250 3179 471 3247 patrem
501 3177 564 3231 et
591 3175 712 3246 ipse
748 3170 890 3227 filius
920 3174 1032 3230 erit
1062 3173 1206 3229 mihi
1229 3173 1293 3229 in
1331 3172 1517 3242 ﬁlium
1542 3172 1616 3241 (II
1634 3174 1765 3243 Reg.

1944 1921 2010 1976 Et
2040 1928 2334 1992 propterea
2381 1929 2440 1976 ut
2484 1921 2713 1976 thronus
2761 1927 2887 1975 tuus
2932 1920 3162 1976 essetin
3195 1928 3482 1989 aeternum,

1872 2018 1930 2065 ut
1961 2010 2122 2084 virga
2151 2010 2406 2083 equitatis
2437 2018 2583 2066 esset
2631 2008 2745 2077 tibi,
2797 2018 2855 2065 ut
2899 2010 3161 2084 diligeres
3197 2010 3484 2081 justitiam,

1869 2103 2107 2174 prapter
2136 2101 2254 2157 haec
2283 2099 2465 2157 omnia
2492 2107 2550 2155 ut
2582 2099 2880 2156 existerent
2909 2099 2963 2154 in
2991 2103 3070 2166 te,
3102 2115 3136 2156 o
3159 2101 3310 2156 Deus
3342 2100 3484 2169 Filii,

1872 2191 2020 2245 Deus
2050 2190 2207 2246 Pater
2234 2191 2435 2257 unxit,
2489 2205 2594 2261 ego
2624 2190 2834 2246 scilicet
2865 2189 3212 2262 quijloquor,
3248 2190 3379 2245 unxi
3410 2198 3483 2247 te.

1869 2278 1977 2336 Alii
2032 2295 2135 2351 per
2187 2279 2472 2336 ministros
2534 2288 2590 2335 ut
2639 2279 2816 2335 David
2858 2287 2910 2334 et
2954 2279 3082 2335 Saul
3129 2279 3277 2336 uncti
3306 2288 3481 2348 sunt;

1871 2368 2122 2425 Christus
2154 2378 2339 2425 autem
2374 2368 2600 2441 propria
2621 2368 2941 2440 operatione
2974 2368 3167 2424 Patris.
3212 2369 3376 2425 Unxit
3408 2377 3483 2437 te,

1870 2457 2115 2530 inquam,
2149 2460 2296 2515 Deus
2335 2463 2469 2515 tuas
2497 2458 2979 2515 consubstantialis
3020 2457 3137 2524 tibi,
3163 2460 3304 2526 oleo,
3326 2458 3382 2514 id
3402 2467 3489 2515 est

1872 2547 2073 2620 Spiritu
2103 2556 2316 2612 sancto.
2351 2548 2477 2620 quia
2508 2548 2646 2604 sicut
2675 2548 2862 2604 oleum
2902 2564 3141 2619 carnem,
3197 2547 3277 2604 sic
3310 2548 3485 2619 Spiri-

1870 2645 1955 2693 tus
1986 2640 2210 2693 sanCtus
2240 2636 2387 2693 fovet
2431 2645 2481 2693 et
2540 2637 2821 2693 demulcet
2857 2637 3125 2693 animam.
3186 2637 3323 2693 Oleo
3369 2638 3494 2695 dico

1871 2728 2304 2784 exsultationis.
2338 2727 2406 2782 Et
2446 2726 2641 2783 merito
2693 2726 2890 2783 dicitur
2930 2726 3327 2793 exsultationis,
3360 2727 3489 2800 quia

1870 2817 2036 2873 homo
2068 2816 2158 2872 ille
2221 2833 2322 2888 per
2379 2816 2632 2888 spiritum
2681 2817 2750 2872 de
2810 2833 2916 2888 quo
2973 2824 3269 2888 conceptus
3324 2825 3427 2885 est,
3459 2833 3490 2872 a

1870 2913 2100 2979 peccato
2146 2906 2447 2978 permansit
2496 2905 2773 2961 immunis.
2828 2906 3034 2962 Unctus
3101 2913 3184 2962 est
3241 2906 3491 2962 Christus

1872 2996 2075 3068 Spiritu
2105 3004 2300 3052 sancto
2329 2996 2386 3050 in
2416 3004 2575 3051 utero
2604 2995 2815 3050 Matris.
2866 2995 3092 3067 Accepit
3142 2996 3334 3051 iterum
3367 2996 3488 3068 Spi-

1869 3085 2030 3140 ritum
2058 3093 2308 3141 sanctum
2339 3085 2394 3139 in
2438 3085 2734 3157 baptismo,
2786 3086 3006 3157 quando
3051 3085 3105 3140 in
3154 3085 3336 3157 specie
3388 3102 3488 3142 co-

1872 3174 2071 3231 lumbae
2102 3192 2266 3247 super
2296 3191 2421 3231 eum
2453 3174 2604 3232 visus
2634 3183 2717 3230 est
2746 3176 2965 3244 (Matth.
3004 3191 3088 3242 Ill,
3124 3178 3235 3246 16),
3271 3191 3380 3231 non
3410 3182 3489 3230 ta-

169 3234 262 3330 νηί
290 3265 378 3334 lt)
405 3264 475 3320 ad
507 3234 625 3318 me.
658 3260 1142 3336 magniﬁcandum.
1192 3263 1302 3318 Ero
1331 3234 1384 3317 et
1424 3263 1536 3318 erit
1552 3234 1765 3333 posuit,
1794 3234 1841 3296 Ο
1869 3281 1997 3320 men
2052 3265 2108 3319 in
2169 3234 2449 3336 baptismo
2499 3234 2765 3336 Spiritum
2805 3234 3104 3336 accipiens,
3155 3234 3311 3338 quasi
3348 3281 3489 3322 nova

167 3368 267 3409 non
294 3353 420 3426 quia
449 3354 541 3413 hic
572 3354 753 3422 Pater,
803 3351 896 3407 ille
926 3351 1094 3407 Filius
1141 3367 1253 3408 non
1302 3351 1370 3407 sit
1406 3348 1650 3407 360
1697 3349 1767 3405 ab

166 3450 380 3509 aeterno,
413 3442 517 3498 sed
566 3449 831 3515 quantum
884 3441 953 3497 ad
1000 3456 1349 3497 communem
1395 3439 1640 3497 notitiam
1670 3440 1769 3496 ho-

167 3531 381 3587 minum.
412 3533 533 3588 Nec
564 3531 637 3586 ad
684 3530 788 3587 hoc
821 3529 910 3587 ille
964 3531 1142 3597 Pater,
1176 3546 1281 3587 nec
1312 3530 1413 3586 iste
1443 3529 1631 3596 Filius,
1666 3529 1767 3584 sed

168 3620 220 3675 in
243 3622 327 3677 die
340 3621 538 3692 judicii
569 3620 675 3676 erit
704 3621 876 3689 Pater,
908 3620 1010 3676 erit
1039 3620 1228 3690 Filius,
1260 3636 1381 3678 cum
1403 3636 1598 3675 omnes
1614 3618 1766 3691 impii

169 3720 492 3784 cognoscent
550 3709 824 3766 Christum
870 3726 995 3766 esse
1052 3709 1330 3765 Christum
1374 3710 1566 3765 Filium
1614 3708 1763 3774 Dei;

167 3802 304 3872 quod
333 3802 588 3858 viventes
616 3807 978 3873 negaverunt.
1010 3800 1141 3856 Haec
1168 3800 1275 3856 duo
1297 3798 1597 3855 secundum
1626 3797 1766 3855 divi-

166 3890 377 3947 nitatem
406 3892 561 3948 dicta
594 3898 719 3945 sunt
747 3889 815 3946 de
846 3889 1082 3945 Christo.
1114 3889 1183 3945 Et
1213 3890 1426 3946 iterum
1443 3888 1575 3945 dicit
1605 3889 1765 3944 Pater

166 3979 228 4035 de
238 3982 426 4037 eodem
450 3980 615 4047 Filio,
630 3979 868 4035 adorent
887 3996 1018 4035 eum
1039 3995 1234 4036 omnes
1252 3979 1445 4052 angeli
1464 3978 1565 4035 Dei
1580 3978 1765 4046 (Psal:

165 4082 306 4139 xcvr,
338 4074 416 4143 7).
450 4070 556 4127 sed
586 4068 861 4141 praemittit
888 4069 1106 4142 quando
1130 4069 1235 4125 hoc
1262 4068 1469 4125 dictum
1500 4068 1585 4123 sit.
1623 4066 1762 4123 Cum

166 4160 314 4215 Pater
340 4160 686 4226 introducit,
718 4158 773 4213 id
802 4166 884 4214 est
904 4157 1611 4215 ostenditintroducendum
1633 4158 1761 4213 Pri-

168 4253 525 4322 mogenitum,
560 4264 723 4304 suum
750 4247 1023 4304 Christum
1053 4248 1117 4304 in
1147 4247 1337 4306 orbem
1375 4251 1563 4304 teri-te.
1588 4247 1764 4302 Intro.

169 4335 303 4391 ducit
329 4336 455 4394 ideo
484 4335 617 4409 quia
669 4334 727 4389 in
781 4334 1038 4390 interiora
1088 4333 1336 4390 cordium
1383 4334 1580 4389 ductus
1627 4339 1757 4399 est;

168 4440 299 4492 cum,
332 4426 576 4499 inquam,
628 4423 1083 4481 introducendum
1126 4423 1383 4491 ostendit,
1434 4422 1587 4478 dicit.
1621 4421 1761 4477 Illud

168 4522 216 4569 et
234 4514 552 4589 jungiturin
571 4514 754 4570 littera
772 4512 988 4586 psalmi,
1013 4513 1251 4572 adorent
1272 4530 1426 4580 eum,
1447 4511 1653 4569 scilicet
1673 4512 1760 4567 Fi-

1863 3353 2250 3424 justiﬁcatione
2276 3355 2571 3429 indigeret,
2614 3354 2712 3410 sed
2751 3362 2809 3409 ut
2852 3355 3168 3410 ostenderet
3196 3354 3340 3428 quod
3363 3355 3491 3426 Spi-

1869 3443 2035 3499 ritum
2065 3451 2314 3500 sanctum
2335 3443 2649 3499 hominibus
2680 3442 2738 3498 in
2776 3444 3049 3515 baptismo
3083 3445 3152 3499 ad
3176 3443 3488 3513 justiﬁcan-

1870 3532 1999 3589 dum
2032 3533 2310 3590 tribueret.
2340 3533 2504 3589 Unxit
2537 3541 2587 3588 te
2618 3533 2765 3589 Deus
2797 3533 2937 3589 odeo
2964 3550 3086 3606 pra:
3111 3534 3489 3606 participibus

1871 3624 2007 3690 tuis,
2038 3622 2093 3677 id
2120 3631 2203 3679 est
2229 3640 2341 3694 pra:
2372 3621 2636 3694 apostolis
2687 3631 2740 3679 et
2790 3622 3019 3689 czrteris,
3071 3622 3164 3695 qui
3223 3622 3485 3693 Spiritum

1869 3721 2117 3769 sanctum
2150 3721 2504 3785 acceperunt.
2538 3713 2656 3768 Prae
2686 3711 2794 3768 illis
2826 3712 2950 3768 ideo
2980 3711 3107 3785 quia
3139 3712 3384 3767 Christus
3415 3713 3485 3769 de

1868 3802 2073 3875 Spiritu
2096 3810 2307 3873 sancto,
2343 3820 2535 3859 omnes
2564 3803 2654 3858 alii
2701 3803 2771 3858 de
2799 3801 3007 3858 semine
3058 3802 3243 3858 carnis
3274 3818 3480 3860 conce-

1865 3892 1946 3965 pti
1992 3900 2135 3948 sunt.
2190 3893 2319 3950 Haec
2380 3893 2565 3948 omnia
2607 3893 2908 3950 secundum
2963 3891 3353 3948 humanitatem
3411 3893 3480 3949 de

1867 3981 2004 4038 Filio
2032 3981 2179 4038 dicta
2210 3991 2333 4038 sunt
2368 4001 2382 4050 ;
2415 3984 2534 4040 haec
2558 3984 2721 4038 Pater
2747 3981 2881 4038 dixit
2911 3983 2980 4037 de
3012 3981 3167 4042 Filio.
3199 3990 3251 4037 et
3283 3982 3478 4039 iterum

1864 4072 2136 4143 prOpheta
2166 4072 2235 4127 ad
2265 4073 2482 4128 Patrem
2521 4073 2590 4128 de
2641 4072 2835 4129 eodem
2880 4070 3016 4128 Filio
3064 4071 3363 4129 secundum
3394 4073 3478 4128 di-

1865 4162 2067 4217 vinam.
2104 4160 2150 4217 Ο
2172 4161 2405 4217 Domine
2434 4162 2616 4227 Pater,
2651 4165 2717 4217 tu
2744 4162 3012 4233 fundasti
3042 4165 3275 4228 terram,
3308 4161 3365 4217 id
3394 4170 3479 4218 est

1863 4249 2095 4308 ﬁrmiter
2123 4250 2375 4306 stabilisti
2413 4252 2556 4307 hanc
2585 4250 2893 4308 Ecclesiam
2943 4268 2956 4305 :
3008 4268 3129 4322 qua:
3158 4259 3301 4307 terra
3329 4252 3472 4309 dici-

1862 4348 1950 4395 tur
2004 4339 2416 4412 comparatione
2461 4340 2763 4411 superioris
2804 4339 3070 4396 Ecclesia:
3114 4341 3460 4411 angelorum.

1861 4429 2118 4485 Fundasti
2168 4428 2291 4484 dico
2339 4431 2403 4486 in
2446 4430 2750 4502 principio,
2784 4426 2840 4483 id
2889 4436 2973 4484 est
2999 4443 3102 4500 per
3138 4428 3470 4501 principium

1862 4519 2010 4592 quod
2040 4526 2121 4575 est
2152 4517 2320 4573 Filius
2343 4518 2493 4588 juxta
2524 4518 2673 4591 quod
2708 4518 2865 4573 idem
2909 4517 2978 4573 de
3023 4534 3083 4573 se
3127 4518 3202 4573 ait
3235 4535 3249 4574 :
3286 4541 3309 4567 κ
3342 4518 3468 4594 Ego

168 4600 285 4659 lium
303 4605 607 4662 secundum
624 4604 915 4659 humanam
933 4611 1189 4659 naturam
1211 4619 1405 4659 omnes
1424 4602 1617 4675 angeli
1634 4601 1755 4659 Dei.
1777 4606 1832 4668 D
1861 4607 2190 4680 principium
2240 4607 2331 4681 qui
2377 4614 2430 4664 et
2470 4607 2666 4680 loquor
2711 4607 2868 4664 vobis
2914 4606 3099 4679 (Joan.
3135 4622 3254 4675 vur,
3286 4610 3401 4679 25).
3440 4630 3464 4660 ι

166 4691 229 4748 Et
254 4695 353 4751 hoc
379 4695 448 4751 de
478 4710 548 4752 eo
578 4700 707 4766 post
735 4692 1190 4749 resurrectionem
1233 4691 1609 4765 accipiendum
1650 4697 1753 4747 est.

167 4781 294 4839 Illud
320 4784 644 4857 praecedens
673 4798 767 4841 ero
796 4782 891 4839 illi
919 4784 983 4839 in
1013 4784 1264 4850 Patrem,
1295 4781 1352 4837 in
1379 4780 1520 4837 Isaia
1548 4778 1755 4837 inveni-

167 4877 261 4943 tur,
288 4873 342 4929 in
360 4873 578 4947 psalmo
599 4872 764 4929 etiam
790 4886 803 4927 :
839 4894 861 4925 ι
879 4871 1282 4929 Misericordias
1302 4869 1540 4938 Domini,
1563 4893 1586 4919 ι»
1611 4870 1759 4942 quod

169 4959 302 5017 idem
326 4963 490 5033 valet,
523 4963 604 5019 ibi
634 4962 864 5018 habetur
892 4979 906 5018 :
942 4985 965 5010 α
1000 4962 1124 5034 Ipse
1155 4959 1430 5019 invocabit
1456 4976 1563 5027 me,
1600 4960 1761 5015 Pater

170 5066 311 5108 meus
338 5070 398 5109 es
427 5060 485 5110 tu
517 5054 696 5124 (Psal.
730 5066 1008 5120 Lxxxvm,
1040 5054 1154 5123 27).
1195 5075 1218 5100 η
1251 5050 1393 5106 Illud
1410 5050 1558 5123 quod
1574 5048 1758 5122 sequi-

170 5146 265 5208 tur,
297 5166 319 5191 ε
351 5144 585 5200 adorent
615 5158 762 5212 eum,
788 5162 810 5192 ι
830 5141 1064 5198 habetur
1089 5141 1144 5196 in
1164 5140 1410 5213 psalmo:
1436 5163 1458 5189 η
1492 5138 1760 5196 Dominus

172 5233 428 5305 regnavit,
461 5232 703 5290 exsultet
737 5240 884 5287 terra
907 5232 1084 5303 (Psal.
1107 5245 1270 5300 xcvr,
1303 5231 1382 5303 7),
1412 5253 1434 5279 ι»
1466 5227 1573 5284 nisi
1611 5227 1760 5301 quod

171 5317 237 5373 ibi
262 5330 340 5377 est
365 5324 622 5391 adorate,
658 5321 748 5377 hic
778 5321 1036 5378 adorent.
1089 5319 1230 5377 Dicit
1279 5320 1443 5376 etiam
1483 5320 1644 5374 Pater
1690 5318 1760 5373 de

173 5410 345 5468 eodem
372 5412 507 5469 Filio
538 5412 826 5484 pertinens
856 5412 927 5467 ad
957 5410 1212 5484 angelos.
1250 5409 1387 5476 Hoc,
1413 5408 1640 5475 scilicet,
1664 5407 1762 5481 qui

175 5496 325 5555 Filius
350 5504 493 5573 facit
525 5500 788 5559 caelestes
832 5501 1073 5575 spiritus
1118 5516 1246 5557 suos
1292 5499 1540 5573 angelos,
1574 5496 1630 5552 id
1677 5503 1762 5552 est

174 5601 291 5643 suos
317 5588 526 5663 legatos
557 5590 780 5647 mittens
808 5606 904 5647 eos
934 5605 1043 5664 quo
1068 5589 1271 5662 placet.
1308 5588 1425 5645 Nec
1452 5594 1661 5643 tantum
1690 5584 1763 5640 il-

173 5673 253 5733 los
281 5679 565 5740 inferiores
599 5679 739 5738 :sed
768 5680 930 5737 etiam
957 5680 1253 5753 ﬂammam
1288 5678 1457 5753 ignis,
1480 5676 1538 5734 id
1565 5681 1648 5733 est
1673 5690 1759 5732 se-

1860 4697 2121 4753 Fundasti
2151 4705 2369 4764 terram,
2401 4704 2454 4753 et
2482 4696 2701 4765 ccelum,
2733 4696 2790 4752 id
2837 4703 2920 4753 est
2958 4700 3192 4766 majores
3222 4704 3463 4767 sanctos,

1860 4794 1921 4841 ut
1946 4786 2246 4860 apostolos,
2275 4786 2370 4860 qui
2395 4786 2657 4859 mysteria
2696 4794 2786 4842 tua
2832 4785 3151 4859 compluunt
3199 4785 3457 4845 subditis.

1860 4876 1994 4944 Hos,
2027 4876 2270 4950 inquam,
2302 4893 2414 4933 non
2439 4876 2614 4933 solum
2644 4875 2902 4943 fundasti,
2951 4876 3049 4933 sed
3076 4874 3297 4933 dicendi
3338 4884 3467 4934 sunt

1860 4966 2080 5039 prepria
2110 4981 2279 5041 apera
2306 4983 2587 5024 manuum
2621 4970 2873 5024 tuarum.
2897 4966 2959 5021 In
2976 4964 3302 5022 excellentia
3320 4966 3468 5024 enim

1860 5056 2053 5112 horum
2082 5064 2313 5128 apparet
2339 5072 2539 5112 manus
2566 5065 2654 5112 tua
2685 5056 2856 5113 fuisse
2885 5062 3134 5128 operata,
3178 5054 3316 5113 sicut
3356 5057 3469 5130 qui-

1860 5140 1992 5197 libet
2046 5140 2236 5198 artifex
2289 5141 2543 5199 diceret:
2605 5142 2736 5199 Hzec
2805 5140 2992 5216 imago
3046 5140 3275 5215 egregia
3330 5156 3470 5214 opus

1860 5246 2046 5287 meum
2076 5238 2178 5298 est,
2213 5231 2313 5287 sed
2342 5230 2398 5286 in
2443 5230 2539 5286 illa
2584 5230 2825 5287 deterius
2859 5229 3001 5286 facta
3049 5247 3161 5286 non
3188 5246 3470 5303 cognosco

1860 5337 1969 5389 me,
2001 5337 2124 5377 cum
2146 5327 2329 5377 tamen
2351 5329 2578 5393 utraque
2594 5337 2733 5392 opus
2753 5321 2872 5391 ejus
2893 5320 2982 5376 sit.
3000 5321 3069 5376 Et
3089 5321 3204 5392 ipsi
3226 5320 3383 5377 36
3397 5321 3461 5381 1

1862 5409 1988 5466 coeli
2022 5410 2311 5484 peribunt,
2345 5409 2401 5465 id
2434 5417 2518 5466 est
2546 5417 2723 5466 morte
2752 5409 3067 5466 destruetur
3108 5407 3373 5481 quidquid
3403 5426 3472 5467 ex

1862 5506 2058 5554 natura
2088 5515 2183 5555 sua
2239 5507 2414 5569 erunt,
2487 5498 2585 5555 sed
2647 5502 2713 5555 tu
2741 5498 3097 5573 permanebit
3129 5498 3194 5553 in
3224 5498 3365 5566 illis,
3417 5500 3477 5555 id

1863 5596 1948 5644 est
1996 5587 2206 5658 justitia
2249 5596 2304 5644 et
2350 5596 2546 5645 caetera
2587 5605 2708 5661 qua:
2758 5595 2815 5643 tu
2871 5585 3196 5660 operaberis
3249 5587 3306 5642 in
3364 5587 3473 5644 illis

1862 5677 2281 5751 permanebunt,
2312 5681 2371 5736 et
2402 5694 2599 5737 omnes
2627 5678 2745 5736 sive
2773 5676 2919 5748 cmli,
2951 5675 3068 5734 sive
3086 5682 3238 5733 terra
3261 5679 3477 5733 vetera-
