3928 6406
480 342 586 398 L95

1040 337 1096 392 S.
1136 330 1491 392 BRUNONIS
1527 318 2175 386 CARTHUSlANORUM
2212 314 2696 374 INSTITUTOBIS
2735 312 2888 369 OPP.
2930 311 3106 368 PARS
3142 311 3212 367 II.

3675 304 3774 359 £96

440 478 445 483 '
484 469 667 532 scent,
698 465 752 520 id
774 472 855 520 est
882 461 1142 535 paulatim
1170 464 1589 529 corrumpentur
1619 453 1841 510 miseria
1867 448 2067 506 carnis.
2103 450 2153 506 A
2182 465 2204 493 ι
2240 460 2366 498 cum
2396 459 2561 514 super
2591 457 2757 513 opera
2802 453 3064 495 manuum
3093 444 3324 491 tuarum.
3358 431 3561 489 Omnia
3594 430 3776 498 subje-

554 556 908 610 Veterascent
936 551 1077 617 dico,
1111 558 1161 606 et
1188 549 1437 621 peribunt
1467 550 1533 602 ut
1563 546 1982 605 vestimentum,
2016 537 2073 592 id

482 654 565 701 est
604 643 903 700 secundum
954 656 1153 710 corpus
1201 638 1349 710 quod
1395 636 1450 690 in
1482 636 1561 690 eis
1590 642 1693 699 est,
1727 630 2071 688 circumdans

478 735 716 790 animam
747 740 1001 803 tanquam
1042 727 1444 783 vestimentum.
1478 724 1585 795 Ipsi
1614 722 1885 793 peribunt,
1929 722 1985 774 et
2014 724 2070 770 tu

476 821 726 880 mutabis
739 836 827 877 eos
842 821 994 875 velut
1014 818 1311 881 amictum,
1334 815 1388 869 id
1409 822 1491 868 est
1512 829 1729 882 corpus,
1755 808 1901 880 quod
1924 804 2070 878 quod

474 911 705 967 amictus
733 909 927 963 animae
969 915 1072 963 est.
1130 904 1362 959 Mutabis
1413 901 1748 972 impassibile
1783 897 1987 953 factum
2016 902 2069 950 et

472 1001 803 1056 immortale.
866 996 1236 1053 Muta-buntur
1283 992 1445 1047 etiam
1499 989 1803 1045 secundum
1858 985 2068 1040 animas

470 1088 827 1162 gloriosiores
858 1086 1051 1150 factas,
1086 1092 1139 1138 et
1184 1083 1240 1137 in
1268 1080 1577 1152 cognitione
1623 1077 1723 1132 Dei
1771 1073 2067 1147 prolicien-

472 1188 572 1234 tes.
608 1179 729 1248 lpse
760 1176 1015 1247 peribunt
1046 1181 1099 1228 et
1129 1176 1481 1231 veterascent,
1517 1173 1578 1223 tu
1607 1170 1801 1222 autem
1832 1181 1889 1220 es
1919 1163 2067 1217 idem

471 1270 610 1341 ipse,
643 1266 698 1321 id
729 1274 813 1321 est
844 1261 1194 1318 immutabilis
1242 1268 1433 1315 contra
1478 1258 1583 1312 hoc
1612 1255 1757 1327 quod
1786 1253 1890 1324 ipsi
1919 1259 2066 1307 vete-

442 1365 713 1421 'rascunt,
729 1359 784 1411 et
807 1355 951 1409 anni
970 1353 1055 1407 tui
1072 1368 1187 1407 non
1209 1350 1493 1417 deﬁcient,
1515 1346 1567 1399 id
1586 1353 1668 1401 est
1689 1343 1962 1399 aeternitas
1976 1350 2066 1394 tua

467 1461 793 1518 permanens
824 1452 925 1499 est.
951 1443 1147 1497 Contra
1170 1440 1273 1493 hoc
1304 1437 1449 1509 quod
1480 1435 1557 1490 illi
1588 1442 1758 1489 morte
1789 1431 2063 1503 peribunt,

463 1552 573 1591 non
604 1534 779 1590 solum
825 1548 923 1603 per
950 1529 1236 1602 praemissa
1288 1526 1460 1594 major
1496 1524 1705 1596 angelis
1733 1521 2065 1591 comproba-

472 1634 580 1690 tur,
643 1624 740 1678 sed
790 1622 949 1678 etiam
1006 1635 1106 1690 per
1157 1619 1262 1673 hoc
1295 1615 1500 1671 dictum
1552 1613 1735 1669 Filio:
1771 1633 1793 1662 ι
1831 1610 1973 1665 Sede
2032 1624 2066 1663 a

468 1713 692 1779 dextris,
734 1734 756 1763 ι
792 1710 940 1782 quod
987 1708 1122 1763 nulli
1176 1707 1379 1761 dictum
1420 1712 1502 1757 est
1548 1701 1767 1773 angelo.
1820 1698 1956 1768 Quia
1994 1698 2064 1753 ad

2178 554 2199 583 ι
2236 532 2355 588 cisti
2388 532 2486 585 sub
2519 531 2749 603 pedibus
2780 531 2916 599 ejus.
2970 529 3031 583 In
3060 542 3125 581 eo
3152 525 3293 580 enim
3324 522 3467 595 quod
3500 520 3685 576 omnia
3718 519 3773 573 in

2177 643 2199 671 ι
2235 619 2482 689 subjecit,
2547 619 2679 673 nihil
2727 617 2930 674 dimisit
2968 632 3076 671 non
3125 613 3427 682 subjectum
3490 610 3562 665 ei.
3611 609 3774 664 Nunc

2176 731 2198 761 ι
2236 719 2419 764 autem
2449 708 2678 764 necdum
2721 707 2968 762 videmus
3010 703 3191 760 omnia
3238 701 3479 770 subjecta
3510 698 3581 754 ei.
3628 699 3775 753 Eum

2176 822 2197 846 α
2241 808 2419 854 antem
2461 797 2553 870 qui
2596 798 2812 853 modico
2850 811 3013 868 quam
3067 792 3270 866 angeli,
3333 790 3631 845 minoratus
3664 794 3771 853 est,

2173 912 2194 935 «ι
2235 888 2483 943 videmus
2511 888 2719 952 Jesum,
2753 895 2976 956 propter
3005 883 3318 954 passionem
3348 878 3556 946 mortis,
3592 875 3774 949 gloria

2172 1000 2193 1024 ιι
2231 985 2284 1031 et
2317 977 2523 1032 honore
2554 984 2896 1038 coronatum,
2932 980 2988 1027 ut
3019 970 3196 1045 gratia
3241 966 3341 1025 Dei
3372 986 3471 1039 pro
3510 965 3775 1023 omnibus

2174 1073 2475 1137 «gustaret
2528 1072 2781 1119 mortem.
2833 1062 3073 1117 Decebat
3130 1059 3273 1115 enim
3330 1074 3472 1126 eum,
3536 1063 3774 1128 pr0pter

2172 1176 2195 1205 ι
2232 1171 2395 1226 quem
2428 1153 2628 1219 omnia,
2661 1161 2713 1208 et
2745 1168 2845 1223 per
2878 1148 3255 1222 quemomnia,
3279 1146 3371 1219 qui
3400 1144 3599 1201 multos
3623 1143 3773 1198 filios

2173 1266 2194 1291 α
2225 1242 2279 1298 in
2310 1242 2540 1313 gloriam
2566 1242 2882 1309 adduxerat,
2914 1247 3191 1295 auctorem
3224 1236 3411 1291 salutis
3446 1251 3633 1291 eorum
3666 1250 3775 1305 per

2171 1356 2192 1379 α
2231 1333 2545 1403 passionem
2600 1345 3000 1386 consummare.
3033 1327 3136 1397 Qui
3189 1326 3333 1382 enim
3382 1321 3686 1380 sanctificat
3717 1330 3775 1378 et

2171 1445 2192 1468 ιι
2230 1421 2324 1493 qui
2355 1419 2777 1483 sanctificantur,
2812 1435 2878 1473 ex
2921 1433 3028 1473 uno
3075 1432 3286 1472 omnes.
3331 1416 3556 1485 Propter
3596 1427 3770 1485 quam

2170 1531 2193 1559 α
2231 1526 2449 1565 causam
2479 1525 2588 1564 non
2634 1507 2980 1564 confunditur
3024 1504 3215 1561 fratres
3261 1519 3356 1559 eos
3402 1517 3620 1567 vocare,
3673 1500 3769 1555 di-

2171 1620 2191 1650 ι
2227 1615 2359 1654 cens
2400 1597 2715 1653 :Nuntiabo
2767 1612 2965 1651 nomen
3020 1602 3167 1650 tuum
3224 1592 3482 1648 fratribus
3514 1590 3674 1656 meis,
3709 1589 3771 1643 in

2171 1710 2192 1733 α
2228 1687 2410 1742 medio
2464 1686 2715 1742 ecclesiae
2772 1684 3006 1739 laudabo
3035 1692 3105 1738 te.
3139 1684 3207 1738 Et
3236 1682 3433 1737 iterum
3463 1698 3476 1737 :
3507 1680 3629 1751 Ego
3665 1694 3767 1735 ero

470 1819 631 1874 quem
655 1768 980 1873 angelorum
1008 1796 1141 1852 dixit
1186 1796 1344 1850 Pater
1389 1768 1699 1864 aliquando,
1733 1789 1870 1844 sicut
1917 1788 2061 1842 idem
2090 1810 2144 1871 Β
2169 1801 2190 1823 ι
2229 1774 2403 1831 ﬁdens
2433 1775 2487 1829 in
2518 1792 2662 1830 eum.
2714 1774 2783 1828 Et
2812 1773 3003 1828 iterum
3035 1789 3048 1827 :
3081 1773 3226 1827 Ecce
3257 1787 3361 1843 ego
3392 1777 3445 1826 et
3472 1769 3626 1841 pueri
3655 1768 3768 1824 mei

470 1892 697 1947 verbum
728 1904 894 1960 supra
942 1884 1272 1940 notavimus.
1323 1882 1480 1947 Sede,
1538 1880 1591 1934 id
1647 1888 1727 1934 est
1780 1877 1962 1947 judica
2010 1882 2064 1931 et

470 1981 691 2054 quiesce
748 1995 783 2033 a
820 1976 1042 2033 dextris
1075 2016 1090 2043 ,
1150 1973 1205 2028 id
1270 1980 1355 2026 est
1409 1970 1462 2024 in
1518 1968 1833 2040 potioribus
1902 1967 2061 2031 meis,

468 2069 823 2144 quoadusque
849 2081 1059 2137 ponam
1078 2064 1342 2118 inimicos
1367 2064 1489 2115 tuos
1514 2059 1821 2114 scabellnm
1854 2056 2059 2126 pedum

473 2165 702 2216 tuorum
730 2156 903 2225 (Psal.
937 2170 1046 2219 cxx,
1070 2156 1120 2217 1,
1140 2156 1217 2221 2),
1241 2151 1296 2205 id
1326 2158 1409 2204 est
1431 2150 1502 2204 ita
1530 2147 1768 2218 plenarie
1790 2147 2064 2215 subjectos

468 2248 585 2313 tibi,
632 2254 689 2301 ut
735 2243 1033 2300 scabellnm
1095 2238 1379 2309 subjicitur
1426 2236 1702 2309 pedibus?
1732 2236 1837 2290 Per
1895 2234 2065 2305 pedes

467 2344 645 2391 tamen
703 2332 1009 2388 humanitas
1066 2328 1265 2385 Christi
1301 2326 1636 2398 intelligitur,
1702 2341 1823 2395 quae
1878 2323 2063 2377 ultima

466 2443 594 2499 pars
624 2425 680 2480 in
708 2424 822 2479 illo.
884 2423 1010 2477 Hanc
1057 2428 1235 2474 autem
1283 2417 1444 2488 plena
1488 2414 1752 2483 subjectio
1801 2428 2061 2469 consum-

466 2514 666 2571 manda
693 2521 777 2568 est
802 2512 857 2566 id
886 2510 1075 2566 ultimo
1099 2507 1302 2577 judicio
1341 2505 1639 2561 secundum
1671 2503 2061 2558 humanitatem

468 2603 608 2660 Filii.
642 2604 784 2658 Vere
815 2600 948 2655 nulli
996 2597 1315 2669 angelorum
1373 2594 1507 2650 dixit
1563 2594 1670 2649 hoc
1724 2592 1870 2664 quod
1928 2589 2061 2645 dixit

470 2693 625 2758 Filio,
666 2691 794 2748 sede
815 2708 851 2745 α
876 2689 1120 2753 dextris,
1154 2685 1280 2758 quia
1308 2683 1493 2756 angeli
1522 2682 1754 2738 ministri
1784 2689 1911 2735 sunt
1940 2678 2061 2734 Filii

467 2784 569 2839 hoc
597 2790 775 2836 autem
798 2793 1112 2850 repugnans
1143 2784 1225 2831 est
1254 2782 1312 2829 ut
1340 2772 1570 2828 ministri
1620 2772 1728 2826 sint
1756 2769 1971 2834 Christi,
2006 2776 2061 2823 et

464 2873 571 2928 hoc
599 2879 781 2926 autem
811 2881 1127 2938 repugnans
1159 2871 1242 2920 est
1262 2871 1319 2918 ut
1338 2860 1575 2917 ministri
1604 2860 1711 2914 sint
1731 2858 1933 2914 Christi
1954 2859 2059 2913 hoc

464 2960 712 3030 ejusdem
741 2955 1036 3029 dignitatis.
1082 2952 1241 3021 Quod
1281 2952 1352 3007 ita
1398 2951 1516 3005 ait:
1548 2949 1674 3004 ideo
1720 2954 1927 3003 constat
1954 2947 2059 3001 hoc

460 3065 574 3105 non
603 3063 726 3103 esse
746 3044 951 3101 dictum
966 3040 1126 3098 alicui
1141 3040 1483 3112 angelorum,
1506 3037 1630 3109 quia
1651 3053 1841 3093 nonne
1867 3050 2059 3091 omnes

458 3135 691 3208 angelici
712 3136 951 3206 spiritus
965 3138 1226 3204 quotquot
1242 3132 1395 3193 sunt,
1412 3134 1536 3181 sunt
1551 3123 2053 3190 administratorii,

459 3226 515 3282 id
570 3234 654 3281 est
704 3220 953 3293 dispositi
1008 3227 1067 3274 ut
1117 3216 1492 3272 administrent
1530 3214 1789 3270 Christo?
1819 3215 1886 3268 Et
1933 3212 2056 3284 quia

457 3314 678 3388 quidam
725 3310 954 3366 ministri
999 3305 1276 3366 constituti
1332 3312 1474 3372 sunt,
1536 3303 1731 3375 quibus
1783 3302 2056 3373 imperare

457 3420 568 3459 non
595 3402 795 3458 audent
827 3397 1055 3464 domini,
1086 3396 1154 3451 ad
1205 3396 1310 3451 hoc
1356 3392 1747 3449 removendum
1777 3391 1945 3446 addit.
1979 3392 2056 3446 lta

454 3494 579 3550 dico
633 3487 1099 3552 administratorii,
1136 3485 1284 3558 quod
1334 3484 1498 3539 missi
1550 3484 1614 3538 in
1662 3482 2054 3537 ministerium

451 3595 781 3657 quocunque
830 3577 934 3633 sibi
963 3576 1143 3649 placet
1198 3575 1358 3630 etiam
1414 3575 1651 3645 prapter
1704 3586 1812 3636 eos,
1863 3569 1918 3624 id
1970 3576 2056 3624 est

449 3680 672 3744 propter
699 3668 976 3724 homines.
1042 3664 1268 3720 Multum
1329 3662 1605 3730 subjectos
1661 3667 1875 3715 constat
1930 3674 2054 3713 esse

449 3760 687 3823 Christo,
718 3755 947 3827 imperio
977 3754 1131 3823 cujus
1173 3749 1487 3806 deserviunt
1524 3747 1684 3803 etiam
1718 3746 2050 3813 hominibus,

448 3848 544 3920 qui
572 3846 814 3901 minores
844 3851 967 3898 sunt
997 3840 1232 3914 angelis.
1265 3841 1492 3909 Propter
1520 3853 1616 3893 eos
1646 3837 1792 3905 dico,
1825 3838 1921 3908 qui
1951 3853 2046 3892 ca-

447 3939 610 4012 pient
670 3935 1066 3989 haereditatem
1097 3930 1305 3985 salutis
1327 3971 1340 3992 ,
1369 3927 1430 3982 id
1462 3935 1545 3982 est
1575 3925 1666 3998 qui
1693 3925 2054 3997 possidebunt

449 4034 712 4083 aeternam
741 4022 969 4077 salutem
1000 4020 1054 4075 in
1083 4018 1477 4085 haereditatem,
1512 4015 1569 4071 id
1598 4022 1682 4071 est
1709 4014 1920 4071 firmam
1949 4014 2052 4070 sibi

450 4111 881 4188 possessionem.

1087 4232 1314 4289 CAPUT
1352 4232 1426 4286 II.

468 4364 471 4369 ’
524 4402 546 4428 α
582 4379 881 4449 Propterea
928 4374 1295 4431 abundantius
1344 4378 1560 4444 Oportet
1603 4370 1905 4426 observare
1949 4383 2052 4422 nos

451 4493 473 4518 ι
511 4485 571 4525 ea
603 4483 725 4540 quae
753 4464 1078 4529 audivimus,
1112 4480 1181 4519 ne
1210 4461 1347 4517 forte
1376 4459 1781 4532 pcretiluamus.
1815 4457 1874 4513 Si
1905 4456 2050 4511 enim

2173 1887 2195 1916 ι
2232 1882 2369 1936 quos
2399 1865 2547 1919 dedit
2575 1863 2708 1918 mihi
2738 1864 2904 1918 Deus.
2937 1860 3073 1930 Quia
3103 1877 3238 1932 ergo
3271 1860 3422 1931 pueri
3451 1856 3767 1914 communi-

2172 1976 2195 2005 ι
2230 1962 2490 2009 caverunt
2514 1952 2667 2009 carni
2687 1960 2739 2007 et
2763 1950 3093 2023 sanguini,et
3109 1948 3349 2007 362
3374 1948 3489 2019 ipse
3511 1945 3768 2002 similiter

2171 2065 2193 2090 α
2230 2041 2573 2113 participavit
2637 2040 2864 2106 eisdem,
2912 2048 2968 2093 ut
3030 2055 3128 2110 per
3174 2046 3405 2093 mortem
3449 2037 3764 2091 destrueret

2171 2152 2193 2182 ι
2229 2148 2371 2196 eum,
2404 2131 2493 2203 qui
2525 2130 2761 2185 habebat
2791 2128 2983 2184 mortis
3031 2128 3337 2199 imperium,
3370 2126 3425 2181 id
3454 2133 3534 2181 est
3563 2124 3762 2180 diabo-

2170 2241 2192 2270 ι
2227 2219 2357 2286 lum,
2389 2228 2443 2275 et
2470 2219 2730 2274 liberaret
2762 2234 2877 2283 eos,
2902 2216 2994 2288 qui
3025 2216 3215 2272 timore
3242 2216 3434 2271 mortis
3462 2231 3561 2286 per
3592 2222 3765 2270 totam

2168 2332 2190 2357 α
2226 2308 2390 2365 vitam
2418 2308 2639 2365 obnoxii
2670 2315 2820 2363 erant
2865 2305 3130 2361 servituti.
3162 2306 3441 2377 Nusquam
3471 2304 3616 2359 enim
3656 2320 3763 2359 an-

2168 2419 2190 2448 ι
2226 2398 2382 2470 gelos
2410 2396 2785 2468 apprehendit,
2811 2396 2907 2450 sed
2926 2411 3111 2450 semen
3130 2394 3355 2449 Abraha:
3378 2392 3762 2465 apprehendit.

2168 2511 2189 2534 ι·
2227 2487 2382 2543 Unde
2440 2486 2625 2541 debuit
2667 2501 2765 2556 per
2809 2483 2994 2540 omnia
3040 2482 3294 2538 fratribus
3340 2482 3653 2548 assimilari,
3705 2490 3767 2537 ut

2168 2597 2191 2627 ι
2225 2575 2538 2631 misericors
2568 2572 2723 2629 ﬁeret
2772 2582 2825 2629 et
2870 2572 3046 2629 fidelis
3075 2571 3320 2628 Pontifex
3377 2571 3448 2627 ad
3476 2573 3671 2639 Deum,
3704 2579 3766 2627 ut

2166 2686 2188 2716 ι
2227 2664 2607 2736 repropitiaret
2636 2662 2835 2719 delicta
2864 2661 3072 2734 populi.
3123 2663 3183 2717 In
3214 2678 3280 2717 eo
3336 2660 3479 2717 enim
3538 2660 3593 2715 in
3654 2676 3767 2733 quo

2164 2777 2187 2802 α
2228 2770 2423 2825 passus
2454 2762 2537 2809 est
2565 2753 2683 2824 ipse
2741 2760 2797 2808 et
2843 2760 3095 2821 tentatus,
3124 2759 3320 2823 potens
3361 2758 3446 2806 est
3473 2759 3527 2806 et
3555 2749 3638 2806 eis
3664 2750 3766 2823 qui

2163 2860 2186 2889 α
2222 2847 2498 2895 tentantur
2529 2836 2796 2894 auxiliari.
2837 2861 2859 2886 ιι

2788 3003 3086 3044 ΕΧΡΟΒΠΊΟ
3098 3029 3112 3044 .

2228 3130 2311 3185 Ex
2366 3129 2620 3185 omnibus
2676 3130 3051 3201 superioribus
3088 3128 3274 3195 infert;
3331 3128 3401 3184 ad
3448 3128 3553 3187 hoc
3606 3129 3761 3187 enim

2157 3219 2626 3290 comprobandum
2674 3219 2859 3275 omnia
2905 3218 3147 3286 adduxit,
3188 3218 3377 3273 dicens
3406 3235 3420 3272 :
3450 3217 3594 3287 Quia
3622 3219 3672 3273 si
3699 3219 3764 3275 in

2155 3308 2436 3378 prophetis
2466 3316 2520 3363 et
2566 3308 2622 3362 in
2678 3308 2817 3364 Filio
2864 3308 3078 3363 locutus
3122 3315 3204 3362 est
3250 3308 3418 3372 Deus,
3471 3308 3598 3379 quia
3652 3324 3762 3379 per

2154 3397 2347 3451 Filium
2403 3396 2588 3452 omnia
2643 3396 2781 3453 facta
2838 3405 2984 3462 sunt,
3042 3397 3171 3468 quia
3198 3396 3373 3465 major
3396 3404 3482 3452 est
3511 3397 3755 3468 angelis,

2154 3485 2276 3556 quia
2306 3485 2508 3541 dictum
2537 3495 2620 3541 est
2651 3486 2786 3541 Filio
2820 3500 2834 3539 :
2870 3508 2893 3533 α
2938 3486 3081 3541 Sede
3100 3501 3134 3540 a
3159 3485 3380 3550 dextris,
3406 3509 3430 3534 ιο
3453 3486 3599 3556 quod
3619 3486 3760 3541 nulli

2153 3574 2357 3630 dictum
2386 3583 2470 3629 est
2499 3574 2718 3646 angelo,
2751 3578 3051 3647 prapterea
3070 3578 3292 3646 oportet
3316 3590 3419 3631 nos
3460 3574 3758 3632 observare

2154 3679 2222 3719 ea
2247 3680 2372 3736 quae
2395 3663 2723 3719 audivimus
2750 3678 2785 3718 a
2814 3663 2948 3717 Filio
2978 3662 3343 3718 abundantius
3360 3678 3522 3733 quam
3543 3679 3606 3718 ea
3628 3680 3758 3735 qua

2151 3751 2455 3806 audivimus
2482 3768 2513 3806 a
2541 3751 2843 3822 prophetis.
2877 3752 3179 3821 Prophetas
3207 3750 3428 3823 quidem
3456 3751 3756 3808 abundan-

2151 3848 2256 3907 ter,
2290 3839 2388 3895 sed
2421 3839 2614 3896 Filium
2644 3839 3007 3894 abundantius
3033 3846 3251 3910 Oportet
3277 3839 3481 3905 audire,
3513 3856 3586 3897 ne
3598 3843 3757 3911 forte

2150 3944 2262 3983 non
2273 3929 2545 3983 audiendo
2568 3928 2780 3998 Filium,
2801 3928 3224 4001 pereﬁluamus.
3248 3929 3362 3983 Nos
3380 3928 3564 3984 multis
3584 3930 3757 3987 mise.

2150 4016 2247 4072 riis
2276 4026 2330 4072 et
2357 4017 2600 4088 peccatis
2630 4017 2869 4088 quotidie
2897 4016 3183 4083 eﬁluimus,
3208 4017 3327 4085 sed,
3350 4016 3397 4072 si
3424 4033 3535 4073 non
3562 4019 3761 4075 obser-

2151 4122 2342 4161 vemus
2389 4106 2642 4161 mandata
2687 4105 2908 4177 Christi,
2958 4105 3347 4177 peretﬂuimus,
3405 4106 3529 4178 quia
3584 4124 3756 4167 omne

2151 4194 2353 4250 bonum
2409 4195 2652 4250 elabetur
2693 4211 2723 4249 a
2752 4194 2932 4261 nobis,
2993 4203 3048 4250 et
3102 4211 3263 4266 poena
3321 4194 3482 4250 totius
3522 4196 3754 4266 iustitia

2150 4284 2309 4340 nobis
2339 4284 2552 4339 residua
2581 4284 2701 4339 erit.
2735 4284 2987 4339 Probavit
3017 4284 3210 4339 Filium
3240 4300 3364 4340 esse
3392 4284 3748 4354 audiendum,

2151 4380 2265 4427 tum
2294 4373 2419 4444 quia
2448 4373 2505 4427 in
2535 4371 2669 4428 Filio
2698 4372 2912 4429 locutus
2942 4382 3025 4428 est
3054 4374 3223 4440 Deus,
3255 4373 3395 4429 sicut
3421 4373 3477 4427 in
3508 4376 3751 4446 prophe-

2153 4462 2240 4526 tis,
2268 4470 2382 4516 tum
2411 4462 2540 4533 quia
2570 4461 2737 4515 Filius
2767 4462 2944 4531 major
2988 4470 3072 4517 est
3118 4462 3349 4535 angelis,
3383 4471 3437 4518 et
3491 4463 3592 4518 hoc
3649 4481 3753 4535 per

450 4582 472 4607 ι.
509 4557 600 4631 qui
621 4536 728 4627 per
772 4554 1003 4627 angelos
1046 4553 1223 4609 dictus
1263 4559 1347 4606 est
1395 4565 1599 4618 sermo,
1632 4548 1805 4603 factus
1835 4554 1918 4601 est
1948 4543 2046 4600 tir-

2161 4549 2505 4606 auctoritates
2562 4550 2878 4606 eorumdem
2933 4551 3183 4622 probavit
3215 4570 3230 4618 ;
3261 4551 3425 4608 modo
3488 4553 3750 4609 mandata

450 4670 473 4695 ιι
509 4663 652 4716 mus,
684 4653 738 4700 et
766 4644 942 4700 omnis
961 4640 1338 4714 praevaricatio
1368 4646 1422 4693 et
1451 4636 1818 4693 inobedientia
1838 4634 2051 4705 accepit
2149 4638 2269 4694 Filii
2297 4639 2640 4695 observanda
2666 4638 2796 4694 dicit
2824 4638 2950 4695 ideo
2971 4639 3100 4712 quia
3117 4654 3227 4695 non
3247 4638 3507 4711 effugient
3526 4657 3748 4712 pinnam

451 4737 710 4815 «justam
772 4732 1044 4788 mercedis
1112 4727 1550 4792 retributionem,
1619 4724 1892 4796 quomodo
1947 4739 2049 4778 nos
2148 4727 2240 4798 qui
2295 4726 2632 4799 neglexerint
2684 4728 3019 4799 propositam
3074 4728 3177 4783 sibi
3231 4744 3265 4783 α
3293 4728 3430 4785 Filio
3476 4730 3738 4788 salutem.

451 4812 475 4879 ci
510 4824 854 4899 effugiemus,
887 4822 934 4875 si
953 4828 1160 4874 tantam
1184 4815 1589 4887 neglexerimus
1612 4813 1841 4868 salutem
1864 4814 1891 4868 ?
1914 4812 2049 4882 Quae
2148 4814 2308 4884 Quod
2339 4816 2415 4871 ita
2444 4816 2640 4887 probat
2671 4833 2685 4872 :
2719 4817 2857 4872 Vere
2903 4834 3027 4888 quae
3073 4817 3382 4872 audivimus
3408 4834 3439 4873 a
3472 4819 3607 4875 Filio
3636 4820 3748 4877 nisi

2145 4905 2643 4975 observaverimus,
2675 4904 3072 4977 peretiluemus,
3103 4906 3158 4961 id
3188 4915 3271 4962 est
3288 4907 3594 4978 puniemur,
3613 4909 3748 4980 quia

2144 4994 2191 5049 si
2219 5010 2404 5050 sermo
2451 4994 2769 5066 angelorum
2825 5010 2935 5050 non
2983 4995 3238 5066 impletus
3291 5012 3507 5067 poenam
3563 4997 3748 5053 intulit

2145 5100 2256 5138 non
2284 5083 2723 5153 observantibus,
2758 5090 2885 5139 tunc
2941 5083 3087 5139 salus
3140 5083 3261 5140 Filii
3316 5086 3585 5157 neglecta,
3645 5088 3745 5159 qui

2144 5171 2322 5241 major
2369 5180 2453 5228 est
2507 5173 2741 5245 angelis,
2772 5188 2992 5244 pinnam
3047 5173 3245 5229 inferet
3295 5175 3734 5248 negligentibus.

2143 5260 2301 5330 Quod
2330 5261 2406 5316 ita
2435 5277 2448 5317 :
2486 5262 2547 5318 Si
2570 5277 2775 5332 sermo,
2806 5262 2861 5316 id
2907 5270 2991 5317 est
3018 5263 3260 5319 ostensio
3290 5264 3582 5319 voluntatis
3614 5266 3737 5333 Dei,

2142 5365 2240 5404 seu
2268 5349 2324 5403 in
2353 5350 2497 5422 lege,
2533 5367 2630 5406 seu
2659 5350 2714 5405 in
2751 5350 3051 5421 prophetis,
3081 5354 3178 5424 qui
3226 5368 3409 5408 sermo
3439 5354 3625 5410 dictus
3654 5360 3746 5411 est

2141 5455 2243 5510 per
2269 5441 2517 5511 angelos.
2550 5439 2748 5512 Angeli
2778 5440 2925 5495 enim
2954 5449 3008 5496 et
3038 5441 3209 5512 Moysi
3228 5441 3410 5514 legem
3439 5450 3493 5497 et
3522 5444 3739 5500 caeteris

2138 5528 2421 5598 prophetis
2467 5527 2862 5595 ministrabant,
2918 5546 3258 5602 quaecunque
3316 5531 3393 5586 illi
3441 5531 3737 5603 docebant,

2139 5616 2206 5682 si,
2236 5616 2478 5689 inquam,
2510 5616 2601 5674 hic
2630 5634 2811 5674 sermo
2838 5620 3033 5689 factus
3061 5623 3149 5675 est
3173 5611 3397 5690 ﬁrmius,
3413 5620 3470 5678 id
3499 5630 3583 5677 est
3602 5638 3739 5679 con-

2137 5703 2383 5762 ﬁrmatus
2422 5712 2531 5773 est,
2594 5706 2735 5764 sicut
2789 5705 2878 5763 lex
2914 5706 3044 5765 data
3089 5708 3287 5781 Moysi,
3336 5725 3437 5781 per
3483 5710 3737 5784 quaedam

452 4938 475 4968 ι
510 4930 636 4972 cum
665 4912 876 4967 initium
906 4907 1209 4977 accepisset
1238 4904 1485 4960 enarrari
1515 4919 1612 4974 per
1642 4902 1953 4968 Dominum,
1978 4900 2046 4956 ab

452 5027 475 5057 ι
514 5005 594 5059 eis
642 5018 733 5074 qui
778 4998 1082 5063 audierunt,
1135 4994 1190 5048 in
1238 5008 1339 5047 nos
1391 4990 1710 5048 confirmata
1755 4998 1857 5057 est,
1908 5007 2046 5047 con-

451 5118 473 5143 οι
510 5098 741 5149 testante
770 5089 886 5142 Deo
916 5083 1088 5155 signis
1110 5091 1164 5137 et
1185 5081 1448 5152 portentis
1470 5089 1522 5137 et
1552 5081 1716 5136 variis
1736 5080 2044 5149 virtutibus,

449 5204 472 5234 α
508 5189 562 5237 et
593 5177 823 5250 Spiritus
851 5172 1025 5229 sancti
1069 5170 1534 5225 distributionibus
1564 5170 1863 5226 secundum
1892 5185 2047 5225 suam

451 5294 473 5322 ι
508 5269 862 5326 voluntatem.
907 5263 1030 5317 Non
1072 5260 1217 5315 enim
1258 5258 1471 5332 angelis
1503 5259 1733 5327 subjecit
1772 5260 1920 5314 Deus
1950 5274 2044 5313 or-

450 5388 473 5411 .
510 5360 636 5415 bem
657 5364 817 5410 terrm
839 5351 1094 5415 futurum,
1120 5338 1323 5421 dequo
1352 5348 1644 5421 loquimur.
1679 5349 1932 5403 Testatus
1961 5355 2044 5401 est

450 5472 472 5496 α
508 5455 693 5503 autem
724 5442 780 5497 in
810 5440 1045 5513 quodam
1076 5439 1198 5495 loco
1230 5438 1352 5510 quis
1372 5438 1581 5493 dicens.
1613 5436 1757 5504 Quid
1779 5444 1862 5491 est
1879 5436 2042 5493 homo

451 5560 473 5585 α
509 5533 656 5610 quod
684 5547 896 5587 memor
924 5546 984 5585 es
1014 5529 1188 5598 cujus,
1222 5536 1312 5583 aut
1342 5526 1486 5581 filius
1515 5524 1751 5581 hominis
1781 5524 2041 5596 quoniam

447 5647 471 5678 ι
508 5624 692 5681 visitas
722 5637 844 5678 eum
865 5620 893 5676 ?
921 5616 1160 5674 Minuisti
1209 5633 1333 5672 eum
1362 5615 1525 5687 paulo
1553 5613 1734 5668 minus
1761 5613 1832 5669 ab
1862 5628 2040 5685 ange-

447 5737 469 5763 ιι
505 5714 591 5781 lis,
625 5711 803 5801 gloria
832 5717 885 5768 et
913 5709 1121 5765 honore
1148 5704 1424 5763 coronasti
1449 5718 1597 5771 eum,
1629 5710 1685 5759 et
1713 5701 2040 5760 constituisti
