3928 6412
133 387 242 442 49⁸1

822 390 1204 449 EXPOSITIO
1243 392 1317 448 IN
1354 391 1736 449 EPISTOLAS
1774 390 1998 446 PAULI.
2031 420 2099 433 -
2140 391 2214 446 IN
2257 390 2477 448 EPIST.
2526 392 2622 448 AD
2660 392 2817 448 ΗΕΒ.

3380 389 3486 447 498

146 512 448 583 miracula,
496 515 559 572 id
629 526 719 574 est
761 535 863 591 per
906 518 1145 574 tonitrua
1205 518 1279 574 ibi
1343 518 1543 585 audita,
1613 516 1776 573 etiam
1807 519 1862 579 Α
1955 515 2052 571 His
2081 517 2334 573 omnibus
2363 516 2519 574 factis
2560 519 2872 575 secundum
2919 518 3276 575 voluntatem
3322 532 3491 572 suam

150 602 498 674 quibusdam
546 607 719 663 minis
784 616 838 664 et
904 607 1384 680 pollicitationibus
1447 606 1779 664 conﬁrmata.

151 691 234 758 Si,
270 692 522 767 inquam,
558 712 748 753 sermo
786 714 884 769 per
910 698 1140 771 angelos
1168 696 1341 753 factus
1370 705 1452 752 est
1482 695 1689 763 ﬁrmus,
1725 700 1783 752 et

156 781 291 838 ideo
317 787 512 840 omnis
531 788 930 859 praevaricatio
950 792 1007 843 et
1028 786 1432 843 inobedientia.
1459 786 1785 844 Praevarica-

151 871 369 928 tionem
399 883 589 941 vocat,
627 892 738 931 non
767 876 942 931 solum
978 876 1249 932 dimittere
1287 876 1432 948 quod
1471 876 1785 947 praecipitur

154 960 215 1016 in
247 961 396 1034 lege,
431 965 532 1019 sed
564 964 730 1021 etiam
761 974 949 1022 contra
979 966 1160 1039 legem
1191 964 1391 1036 facere,
1425 975 1482 1021 ut
1514 966 1606 1038 qui
1626 965 1785 1035 jube-

88 1052 93 1056 ’
153 1058 252 1105 tur
282 1051 520 1125 diligere
552 1054 880 1126 proximum,
913 1071 1022 1110 non
1062 1062 1265 1110 tantum
1318 1071 1428 1111 non
1456 1055 1651 1127 diligit,
1685 1055 1782 1110 sed

157 1140 332 1195 etiam
399 1142 621 1199 occidit.
686 1143 1061 1200 Inobedientia
1127 1143 1327 1200 dicitur
1384 1159 1494 1200 non
1550 1144 1782 1216 implere

159 1231 320 1302 quod
352 1231 407 1286 in
440 1232 567 1305 lege
597 1234 942 1306 praecipitur;
976 1234 1137 1291 etiam
1159 1234 1206 1289 si
1222 1234 1353 1289 nilul
1381 1243 1569 1290 contra
1600 1234 1782 1307 legem

156 1328 437 1391 operetur
479 1339 493 1376 ε
527 1330 584 1377 ιιι
615 1322 707 1395 qui
747 1323 967 1393 jubetur
993 1323 1219 1395 diligere
1266 1340 1373 1379 non
1406 1322 1616 1397 diligat.
1652 1324 1780 1379 Ideo

155 1408 238 1463 ait
272 1410 458 1465 omnis
491 1411 869 1483 prmvaricatio
890 1420 943 1468 et
969 1412 1358 1479 inobedientia,
1383 1421 1435 1468 et
1463 1429 1570 1468 non
1603 1411 1782 1468 omnis

155 1499 566 1568 praevaricator
596 1508 650 1555 et
679 1500 1022 1567 inobediens,
1055 1500 1377 1575 signiﬁcans
1406 1517 1568 1556 unam
1602 1501 1777 1557 solam

154 1588 702 1660 praevaricationem,
771 1590 859 1646 vel
904 1591 1332 1647 inobedientiam
1376 1607 1484 1647 non
1512 1582 1780 1663 'eﬁ‘ngere

149 1691 412 1748 poenam.
454 1679 849 1736 Praevaricator
879 1688 1060 1752 autem
1091 1680 1178 1736 vel
1225 1680 1547 1736 inobediens
1575 1681 1778 1736 multa-

154 1782 292 1821 rum
322 1768 843 1838 praevaricationum
864 1768 951 1825 vel
972 1768 1465 1825 inobedientiarum
1497 1785 1625 1825 reus
1656 1786 1779 1825 esse

1885 606 2017 677 (non
2049 606 2192 661 enim
2223 606 2599 663 considerabat
2646 607 2920 676 meritum,
2953 608 3058 662 sed
3084 605 3487 679 beneplacitum

1882 694 2276 751 misericordia:
2325 698 2459 767 suae)
2487 696 2621 751 dixit
2664 696 2812 776 quod
2859 696 3205 770 negligentes
3251 694 3481 750 salutem

1885 783 2083 839 Christi
2114 800 2225 840 non
2254 783 2515 856 effugient
2558 786 2677 855 ejus
2716 785 3029 841 vindictam.
3064 786 3222 841 Nunc
3254 784 3486 854 subjun-

1883 872 1983 945 git,
2036 874 2183 945 quod
2231 874 2542 931 vindicandi
2587 875 2644 929 in
2687 891 2880 931 omnes
2925 876 3122 930 habeat
3169 873 3483 946 potentiam.

1881 962 2005 1018 Dixi
2038 978 2051 1017 :
2086 964 2364 1031 Quomodo
2392 981 2494 1020 nos
2523 965 2873 1037 e/fugie-mus,
2893 974 2947 1020 et
2967 981 3096 1021 vere
3124 980 3234 1019 non
3265 961 3494 1035 effugie-

1882 1068 2004 1107 mus
2034 1052 2330 1110 vindictam
2360 1054 2706 1126 negligentes
2744 1054 2975 1109 salutem
3014 1054 3150 1123 Filii,
3185 1070 3307 1110 cum
3341 1070 3491 1126 prae-

1882 1141 2217 1197 varicatores
2267 1143 2537 1198 sermonis
2595 1143 2915 1218 angelorum
2961 1143 3131 1215 puniti
3178 1143 3303 1210 sint,
3364 1141 3491 1216 quia

1882 1229 2018 1286 Filio
2051 1231 2298 1301 subjiciet
2318 1232 2510 1288 orbem
2540 1240 2702 1289 terrae
2745 1249 2907 1306 quem
2958 1232 3170 1305 angelis
3220 1248 3330 1288 non
3360 1232 3491 1287 sub-

1876 1318 2028 1387 jecit.
2064 1320 2163 1376 Hic
2194 1320 2537 1391 locus-ﬁdem
2585 1321 2713 1378 facit
2742 1337 2775 1376 a
2803 1322 3023 1378 minori.
3072 1321 3231 1391 Quod
3263 1322 3336 1377 ita
3362 1321 3437 1377 ait
3472 1337 3487 1378 :

1882 1382 2028 1464 Deus
2060 1417 2213 1480 pater
2258 1382 2387 1479 ne}:
2394 1411 2642 1483 subjecit
2663 1412 2848 1468 orbem
2867 1418 3032 1468 terra:
3059 1382 3296 1484 angelis,
3330 1410 3491 1465 mini-

1883 1496 2051 1553 sterio
2082 1498 2301 1570 quidem
2335 1515 2519 1555 eorum
2542 1500 2712 1555 multa
2738 1499 2793 1554 in
2823 1501 2956 1556 orbe
2981 1498 3136 1556 ﬁunt.
3167 1500 3274 1556 Sed
3304 1500 3489 1556 omnia

1882 1595 2130 1657 spectant
2156 1588 2223 1642 ad
2253 1588 2352 1644 Dei
2381 1589 2689 1661 imperium.
2741 1589 2948 1646 Orbem
2978 1597 3141 1647 terra:
3168 1590 3291 1645 dico
3320 1592 3490 1661 futu-

1882 1692 2013 1732 rum
2050 1677 2354 1746 subjectum
2386 1678 2435 1734 ei
2466 1679 2532 1735 de
2562 1696 2666 1752 quo
2700 1680 2999 1751 loquimur,
3025 1679 3233 1735 scilicet
3254 1678 3487 1736 Christo.

1882 1763 1983 1819 Vel
2013 1765 2088 1820 ita
2122 1781 2135 1821 :
2171 1765 2375 1823 Orbem
2409 1784 2516 1822 non
2534 1768 2767 1837 subjecit
2794 1768 3027 1842 angelis,
3059 1768 3224 1841 quod,
3259 1768 3488 1837 scilicet,

151 1862 368 1925 potest.
403 1856 479 1922 Si,
533 1857 780 1930 inquam,
831 1858 1007 1914 omnis
1053 1859 1431 1931 praevaricatio
1482 1866 1533 1914 et
1580 1858 1852 1946 inobe-B
1880 1861 1938 1909 ut
1986 1854 2327 1924 subjiciatur,
2366 1855 2604 1911 futurum
2648 1865 2731 1912 est
2778 1856 2867 1923 ei,
2919 1857 2988 1913 de
3036 1873 3143 1930 quo
3192 1857 3489 1946 loqvimur,

150 1943 371 1999 dientia
402 1947 623 2019 accepit
648 1948 1079 2004 retributionem
1110 1949 1402 2016 mercedis,
1436 1947 1491 2004 id
1523 1956 1606 2004 est
1628 1965 1780 2004 mer-

155 2033 358 2089 cedem
394 2034 736 2091 retributam.
790 2037 1000 2093 Merces
1044 2036 1240 2093 dicitur
1283 2054 1425 2110 quae,
1473 2054 1574 2109 pro
1612 2037 1783 2110 quali-

155 2126 274 2173 tate
336 2118 489 2185 facti,
533 2119 650 2174 sive
696 2121 900 2175 malum
947 2121 1061 2178 sive
1127 2122 1329 2177 bonum
1374 2122 1462 2192 sit,
1516 2123 1776 2179 redditur.

155 2206 475 2265 Retributio
515 2208 786 2281 signiﬁcat
849 2219 1106 2283 quantum
1155 2211 1353 2267 meruit
1400 2219 1605 2267 tantum
1655 2228 1779 2267 esse

157 2297 442 2353 redditum
499 2298 570 2354 ei.
631 2299 1057 2355 Retributionem
1108 2300 1231 2357 dico
1264 2302 1508 2373 justam,
1542 2301 1667 2374 quia
1697 2300 1779 2357 sic

152 2386 523 2443 retribuendo
555 2388 704 2444 Deus
734 2388 849 2462 agit
887 2406 951 2445 ex
993 2390 1221 2459 justitia,
1268 2407 1370 2447 nec
1420 2391 1620 2462 putetis
1652 2408 1777 2447 eum

150 2475 234 2531 sic
269 2475 687 2533 misericordem
721 2494 843 2534 esse
875 2486 931 2533 ut
961 2478 1316 2535 obliviscatur
1356 2480 1595 2549 justitim.

229 2565 309 2633 Si,
344 2565 594 2638 inquam,
628 2567 1001 2637 praevaricatio
1031 2568 1119 2623 vel
1163 2568 1529 2624 inobedientia
1562 2586 1775 2625 sermo-

152 2652 244 2709 nis
274 2653 406 2710 dicti
437 2670 540 2726 per
571 2655 800 2727 angelos
830 2657 1038 2728 accepit
1086 2657 1404 2712 retributam
1440 2659 1772 2727 mercedem,

155 2742 436 2817 quomodo
469 2760 573 2800 nos
589 2745 920 2817 e/I'ugiﬁemus
937 2745 1067 2800 illud
1088 2745 1405 2817 pereﬁluere
1432 2749 1487 2803 si
1512 2750 1777 2820 neglexe-

155 2834 365 2900 rimus,
400 2850 512 2888 non
560 2833 687 2890 dico
733 2835 1185 2906 prtevaricatores
1239 2836 1624 2904 exstiterimus,
1679 2837 1775 2893 sed

156 2923 330 2995 (quod
384 2922 566 2978 minus
605 2923 710 2994 est)
761 2924 807 2978 si
858 2923 1048 2979 saltem
1111 2924 1538 2996 neglexerimus,
1589 2926 1643 2982 id
1693 2935 1777 2982 est

148 3011 471 3085 intelligere
498 3020 930 3079 contemnamus,
978 3029 1087 3069 non
1135 3013 1257 3069 dico
1308 3031 1637 3082 sermonem,
1677 3016 1774 3071 sed

148 3102 407 3157 salutem
429 3100 458 3154 ?
490 3102 729 3156 Verbum
763 3102 907 3157 enim
958 3102 1156 3157 Christi
1199 3104 1465 3159 creditum
1494 3105 1773 3160 credenti-

148 3190 278 3255 bus,
314 3206 479 3245 causa
504 3188 746 3247 efﬁciens
769 3199 851 3246 est
878 3191 1088 3247 salutis.
1117 3192 1354 3248 Salutem
1375 3193 1498 3248 dico
1520 3197 1768 3262 tantam,

1884 1942 2120 1998 Christo.
2157 1942 2319 2013 Quod
2351 1954 2528 2000 autem
2561 1945 2708 2000 orbis
2753 1945 3127 2016 subjiciendus
3156 1945 3225 2000 sit
3253 1945 3490 2014 Christo,

1880 2032 2080 2103 probat
2109 2033 2437 2089 auctoritate
2487 2035 2695 2103 David;
2729 2035 2823 2107 qui
2868 2043 3049 2091 tamen
3079 2036 3147 2090 de
3178 2035 3280 2091 hac
3310 2035 3492 2104 subje-

1881 2119 2062 2176 ctione
2091 2120 2270 2177 futura
2305 2122 2565 2195 loquitur,
2600 2124 2756 2195 quasi
2787 2123 2857 2180 de
2900 2123 3192 2195 praeterita,
3229 2124 3366 2181 sicut
3395 2124 3494 2179 ad-

1880 2208 2084 2265 missus
2111 2210 2165 2265 in
2197 2211 2383 2267 divino
2414 2212 2663 2268 consilio.
2698 2214 2766 2268 Et
2796 2221 2853 2267 ut
2883 2212 3081 2269 certius
3110 2213 3492 2269 exaltationem

1881 2297 2082 2354 Christi
2112 2317 2279 2372 super
2306 2301 2489 2356 omnia
2518 2301 2797 2373 probaret,
2829 2302 3105 2374 praemittit
3137 2302 3493 2358 humilitatem

1881 2388 2015 2457 ejus,
2048 2405 2116 2443 ne
2142 2389 2188 2443 si
2232 2390 2419 2459 (tacita
2474 2390 2801 2462 humilitate)
2845 2391 3229 2447 exultationem
3279 2407 3486 2447 assere-

1881 2484 1985 2543 ret,
2021 2478 2392 2551 ambigeretur
2439 2479 2605 2535 alium
2654 2497 2776 2536 esse
2822 2481 2914 2553 qui
2964 2480 3295 2545 humiliatus,
3327 2481 3491 2536 alium

1880 2566 1973 2637 qui
2003 2567 2272 2623 exaltatus
2305 2576 2408 2624 est.
2444 2569 2601 2624 Unde
2633 2569 2712 2625 sic
2745 2569 2820 2625 ait
2854 2585 2867 2625 :
2900 2571 3022 2625 Non
3052 2586 3159 2643 ego
3188 2569 3338 2626 solus
3367 2569 3493 2626 dico

1879 2655 2071 2710 orbem
2106 2657 2505 2726 subjiciendum
2537 2657 2774 2725 Christo,
2811 2658 2907 2713 sed
2942 2658 3102 2714 etiam
3138 2663 3380 2715 testatus
3408 2662 3493 2715 est

1878 2743 2023 2799 idem
2069 2762 2283 2801 mecum
2333 2749 2458 2820 quis
2506 2748 2699 2803 dicens
2748 2749 2809 2804 in
2846 2748 3088 2821 quodam
3139 2750 3255 2805 loco
3285 2748 3486 2819 (Psal.,

1880 2849 2000 2901 vm,
2035 2837 2087 2889 5.
2122 2837 2204 2905 6).
2245 2836 2373 2891 ΙΙωο
2402 2837 2699 2892 auctoritas
2728 2837 2869 2892 adeo
2885 2845 3013 2892 nota
3044 2846 3177 2903 erat,
3212 2837 3355 2910 quod
3385 2853 3490 2894 nec

1878 2923 2117 2980 auctoris
2154 2940 2257 2982 nec
2301 2925 2407 2981 loci
2464 2926 2517 2980 in
2580 2942 2688 2997 quo
2745 2934 2863 2981 erat
2918 2926 3139 2982 nomine
3195 2927 3485 2999 indigeret.

1878 3015 2027 3080 Haec,
2061 3013 2305 3086 inquam,
2338 3023 2565 3071 testatur
2596 3016 2769 3071 David
2814 3016 3045 3088 loquens
3075 3016 3142 3071 ad
3173 3017 3404 3071 Patrem.
3438 3016 3485 3073 Ο

1878 3102 2130 3170 Domine,
2166 3105 2327 3159 homo
2358 3104 2448 3159 ille
2479 3104 2729 3159 Christus
2760 3106 2893 3179 quid
2921 3109 3026 3171 est,
3061 3104 3405 3170 admirative,
3429 3105 3485 3160 id

1875 3200 1958 3247 est
2006 3209 2260 3266 magnum
2291 3194 2420 3267 quid
2468 3193 2681 3249 futurus
2731 3202 2833 3260 est,
2885 3195 2981 3250 sed
3038 3203 3298 3267 quantum
3355 3195 3485 3267 quid

148 3279 205 3334 id
240 3287 330 3335 est
363 3277 786 3336 indeﬁcientem.
821 3280 977 3336 Salus
1016 3280 1158 3336 enim
1188 3282 1304 3337 haec
1339 3282 1558 3354 quando
1589 3256 1771 3338 remit;
1804 3256 1849 3316 Ο
1874 3282 1975 3349 sit;
2010 3256 2127 3338 hoc
2144 3256 2329 3338 tamen
2384 3292 2552 3339 totum
2603 3300 2703 3355 per
2733 3285 2838 3340 hoc
2883 3285 3030 3357 quod
3058 3256 3117 3339 tu
3165 3256 3390 3340 memor.
3427 3301 3486 3341 es

144 3376 349 3423 tuntur
394 3376 621 3440 peccata
666 3369 994 3440 principium
1043 3371 1242 3438 habet;
1287 3371 1615 3443 positionem
1656 3372 1769 3427 vir-

138 3466 326 3514 tutum
378 3459 545 3513 habet
608 3458 1026 3523 incrementum,
1080 3459 1135 3514 in
1184 3468 1389 3516 aeterna
1438 3461 1767 3518 beatitudine

136 3547 702 3603 consummationem.
724 3549 841 3604 Nec
862 3564 957 3604 eos
979 3549 1154 3605 reddit
1174 3548 1593 3617 inexcusabiles,
1620 3552 1767 3623 quod

140 3645 433 3710 nequeant
476 3653 758 3708 opponere
790 3654 869 3703 se,
903 3637 1056 3710 quasi
1090 3647 1325 3694 remotos
1356 3639 1497 3695 hanc
1546 3641 1767 3697 audisse

139 3726 390 3782 salutem
452 3726 685 3782 dicens:
723 3727 856 3795 Quae
905 3728 1054 3783 salus
1103 3744 1234 3784 cum
1289 3731 1603 3801 accepisset
1642 3731 1764 3787 ini-

143 3818 305 3872 tium
353 3831 463 3870 non
517 3815 950 3885 constitutionis,
1012 3816 1138 3889 quia
1169 3817 1239 3872 ab
1282 3826 1483 3873 a-terno
1519 3818 1758 3875 363

137 3905 223 3961 sic
276 3904 399 3960 ﬁeri
466 3912 585 3961 erat
642 3905 1002 3976 dispositum;
1060 3907 1158 3961 sed
1217 3906 1425 3962 initium
1497 3910 1767 3965 enarrari

129 4012 246 4067 per
276 3996 588 4050 Dominum
620 3995 964 4068 angelorum,
989 3996 1043 4050 id
1072 4003 1153 4051 est
1182 4012 1282 4068 per
1310 3996 1582 4051 Christum
1616 3998 1759 4070 quod

136 4083 400 4138 Ch'istus
436 4084 703 4139 enarrare
749 4083 913 4156 coepit
959 4086 1098 4140 hanc
1146 4084 1395 4141 salutem.
1447 4087 1616 4155 Tunc,
1670 4086 1760 4141 in-

132 4191 333 4246 quam,
367 4190 492 4229 cum
524 4174 951 4245 accepisscthoc
972 4174 1179 4229 initium
1210 4176 1550 4243 conﬁrmata
1580 4181 1664 4232 est
1697 4179 1759 4233 in

132 4281 266 4328 nos,
302 4264 357 4318 id
377 4273 456 4318 est
474 4263 531 4318 in
544 4280 642 4318 vos
662 4264 881 4319 Judzeos
903 4265 968 4319 ab
985 4266 1067 4320 eis
1097 4265 1189 4338 qui
1212 4266 1522 4321 audierunt
1550 4266 1617 4320 ab
1641 4266 1759 4337 ipso

132 4368 238 4409 ore
270 4352 499 4417 Christi,
534 4351 744 4409 scilicet
792 4369 891 4425 per
934 4353 1233 4424 apostolos,
1278 4370 1507 4426 quorum
1550 4354 1758 4423 justitia

124 4450 183 4497 et
242 4442 546 4499 auctoritas
590 4440 897 4496 ﬁrmitatem
941 4443 1103 4511 hujus
1167 4443 1355 4497 salutis
1402 4444 1559 4499 vobis
1600 4461 1755 4500 com-

129 4531 442 4586 mcndavit.
498 4528 833 4586 Conﬁrmata
876 4530 1019 4597 dico,
1060 4533 1168 4587 Deo
1209 4536 1593 4589 contestante.
1648 4534 1755 4605 Ipsi

1871 3372 1993 3442 ejus
2049 3372 2303 3428 hominis.
2367 3374 2578 3428 Memor
2622 3372 2718 3428 fuit
2774 3375 2921 3428 Deus
2979 3373 3215 3429 hominis
3257 3374 3479 3441 Christi,

1843 3461 2089 3532 ‘quando
2120 3478 2241 3515 eum
2274 3461 2568 3517 immunem
2599 3478 2628 3517 a
2659 3471 2882 3533 peccato
2903 3463 3262 3518 conservavit.
3291 3464 3478 3518 Homi-

1869 3566 1992 3604 nem
2026 3566 2148 3605 eum
2197 3551 2434 3623 appello,
2485 3558 2575 3606 aut
2623 3558 2680 3606 ut
2724 3551 3040 3623 eXpressius
3088 3551 3265 3607 dicam
3313 3552 3479 3608 homo

1866 3638 1961 3694 ille
1992 3639 2161 3694 Filius
2192 3640 2428 3695 hominis
2472 3657 2733 3713 magnum
2784 3641 2911 3713 quid
2958 3650 3041 3695 est
3068 3641 3123 3695 in
3153 3656 3217 3696 eo
3247 3642 3392 3715 quod
3421 3649 3478 3698 tu

1869 3729 2064 3784 visitas
2101 3746 2256 3785 eum.
2288 3731 2438 3786 Sicut
2469 3730 2713 3786 medicus
2743 3738 2799 3785 ut
2843 3730 3041 3799 visitet,
3073 3729 3381 3804 ingreditur
3408 3732 3480 3787 ad

1868 3815 2160 3886 inﬁrmum,
2194 3819 2274 3875 sic
2303 3820 2452 3874 Deus
2493 3819 2731 3875 visitavit
2779 3820 3049 3874 Christum
3100 3820 3153 3875 in
3202 3820 3475 3891 seplucro,

1867 3906 2226 3978 ingrediendo
2280 3909 2349 3964 ad
2395 3926 2518 3964 eum
2568 3917 2625 3964 ut
2675 3909 3100 3981 incorruptibilis
3147 3919 3475 3981 resurgeret.

1869 3997 1969 4052 Ubi
2009 3998 2081 4051 ait
2114 3999 2292 4053 Filius
2340 3997 2590 4054 hominis
2630 4007 2683 4053 et
2713 4015 2905 4054 verum
2951 4000 3247 4067 hominem,
3282 4008 3336 4055 et
3368 4017 3477 4056 non

1864 4086 1933 4140 de
1965 4086 2173 4141 semine
2202 4087 2303 4141 viri
2334 4098 2519 4142 natum
2551 4088 2804 4150 ostendit,
2838 4088 3074 4143 hominis
3105 4090 3247 4143 enim
3278 4089 3469 4155 Filius,

1864 4190 1973 4229 non
2003 4175 2302 4230 hominum.
2340 4178 2407 4231 Et
2438 4176 2577 4232 sicut
2607 4177 2841 4248 cognovi
2870 4178 2985 4246 ejus
3015 4177 3470 4245 incarnationem,

1864 4264 1941 4318 sic
1962 4264 2381 4319 minorationem
2396 4265 2662 4333 ejusdem,
2679 4267 2945 4321 minuisti
2957 4266 3101 4322 enim
3123 4283 3253 4322 eum
3274 4267 3471 4323 Filium

1862 4353 1962 4407 Dei
1984 4352 2039 4406 in
2068 4353 2263 4407 virtute
2294 4370 2394 4425 per
2424 4362 2757 4425 assumptam
2809 4364 3057 4410 naturam
3090 4356 3469 4427 passibilitatis

1860 4451 1915 4497 et
1944 4441 2305 4497 mortalitatis.
2358 4443 2594 4497 Minuisti
2638 4443 2761 4498 dico
2808 4445 2979 4516 paulo
3026 4444 3241 4511 minus,
3288 4443 3343 4499 id
3386 4454 3469 4501 est

1862 4530 2042 4585 minus
2086 4546 2186 4602 per
2235 4530 2472 4602 paulum,
2523 4531 2649 4604 quia
2695 4532 2821 4587 hcet
2867 4532 3131 4598 mortalis,
3184 4542 3364 4589 tamen
3411 4534 3465 4590 in

129 4620 286 4676 enim
318 4619 554 4692 apostoli
585 4620 901 4677 auctoritate
949 4637 1045 4675 sua
1082 4621 1216 4676 satis
1246 4622 1384 4677 hanc
1413 4627 1751 4678 atteslal-an-
1783 4627 1836 4687 D
1861 4621 1964 4676 hac
1994 4620 2320 4675 mortalitate
2360 4620 2665 4692 imperabat
2720 4620 2954 4692 angelis.
3009 4620 3248 4676 Minuisti
3301 4623 3466 4694 paulo

128 4718 244 4775 tur,
282 4710 379 4765 sed
432 4711 582 4765 Deus
623 4709 767 4765 idem
810 4710 1109 4765 testabatur
1156 4727 1278 4766 cum
1314 4710 1419 4765 illis
1467 4713 1646 4783 signis
1694 4716 1750 4769 et

122 4802 441 4872 portentis.
477 4800 649 4873 Signa
680 4806 856 4864 vocat,
892 4806 948 4853 ut
997 4799 1215 4855 morbos
1259 4800 1557 4872 depellere,
1607 4802 1752 4874 quod

131 4905 229 4944 ars
261 4889 607 4945 medicinalis
639 4887 1080 4959 possetefﬁcere.
1112 4890 1367 4945 Portenta
1400 4899 1597 4956 autem,
1629 4909 1751 4964 qua:

129 4988 317 5035 contra
347 4988 605 5034 naturam
639 4985 814 5044 erant,
848 4986 905 5032 ut
958 4994 1105 5035 caeco
1134 4988 1262 5034 nato
1293 4978 1483 5035 oculos
1512 4981 1747 5051 aperire,

136 5069 401 5125 Lazarum
460 5067 776 5124 suscitare:
836 5084 957 5141 quae
1022 5076 1075 5123 et
1139 5068 1283 5123 aliud
1344 5068 1743 5140 signiﬁcabant.

140 5159 491 5215 Contestante
518 5164 708 5214 autem
740 5155 902 5211 etiam
951 5157 1067 5212 Deo
1102 5158 1277 5214 variis
1306 5159 1633 5224 virtutibus,
1659 5159 1746 5215 hic

140 5265 292 5305 veras
328 5250 558 5305 virtutes
605 5243 901 5320 signiﬁcat,
944 5255 1001 5301 ut
1041 5246 1327 5316 justitiam,
1374 5248 1741 5320 prudentiam,

141 5346 191 5393 et
220 5337 546 5411 hujusmodi,
582 5352 711 5408 quin
741 5334 1085 5390 ministrabat
1117 5333 1372 5391 ﬁdelibus
1409 5337 1542 5391 suis.
1595 5337 1745 5392 Con-

142 5434 350 5485 testante
381 5429 544 5485 etiam
579 5424 1082 5482 distributionibus
1103 5467 1116 5490 ,
1146 5423 1201 5478 id
1232 5433 1311 5479 est
1340 5441 1441 5496 per
1488 5426 1744 5481 distribu-

139 5519 292 5576 tiones
317 5520 576 5593 Spiritus
609 5513 830 5581 sancti,
854 5512 975 5569 huic
992 5514 1134 5568 enim
1167 5529 1376 5586 genera
1406 5514 1739 5588 linguarum,

135 5608 201 5666 illi
233 5610 606 5667 revelationes
663 5600 1092 5672 Scripturarum,
1153 5611 1206 5658 et
1253 5602 1468 5659 cmteris
1516 5613 1741 5661 cmteras

132 5701 312 5780 gratias
331 5693 750 5760 distribuebat.

1858 4709 2039 4764 minus
2071 4718 2381 4781 separatum
2413 4710 2481 4766 ab
2512 4712 2749 4781 angelis,
2785 4711 2838 4765 id
2870 4719 2952 4765 est
2982 4711 3049 4765 ab
3079 4711 3173 4766 illa
3203 4710 3466 4785 dignitate

1856 4797 1982 4865 loci,
2015 4799 2163 4855 Deus
2196 4799 2340 4855 enim
2373 4800 2535 4856 homo
2567 4800 2740 4856 factus
2769 4800 2914 4855 inter
2942 4799 3193 4856 homines
3221 4810 3306 4856 est
3332 4816 3466 4857 con-

1854 4896 2123 4944 versatus.

1927 4977 2106 5032 Posita
2156 4978 2529 5034 humiliatione
2586 4979 2805 5045 Christi,
2892 4977 3081 5051 incipit
3128 4979 3195 5035 de
3253 4978 3464 5035 exalta-

1851 5066 2000 5121 tione
2029 5067 2219 5122 dicens
2254 5082 2267 5121 :
2303 5066 2598 5124 Coronasti
2626 5085 2756 5124 eum
2785 5069 2991 5139 gloria,
3025 5068 3077 5123 id
3109 5077 3192 5124 est
3221 5068 3461 5126 claritate

1850 5155 2270 5211 immortalitatis
2300 5162 2356 5213 et
2388 5158 2597 5213 honore
2630 5177 2648 5213 :
2695 5156 2822 5230 quia
2868 5158 2971 5229 ipsi
3019 5159 3253 5214 ﬂectitur
3295 5174 3459 5216 omne

1848 5261 2015 5316 genu.
2049 5245 2338 5301 Coronasti
2366 5246 2437 5300 ab
2494 5262 2560 5301 ea
2618 5246 2966 5303 similitudine
2997 5247 3148 5313 dicit,
3183 5264 3286 5321 qua
3318 5248 3460 5305 sicut

1846 5333 2014 5389 virtor
2034 5342 2312 5389 revertens
2341 5335 2410 5390 de
2440 5335 2737 5406 triumpho,
2783 5351 3044 5392 coronam
3084 5337 3348 5409 suscipit;
3380 5338 3461 5395 sic

1846 5423 2095 5478 Christus
2146 5423 2476 5494 triumphata
2506 5432 2702 5491 morte,
2734 5425 2911 5497 gloria
2945 5433 2997 5480 et
3030 5425 3239 5481 honore
3293 5442 3457 5483 coro-

1844 5513 1964 5567 nari
1997 5512 2213 5567 meruit.
2248 5513 2316 5567 Et
2346 5530 2469 5568 eum
2526 5522 2840 5569 coronatum
2895 5516 3257 5571 constituisti
3286 5532 3457 5588 super

1842 5617 2013 5674 opera
2041 5618 2320 5656 manuum
2353 5607 2585 5657 tuarum
2626 5618 2791 5674 super
2846 5602 3095 5658 homines
3124 5612 3177 5658 et
3204 5605 3451 5673 angelos,

1842 5707 1965 5765 qua:
1994 5689 2214 5764 proprie
2242 5691 2492 5747 dicuntur
2510 5707 2681 5763 opera
2700 5707 2951 5747 manuum
2975 5692 3095 5762 Dei,
3119 5700 3173 5748 et
3191 5692 3263 5746 ita
3284 5682 3455 5766 super
