3928 6418
434 345 537 405 £99

994 344 1052 401 S.
1092 340 1447 403 BRUNONIS
1485 338 2138 401 CARTHUSIANORUM
2173 340 2660 400 INSTITUTORIS
2697 340 2851 400 OPP.
2892 341 3070 400 PARS
3105 342 3174 398 II.

3638 344 3743 400 500

429 484 628 541 opera,
664 469 809 543 quod
838 470 1032 526 omnia
1072 469 1361 542 subjecisti
1398 468 1499 525 sub
1540 468 1772 542 pedibus
1798 465 2042 524 364
2068 468 2125 529 Α
2145 466 2293 522 nullo
2324 466 2741 539 glorificaretur,
2772 468 3033 524 damnato
3073 466 3315 524 homine.
3356 467 3427 523 Et
3456 481 3586 524 cum
3615 484 3752 541 pro-

429 560 571 630 ejus,
594 558 649 613 id
680 565 762 614 est
788 558 891 629 ipsi
920 558 1159 629 plenaria
1183 558 1540 627 subjectione.
1563 558 1752 613 Posset
1783 555 1929 613 enim
1959 572 2045 611 su-

424 648 611 720 perior
642 663 766 703 esse
796 648 1058 721 dignitate
1092 666 1106 714 ;
1139 647 1286 719 quod
1324 662 1434 702 non
1456 654 1637 702 tamen
1660 645 1916 702 inferiora
1945 645 2043 700 ali-

430 753 536 809 qua
558 736 896 808 subjectione
928 744 1113 792 essent
1134 736 1184 791 ei
1204 736 1457 792 obnoxia.
1482 736 1643 791 Modo
1664 735 1865 791 Paulus
1894 735 2042 808 quod

430 826 605 882 David
635 826 710 882 ait
737 828 931 883 omnia
960 826 1268 898 subjecisti,
1317 826 1594 898 quomodo
1622 824 2039 895 intelligendum

430 916 524 981 sit,
568 916 790 988 exponit
861 916 1070 985 dicens,
1115 915 1189 969 ait
1232 914 1408 970 David
1443 931 1456 971 :
1496 914 1691 971 Omnia
1738 913 2039 984 subjecisti.

432 1005 496 1060 In
517 1021 579 1061 eo
609 1009 804 1062 autem
836 1004 980 1078 quod
1011 1004 1287 1075 Scriptum
1315 1004 1576 1075 subjecit,
1609 1003 1664 1058 id
1693 1011 1776 1059 est
1805 1002 2043 1059 ostendit

434 1094 681 1163 subjecta
711 1095 763 1150 ei
789 1095 1004 1160 omnia,
1035 1094 1188 1149 nihil
1210 1093 1431 1149 dimisit
1458 1108 1576 1149 non
1621 1093 1936 1165 subjectum
1965 1093 2039 1159 ei,

434 1183 563 1255 quia
589 1182 683 1237 ubi
713 1182 785 1237 ait
834 1183 1027 1238 omnia
1075 1181 1206 1236 nihil
1256 1181 1474 1254 excipit.
1526 1182 1582 1237 Si
1610 1182 1755 1237 enim
1787 1181 2039 1249 habetur,

435 1273 685 1343 superius
708 1271 983 1344 jungitur.
1019 1271 1287 1327 Benedico
1330 1272 1523 1329 orbem
1554 1270 1797 1326 futurum
1827 1270 2043 1325 Christo

437 1361 765 1429 subjectum,
800 1362 928 1432 quia
958 1361 1013 1415 in
1044 1378 1110 1415 eo
1146 1361 1294 1433 quod
1335 1360 1567 1433 subjecit
1593 1360 1643 1413 ei
1673 1359 1875 1426 omnia,
1908 1358 2043 1413 nihil

436 1450 640 1505 dimisit
672 1466 779 1505 non
812 1431 1106 1519 subjectum
1123 1431 1193 1505 ei.
1226 1451 1294 1505 Et
1313 1450 1441 1505 licet
1470 1431 1668 1504 dix’ei‘lt
1697 1448 1880 1503 omnia
1906 1448 2042 1503 sub-

429 1539 630 1609 jecisti,
664 1556 821 1596 nunc
868 1547 1046 1594 tamen
1091 1539 1350 1595 nondum
1382 1539 1636 1595 videmus
1667 1538 1860 1593 omnia
1918 1552 2043 1592 esse

435 1630 689 1700 subjecta
720 1630 791 1695 ei,
841 1645 1005 1701 quare
1046 1628 1296 1683 dicebam
1348 1627 1587 1683 futurum
1634 1626 1936 1696 subjectum
1970 1625 2039 1681 ei.

437 1718 611 1773 Hodie
642 1718 784 1773 enim
816 1718 1021 1790 aliquid
1066 1716 1365 1788 subjicitur,
1417 1716 1515 1772 sed
1554 1716 1788 1772 necdum
1834 1714 2039 1782 omnia,

2142 564 2267 627 pter
2296 556 2467 612 Deum
2500 555 2940 630 glorificandum,
2973 565 3028 613 et
3052 572 3153 629 per
3190 557 3364 613 Deum
3394 556 3537 614 facta
3566 565 3755 613 essent

2144 644 2344 712 omnia,
2379 646 2669 702 consilium
2716 646 2833 716 ejus
2871 645 3089 718 impleri
3133 645 3392 718 oportuit,
3423 654 3483 702 ut
3533 644 3753 719 gloriﬁ-

2144 743 2358 790 caretur
2380 734 2435 789 in
2466 735 2750 804 creaturis,
2782 752 2871 806 ne,
2905 752 3017 791 non
3062 735 3353 808 providere
3400 735 3635 791 salutem
3664 736 3753 791 his

2143 840 2266 896 qum
2294 822 2524 895 fecerat,
2560 825 2864 880 absurdum
2894 833 3063 881 esset.
3111 825 3520 882 Consummatio
3550 825 3758 881 Christi

2142 912 2197 966 in
2245 914 2647 971 resurrectione
2694 913 2901 986 incipit,
2960 912 3355 986 perfectionem
3402 914 3654 970 habitura
3700 913 3757 969 in

2141 1002 2231 1058 die
2255 1002 2461 1073 judicii,
2497 1003 2717 1075 quando
2746 1003 2930 1059 omnia
2970 1003 3326 1073 subjicientur
3353 1003 3423 1061 ei.

2214 1092 2413 1147 Probat
2459 1093 2607 1165 quod
2654 1093 2836 1149 decuit
2890 1108 3276 1149 consummare
3324 1093 3601 1149 Christum
3650 1110 3758 1165 per

2143 1181 2453 1253 passiones,
2487 1181 2612 1254 quia
2644 1182 2893 1239 dicerent
2917 1182 2995 1237 illi
3045 1182 3176 1238 satis
3225 1182 3490 1239 indecens
3518 1199 3645 1239 esse
3696 1190 3759 1238 ut

2144 1270 2290 1341 quod
2315 1279 2506 1326 auctor
2535 1280 2651 1327 erat
2681 1271 2892 1338 salutis,
2925 1270 3010 1327 cui
3032 1270 3213 1328 omnia
3241 1271 3501 1328 deberent
3528 1271 3755 1341 subjici,

2143 1375 2270 1413 eum
2300 1359 2356 1413 in
2395 1359 2724 1431 ignominias
2752 1359 3024 1432 passionis
3080 1361 3377 1432 deponere.
3426 1362 3582 1417 Unde
3623 1361 3706 1416 ait
3739 1375 3754 1414 :

2145 1448 2285 1503 Vere
2316 1447 2395 1504 sic
2425 1465 2549 1504 eum
2585 1464 2969 1506 consummare
3025 1464 3135 1505 non
3191 1449 3445 1506 dedecuit
3492 1452 3627 1523 quia
3657 1453 3761 1524 qui

2142 1538 2472 1607 sanctiﬁcat
2492 1538 2911 1610 prmdestinatos
2932 1538 3002 1594 ad
3024 1538 3275 1612 gloriam,
3299 1538 3354 1595 id
3374 1546 3457 1594 est
3477 1538 3756 1607 Christus,

2143 1630 2201 1681 et
2230 1627 2327 1699 qui
2344 1628 2807 1698 sanctiﬁcantur,
2834 1627 2888 1682 id
2910 1634 2991 1682 est
3013 1627 3383 1699 praedestinati
3403 1644 3596 1685 omnes
3615 1645 3760 1700 pen-

2141 1716 2271 1770 dent
2300 1732 2375 1771 es:
2396 1733 2528 1785 uno,
2562 1716 2617 1771 id
2648 1725 2730 1771 est
2759 1734 2823 1772 ex
2855 1718 2970 1773 Deo
2999 1717 3180 1773 Patre.
3206 1717 3296 1773 Sic
3327 1717 3471 1773 enim
3501 1717 3761 1773 Christus

438 1823 560 1862 cras
591 1808 783 1862 iterum
813 1807 1043 1878 aliquid,
1079 1815 1129 1861 et
1158 1807 1391 1862 necdum
1420 1806 1623 1872 omnia,
1658 1812 1710 1859 et
1738 1804 1881 1859 istud
1914 1820 2042 1861 nec-
2072 1834 2126 1895 Β
2147 1804 2311 1860 homo
2348 1805 2603 1876 potestati
2622 1806 2721 1861 Dei
2742 1805 3019 1876 subjectus
3040 1814 3141 1872 est,
3166 1806 3306 1863 sicut
3325 1805 3381 1861 bi
3400 1806 3490 1879 qui
3511 1823 3611 1879 per
3627 1823 3760 1863 eum

438 1898 565 1952 dum
596 1898 702 1953 dici
733 1896 948 1967 poterit,
981 1897 1157 1953 donec
1203 1896 1258 1952 in
1297 1895 1504 1967 judicio
1551 1896 1714 1951 etiam
1746 1894 2045 1965 subjicien-

440 1995 526 2042 tur
552 1986 655 2057 ipsi
687 1985 859 2057 impii.

512 2075 829 2147 Opponeret
860 2074 1055 2148 aliquis
1088 2090 1101 2130 :
1154 2074 1305 2131 Sicut
1350 2074 1581 2131 necdum
1627 2075 1869 2146 subjecta
1901 2082 2046 2142 sunt,

440 2165 519 2222 sic
551 2181 651 2220 nec
683 2164 736 2219 in
766 2172 1030 2220 aeternum
1055 2164 1431 2235 subjicientur.
1466 2165 1551 2220 Ad
1571 2166 1675 2221 hoc
1696 2164 1895 2220 Paulus
1929 2180 1941 2219 :
1966 2165 2051 2221 Li-

439 2262 526 2310 cet
574 2254 804 2311 necdum
858 2254 1102 2323 subjecta
1173 2253 1281 2308 sint
1332 2253 1383 2309 ei
1430 2254 1647 2323 omnia,
1696 2261 1873 2310 tamen
1921 2254 2050 2327 quia

440 2352 652 2416 partem
681 2343 980 2415 prophetia:
1009 2344 1065 2398 in
1096 2358 1161 2399 eo
1204 2343 1531 2415 completam
1574 2344 1844 2414 videmus,
1897 2344 2048 2400 scili-

442 2442 527 2489 cet
558 2441 881 2491 coronatum
911 2433 1088 2507 gloria
1110 2442 1163 2489 et
1190 2434 1418 2500 honore,
1450 2432 1583 2489 certi
1622 2450 1809 2489 sumus
1839 2442 2047 2506 partem

440 2541 561 2597 quae
618 2532 786 2579 restat
830 2523 1178 2595 implendam,
1228 2523 1437 2579 scilicet
1479 2530 1538 2578 ut
1597 2523 1953 2594 subjiciuntur
1998 2523 2049 2579 ei

443 2613 650 2670 omnia.
672 2613 831 2683 Quod
853 2612 923 2668 ita
942 2612 1017 2668 ait
1048 2630 1061 2668 :
1086 2613 1230 2669 Eum
1252 2614 1349 2687 qui
1368 2614 1691 2669 minoratus
1708 2618 1791 2670 est
1808 2614 2043 2680 modico,

436 2704 493 2760 id
526 2712 608 2759 est
636 2720 738 2775 per
768 2702 1044 2759 modicum
1074 2719 1242 2777 quam
1294 2704 1521 2775 angeli;
1562 2711 1749 2775 posset
1792 2702 1936 2758 enim
1978 2702 2048 2758 ab

443 2809 510 2849 eo
541 2792 688 2865 quod
719 2800 839 2848 erat
886 2791 1165 2858 minorari,
1218 2799 1277 2846 ut
1307 2799 1489 2847 tamen
1538 2799 1846 2847 remaneret
1874 2792 2050 2862 major

440 2883 675 2956 angelis,
725 2881 799 2937 ait
844 2881 1025 2937 minor
1072 2880 1249 2937 factus
1297 2898 1457 2952 quam
1506 2881 1707 2953 angeli.
1752 2880 1912 2949 Eum,
1959 2881 2048 2935 in-

443 2987 629 3045 quam,
662 2972 915 3027 videmus
947 2970 1059 3039 jam
1087 2972 1305 3038 Iesum,
1342 2970 1395 3025 id
1427 2977 1510 3025 est
1556 2970 1857 3026 salvantem
1895 2986 2044 3040 suos,

442 3064 779 3118 coronatum
805 3060 985 3131 gloria
1012 3062 1069 3114 et
1101 3058 1331 3125 honore,
1362 3058 1417 3113 id
1446 3065 1530 3113 est
1560 3058 1799 3115 claritate
1833 3059 2051 3115 immor-

441 3148 682 3215 talitatis,
717 3148 946 3221 etquod
975 3164 1135 3203 omne
1175 3163 1320 3220 genu
1367 3147 1618 3204 ﬂectatur
1646 3148 1749 3204 illi.
1807 3148 2047 3205 Corona-

443 3246 578 3306 tum,
611 3238 856 3310 inquam,
886 3253 995 3292 non
1026 3237 1143 3292 sine
1184 3236 1399 3307 merito,
1457 3237 1554 3293 sed
1583 3241 1817 3311 propter
1845 3240 2048 3311 passio-

443 3345 598 3394 nem,
633 3343 754 3400 quae
782 3326 967 3398 passio
1005 3341 1115 3382 non
1162 3326 1548 3399 quoquomodo
1577 3326 1920 3394 tolerabilis;
1952 3327 2049 3382 sed

442 3416 625 3492 passio
655 3418 879 3474 mortis.
911 3415 1012 3473 Hic
1032 3416 1148 3486 jam
1177 3416 1474 3473 ostendere
1494 3415 1703 3488 incipit,
1731 3432 1842 3472 non
1872 3417 2050 3473 solum

441 3516 667 3580 propter
694 3506 997 3580 potentiam
1030 3514 1083 3562 et
1127 3505 1392 3562 ultionem
1439 3505 1692 3561 mandata
1722 3505 1919 3561 Christi
1946 3505 2051 3562 de-

442 3598 571 3654 bere
601 3596 904 3663 observari,
938 3595 1035 3652 sed
1058 3596 1137 3666 (ut
1164 3594 1255 3650 illa
1293 3594 1798 3667 praetermittamus)
1826 3603 2052 3667 propter

443 3686 793 3745 dilectionem
843 3701 953 3758 qua
980 3700 1083 3741 nos
1123 3684 1265 3741 adeo
1293 3684 1481 3740 dilexit
1525 3693 1585 3740 ut
1622 3700 1721 3756 pro
1749 3684 2052 3741 salvatione

443 3783 636 3831 nostra
663 3782 895 3830 mortem
915 3773 1173 3847 eligeret.
1207 3772 1507 3829 Minoratus
1537 3772 1681 3841 ideo,
1713 3778 1777 3830 ut
1793 3777 2052 3847 gustaret

444 3869 687 3921 mortem
707 3878 806 3936 pro
833 3863 1091 3919 omnibus
1108 3862 1525 3935 praedestinatis,
1551 3862 1636 3918 vel
1667 3878 1768 3934 pro
1799 3863 2053 3919 omnibus

446 3952 846 4009 universaliter.
883 3951 1122 4007 Pretium
1149 3951 1295 4007 enim
1340 3951 1525 4007 datum
1563 3961 1648 4007 est
1701 3952 1973 4019 omnibus,
2006 3952 2054 4008 si

446 4042 636 4109 velint,
670 4039 968 4098 sufﬁciens.
1003 4039 1261 4097 Gustaret
1288 4040 1437 4111 dicit,
1473 4050 1699 4113 propter
1726 4042 2052 4097 amaritudi-

447 4148 577 4188 nem
604 4131 816 4198 mortis,
850 4147 972 4203 quae
1003 4130 1226 4186 interius
1255 4130 1336 4185 illi
1390 4131 1587 4203 sapuit.
1640 4131 1737 4187 Vel
1784 4139 2049 4203 gustaret,

447 4221 574 4295 quia
609 4237 760 4277 mors
789 4220 881 4275 illa
911 4220 1017 4277 cito
1044 4219 1384 4292 praeteriens,
1438 4220 1594 4293 quasi
1623 4220 1677 4276 in
1718 4229 1884 4295 gustu
1932 4219 2051 4288 fuit,

446 4327 559 4367 non
605 4310 887 4366 inebrians
937 4326 1039 4382 per
1083 4326 1313 4366 moram.
1374 4309 1650 4379 Gustaret,
1708 4310 1951 4383 inquam,
2001 4317 2056 4365 et

447 4401 552 4458 hoc
601 4401 811 4473 gratia,
845 4399 899 4455 id
932 4408 1016 4456 est
1042 4417 1142 4472 per
1169 4399 1404 4471 gratiam
1434 4402 1552 4469 Dei,
1603 4416 1713 4456 non
1758 4400 1904 4456 enim
1950 4399 2057 4456 hoc

445 4498 825 4564 promeruerat
854 4490 1039 4546 homo.
1071 4489 1201 4546 Ideo
1232 4497 1477 4563 gustaret
1521 4497 1753 4546 mortem
1799 4505 1900 4561 pro
1929 4505 2053 4545 om-

2150 1894 2456 1950 salvantur.
2494 1895 2710 1951 Etcum
2732 1895 2981 1951 Christus
3003 1912 3069 1951 ex
3090 1895 3206 1951 Deo
3236 1896 3488 1967 pendeat,
3515 1913 3625 1952 non
3658 1896 3759 1952 de-

2151 1982 2334 2039 decuit
2359 1983 2404 2037 si
2435 1984 2700 2055 disposuit
2731 1984 2802 2040 de
2831 2000 2897 2040 eo
2927 1984 3201 2057 quomodo
3230 1984 3332 2040 sibi
3360 1985 3581 2057 placuit.
3612 1985 3759 2042 Pro-

2149 2072 2237 2127 bat
2268 2073 2414 2145 quod
2446 2071 2792 2129 sanctiﬁcans
2822 2081 2875 2129 et
2892 2072 3212 2130 sanctiﬁcati
3242 2090 3309 2130 ex
3338 2090 3447 2130 uno
3476 2075 3758 2146 pendeant

2149 2177 2251 2234 per
2279 2162 2646 2229 auctoritates,
2680 2163 2759 2219 sic
2787 2163 2975 2220 dicens
3007 2178 3021 2219 :
3051 2166 3469 2238 Propterquam
3496 2181 3754 2233 causam,

2151 2251 2280 2324 quia
2308 2250 2655 2308 sanctiﬁcans
2686 2260 2739 2307 et
2770 2251 3089 2308 sanctificati
3117 2269 3183 2308 ex
3212 2269 3322 2309 uno
3351 2262 3494 2320 sunt,
3525 2262 3761 2326 propter

2150 2344 2275 2408 hoc,
2310 2342 2555 2414 inquam,
2580 2358 2695 2398 non
2727 2341 3126 2415 confunditur,
3151 2342 3204 2397 id
3234 2350 3315 2397 est
3343 2358 3451 2398 non
3482 2344 3763 2400 erubescit

2156 2431 2393 2489 365
2412 2432 2655 2487 Christus
2677 2448 2766 2487 eos
2781 2448 2976 2488 vocare
2991 2435 3206 2503 fratres
3226 2431 3418 2488 dicens
3438 2432 3493 2487 in
3509 2433 3759 2505 psalmo:

2152 2521 2434 2579 Nuntiabo
2464 2538 2670 2579 nomen
2688 2525 2853 2577 tuum
2886 2521 2961 2590 (id
2984 2529 3067 2577 est
3088 2520 3555 2578 honorificentiam
3584 2524 3763 2595 tuam)

2151 2611 2435 2683 fratribus
2456 2611 2615 2677 meis,
2639 2618 2692 2666 et
2716 2611 2953 2667 laudabo
2974 2615 3027 2666 te
3044 2610 3255 2682 positus
3274 2612 3337 2667 in
3357 2612 3541 2669 medio
3557 2613 3762 2669 Eccle-

2153 2703 2254 2756 sia:
2286 2701 2460 2769 (Psal.
2495 2715 2619 2770 χιι,
2650 2701 2763 2769 23),
2798 2700 2952 2773 quasi
2983 2699 3238 2756 columna
3275 2700 3547 2756 sustinens
3568 2710 3622 2757 et
3652 2701 3763 2758 ful-

2154 2790 2307 2845 ciens
2337 2790 2578 2860 domum,
2609 2806 2679 2845 ne
2712 2789 2843 2862 quid
2871 2790 2927 2845 in
2958 2805 3025 2846 ea
3052 2797 3194 2846 ruat.
3226 2791 3296 2846 Et
3334 2791 3530 2846 iterum
3560 2792 3762 2863 probat

2152 2878 2299 2934 idem
2329 2879 2642 2935 auctoritate
2670 2879 2821 2934 Isaiae
2868 2879 3142 2952 loquentis
3170 2879 3226 2934 in
3272 2896 3507 2952 persona
3556 2881 3763 2936 Christi

2154 2970 2235 3024 sic
2268 2985 2281 3024 :
2316 2970 2421 3041 Ego
2450 2967 2700 3024 Christus
2727 2984 2821 3025 ero
2842 2967 3025 3038 ﬁdens
3056 2969 3118 3024 in
3148 2985 3278 3025 eum
3300 2969 3474 3041 (Psal.
3506 2984 3649 3036 xvu,
3676 2971 3760 3041 3),

2153 3058 2206 3112 id
2239 3058 2401 3113 estin
2432 3059 2606 3114 Deum
2652 3058 2885 3114 Patrem.
2933 3058 3174 3131 Cumque
3202 3058 3257 3114 in
3306 3059 3481 3114 Deum
3528 3076 3587 3115 se
3611 3059 3768 3116 dicat

2154 3145 2447 3214 confidere,
2481 3155 2709 3220 apparet
2738 3164 2862 3203 eum
2909 3146 3047 3203 sicut
3075 3147 3212 3203 alios
3237 3165 3303 3203 ex
3333 3148 3449 3203 Deo
3488 3149 3760 3220 pendere.

2148 3238 2220 3293 Et
2248 3237 2461 3293 iterum
2488 3237 2683 3308 probat
2712 3236 2856 3310 quod
2879 3235 3224 3294 sanctiﬁcans
3256 3246 3307 3292 et
3338 3236 3658 3294 sanctiﬁcati
3688 3255 3762 3296 ex

2150 3342 2259 3381 uno
2286 3326 2412 3392 sint,
2446 3326 2636 3382 dicens
2664 3325 2721 3380 in
2748 3325 2894 3381 Isaia
2927 3341 2941 3381 :
2975 3328 3112 3383 Ecce
3133 3343 3226 3399 ego
3257 3326 3503 3382 Christus
3532 3336 3767 3400 paratus

2152 3432 2271 3470 sum
2300 3415 2563 3488 obsequio
2582 3414 2683 3471 Dei
2704 3419 2761 3472 et
2776 3417 2943 3489 pueri
2963 3418 3093 3483 mei,
3119 3432 3254 3490 quos
3274 3418 3420 3472 Deus
3439 3417 3593 3473 dedit
3611 3418 3768 3475 mihi

2152 3505 2303 3575 (Isai.
2337 3520 2459 3572 vui,
2495 3507 2604 3577 18).
2646 3504 2751 3563 Ubi
2781 3504 2901 3560 ait:
2954 3508 3092 3562 Ecce
3138 3522 3255 3578 ego,
3307 3514 3361 3561 et
3409 3506 3554 3563 Deus
3602 3508 3766 3565 dedit

2150 3594 2296 3651 mihi
2322 3594 2559 3651 ostendit
2585 3610 2645 3651 se
2675 3611 2741 3650 ex
2789 3595 2907 3650 Deo
2953 3594 3216 3666 pendere.
3287 3595 3543 3651 Probavit
3609 3598 3763 3669 quod

2152 3700 2259 3740 non
2292 3684 2565 3751 dedecuit,
2596 3683 2871 3741 concludit
2896 3683 3060 3740 modo
3109 3685 3256 3758 quod
3300 3702 3401 3757 per
3442 3686 3764 3757 passionem

2152 3774 2393 3845 oportuit
2422 3774 2699 3829 Christum
2727 3781 3008 3830 auctorem
3056 3790 3179 3830 esse
3218 3775 3408 3830 salutis
3449 3776 3760 3845 hominum,

2152 3864 2344 3919 dicens
2374 3881 2388 3919 :
2422 3863 2561 3933 Quia
2593 3864 2842 3919 Christus
2900 3864 2994 3937 qui
3040 3862 3360 3931 sanctificat,
3412 3872 3467 3920 et
3504 3865 3762 3922 homines

2155 3953 2247 4026 qui
2278 3951 2692 4010 sanctificantur
2721 3970 2787 4009 ex
2816 3970 2925 4011 uno
2960 3961 3106 4009 sunt.
3153 3954 3303 4028 Ergo
3347 3953 3596 4010 Christus
3626 3971 3764 4027 par-

2153 4042 2396 4114 ticipavit
2428 4041 2636 4098 eisdem
2666 4043 2998 4111 hominibus,
3034 4043 3285 4099 similiter
3311 4051 3367 4098 ut
3396 4043 3676 4115 passibilis
3707 4053 3765 4101 et

2153 4132 2401 4187 mortalis
2431 4130 2603 4187 ﬁeret.
2636 4132 2705 4189 Et
2735 4148 2904 4205 quare
2935 4133 3027 4206 qui
3075 4131 3376 4189 sanctiﬁcat
3410 4133 3764 4205 participavit

2155 4221 2365 4276 eisdem
2394 4222 2424 4277 τ
2461 4221 2584 4279 Ideo
2621 4224 2754 4295 quia
2796 4223 2967 4295 pueri
3009 4238 3145 4295 quos
3193 4220 3563 4278 sanctiﬁcabat
3607 4240 3765 4280 com-

2155 4311 2604 4368 municaverunt
2634 4312 2800 4368 carni
2826 4316 2884 4367 et
2921 4312 3210 4385 sanguini,
3258 4312 3314 4367 id
3344 4319 3425 4367 est
3462 4312 3680 4383 corpori
3709 4320 3767 4370 et

2159 4400 2375 4456 animm.
2408 4401 2514 4456 Per
2542 4401 2863 4473 sanguinem
2912 4401 3057 4457 enim
3104 4401 3339 4456 animam
3386 4401 3603 4473 accipit,
3648 4418 3766 4457 non

2159 4489 2304 4561 quod
2335 4490 2404 4544 sit
2434 4489 2634 4557 anima,
2668 4490 2765 4545 sed
2795 4490 2923 4563 quia
2949 4490 3111 4546 sedes
3141 4498 3224 4546 est
3252 4489 3469 4546 animae.
3502 4491 3764 4547 Commu-

445 4581 608 4636 nibus
639 4582 772 4654 quia
791 4581 1019 4637 decebat
1037 4596 1186 4649 eum,
1210 4579 1265 4634 id
1288 4588 1371 4635 est
1395 4580 1571 4635 Deum
1587 4578 1805 4634 Patrem
1821 4582 2056 4653 propter
2084 4570 2137 4630 D
2158 4578 2339 4635 nicare
2369 4579 2516 4634 carni
2549 4586 2601 4635 et
2629 4579 2885 4652 sanguini
2933 4580 3081 4647 dicit,
3134 4596 3296 4637 veros
3330 4580 3580 4636 homines
3608 4597 3758 4638 esse.

454 4687 619 4743 quem
647 4668 1069 4744 gloriﬁcandum
1099 4669 1239 4725 facta
1270 4676 1395 4724 sunt
1425 4669 1639 4736 omnia,
1672 4672 1731 4724 et
1754 4685 1860 4741 per
1888 4684 2053 4742 quem

446 4759 584 4817 facta
612 4768 738 4815 sunt
765 4762 986 4817 omnia.
1014 4758 1156 4813 Eum
1199 4756 1324 4813 dico
1365 4759 1465 4830 qui
1509 4757 1853 4825 adduxerat,
1886 4756 1940 4812 id
1970 4764 2054 4812 est

447 4849 801 4906 adducendos
822 4848 1313 4920 prmdestinaverat
1328 4846 1541 4902 multos
1560 4847 1728 4916 ﬁlios,
1761 4846 1816 4901 id
1843 4854 1926 4901 est
1954 4846 2054 4902 ho-

445 4939 623 4996 mines
648 4936 972 5009 justiﬁcatos
995 4937 1070 4992 ad
1098 4937 1360 5008 gloriam,
1386 4934 1441 4989 id
1462 4942 1545 4990 est
1574 4935 1647 4992 ad
1672 4935 2049 4992 salvationem.

446 5029 608 5095 Eum,
641 5029 885 5100 inquam,
917 5025 1149 5082 decebat
1178 5028 1471 5080 auctorem
1500 5026 1709 5081 salutis
1741 5040 1935 5081 eorum
1984 5023 2053 5080 fi—

445 5117 644 5174 liorum
676 5114 905 5188 (scilicet
945 5113 1244 5185 Christum)
1290 5128 1687 5171 consummare
1710 5130 1815 5188 per
1836 5115 2054 5188 passio-

447 5223 581 5264 nem
617 5204 807 5261 mortis
848 5202 988 5260 sicut
1015 5202 1283 5274 promisit.
1332 5202 1557 5258 Frustra
1599 5202 1746 5259 enim
1793 5202 1938 5260 facta
1966 5219 2055 5260 es-

448 5302 571 5351 sent
599 5292 804 5359 omnia,
846 5291 893 5347 si
922 5292 1087 5347 homo
1116 5308 1226 5347 non
1256 5291 1573 5363 redemptus
1604 5292 1828 5364 periret.
1863 5291 2055 5348 Omnis

449 5383 597 5440 enim
626 5389 869 5439 creatura
898 5389 1116 5437 terrena
1153 5380 1358 5437 homini
1407 5381 1688 5450 deservit;
1719 5389 1777 5437 ut
1804 5382 1970 5438 homo
1998 5382 2055 5437 in

447 5473 557 5537 illis
612 5470 894 5527 materiam
949 5470 1151 5528 habeat
1206 5470 1466 5526 laudandi
1522 5472 1715 5527 Deum.
1761 5471 1817 5528 Si
1872 5479 2054 5528 autem

448 5562 614 5618 homo
644 5576 755 5617 non
781 5560 1105 5629 salvaretur,
1148 5560 1434 5632 dispositio
1482 5560 1584 5617 Dei
1632 5560 1928 5628 falleretur,
1962 5560 2055 5632 qui

448 5657 673 5724 propter
714 5667 775 5708 se
840 5648 1262 5728 glorificandum
1309 5649 1518 5709 fecerat
1564 5650 1747 5708 omnia
1769 5694 1785 5719 ,
1817 5665 1942 5708 cum
1998 5649 2057 5706 in

2150 4669 2217 4724 Et
2265 4685 2437 4741 quare
2491 4668 2737 4724 Christus
2797 4670 2922 4725 ideo
2987 4669 3325 4741 participavit
3389 4669 3765 4726 humanitati?

2152 4757 2280 4831 quia
2308 4758 2464 4830 pueri
2496 4775 2636 4830 quos
2683 4756 3057 4815 sanctiﬁcabat
3104 4758 3353 4815 homines
3396 4766 3586 4827 erant;
3618 4775 3759 4831 pro-

2152 4855 2362 4919 pterea,
2397 4848 2604 4904 scilicet
2634 4852 2700 4903 ut
2728 4864 2829 4921 per
2848 4852 3091 4905 mortem
3119 4864 3222 4921 pro
3263 4864 3557 4920 puerorum
3582 4849 3762 4905 salute

2151 4953 2367 5008 passam
2396 4938 2715 4994 destrueret
2736 4954 2883 5006 eum,
2900 4940 2997 5011 qui
3018 4937 3253 4994 habebat
3274 4939 3579 5010 imperium
3599 4955 3761 4994 mor-

2154 5028 2247 5093 tis,
2272 5026 2325 5081 id
2357 5034 2439 5082 est
2467 5026 2764 5094 diabolum,
2789 5026 2881 5100 qui
2901 5027 3207 5099 imperabat
3236 5027 3359 5099 lege
3390 5026 3582 5083 mortis
3609 5028 3762 5085 omni

2152 5115 2376 5171 homini.
2410 5115 2529 5171 Nisi
2557 5116 2700 5172 enim
2728 5132 2827 5187 per
2854 5124 3088 5172 mortem
3116 5133 3226 5172 non
3251 5124 3440 5189 posset
3472 5117 3763 5174 destruere

2152 5213 2423 5273 mortem;
2457 5205 2596 5261 mori
2629 5213 2811 5261 autem
2858 5221 2968 5261 non
2999 5214 3205 5277 posset,
3252 5206 3358 5261 nisi
3388 5206 3553 5262 homo
3582 5205 3758 5275 fieret,

2153 5300 2209 5353 et
2241 5296 2365 5353 ideo
2410 5294 2647 5367 oportuit
2695 5310 2820 5351 cum
2869 5294 3192 5367 participare
3236 5296 3447 5351 eisdem
3477 5296 3753 5354 similiter.

2156 5385 2303 5441 Deus
2333 5384 2478 5439 enim
2509 5383 2786 5440 hominem
2831 5383 3065 5456 primum
3109 5400 3308 5456 purum
3339 5392 3391 5439 et
3422 5384 3476 5439 in
3505 5384 3763 5443 libertate

2153 5473 2379 5540 creavit,
2431 5489 2595 5545 quem
2631 5472 2884 5528 diabolus
2939 5473 3223 5530 seductum
3272 5473 3424 5546 (quia
3469 5474 3766 5545 imperium

2154 5562 2255 5618 Dei
2284 5570 2668 5635 transgressus
2697 5563 2802 5633 est)
2834 5561 3064 5635 imperio
3115 5578 3215 5619 suo
3240 5571 3299 5618 ut
3350 5579 3573 5619 servum
3605 5582 3766 5621 man-

2152 5652 2374 5725 cipavit.
2408 5653 2584 5709 Homo
2611 5658 2796 5708 autem
2823 5660 3114 5726 corruptus
3143 5668 3245 5725 per
3287 5661 3575 5726 peccatum
3606 5655 3762 5715 nulla
