3928 6422
164 385 256 439 50f

832 378 1212 438 EXPOSITIO
1251 379 1324 436 IN
1361 374 1744 435 EPISTOLAS
1781 373 2004 432 PAULI.
2045 405 2116 417 —
2154 375 2228 430 IN
2264 373 2484 430 EPIST.
2526 374 2622 430 AD
2660 373 2817 429 HEB.

3377 370 3483 426 502

166 514 356 570 virtute
385 513 529 570 hanc
561 510 880 568 servitutem
910 507 1140 564 evadere
1171 505 1362 579 potuit.
1413 506 1549 560 Cum
1599 501 1852 563 autemA
1885 523 1907 548 α
1944 500 2239 558 fabricatur
2270 501 2338 556 ab
2387 500 2594 573 aliquo.
2660 498 2764 569 Qui
2821 506 3004 554 autem
3061 494 3244 552 omnia
3275 492 3482 552 creavit

172 602 331 658 homo
360 619 460 674 per
487 618 549 658 se
582 609 772 656 servus
818 597 992 654 factus
1022 604 1188 662 esset,
1223 595 1269 650 si
1297 611 1398 666 per
1455 594 1618 648 alium
1643 592 1779 647 libe—

172 700 383 747 raretur
413 707 582 764 quam
615 707 714 764 per
734 687 1045 764 hominem,
1082 684 1339 764 violentia
1387 691 1553 750 esset,
1589 681 1779 738 etdia-

175 764 326 819 belus
356 757 632 832 inj'uriam'
645 761 746 816 sibi
792 759 908 814 fieri
933 759 1078 828 juste
1111 757 1461 813 reclamaret.

241 853 539 924 Pr0pterea
571 859 632 906 ut
690 853 849 905 homo
896 847 1275 914 redimeretur,
1309 844 1596 917 oportebat
1627 843 1778 898 inve-

177 942 276 996 niri
306 941 588 997 hominem
622 941 673 995 in
706 955 812 1012 quo
832 945 1116 1010 peccatum
1145 952 1254 992 non
1298 943 1464 1002 esset,
1497 942 1555 988 ut
1581 933 1776 988 diabo-

173 1031 271 1096 lus,
304 1032 358 1086 in
417 1047 487 1087 eo
548 1045 816 1101 usurpans
855 1027 957 1082 sibi
1011 1025 1421 1098 potestatemin
1470 1039 1597 1096 quo,
1653 1022 1776 1094 quia

171 1129 454 1191 peccatum
488 1135 598 1175 non
657 1125 820 1183 esset,
853 1116 1059 1171 nullam
1087 1115 1332 1180 haberet,
1369 1130 1466 1185 per
1495 1113 1599 1168 hoc
1628 1111 1774 1183 quod

170 1209 370 1265 homini
401 1210 523 1264 sine
554 1216 778 1280 peccato
805 1214 1036 1262 mortem
1067 1206 1214 1277 (quae
1242 1219 1404 1274 penna
1435 1210 1518 1258 est
1538 1201 1774 1272 peccati)

167 1298 404 1364 inferret,
438 1298 759 1369 usurpando
806 1295 950 1368 quod
1001 1311 1158 1349 suum
1190 1309 1299 1348 non
1330 1299 1460 1355 erat,
1498 1291 1642 1360 juste
1673 1305 1773 1361 pro

171 1388 266 1444 hac
294 1387 726 1459 praesumptione
756 1385 1014 1457 perderet
1041 1399 1260 1438 omnem
1301 1381 1576 1437 hominem
1607 1397 1770 1451 quem

157 1479 300 1546 juste
330 1478 688 1550 possederat.
729 1477 902 1531 Homo
924 1483 1106 1530 autem
1135 1472 1252 1527 sine
1283 1479 1510 1543 peccato
1540 1469 1772 1524 inveniri

167 1584 271 1623 non
321 1567 502 1638 potuit
557 1565 699 1621 inter
752 1565 1020 1629 homines,
1081 1562 1209 1635 quia
1266 1577 1456 1617 omnes
1487 1561 1540 1614 in
1572 1576 1774 1615 concu-

169 1656 435 1728 piscentia
467 1655 600 1710 nati.
636 1655 692 1709 Si
720 1663 900 1709 autem
955 1655 1038 1722 (ut
1067 1651 1289 1724 quidam
1347 1652 1647 1722 opponunt)
1677 1666 1773 1703 an-

163 1746 339 1817 gelica
370 1755 572 1801 natura
603 1745 999 1808 incarnaretur,
1032 1757 1158 1798 cum
1201 1749 1427 1812 uterque
1457 1739 1686 1812 angelus
1719 1747 1772 1794 et

1883 612 1905 640 ι
1946 592 2092 646 Deus
2122 599 2227 646 est.
2261 592 2325 645 Et
2356 591 2573 661 Moyses
2631 589 2853 661 quidem
2909 586 3086 642 fidelis
3115 592 3233 641 erat
3260 583 3314 638 in
3367 590 3481 639 tota

1881 703 1902 727 α
1939 680 2105 735 domo
2136 680 2273 749 ejus,
2324 688 2576 751 tanquam
2616 677 2869 742 famulus,
2903 676 2957 730 in
2989 673 3356 732 testimonium
3386 688 3482 728 eo-

1881 793 1903 816 a
1940 785 2061 823 rum
2094 786 2218 841 qua:
2247 768 2482 824 dicenda
2526 775 2718 834 erant;
2754 766 3000 822 Christus
3030 780 3161 820 vero
3219 769 3482 834 tanquam

1881 882 1902 905 «
1940 857 2083 912 filius
2115 858 2167 912 in
2199 858 2364 913 domo
2393 873 2510 912 sua.
2544 856 2681 925 Quae
2709 857 2902 912 domus
2951 871 3139 909 sumus
3167 868 3288 919 nos,
3338 851 3385 906 si
3409 849 3480 905 fi-
3515 873 3518 876 ’

1882 971 1902 994 α
1939 947 2156 1002 duciam
2189 955 2239 1003 et
2270 947 2502 1020 gloriam
2534 946 2650 1016 spei
2670 961 2844 1017 usque
2875 945 2944 999 ad
2974 943 3135 999 finem
3157 942 3367 996 firmam
3389 955 3479 996 re-

1883 1060 1905 1084 »
1940 1037 2228 1091 tineamus.
2293 1036 2642 1108 QuaprOpter
2699 1035 2835 1090 sicut
2891 1033 3022 1090 dicit
3067 1031 3301 1104 Spiritus
3345 1045 3478 1084 san-

1881 1149 1902 1172 u
1939 1134 2058 1181 ctus
2089 1143 2102 1180 :
2141 1126 2314 1180 Hodie
2349 1125 2394 1180 si
2426 1141 2614 1181 vocem
2649 1125 2768 1193 ejus
2797 1122 3095 1191 audieritis,
3128 1121 3294 1176 nolite
3311 1119 3481 1175 obdu-

1880 1237 1900 1261 ι·
1937 1231 2063 1270 rare
2093 1216 2258 1271 corda
2315 1222 2514 1282 vestra,
2549 1215 2686 1269 sicut
2716 1215 2769 1268 in
2820 1211 3235 1268 exacerbatione
3289 1225 3481 1265 secun-

1878 1324 1900 1354 ι
1938 1304 2068 1359 dum
2101 1305 2244 1359 diem
2295 1303 2610 1359 tentationis
2639 1303 2695 1357 in
2740 1303 2980 1369 deserto,
3011 1300 3103 1355 ubi
3134 1305 3478 1355 tentaverunt

1878 1415 1900 1444 α
1938 1410 2026 1448 me
2059 1402 2243 1464 patres
2300 1393 2469 1449 vestri
2497 1437 2510 1460 ,
2545 1393 2917 1465 probaverunt
2947 1399 3000 1446 et
3030 1390 3280 1445 viderunt
3308 1403 3477 1460 opera

1877 1506 1898 1530 α
1935 1499 2055 1538 mea
2101 1483 2501 1555 quadringenta
2558 1482 2734 1536 annis.
2778 1483 3007 1552 Propter
3057 1478 3202 1550 quod
3232 1476 3475 1534 offensus

1876 1593 1898 1621 ι
1938 1571 2224 1645 {infensus}
2257 1572 2330 1627 fui
2373 1571 2717 1643 generationi
2773 1570 2917 1635 huic,
2952 1577 3005 1624 et
3052 1567 3162 1622 dixi
3196 1583 3208 1622 :
3244 1568 3476 1636 Semper

1877 1682 1898 1712 α
1936 1661 1990 1715 hi
2020 1669 2201 1716 errant
2231 1662 2418 1717 corde.
2455 1661 2561 1732 lpsi
2592 1669 2772 1716 autem
2802 1674 2911 1714 non
2949 1665 3327 1731 cognoverunt
3356 1655 3473 1710 vias

1875 1774 1896 1797 ν
1934 1767 2086 1806 meas
2110 1794 2122 1817 ,
2157 1751 2357 1823 quibus
2408 1751 2585 1820 juravi
2615 1749 2670 1803 in
2709 1750 2792 1804 ira
2833 1764 2977 1811 mea,
3011 1748 3056 1801 si
3086 1746 3387 1801 introibunt
3418 1745 3473 1799 in

161 1837 322 1891 homo
352 1835 406 1889 in
465 1843 664 1890 natura
710 1835 903 1888 habeat
934 1847 1187 1903 peccare,
1223 1829 1479 1886 facillime
1525 1829 1842 1931 caderet,B
1876 1862 1898 1892 ι
1933 1840 2181 1912 requiem
2230 1856 2427 1894 meam,
2490 1839 2700 1904 Videte,
2761 1838 2979 1903 γιοειι-εε,
3012 1853 3080 1892 ne
3131 1835 3271 1890 ῑοιοιρ
3321 1835 3390 1888 si;
3419 1833 3473 1888 ίιι

162 1942 279 1982 cum
311 1932 606 1996 utramque
636 1932 882 1978 naturam
912 1938 1012 1993 per
1039 1937 1099 1976 se
1128 1928 1336 1976 constet
1365 1919 1651 1974 cecidisse.
1677 1918 1767 1974 Sic

160 2015 489 2086 relinquitur
522 2014 813 2068 humanam
850 2021 1100 2066 naturam
1134 2011 1284 2064 nullo
1309 2009 1473 2064 modo
1493 2008 1610 2062 sine
1631 2023 1766 2079 pec-

163 2113 280 2160 cato
301 2120 471 2175 posse
503 2103 826 2168 consistere,
850 2101 952 2156 nisi
983 2101 1226 2155 uniretur
1257 2098 1304 2154 ei
1336 2097 1610 2153 divinitas.
1639 2098 1766 2152 ldeo

163 2194 321 2249 etiam
363 2193 533 2264 (sicut
566 2191 716 2246 aiunt
771 2190 968 2259 sancti)
1015 2191 1160 2244 Deus
1213 2187 1378 2243 voluit
1436 2188 1600 2242 homo
1650 2185 1766 2241 fieri

159 2293 213 2338 ut
240 2300 341 2354 per
371 2283 481 2338 hoc
515 2281 764 2336 homines
808 2280 1065 2335 redderet
1118 2278 1299 2350 magis
1355 2277 1621 2332 obnoxios
1652 2292 1766 2330 sum

161 2371 459 2428 dilectioni.
507 2370 760 2426 Ostendit
805 2369 1074 2424 Christum
1105 2384 1213 2423 non
1247 2367 1421 2422 solum
1477 2383 1577 2437 per
1606 2382 1754 2420 mor-

162 2469 266 2516 tem
325 2460 675 2516 destruxisse
705 2459 896 2514 mortis
953 2457 1262 2529 imperium,
1298 2456 1393 2511 sed
1434 2455 1594 2511 etiam
1643 2472 1764 2510 me-

162 2551 261 2605 rito
290 2550 490 2605 mortis
522 2565 638 2604 suae
666 2548 844 2622 legem
876 2550 1021 2619 (qua:
1049 2548 1268 2601 .ludaeos
1312 2546 1365 2600 in
1395 2545 1655 2600 servitute
1686 2554 1764 2599 te-

166 2642 372 2710 nuerat)
427 2655 752 2695 evacuasse.
815 2638 970 2694 Unde
1023 2637 1103 2692 sic
1131 2636 1205 2690 ait
1238 2651 1251 2690 :
1291 2639 1354 2694 Ut
1387 2652 1492 2707 per
1520 2639 1764 2690 mortem

161 2729 477 2785 destrueret
515 2727 823 2795 diabolum,
847 2731 904 2783 et
931 2735 985 2780 ut
1001 2743 1098 2797 per
1112 2733 1344 2780 mortem
1365 2725 1630 2780 liberaret
1648 2741 1760 2793 eos,

163 2819 373 2875 ludazos
403 2819 474 2873 ad
509 2834 650 2890 quos
670 2818 756 2873 hic
782 2833 966 2872 sermo
990 2825 1124 2884 erat,
1149 2817 1244 2888 qui
1268 2831 1370 2886 per
1398 2822 1564 2869 totam
1596 2814 1761 2868 vitam

169 2911 364 2965 timore
392 2909 604 2964 mortis
620 2909 849 2963 obnoxii
863 2909 1099 2979 fuerant
1121 2905 1407 2971 servituti,
1433 2904 1486 2958 id
1519 2912 1599 2958 est
1628 2902 1759 2974 legi,

166 3015 278 3072 quae
307 3007 364 3054 ut
395 3014 595 3053 servos
627 2997 858 3065 cogebat
895 3011 1011 3061 eos,
1061 2995 1250 3051 dicens
1283 3011 1297 3049 :
1332 2993 1384 3048 Si
1409 2994 1514 3049 hoc
1538 2993 1758 3059 feceris,

163 3097 328 3143 morte
359 3087 636 3142 morieris.
678 3085 784 3141 Sed
841 3085 1110 3151 Christus,
1171 3084 1363 3140 nolens
1421 3099 1518 3138 vos
1548 3082 1761 3139 servire

163 3178 344 3233 timore
374 3176 592 3240 mortis,
627 3175 806 3248 legem
835 3174 1134 3243 evacuavit,
1169 3181 1226 3228 ut
1268 3173 1406 3228 sicut
1437 3173 1581 3229 servi
1611 3173 1760 3244 prius

1876 1952 1897 1976 «
1932 1929 2114 2000 aliquo
2145 1937 2384 1984 vestrum
2417 1945 2514 1983 cor
2558 1928 2792 1992 malum,
2851 1924 3246 1981 incredulitatis
3285 1923 3473 1979 disce-

1873 2041 1894 2066 α
1933 2019 2097 2073 dendi
2126 2036 2155 2072 a
2185 2021 2300 2074 Deo
2349 2019 2493 2073 vivo.
2551 2018 2658 2072 Sed
2715 2015 3081 2072 adhortamini
3111 2014 3474 2085 vosmetipsos

1873 2130 1894 2154 «ι
1933 2123 2032 2179 per
2064 2107 2313 2180 singulos
2362 2107 2501 2172 dies,
2533 2107 2710 2162 donec
2740 2105 2902 2160 hodie
2946 2104 3382 2177 cognominatur,
3415 2110 3474 2158 ut

1874 2220 1895 2244 υ
1919 2213 2038 2252 .non
2069 2197 2368 2253 obduretur
2415 2197 2535 2269 quis
2563 2213 2629 2251 ex
2663 2196 2816 2251 vobis
2848 2194 3055 2250 fallacia
3083 2193 3312 2265 peccati.
3347 2194 3475 2247 Par-

1872 2308 1895 2338 α
1931 2287 2122 2358 ticipes
2153 2286 2296 2342 enim
2328 2286 2528 2340 Christi
2579 2284 2756 2342 eﬁ‘ecti
2815 2301 3043 2350 sumus;
3075 2283 3121 2337 si
3152 2292 3332 2337 tamen
3360 2281 3470 2336 ini-

1873 2395 1893 2427 ι
1933 2375 2062 2430 tium
2092 2375 2404 2430 substantia
2434 2376 2550 2443 ejus
2589 2390 2762 2446 usque
2793 2375 2862 2429 ad
2907 2373 3072 2428 finem
3101 2371 3316 2426 tirmum
3349 2370 3473 2426 reti-

1871 2487 1893 2516 ι
1931 2481 2177 2530 neamus,
2229 2464 2358 2518 dum
2407 2464 2648 2518 dicitur:
2684 2463 2856 2518 Hodie
2886 2462 2932 2517 si
2971 2478 3162 2517 vocem
3222 2462 3342 2529 ejus
3371 2477 3470 2516 au-

1870 2577 1892 2605 ¢
1928 2553 2154 2619 dieritis,
2187 2553 2354 2608 nolite
2385 2553 2660 2608 obdurare
2689 2553 2854 2607 corda
2877 2559 3078 2608 vestra.
3113 2550 3471 2623 quemadmo-

1869 2667 1891 2690 «
1928 2643 2056 2698 dum
2080 2644 2135 2697 in
2167 2642 2259 2697 illa
2291 2642 2727 2697 exacerbatione.
2778 2641 3014 2709 Quidam
3059 2640 3203 2696 enim
3235 2639 3467 2694 audien-

1869 2741 2010 2788 «tes
2067 2732 2563 2797 exarcebaverunt,
2600 2731 2695 2785 sed
2751 2746 2860 2785 non
2917 2728 3155 2784 universi
3210 2729 3302 2801 qui
3332 2745 3467 2800 pro-

1869 2845 1890 2868 «
1929 2820 2053 2877 fecti
2086 2829 2211 2876 sunt
2240 2821 2310 2876 ab
2341 2822 2574 2893 zEgypto
2615 2836 2714 2890 per
2741 2821 2986 2890 Moysen.
3040 2818 3250 2886 Quibus
3281 2827 3464 2874 autem

1870 2932 1891 2962 ι
1928 2910 2174 2966 infensus
2221 2923 2305 2965 est
2336 2909 2692 2981 quadraginta
2749 2908 2957 2963 annis?
2993 2909 3188 2963 Nonne
3235 2907 3340 2962 illis
3371 2908 3464 2980 qui

1867 3022 1888 3050 ι
1925 3007 2303 3072 peccaverunt,
2364 3014 2594 3070 quorum
2643 2998 2914 3054 cadavera
2943 3004 3213 3068 prostrata
3241 3005 3366 3050 sunt
3412 2997 3466 3052 in

1866 3088 2186 3144 «deserto?
2261 3088 2470 3157 Quibus
2523 3095 2704 3142 autem
2769 3087 2973 3156 juravit
3052 3102 3162 3140 non
3235 3085 3465 3141 introire

1867 3202 1887 3226 «
1923 3178 2142 3252 [quibus
2171 3186 2350 3234 autem
2375 3178 2576 3246 juravit
2627 3185 2686 3232 ut
2730 3193 2839 3232 non
2897 3175 3202 3248 introirent]
3257 3175 3313 3230 in
3368 3191 3466 3231 re-

163 3267 448 3332 timebatis,
470 3266 555 3322 sic
586 3239 751 3320 modo
779 3281 876 3336 per
903 3239 1140 3337 gratiam
1161 3263 1317 3318 liberi
1335 3263 1592 3336 diligatis.
1613 3239 1756 3317 iVere
1784 3239 1832 3302 Ο
1867 3291 1888 3317 ιι
1925 3239 2108 3340 quiem
2139 3268 2327 3339 ipsius,
2360 3239 2465 3322 nisi
2495 3267 2600 3321 illis
2631 3267 2720 3339 qui
2758 3265 3024 3322 increduli
3080 3239 3337 3321 fuerunt?
3397 3265 3468 3320 Et

160 3357 526 3432 participavit
552 3355 823 3410 similiter
851 3362 908 3408 ut
936 3354 1185 3409 homines
1206 3351 1590 3418 sanctificaret,
1624 3369 1759 3408 nus-

160 3464 316 3519 quam
335 3449 492 3502 enim
515 3443 912 3516 apprehendit,
938 3444 991 3498 id
1022 3452 1102 3499 est
1135 3443 1187 3498 in
1211 3442 1354 3498 nulla
1377 3443 1652 3514 Scriptura
1673 3443 1753 3497 le-

161 3537 301 3607 gitur
326 3533 762 3607 apprehendisse
790 3535 1040 3605 angelos,
1064 3533 1118 3587 id
1148 3541 1231 3588 est
1259 3532 1563 3605 angelicam
1595 3540 1756 3586 natu-

161 3634 344 3691 turam,
368 3634 427 3679 ut
457 3622 693 3694 angelos
714 3623 1026 3692 redimeret,
1059 3623 1155 3677 sed
1175 3622 1571 3695 apprehendit,
1599 3621 1653 3676 id
1677 3630 1758 3676 est

161 3714 352 3786 legitur
367 3712 804 3785 apprehendisse
820 3727 1009 3767 semen
1023 3713 1276 3777 Abrahae,
1293 3727 1515 3768 carnem
1535 3727 1758 3766 sumens

163 3804 226 3858 de
254 3805 554 3866 Abraham,
588 3809 645 3856 ut
674 3801 766 3872 qui
797 3817 897 3872 per
927 3799 1086 3856 fidem
1119 3817 1307 3856 semen
1346 3809 1470 3856 sunt
1501 3801 1753 3866 Abrahzr,

163 3909 251 3948 eos
280 3893 542 3948 salvaret.
581 3890 732 3949 Unde
762 3891 886 3962 quia
908 3907 1096 3946 semen
1117 3891 1349 3945 Abrahae
1371 3891 1752 3961 apprehendit,

162 3983 340 4038 debuit
364 3984 472 4038 sim
483 3982 624 4037 ituri
641 3979 923 4051 fratribus
942 3997 1046 4052 per
1064 3983 1255 4035 omnia
1273 3980 1550 4051 passibilis
1580 3979 1756 4034 factus

161 4079 207 4127 et
235 4071 495 4138 mortalis,
519 4074 586 4124 ut
610 4071 931 4125 misericors
952 4070 1120 4140 (quod
1147 4069 1332 4124 eratin
1351 4071 1564 4137 natura)
1593 4069 1757 4139 ﬁeret

161 4162 332 4232 operis
361 4159 718 4223 exhibitione,
743 4163 798 4214 et
822 4157 1060 4214 366
1073 4160 1368 4231 pontifex,
1392 4159 1445 4213 id
1468 4167 1550 4214 est
1579 4158 1756 4214 factus

162 4251 308 4306 nobis
337 4267 500 4322 pons,
537 4264 646 4320 quo
664 4256 1003 4303 transeamus
1035 4249 1104 4303 ad
1126 4249 1325 4304 Deum.
1359 4249 1600 4304 Pontifex
1631 4248 1755 4303 dico

161 4341 352 4409 fidelis,
379 4339 510 4412 quia
543 4353 645 4394 nec
675 4337 745 4392 ab
776 4337 858 4392 his
889 4353 1026 4410 quos
1055 4338 1308 4404 ducebat,
1329 4354 1430 4393 nec
1460 4354 1492 4392 a
1524 4339 1640 4393 Deo
1669 4337 1756 4393 cui

163 4430 399 4485 tradebat
442 4442 678 4484 munera
717 4444 830 4483 sum
875 4427 1148 4484 ductionis
1198 4427 1464 4500 quaesivit.
1516 4427 1755 4483 Similari

162 4520 312 4575 etiam
341 4519 488 4585 ideo,
527 4522 592 4573 ut
622 4518 1024 4590 repropitiaret
1044 4561 1058 4584 ,
1091 4517 1145 4572 id
1175 4526 1259 4573 est
1289 4517 1634 4590 prOpitiando
1665 4535 1754 4573 re-

163 4609 405 4675 mitteret,
440 4608 656 4664 delicta
681 4607 897 4678 populi.
929 4609 996 4661 Et
1017 4624 1148 4662 vere
1168 4616 1362 4678 potens
1379 4615 1462 4662 est
1499 4608 1756 4680 repropi-
1776 4613 1828 4673 D

163 4699 284 4754 tiare
312 4698 517 4754 delicta
546 4695 753 4767 populi,
785 4713 921 4752 nam
951 4699 1015 4752 in
1062 4714 1152 4764 eo,
1186 4697 1238 4751 id
1288 4706 1371 4752 est
1425 4697 1479 4752 in
1510 4697 1753 4753 inferiori

164 4789 271 4856 ejus
317 4785 630 4842 substantia
658 4787 721 4840 in
752 4802 859 4858 qua
916 4789 1034 4858 ipse
1066 4803 1269 4859 passus
1307 4791 1392 4844 est
1426 4788 1528 4842 sub
1559 4789 1751 4853 Pilato,

166 4882 411 4933 tentatus
467 4891 504 4931 a
543 4874 785 4940 diabolo,
839 4881 1044 4947 potens
1078 4881 1162 4932 est
1208 4877 1325 4948 ipse
1386 4878 1630 4933 auxiliari
1675 4878 1756 4934 eis

164 4966 463 5040 quicunque
499 4968 827 5031 tentantur,
861 4975 913 5020 et
943 4981 976 5020 a
1006 4966 1391 5022 tentationibus
1421 4967 1679 5024 liberare.

732 5107 957 5164 CAPUT
1015 5107 1107 5163 Ill.

233 5266 254 5289 ι
288 5243 460 5311 Unde,
499 5241 716 5310 fratres,
751 5241 925 5298 sancti
981 5241 1284 5297 vocationis
1313 5242 1552 5298 cmlestis
1579 5242 1756 5314 parti-

174 5354 194 5375 -
225 5332 384 5402 cipes.
441 5332 783 5389 considerate
832 5331 1137 5402 apostolum
1181 5340 1231 5387 et
1281 5332 1588 5403 pontificem
1619 5348 1756 5388 con-

175 5443 195 5465 -
225 5420 469 5478 fessionis
500 5431 703 5478 nostra!
732 5423 916 5476 Jesum
951 5437 963 5474 :
997 5421 1088 5494 qui
1120 5421 1295 5476 ﬁdelis
1329 5431 1411 5476 est
1443 5421 1511 5487 ei,
1545 5421 1636 5494 qui
1669 5421 1756 5478 fe-

176 5534 196 5557 ι
227 5511 293 5566 cit
336 5513 509 5578 illum,
559 5511 698 5567 sicut
738 5519 791 5566 et
833 5513 1050 5582 Moyses
1104 5511 1158 5565 in
1215 5509 1364 5566 omni
1410 5512 1574 5566 domo
1604 5513 1748 5581 ejus.

177 5622 196 5644 -
228 5601 510 5674 Amplioris
539 5601 688 5657 enim
717 5600 908 5674 gloria:
937 5600 1040 5656 iste
1071 5617 1185 5673 prae
1215 5602 1401 5672 Moyse
1432 5601 1631 5672 dignus
1670 5603 1756 5655 ha-

175 5708 196 5742 ι
227 5688 361 5746 bitus
393 5700 496 5758 est,
527 5697 732 5766 quanto
776 5689 1092 5763 ampliorem
1127 5692 1394 5746 honorem
1452 5690 1616 5746 habet
1651 5691 1756 5747 do-

177 5801 196 5829 ι
228 5795 344 5840 mus
387 5781 480 5860 qui
524 5778 815 5840 fabricavit
857 5777 1024 5840 illam.
1057 5779 1250 5840 Omnis
1298 5795 1536 5854 namque
1564 5780 1758 5839 domus

1866 3379 1887 3409 ι
1922 3358 2169 3413 videmus
2218 3357 2348 3428 quia
2389 3372 2495 3412 non
2531 3363 2822 3427 potuerunt
2849 3354 3076 3411 introire
3117 3355 3173 3410 in
3221 3353 3464 3428 requiem

1865 3465 1886 3489 α
1921 3443 2092 3516 ipsius
2122 3450 2343 3514 propter
2371 3441 2830 3497 incredulitatem.
2871 3465 2892 3488 η

2467 3609 2785 3650 ΕΧΡΟΒΙἸΊΟ.

1931 3736 1976 3786 Λ
2007 3729 2379 3803 superioribus
2410 3729 2570 3786 infert
2600 3729 2744 3803 quod
2778 3747 2844 3784 ex
2879 3728 3114 3784 vindicta
3145 3736 3197 3784 et
3221 3727 3460 3800 potentia

1859 3821 2104 3876 Christus
2161 3821 2433 3875 timendus
2487 3828 2589 3885 est,
2651 3819 2777 3891 quia
2808 3819 3000 3873 iterum
3049 3836 3115 3873 ex
3170 3818 3462 3874 dilectione

1860 3927 1958 3982 pro
1981 3911 2136 3965 vobis
2167 3918 2392 3966 mortem
2415 3909 2653 3981 gustavit
2679 3908 3053 3980 rediligendus
3083 3925 3112 3962 a
3144 3907 3461 3980 vobis,quia

1858 4009 2051 4071 potens
2082 4007 2132 4055 et
2165 4008 2362 4070 pra‘sto
2393 4009 2474 4054 est
2517 3998 2736 4054 tentatis
2783 3997 3048 4054 auxiliari.
3095 3998 3270 4063 Unde,
3303 3997 3358 4051 id
3381 4004 3465 4053 est

1859 4106 1960 4161 per
1989 4090 2104 4144 haec
2134 4088 2336 4154 omnia,
2372 4105 2406 4142 o
2435 4105 2532 4143 vos
2563 4090 2753 4144 sancti
2773 4091 3010 4160 fratres,
3043 4088 3191 4159 facti
3220 4087 3462 4159 partici-

1855 4196 1953 4250 pes
1982 4179 2224 4234 ccclesiis
2252 4179 2580 4234 vocationis.
2606 4177 2687 4232 Ad
2711 4177 3082 4248 participanda
3105 4176 3251 4232 enim
3269 4177 3463 4232 cretes-
3516 4241 3523 4248 ν

1859 4269 1933 4323 tia
1962 4269 2102 4323 bona
2133 4267 2308 4323 vocati
2333 4267 2484 4321 estis.
2521 4267 2650 4334 Vos,
2683 4267 2924 4339 inquam,
2948 4266 3232 4338 diligendo
3253 4273 3304 4320 et
3323 4283 3460 4337 ope-

1857 4357 2033 4413 rando
2064 4374 2185 4429 quae
2214 4356 2475 4427 praecipit,
2509 4357 2860 4413 considerate
2905 4356 3108 4421 Jesum,
3142 4355 3194 4410 id
3219 4363 3301 4411 est
3329 4356 3460 4412 Sal-

1858 4452 2128 4513 vatorem,
2163 4447 2493 4519 Apostolum
2541 4461 2701 4518 quem
2733 4446 2895 4500 Pater
2922 4444 3123 4516 legavit
3153 4445 3224 4500 ad
3256 4461 3373 4510 vos,
3405 4452 3460 4501 et

1855 4537 2205 4610 pontiﬁcem,
2239 4535 2294 4590 id
2325 4543 2406 4589 est
2435 4533 2635 4589 factum
2679 4534 2837 4589 nobis
2868 4541 3110 4605 pontem,
3161 4550 3270 4606 quo
3301 4542 3458 4588 tran-

1855 4643 2073 4681 seamus
2103 4625 2157 4680 in
2186 4623 2436 4696 gloriam,
2470 4625 2657 4680 Iesum
2718 4624 3030 4694 pontificem
3089 4624 3460 4696 confessionis

1856 4720 2066 4772 nostra:
2101 4733 2114 4769 :
2147 4714 2272 4786 quia
2322 4713 2585 4786 quidquid
2643 4713 2734 4768 alii
2793 4712 3010 4780 faciant,
3062 4728 3163 4767 nos
3193 4729 3318 4768 eum
3350 4713 3457 4768 fide

1855 4804 2178 4861 confitemur
2207 4803 2541 4859 Salvatorem
2575 4811 2843 4858 nostrum.
2877 4802 3222 4874 Comparavit
3268 4803 3455 4859 Jesum

1855 4895 2156 4967 prephetis,
2183 4893 2515 4964 comparavit
2539 4910 2661 4948 eum
2695 4893 2926 4964 angelis,
2955 4892 3027 4946 ita
3056 4899 3113 4946 ut
3145 4891 3250 4947 illis
3272 4893 3455 4948 omni-

1857 4985 1957 5040 bus
1981 4985 2243 5054 majorem
2263 4984 2597 5038 ostenderet.
2621 4984 2778 5038 Nunc
2809 4999 2932 5038 eum
2964 4991 3241 5053 comparat
3263 4982 3453 5055 Moysi,

1856 5073 1929 5128 ita
1951 5073 2142 5129 iterum
2165 5080 2223 5127 ut
2259 5073 2568 5144 digniorem
2614 5073 2797 5144 Moyse
2819 5079 3050 5135 asserat,
3082 5080 3285 5144 quanto
3315 5070 3458 5127 filius

1855 5162 2076 5236 dignior
2119 5171 2201 5217 est
2231 5162 2609 5233 dispensatore
2641 5177 2823 5217 servo.
2861 5161 3014 5218 Unde
3047 5161 3124 5216 sic
3153 5161 3228 5216 ait
3261 5179 3275 5217 :
3309 5162 3460 5217 Con-

1856 5248 2095 5303 siderate
2133 5247 2342 5315 Jesum,
2379 5248 2476 5318 qui
2521 5247 2681 5302 Jcsus
2712 5247 2896 5316 ﬁdelis
2925 5251 3010 5302 est
3041 5247 3112 5311 ei,
3146 5247 3200 5301 id
3231 5255 3312 5302 est
3343 5248 3460 5302 Deo

1856 5337 1995 5391 Patri
2027 5338 2122 5410 qui
2149 5339 2293 5408 facit
2325 5338 2510 5399 illum,
2545 5336 2597 5390 id
2629 5344 2712 5392 est
2749 5335 2842 5408 qui
2879 5335 3144 5391 facturam
3167 5337 3458 5392 humanam

1856 5426 2025 5481 univit
2073 5425 2229 5481 Filio.
2263 5425 2461 5480 Fidelis
2492 5426 2616 5481 ideo
2647 5427 2774 5498 quia
2805 5442 2912 5480 non
2945 5440 3120 5492 suam,
3155 5426 3253 5481 sed
3286 5427 3460 5480 Patris

1857 5515 2091 5589 gloriam
2138 5531 2358 5586 semper
2403 5515 2670 5587 qumsivit,
2718 5531 2819 5570 nec
2849 5515 3042 5570 timore
3094 5515 3328 5580 territus,
3373 5515 3461 5570 vel

1857 5620 2043 5660 amore
2074 5605 2333 5661 seductus
2392 5604 2642 5658 mandata
2681 5603 2857 5659 Patris
2912 5603 3222 5660 occultavit.
3258 5603 3460 5658 Fidelis

1857 5694 2099 5766 inquam,
2134 5701 2217 5749 est
2265 5693 2336 5764 ei,
2381 5695 2530 5750 sicut
2562 5698 2619 5749 et
2661 5693 2860 5763 Moyses
2882 5691 3056 5746 fidelis
3090 5691 3188 5747 fuit
3218 5694 3280 5747 in
3302 5692 3465 5746 omni

1857 5783 2018 5842 domo
2049 5783 2210 5842 illius
2239 5783 2391 5851 Jesu,
2415 5781 2502 5838 vel
2533 5782 2634 5838 Dei
2663 5781 2853 5849 Patris,
2888 5780 2942 5835 in
2974 5795 3083 5852 qua
3105 5781 3322 5852 Moyses
3350 5794 3464 5835 non
