3928 6418
359 359 465 413 503

907 359 963 415 S.
1004 357 1360 415 BRUNONIS
1399 357 2046 415 CARTHUSIANORUM
2084 354 2568 413 lNSTITUTORIS
2604 355 2759 413 OPP.
2801 356 2980 412 PARS
3017 356 3084 412 Il.

3556 357 3665 412 5οι

363 484 638 551 dominus,
670 484 768 539 sed
812 484 1061 539 minister
1106 491 1244 539 erat.
1276 485 1340 540 In
1376 486 1533 541 omni
1580 484 1723 551 ideo,
1769 499 1875 556 qua
1901 483 1956 538 in
1984 487 2039 546 A
2061 490 2145 538 est
2173 482 2559 552 perdurantem
2590 498 2761 555 usque
2787 482 2859 537 ad
2886 483 3062 552 ﬁnem
3094 481 3238 549 vita),
3271 482 3493 552 quando
3510 481 3659 554 quod

361 574 614 629 omnibus
643 590 765 645 qua:
791 573 1099 628 necessaria
1141 581 1291 628 erant
1320 581 1373 628 et
1427 573 1481 628 in
1512 573 1870 649 docendonet
1898 573 1954 626 in

365 662 659 733 pascendo,
693 670 746 717 et
771 662 826 716 in
857 662 1107 717 ducendo
1156 662 1382 717 domum
1421 662 1593 727 illam,
1626 662 1681 717 id
1739 670 1823 717 est
1852 678 1955 732 po-

360 751 548 822 pulum
577 751 909 816 Judazorum,
953 750 1188 806 ﬁdeliter
1216 751 1549 806 enutriebat.
1590 751 1688 807 Vel
1721 751 1797 805 ita
1825 767 1957 806 con-

363 848 657 895 struamus.
679 840 839 895 Jesus
866 838 1045 895 ﬁdelis
1076 848 1157 895 est
1189 841 1322 909 Deo,
1360 840 1496 895 sicut
1527 841 1741 911 Moyses
1778 838 1956 894 fidelis

365 927 487 983 fuit.
512 927 747 984 367
766 930 931 984 Iesus
959 928 1083 983 dico
1112 930 1296 999 ﬁdelis
1324 931 1388 984 in
1409 929 1565 984 omni
1593 929 1753 983 domo
1774 929 1955 993 illius,

363 1024 473 1071 tam
511 1016 567 1070 in
594 1016 799 1072 Iudaeis
828 1033 991 1089 quam
1020 1018 1074 1072 in
1114 1017 1411 1088 gentilibus
1444 1034 1457 1072 :
1490 1032 1597 1072 non
1627 1017 1681 1072 in
1720 1017 1955 1088 quadam

353 1105 518 1160 domo
536 1107 686 1161 sicut
700 1108 901 1177 Moyses
921 1106 977 1161 in
986 1106 1013 1160 J
1019 1106 1207 1160 udzeis.
1227 1106 1364 1160 Illud
1384 1108 1533 1161 sicut
1551 1105 1953 1160 similitudinem

355 1201 559 1248 tantum
589 1202 761 1259 notat,
794 1210 904 1249 non
934 1195 1324 1266 quantitatem;
1355 1194 1550 1265 probat
1580 1211 1677 1265 per
1704 1192 1957 1249 effectum

359 1283 507 1353 quod
537 1282 610 1336 ait
645 1300 659 1337 :
694 1284 834 1338 Vere
864 1284 1023 1338 Jesus
1051 1282 1227 1338 fidelis
1258 1291 1360 1352 est,
1392 1284 1529 1338 sicut
1546 1284 1781 1353 Moyses.
1816 1284 1956 1340 Nam

364 1372 527 1426 Jesus
552 1372 776 1427 habitus
836 1376 921 1427 est
942 1372 1181 1442 dignus;
1210 1370 1333 1440 iste,
1384 1372 1624 1444 inquam,
1654 1373 1832 1440 Jesus,
1867 1372 1959 1444 qui

354 1458 500 1514 ﬁlius
528 1460 693 1533 longe
750 1460 1009 1531 praecellit
1050 1461 1354 1515 ministrum
1402 1461 1602 1533 dignus
1632 1468 1713 1516 est
1742 1461 1953 1532 glorise,

363 1549 503 1604 sicut
532 1550 769 1619 Moyses,
795 1549 884 1621 qui
915 1550 1075 1604 etiam
1105 1550 1397 1622 amplioris
1433 1551 1630 1621 gloria:
1650 1550 1847 1620 dignus
1877 1557 1959 1605 est

356 1654 477 1709 prae
511 1640 707 1710 Moyse,
742 1638 798 1693 id
830 1647 913 1693 est
943 1654 1106 1709 quam
1147 1640 1362 1710 Moyses
1391 1639 1478 1693 vel
1509 1655 1619 1709 prae
1637 1641 1823 1709 Moyse
1854 1638 1961 1694 exi-

359 1734 511 1781 stens
540 1726 595 1780 in
625 1727 905 1782 merendo.
955 1728 1127 1782 Tanto
1177 1728 1364 1799 utique
1394 1727 1694 1798 amplioris,
1744 1732 1960 1800 quanto

359 1816 697 1907 ampliorem
730 1817 997 1907 honorem
1027 1816 1242 1883 domus,
1274 1816 1555 1907 iduestgin
1611 1817 1775 1907 domo
1812 1816 1957 1907 apud
1979 1847 2031 1907 B

362 1919 479 1969 eos,
512 1904 721 1959 scilicet
749 1904 841 1974 qui
873 1904 929 1958 in
959 1904 1124 1960 domo
1154 1911 1298 1959 sunt.
1324 1904 1423 1960 Vel
1453 1905 1668 1974 domus,
1699 1905 1755 1960 id
1785 1913 1868 1961 est
1888 1904 1957 1961 de

360 1992 529 2047 domo
558 1991 816 2047 fabricata
847 1992 1010 2048 habet
1037 1994 1140 2048 ille
1169 1994 1266 2065 qui
1322 1994 1624 2064 fabricavit
1668 1995 1835 2050 illam
1863 1993 1962 2049 do-

358 2097 528 2136 mum.
562 2081 897 2151 Ampliorem
927 2081 1052 2137 dico
1081 2097 1241 2153 quam
1272 2081 1363 2137 ille
1390 2082 1481 2153 qui
1507 2082 1852 2153 dispensator
1879 2090 1962 2137 est

356 2169 414 2224 in
446 2184 533 2225 ea.
555 2170 715 2225 Nunc
735 2170 846 2225 duo
868 2170 1089 2224 residua
1109 2179 1234 2226 sunt
1260 2171 1331 2226 ad
1351 2171 1716 2241 probandum,
1739 2180 1792 2226 et
1813 2171 1957 2243 quod

360 2258 557 2314 domus
613 2275 723 2314 non
753 2275 784 2312 a
813 2275 894 2324 se,
928 2259 1026 2314 sed
1061 2259 1130 2314 ab
1160 2253 1267 2315 alio
1308 2259 1575 2316 fabricata
1606 2260 1695 2327 sit,
1730 2269 1783 2315 et
1811 2260 1959 2333 quod

356 2347 604 2402 Christus
634 2363 754 2403 eam
803 2347 1171 2404 fabricaverit.

428 2438 559 2492 Haec
587 2444 767 2492 autem
824 2438 1010 2492 omnia
1039 2438 1109 2492 de
1140 2437 1369 2508 spiritali
1416 2438 1581 2494 domo
1637 2438 1958 2508 accipienda

360 2534 506 2581 sunt.
542 2526 699 2597 Saepe
723 2525 868 2581 enim
899 2526 1127 2598 contigit
1157 2534 1234 2596 ut,
1267 2527 1321 2581 in
1352 2526 1606 2583 domibus
1634 2527 1838 2583 nostris
1867 2528 1958 2582 ho-

358 2614 664 2671 norabilior
692 2622 840 2671 esset
873 2615 965 2686 qui
993 2614 1048 2669 in
1081 2631 1148 2671 ea
1176 2615 1521 2671 ministrabat
1549 2631 1712 2687 quam
1740 2616 1831 2672 ille
1862 2632 1957 2671 cu-

354 2703 446 2773 jus
482 2711 600 2759 erat
628 2704 844 2759 domus.
896 2703 1066 2772 Quasi
1121 2704 1330 2761 diceret
1363 2720 1376 2760 :
1412 2705 1556 2761 Bene
1602 2704 1727 2760 dico
1755 2705 1848 2776 qui
1876 2704 1959 2760 fa-

355 2791 582 2849 bricavit
606 2792 794 2858 illam;
828 2809 928 2863 per
964 2808 1026 2848 se
1084 2792 1230 2848 enim
1289 2808 1401 2848 non
1454 2801 1629 2864 potest
1679 2792 1953 2861 fabricari,

353 2881 539 2937 omnis
568 2897 813 2954 namque
832 2882 1029 2938 domus
1057 2882 1377 2952 fabricatur
1402 2882 1474 2938 'ab
1494 2883 1708 2954 aliquo.
1739 2882 1822 2937 Ad
1851 2882 1955 2938 hoc

352 2969 444 3026 ille
478 2988 491 3025 :
525 2969 583 3024 Si
615 2970 686 3025 ab
716 2970 921 3042 aliquo,
953 2986 1063 3025 non
1113 2978 1296 3026 tamen
1323 2985 1356 3025 a
1387 2972 1522 3026 Deo.
1574 2971 1659 3024 Ad
1687 2972 1791 3026 hoc
1818 2972 1956 3025 Pau-

354 3058 442 3114 lus
474 3073 489 3113 :
521 3060 660 3115 Vere
701 3058 898 3114 domus
928 3057 1229 3115 fabricatur
1257 3074 1290 3114 a
1320 3060 1471 3125 Deo;
1515 3074 1643 3114 nam
1692 3061 1838 3116 Deus
1866 3064 1952 3115 est

352 3148 449 3220 qui
477 3149 692 3203 creavit
739 3150 951 3213 omnia,
985 3149 1134 3219 quod
1165 3147 1210 3202 si
1230 3148 1413 3203 omnia
1457 3148 1678 3215 creavit,
1741 3156 1955 3204 constat

353 3208 499 3309 quod
527 3242 581 3291 et
624 3235 869 3301 domum,
903 3208 1069 3307 quam
1118 3237 1245 3308 quia
1276 3236 1583 3303 fabricavit,
1617 3208 1863 3309 sequitur
1894 3246 1953 3293 ut
1974 3208 2022 3272 Ο

351 3323 633 3396 amplioris
658 3324 857 3398 glorise
885 3325 1153 3381 habeatur
1179 3326 1235 3381 in
1262 3325 1354 3381 illa
1384 3341 1551 3398 quam
1580 3326 1674 3398 qui
1703 3327 1758 3381 in
1787 3326 1952 3382 domo

352 3422 556 3469 tantum
585 3413 876 3469 ministrat.
912 3415 1205 3486 Propterea
1234 3416 1359 3488 quia
1389 3415 1677 3473 fabricavit
1706 3416 1948 3484 domum,

352 3503 410 3558 in
448 3518 558 3576 qua
593 3504 808 3576 Moyses
837 3503 1192 3574 dispensavit,
1224 3522 1339 3576 pra:
1386 3506 1573 3577 Moyse
1601 3506 1727 3561 ideo
1757 3505 1953 3577 dignus

357 3592 575 3648 habitus
603 3601 705 3649 est.
739 3593 1039 3663 Propterea
1069 3593 1232 3649 etiam
1288 3594 1571 3666 amplioris
1612 3594 1803 3666 gloriae
1847 3602 1949 3661 est,

355 3681 485 3754 quia
508 3683 712 3754 Moyses
741 3682 967 3754 quidem
996 3690 1055 3737 ut
1101 3682 1338 3738 famulus
1387 3683 1443 3738 in
1486 3683 1649 3739 domo
1680 3698 1789 3739 non
1811 3698 1911 3739 sua
1935 3702 1951 3750 ;

353 3771 599 3827 Christus
629 3786 764 3828 vero
795 3771 962 3827 Filius
991 3771 1048 3825 in
1093 3772 1257 3827 domo
1289 3788 1406 3827 sua.
1433 3770 1685 3840 Quidem,
1717 3780 1771 3828 et
1801 3789 1953 3837 vero,

354 3859 715 3915 distributivae
745 3860 1158 3928 conjunctiones
1188 3868 1333 3916 sunt.
1370 3862 1589 3931 Moyses
1634 3862 1852 3934 quidem
1881 3864 1955 3932 ﬁ-

355 3948 499 4004 delis
525 3954 651 4004 erat
678 3951 743 4004 in
777 3953 893 4006 tota
924 3950 1121 4005 domus
1149 3952 1290 4021 ejus,
1318 3950 1528 4006 scilicet
1558 3951 1656 4005 Dei
1678 3951 1849 4007 Patris
1870 3952 1957 4007 vel

356 4036 578 4103 Christi,
611 4041 882 4110 tanquam
904 4040 1161 4109 famulus
1180 4080 1194 4108 ,
1242 4039 1372 4111 quia
1400 4040 1742 4096 solummodo
1773 4040 1955 4096 famu-

354 4126 566 4181 labatur
583 4125 640 4180 in
674 4142 756 4181 ea.
790 4126 1044 4181 Famulus
1072 4136 1250 4183 autem
1280 4128 1373 4200 qui
1403 4128 1565 4184 hodie
1587 4138 1669 4184 est
1699 4129 1751 4184 in
1768 4130 1952 4196 domo,

354 4230 479 4271 cras
507 4214 758 4271 fortassis
797 4216 1118 4286 expelletur,
1160 4234 1439 4289 nunquam
1464 4219 1604 4274 adeo
1635 4218 1812 4274 fidelis
1834 4220 1954 4286 erit,

359 4303 499 4360 sicut
526 4303 669 4360 ﬁlius
701 4304 795 4377 qui
827 4305 1143 4362 haereditate
1198 4323 1553 4378 possessurus
1597 4316 1680 4363 est
1708 4309 1953 4364 domum.

359 4394 579 4465 Moyses
607 4402 865 4464 tanquam
899 4393 1132 4449 famulus
1161 4404 1280 4451 erat
1338 4399 1401 4451 in
1436 4399 1828 4453 testimonium
1868 4414 1958 4454 eo-

360 4499 511 4547 rum,
542 4482 600 4538 id
630 4490 713 4537 est
742 4492 801 4538 ut
824 4483 1171 4559 solummodo
1212 4484 1591 4542 testiﬁcaretur
1622 4503 1707 4552 ea,
1757 4503 1866 4542 non
1901 4495 1957 4542 ut

2058 572 2222 627 modo
2254 587 2539 642 speramus
2581 570 2854 641 accepturi
2884 586 3094 625 sumus.
3155 570 3501 642 Quapropter
3531 570 3660 643 quia

2058 660 2340 715 retinendo
2396 658 2652 715 ﬁduciam
2681 668 2734 714 et
2784 659 3017 732 gloriam
3073 660 3190 731 spei
3244 676 3430 714 sumus
3459 659 3657 715 domus

2058 749 2274 803 Christi.
2308 750 2531 820 Propter
2557 750 2661 804 hoc
2718 748 2921 817 videte,
2955 747 3181 814 fratres,
3214 765 3283 803 ne
3339 747 3478 803 forte
3508 747 3658 820 quod

2058 838 2378 909 contingere
2408 846 2619 908 potest,
2652 837 2723 892 sit
2763 837 2818 891 in
2846 837 3026 908 aliquo
3050 846 3311 894 vestrum.
3352 838 3413 892 In
3468 837 3656 908 aliquo

2057 926 2184 981 ideo
2244 927 2319 981 ait
2375 927 2503 998 quia
2559 926 2747 997 plures
2803 926 3014 982 sciebat
3074 926 3128 981 in
3186 925 3434 982 Ecclesia
3489 940 3656 997 posse

2058 1031 2183 1070 esse
2238 1014 2535 1086 perfectos,
2597 1032 2691 1082 ne,
2750 1014 2996 1087 inquam,
3052 1016 3132 1070 sit
3178 1016 3243 1070 in
3290 1016 3480 1088 aliquo
3528 1031 3657 1070 ves-

2060 1109 2216 1160 trum
2235 1120 2332 1159 cor
2349 1104 2798 1169 incredulitatis,
2830 1111 2889 1158 ut
2918 1102 3187 1159 increduli
3230 1102 3368 1169 sitis,
3400 1111 3659 1174 putantes

2059 1193 2333 1249 Christum
2371 1208 2480 1248 non
2522 1192 2774 1249 sufficere
2822 1193 2890 1247 ad
2939 1190 3403 1262 justiﬁcationem,
3436 1192 3535 1247 sed
3564 1192 3653 1247 le-

2059 1299 2186 1355 gem
2215 1298 2339 1337 esse
2366 1282 2752 1338 necessariam.
2790 1282 2899 1337 Cor
2927 1282 3052 1337 dico
3080 1281 3475 1337 incredulitatis
3524 1298 3658 1337 ma-

2063 1373 2202 1438 lum,
2240 1371 2294 1425 id
2323 1379 2407 1426 est
2463 1371 2517 1425 in
2573 1370 2747 1426 multa
2784 1370 2927 1425 mala
2984 1370 3401 1442 praecipitatum.
3435 1370 3515 1426 Ex
3546 1384 3659 1442 quo

2060 1460 2204 1515 enim
2247 1460 2545 1515 incredulis
2574 1468 2657 1515 est
2684 1459 2900 1531 aliquis,
2940 1475 3188 1530 praeceps
3242 1459 3350 1514 ruit
3368 1459 3422 1513 in
3471 1467 3657 1514 actum

2058 1549 2291 1620 peccati.
2320 1550 2436 1603 Nec
2464 1564 2659 1619 parum
2712 1557 2871 1604 nocet
2925 1563 3022 1603 cor
3058 1547 3476 1614 incredulitatis,
3508 1547 3657 1619 quod

2060 1646 2142 1693 est
2171 1639 2370 1693 habere
2398 1653 2497 1693 cor
2523 1638 2847 1693 discedendi
2877 1654 2912 1692 a
2936 1638 3070 1693 Deo.
3101 1638 3169 1692 Et
3197 1637 3340 1692 male
3362 1637 3516 1692 vobis
3545 1636 3592 1691 si
3624 1653 3657 1691 a

2060 1728 2176 1783 Deo
2198 1726 2496 1793 disceditis,
2529 1726 2657 1797 quia
2698 1727 2813 1781 Deo
2842 1726 2965 1781 dico
2995 1728 3136 1792 vivo,
3165 1742 3197 1780 a
3227 1740 3336 1798 quo
3354 1726 3447 1797 qui
3473 1725 3657 1781 disce-

2061 1816 2156 1881 dit,
2191 1816 2356 1871 vitam
2388 1815 2594 1886 perdit,
2615 1815 2709 1886 qui
2736 1814 2808 1869 ad
2838 1830 2961 1870 eum
2990 1816 3211 1881 incedit,
3243 1815 3407 1870 vitam
3426 1814 3655 1870 invenit.

2134 1904 2326 1959 Videte
2359 1920 2425 1959 ne
2456 1904 2525 1957 sit
2556 1904 2611 1957 in
2635 1902 2819 1975 aliquo
2840 1920 2935 1960 cor
2969 1904 3362 1960 incredulitatis
3384 1903 3526 1975 quod
3549 1918 3661 1976 ego

2059 1993 2342 2063 prohibeo,
2375 1994 2523 2048 sicut
2552 1992 2699 2047 idem
2728 1993 3024 2062 prohibens
3068 1994 3209 2049 dicit
3238 1993 3487 2065 Spiritus
3514 2008 3656 2047 san-

2060 2086 2187 2138 ctus
2214 2082 2271 2136 in
2300 2082 2475 2136 David
2492 2080 2575 2136 his
2597 2080 2782 2137 verbis
2813 2082 2991 2150 (Psal.
3017 2097 3173 2146 xcrv,
3206 2086 3259 2148 8,
3293 2083 3382 2151 11)
3412 2101 3429 2137 :
3463 2081 3652 2149 Hodie,

2058 2170 2113 2225 id
2146 2178 2228 2225 est
2258 2178 2506 2240 tempore
2537 2170 2747 2241 gratim,
2783 2170 2862 2225 sic
2890 2170 3033 2225 enim
3091 2170 3271 2226 David
3329 2170 3659 2241 loquebatur

2060 2260 2216 2331 quasi
2244 2259 2439 2330 spiritu
2488 2260 2809 2330 praesensin
2856 2259 3053 2315 diebus
3091 2259 3305 2315 Christi.
3335 2258 3439 2314 Per
3492 2258 3658 2315 hodie

2059 2356 2240 2403 autem
2273 2356 2441 2402 totum
2473 2356 2688 2418 tempus
2716 2348 2926 2419 gratiae,
2973 2363 3006 2403 a
3053 2347 3269 2403 Christo
3298 2363 3472 2419 usque
3500 2347 3554 2402 in
3584 2346 3657 2402 ﬁ-

2057 2454 2185 2493 ncm
2231 2437 2419 2492 mundi
2464 2436 2807 2507 intelligitur.
2840 2436 3033 2502 Hodie,
3066 2436 3308 2508 inquam,
3357 2436 3413 2491 in
3460 2437 3659 2492 diebus

2058 2526 2278 2593 Christi,
2328 2527 2510 2581 nolite
2538 2525 2813 2581 obdurare
2841 2527 3010 2581 corda
3032 2531 3216 2581 vestra
3233 2546 3252 2592 ;
3272 2528 3324 2581 si
3352 2525 3657 2582 audieritis

2057 2632 2245 2671 vocem
2265 2616 2407 2686 ejus,
2431 2615 2569 2669 sicut
2613 2629 2807 2670 revera
2847 2614 3096 2670 audietis.
3139 2614 3274 2669 Illud
3305 2617 3355 2670 si
3375 2612 3658 2669 afﬁrmati-

2055 2720 2183 2760 vum
2212 2711 2314 2759 est.
2338 2703 2519 2759 Nolite
2538 2703 2808 2758 obdurare
2836 2719 2955 2768 cor,
2984 2702 3223 2760 368
3246 2710 3476 2776 agentes
3504 2705 3658 2758 sicut

2056 2795 2120 2848 in
2150 2792 2607 2857 exacerbatione,
2640 2792 2695 2845 id
2725 2799 2808 2845 est
2836 2791 3109 2847 multoties
3154 2790 3537 2847 exacerbando
3566 2807 3658 2847 me

2054 2884 2321 2953 fecerunt
2357 2885 2552 2953 patres
2601 2882 2803 2936 vestri.
2854 2881 2934 2935 De
2978 2880 3163 2935 multis
3222 2880 3692 2935 exacerbationi-°

2058 2971 2159 3024 bus
2190 2985 2353 3024 unam
2385 2969 2617 3040 reponit,
2650 2969 2839 3025 dicens
2873 2984 2885 3024 :
2920 2968 3102 3025 Nolite
3144 2969 3418 3025 obdurare
3446 2986 3656 3026 secun-

2055 3059 2191 3115 dum
2220 3059 2388 3127 diem,
2412 3058 2467 3113 id
2500 3066 2581 3113 est
2610 3058 2749 3113 sicut
2777 3058 2856 3113 illi
2884 3058 3139 3114 obdurati
3179 3066 3303 3113 sunt
3336 3058 3391 3112 in
3416 3058 3505 3113 die
3543 3066 3659 3114 ten-

2053 3147 2292 3216 tationis,
2323 3148 2548 3219 quando
2571 3151 2944 3204 tentaverunt
2970 3163 3079 3215 me,
3112 3148 3359 3204 dicentes
3391 3162 3405 3201 :
3442 3168 3464 3198 ι
3494 3149 3657 3202 Nun-

2054 3236 2185 3308 quid
2204 3236 2401 3307 poterit
2432 3236 2519 3292 hic
2545 3228 2742 3306 para're
2764 3252 3005 3291 mensam
3027 3236 3229 3307 populo
3244 3253 3346 3292 suo
3371 3242 3393 3293 ?
3428 3257 3451 3286 ι
3476 3238 3656 3308 (Psal.

2055 3341 2271 3390 Lxxvu,
2305 3328 2417 3395 19.)
2470 3326 2808 3381 Tentationis
2853 3325 2978 3381 dico
3006 3324 3164 3382 facta:
3194 3328 3258 3381 in
3288 3326 3526 3392 deserto,
3561 3325 3660 3381 ubi

2055 3414 2231 3486 magis
2279 3414 2705 3487 confugiendum
2750 3415 2859 3470 illis
2901 3424 3049 3470 esset
3104 3416 3175 3470 ad
3228 3415 3484 3471 auxilium
3528 3415 3654 3482 Dei,

2055 3520 2217 3577 quam
2246 3504 2313 3558 ad
2344 3505 2753 3574 provocandum
2809 3520 2935 3559 eum
2973 3520 3075 3575 per
3115 3504 3493 3560 tentationem.
3544 3506 3659 3559 Vos

2056 3600 2235 3648 autem
2264 3593 2427 3664 positi
2456 3593 2511 3647 in
2539 3593 2759 3648 deserto
2799 3594 2987 3648 mundi
3034 3594 3214 3662 hujus,
3246 3593 3427 3650 videte
3455 3609 3525 3649 ne
3553 3610 3659 3665 per

2055 3682 2381 3737 tentationes
2411 3683 2585 3738 Deum
2614 3682 2853 3752 irritetis,
2885 3683 2997 3748 ubi,
3030 3682 3087 3737 id
3116 3692 3200 3738 est
3218 3682 3272 3737 in
3295 3699 3402 3754 quo
3433 3683 3656 3738 deserto

2060 3776 2434 3828 tentaverunt
2470 3788 2561 3827 me
2597 3776 2791 3844 patres
2821 3774 3024 3828 vestri.
3063 3772 3251 3829 Videte
3279 3772 3327 3828 si
3354 3772 3658 3828 secundum

2056 3876 2277 3916 carnem
2305 3868 2489 3931 patres
2520 3869 2664 3927 sunt,
2697 3877 2767 3917 ne
2796 3861 2903 3916 sint
2931 3868 3112 3932 patres
3142 3861 3441 3917 secundum
3472 3860 3659 3916 imita-

2056 3950 2278 4005 tionem.
2310 3951 2695 4018 Tentaverunt,
2716 3949 2959 4022 inquam,
2984 3958 3038 4006 et
3063 3951 3465 4024 probaverunt,
3489 3950 3543 4004 id
3574 3958 3663 4006 est

2056 4039 2396 4111 probabilem
2434 4056 2523 4094 me
2569 4039 2927 4107 invenerunt;
2959 4040 3160 4095 etenim
3190 4040 3458 4096 viderunt
3485 4055 3661 4111 opera

2056 4145 2183 4184 mea
2221 4129 2600 4201 quadraginta
2629 4130 2821 4193 annis,
2854 4128 2908 4183 in
2937 4128 3133 4201 quibus
3156 4145 3246 4184 me
3288 4128 3466 4183 omnia
3493 4144 3660 4199 posse

2057 4217 2265 4287 experti
2295 4224 2440 4273 sunt.
2471 4219 2711 4289 Propter
2737 4219 2898 4289 quod,
2932 4218 3141 4274 scilicet
3168 4217 3294 4289 quia
3315 4225 3661 4273 tentavcrunt

2056 4321 2165 4373 me,
2197 4306 2444 4377 o/fensus
2473 4308 2581 4378 fui,
2607 4306 2663 4361 id
2689 4316 2772 4362 est
2798 4306 2968 4363 iratus
2996 4308 3126 4363 huic
3155 4315 3263 4361 tam
3292 4306 3545 4377 pessimae
3571 4323 3663 4379 ge-

2055 4395 2366 4459 ner’alioni,
2399 4403 2452 4450 et
2480 4395 2591 4450 dixi
2621 4396 2687 4451 de
2715 4396 2858 4451 illis.
2882 4397 2983 4452 Isti
2999 4412 3218 4468 semper
3237 4399 3456 4461 errant,
3480 4396 3657 4452 ethoc

2058 4484 2242 4543 corde.
2279 4484 2334 4538 id
2364 4492 2447 4538 est
2493 4500 2559 4539 ex
2617 4484 2840 4555 propria
2886 4484 3301 4553 deliberatione,
3351 4484 3480 4556 quia
3507 4484 3657 4540 serio

354 4571 589 4644 gratiam
607 4571 927 4641 adjutricem
954 4573 1022 4627 ad
1053 4574 1330 4644 operanda
1376 4575 1629 4631 mandata
1658 4576 1791 4631 dare
1822 4592 1957 4646 pos-
1987 4575 2037 4635 D
2058 4582 2302 4644 peccant,
2338 4581 2587 4643 potentes
2628 4583 2682 4629 et
2728 4573 2963 4629 scientes
3019 4580 3164 4629 recte
3193 4589 3382 4644 agere.
3409 4574 3498 4639 Et,
3530 4573 3656 4629 licet

358 4667 470 4727 set;
504 4676 711 4727 eorum,
745 4660 889 4729 dico,
922 4679 1046 4734 qua:
1093 4663 1333 4719 dicenda
1388 4668 1576 4728 erant,
1636 4664 1691 4718 id
1722 4673 1805 4718 est
1834 4681 1955 4736 quas

358 4749 753 4819 conveniebant
781 4750 889 4806 dici
946 4750 1023 4805 illi
1080 4750 1282 4806 carnali
1312 4751 1533 4822 populo,
1564 4752 1658 4824 qui
1686 4753 1955 4824 spiritalia

357 4852 554 4910 capere
583 4854 692 4895 non
713 4848 923 4910 posset.
955 4841 1170 4910 Moyses
1186 4847 1443 4911 tanquam
1463 4839 1697 4896 famulus
1717 4858 1772 4896 m
1792 4842 1956 4898 domo

361 4943 475 4983 non
503 4943 638 4994 sua;
675 4928 932 4984 Christus
971 4944 1097 4983 vero
1128 4928 1206 4983 sic
1233 4936 1354 4983 erat
1382 4927 1559 4984 ﬁdelis
1589 4934 1865 5002 tanquam
1883 4931 1956 5000 ﬁ-

362 5013 496 5079 lius,
530 5029 689 5085 quem
717 5012 863 5067 illius
892 5012 1086 5067 domus
1126 5013 1382 5068 manebat
1419 5013 1733 5069 haereditas.
1767 5015 1954 5080 Filius,

361 5101 504 5168 dico,
537 5103 599 5157 in
620 5103 779 5157 domo
820 5116 931 5155 non
985 5100 1228 5170 alterius,
1259 5102 1356 5157 sed
1413 5119 1538 5157 sua.
1601 5104 1732 5171 Quae
1758 5104 1957 5161 domus

362 5190 563 5245 Christi
614 5205 718 5246 nos
775 5188 947 5244 renati
987 5204 1083 5259 per
1119 5189 1353 5262 gratiam
1391 5207 1606 5257 sumus,
1633 5192 1736 5249 hac
1764 5192 1958 5248 condi-

360 5278 507 5335 tione
538 5278 681 5343 dico,
716 5294 907 5333 sumus
940 5277 1157 5343 domus,
1206 5281 1257 5334 si
1286 5280 1637 5337 retineamus
1689 5282 1959 5353 ﬁduciam

357 5370 499 5440 spei,
531 5367 587 5421 id
608 5372 691 5420 est
719 5382 873 5437 spem
903 5367 1096 5423 futurae
1153 5367 1500 5424 beatitudinis
1556 5386 1678 5426 cum
1737 5369 1955 5439 ﬁducia,

360 5463 420 5510 ut
447 5454 777 5511 ﬁducialiter
807 5472 1127 5526 speremus;
1160 5463 1211 5511 et
1249 5457 1296 5512 si
1342 5458 1673 5515 retineamus
1718 5462 1959 5532 gloriam

358 5544 498 5616 spei,
532 5543 587 5599 id
617 5551 700 5599 est
727 5544 1026 5616 gloriosam
1056 5561 1230 5617 spem,
1265 5547 1389 5618 quia
1411 5548 1480 5603 de
1494 5549 1835 5618 jucunditate
1856 5566 1960 5605 caa-

2057 4663 2135 4718 sic
2163 4663 2406 4718 dicerem
2435 4662 2561 4729 illis,
2613 4671 2795 4717 tamen
2825 4664 2936 4735 ipsi
2977 4679 3095 4718 non
3127 4667 3509 4735 cognoverunt
3536 4664 3657 4718 vias

2054 4768 2230 4816 meas,
2264 4752 2316 4805 id
2345 4760 2428 4806 est
2474 4767 2812 4824 cognoscere
2870 4752 3161 4807 noluerunt
3206 4768 3375 4822 Opera
3422 4767 3563 4816 mea,
3598 4751 3655 4806 in

2055 4840 2249 4911 quibus
2298 4840 2582 4896 ambulare
2609 4841 2965 4907 debuissent;
2998 4841 3096 4895 sed
3129 4840 3257 4911 quia
3286 4856 3397 4895 nou
3442 4856 3655 4911 cogno-

2054 4938 2264 4996 verunt,
2295 4932 2348 4985 si
2377 4930 2481 4999 ipsi
2512 4931 2834 4987 introibant
2864 4930 2928 4984 in
2976 4931 3227 5002 requiem
3253 4947 3461 4997 meam,
3493 4945 3652 5001 quam

2055 5017 2162 5072 illis
2202 5018 2473 5088 pollicitus
2530 5019 2725 5074 eram?
2754 5018 2999 5075 Defectio
3055 5017 3339 5087 orationis,
3373 5027 3431 5075 ut
3458 5018 3655 5073 intelli-

2055 5115 2256 5178 gantur
2312 5107 2568 5178 qumlibet
2621 5107 3075 5169 inconvenientia,
3118 5107 3273 5177 quasi
3313 5107 3562 5162 diceret:
3597 5107 3655 5161 Si

2058 5195 2377 5260 introibunt,
2402 5212 2564 5251 nemo
2594 5196 2723 5251 mihi
2754 5196 2940 5252 credat
2969 5196 3222 5251 ulterius.
3280 5196 3375 5251 Vel
3404 5196 3658 5267 quaelibet

2059 5284 2387 5353 hujusmodi.
2419 5286 2558 5340 Illud
2610 5287 2660 5341 si
2698 5286 2917 5357 quidam
2945 5286 3132 5340 dicunt
3160 5302 3285 5339 esse
3332 5286 3489 5357 quasi
3519 5302 3655 5350 non,

2060 5374 2406 5429 attendentes
2434 5375 2540 5429 vim
2574 5374 2875 5440 sententias,
2922 5390 3033 5429 non
3062 5373 3335 5429 dictionis.
3388 5374 3444 5428 Si
3472 5373 3662 5428 introi-

2060 5462 2194 5517 bunt
2220 5463 2343 5518 dico
2371 5468 2436 5519 ut
2466 5480 2571 5535 ego
2591 5466 2806 5535 juravi,
2840 5463 2892 5517 id
2923 5471 3003 5517 est
3053 5463 3279 5517 firmiter
3297 5463 3531 5517 stabilivi
3563 5479 3662 5518 eos

2060 5566 2171 5606 non
2224 5551 2560 5617 intraturos;
2587 5552 2768 5621 juravi
2819 5552 3004 5624 utique
3060 5554 3124 5608 in
3180 5553 3269 5607 ira
3297 5569 3443 5619 mea,
3476 5552 3531 5606 id
3577 5560 3662 5607 est

358 5632 504 5690 lesti.
564 5634 914 5692 Retineamus
972 5635 1096 5692 dico
1152 5635 1404 5693 ﬁduciam
1453 5638 1571 5711 spei
1622 5639 1873 5710 ﬁrmam,
1905 5639 1962 5696 id
2063 5640 2279 5713 quando
2308 5640 2478 5698 iratus
2509 5656 2662 5697 eram
2690 5640 2838 5709 illis;
2870 5640 3016 5715 quod
3046 5648 3332 5714 utrumque
3385 5649 3439 5697 et
3488 5639 3571 5696 ira
3609 5649 3663 5700 et
