3928 6426
155 399 253 451 505

811 396 1188 454 EXPOSITIO
1220 397 1294 454 IN
1331 397 1713 455 EPISTOLAS
1761 397 1989 454 PAULI.
2022 427 2093 440 —
2121 397 2197 453 IN
2227 397 2447 454 EPIST.
2498 400 2592 454 AD
2641 400 2797 455 ΗΕΒ.

3375 401 3482 454 506

156 523 531 591 juramentum
563 522 744 578 aufert
772 523 849 578 eis
879 523 1106 580 introire
1133 524 1187 578 in
1217 524 1480 596 requiem.
1516 525 1601 591 Si,
1637 525 1764 597 qui-
1788 525 1841 584 Α
1869 541 1984 581 ηοη
2011 528 2326 596 potuerunt
2346 525 2549 580 intrare
2579 526 2641 580 in
2671 525 2923 598 requiem
2951 528 3187 598 prapter
3208 524 3494 580 incredu-

165 613 281 677 bus,
316 613 413 680 ibi,
447 613 517 667 sit
569 614 764 669 eadem
809 622 990 669 manet
1030 615 1085 668 in
1135 615 1400 670 sententia
1431 615 1512 671 sic
1546 633 1558 668 :
1594 615 1650 670 Si
1679 614 1768 668 in-

164 702 376 756 trabunt
408 703 462 755 in
511 702 754 773 requiem
802 719 982 757 meam
1031 703 1128 769 illi,
1178 704 1377 775 quibus
1426 704 1480 757 in
1523 704 1606 758 ira
1643 718 1769 758 mea

159 790 333 860 juravi
363 791 514 863 quod
542 807 655 846 non
677 800 860 847 essent
881 792 935 846 in
958 793 1206 864 requiem
1225 792 1498 848 intraturi.
1526 793 1594 847 Et
1616 792 1763 864 quia,

162 880 371 944 fratres,
416 888 646 951 propter
686 896 781 937 cor
813 881 866 934 in
897 881 1277 937 incredulitate
1308 883 1628 937 obduratum
1662 897 1766 952 pa-

162 968 331 1022 tribus
361 969 561 1023 vestris
606 969 823 1041 requies
871 979 1071 1043 negata
1101 979 1217 1038 est,
1251 971 1392 1035 ideo,
1426 971 1641 1036 fratres,
1677 971 1765 1025 vi-

165 1057 282 1112 dete
311 1075 382 1112 ne
417 1057 558 1112 forte
592 1059 662 1112 sit
693 1059 746 1112 in
785 1058 967 1130 aliquo
1014 1061 1255 1115 vestrum
1305 1076 1399 1115 cor
1443 1060 1642 1114 malum
1675 1059 1763 1112 in-

158 1146 490 1201 credulitatis
538 1146 857 1202 discedendi
889 1165 918 1201 a
949 1148 1065 1204 Deo
1097 1149 1240 1214 vivo,
1285 1149 1425 1205 sicut
1455 1149 1764 1220 expositum

158 1243 254 1289 est.
289 1235 394 1300 Ne,
449 1234 698 1306 inquam,
745 1237 862 1290 sitis
910 1236 1200 1301 increduli,
1256 1239 1354 1292 sed
1403 1236 1764 1292 adhortamini

154 1325 520 1394 vosmetipsos
563 1325 632 1380 de
681 1325 1017 1382 incremento
1063 1327 1322 1381 virtutum
1367 1327 1612 1382 dicentes
1666 1342 1764 1397 per

152 1412 394 1485 singulos
415 1413 570 1468 dies:
604 1415 810 1480 Venite,
833 1415 1209 1482 exsultemus,
1226 1423 1352 1482 etc.,
1381 1417 1577 1484 donec,
1604 1415 1656 1468 id
1679 1423 1762 1470 est

152 1502 405 1574 quandiu
429 1505 874 1573 cognominatur
893 1503 948 1558 in
964 1504 1119 1558 vobis
1141 1505 1321 1570 hodie,
1347 1504 1403 1559 id
1435 1513 1518 1560 est
1545 1513 1760 1575 tempus

149 1591 353 1661 gratia).
392 1592 865 1661 Cogno-minatur,
900 1592 1024 1647 ideo
1053 1593 1144 1659 ait,
1177 1610 1246 1649 ne
1278 1594 1472 1649 remoti
1503 1610 1532 1647 a
1565 1594 1759 1648 diebus

149 1680 345 1734 Christi
374 1689 636 1751 putarent
664 1682 842 1736 minus
873 1682 975 1736 sibi
1005 1683 1258 1738 conferre
1288 1683 1564 1737 Christum
1597 1699 1759 1754 quam

147 1770 540 1840 temporaueis.
593 1771 784 1838 Hodie,
835 1771 1087 1842 inquam,
1138 1775 1596 1844 cognominatur,
1631 1772 1758 1844 quia

1875 614 1915 668 li
1923 617 2101 668 tatem
2130 629 2316 669 suam.

2480 684 2706 741 CAPUT
2735 685 2824 740 IV.

1945 815 1968 840 α
2003 793 2318 849 Timeamus
2368 809 2526 864 ergo,
2568 809 2638 848 ne
2670 792 2810 847 forte
2858 792 3045 848 relicta
3083 792 3480 864 pollicitatione

1874 903 1896 930 ι
1932 881 2238 938 introeundi
2287 884 2341 937 in
2374 882 2618 954 requiem
2648 882 2765 950 ejus
2797 882 3137 937 existimetur
3167 882 3367 954 aliquis
3409 898 3477 938 ex

1873 993 1894 1017 α
1931 971 2090 1026 nobis
2143 972 2360 1027 deesse.
2416 970 2633 1026 Etenim
2681 979 2735 1025 et
2795 971 2952 1025 nobis
3007 972 3305 1025 nuntiatum
3368 979 3473 1041 est,

1873 1083 1894 1107 u
1935 1063 2402 1132 quemadmodum
2422 1070 2473 1116 et
2505 1061 2611 1115 illis
2647 1076 2659 1114 :
2696 1061 2794 1115 sed
2815 1077 2922 1116 non
2945 1060 3146 1131 profuit
3168 1060 3274 1114 illis
3295 1077 3476 1117 sermo

1871 1171 1892 1195 «ι
1932 1151 2180 1220 auditus,
2215 1168 2324 1206 non
2354 1151 2619 1205 admistus
2650 1148 2773 1204 fidei
2803 1165 2868 1204 ex
2899 1150 2983 1203 his
3015 1166 3136 1222 quae
3165 1150 3472 1206 audierunt.

1870 1259 1892 1289 α
1927 1239 2316 1312 Ingrediemur
2380 1239 2525 1294 enim
2593 1239 2648 1292 in
2717 1239 2965 1310 requiem
3011 1238 3100 1310 qui
3148 1239 3425 1294 credimus
3454 1259 3473 1296 :

1870 1350 1891 1374 «
1926 1329 2396 1400 quemadmodum
2447 1328 2600 1383 dixit.
2640 1351 2661 1376 α
2699 1328 2850 1383 Sicut
2881 1327 3063 1397 juravi
3102 1327 3157 1381 in
3202 1327 3281 1381 ira
3328 1343 3469 1393 mea,

1867 1438 1890 1467 ι
1926 1417 1971 1471 si
2004 1417 2304 1473 introibunt
2342 1418 2395 1472 in
2428 1417 2673 1490 requiem
2702 1433 2878 1471 meam
2912 1418 3069 1486 (Psal
3109 1431 3260 1484 xcw,
3297 1416 3406 1486 H).
3445 1436 3468 1466 ι

1867 1527 1889 1552 «ι
1925 1508 1992 1561 Et
2027 1508 2255 1579 quidem
2303 1507 2565 1579 operibus
2608 1507 2675 1560 ab
2705 1506 3039 1560 institutione
3069 1505 3257 1560 mundi
3285 1505 3472 1576 perfe-

1867 1617 1888 1642 σι
1916 1595 2016 1651 ctis
2052 1613 2063 1649 :
2099 1597 2234 1650 dixit
2267 1597 2408 1651 enim
2435 1596 2672 1668 quodam
2705 1596 2829 1650 loco
2860 1595 2929 1650 de
2958 1595 3048 1649 die
3079 1594 3311 1665 septima
3341 1594 3421 1649 sic
3454 1609 3466 1648 :

1865 1707 1886 1730 ιι
1922 1685 1990 1738 Et
2018 1685 2288 1757 requievit
2310 1687 2456 1739 Deus
2486 1685 2575 1739 die
2592 1685 2827 1756 septima
2848 1684 2916 1738 ab
2937 1683 3192 1738 omnibus
3209 1682 3470 1753 operibus

1867 1796 1887 1823 α
1925 1774 2040 1828 suis
2089 1776 2254 1842 (Gen.
2290 1791 2349 1840 ll,
2384 1775 2460 1845 2).
2502 1797 2523 1822 η
2558 1774 2626 1828 Et
2655 1773 2709 1827 in
2739 1774 2841 1828 isto
2886 1787 3101 1826 rursum
3137 1786 3149 1825 :
3184 1771 3241 1825 Si
3271 1771 3470 1826 introi-

143 1859 254 1914 haac
285 1859 467 1930 gratia
513 1876 639 1931 quae
671 1861 834 1915 etiam
865 1860 1068 1916 ultimis
1099 1861 1374 1927 tribuitur,
1409 1870 1643 1934 cognata
1671 1869 1754 1916 est
1782 1888 1836 1948 B
1863 1886 1884 1910 ιι
1922 1863 2054 1917 bunt
2082 1863 2136 1917 in
2183 1864 2428 1934 requiem
2475 1879 2674 1918 meam.
2728 1861 3000 1930 Quoniam
3050 1875 3185 1932 ergo
3217 1867 3471 1930 superest

140 1947 329 2020 gratiae
357 1948 509 2004 datae
539 1949 595 2003 in
629 1949 820 2004 diebus
848 1950 1064 2019 Christi,
1101 1959 1310 2005 tantum
1340 1951 1532 2007 valens
1563 1959 1753 2022 poste-

141 2037 214 2091 ris
241 2046 511 2109 quantum
547 2039 838 2108 primitivis
851 2080 863 2093 .

212 2127 618 2193 Adbortamini,
646 2127 886 2198 inquam,
903 2133 970 2184 ut
991 2145 1106 2184 non
1128 2129 1438 2186 obduretur
1455 2131 1664 2203 aliquis
1680 2147 1756 2186 ea:

145 2215 289 2270 vobis
316 2217 591 2286 fallacia.
639 2216 842 2272 Scitote
890 2218 1034 2272 enim
1065 2219 1210 2290 quod
1243 2219 1490 2274 diabolus
1519 2235 1617 2274 vos
1648 2219 1753 2273 fal-
1781 2217 1793 2230 ¹

142 2299 216 2366 lit,
249 2301 297 2354 si
345 2300 493 2356 forte
545 2301 914 2356 obduramini.
956 2302 1192 2359 Fallacia
1239 2304 1362 2360 dico
1407 2320 1577 2359 causa
1618 2321 1754 2376 pec-

141 2392 272 2456 cati,
309 2390 474 2461 quia,
511 2397 801 2462 postquam
831 2391 1093 2462 deceptus
1121 2400 1205 2447 est
1233 2392 1450 2464 aliquis,
1486 2394 1662 2465 magis
1691 2410 1754 2450 ac

139 2479 313 2550 magis
342 2480 554 2534 dehinc
585 2479 954 2550 praecipitatur
980 2481 1036 2536 in
1067 2490 1373 2552 peccatum.
1399 2483 1622 2537 Debetis
1652 2500 1752 2539 vos

137 2568 412 2624 adhortari
444 2578 504 2624 et
546 2584 656 2624 non
687 2570 981 2636 obdurare,
1016 2571 1159 2642 quia,
1194 2571 1339 2642 quod
1373 2587 1480 2625 non
1513 2588 1746 2639 eramus,

138 2658 318 2728 effecti
342 2675 555 2714 sumus
586 2675 686 2729 per
706 2659 953 2729 gratiam,
977 2662 1288 2732 participes
1313 2660 1548 2729 Christi,
1574 2661 1628 2715 id
1669 2669 1752 2716 est

136 2756 340 2818 partem
371 2733 665 2819 capientes
715 2765 836 2802 cum
867 2749 1083 2804 Christo
1113 2749 1167 2802 in
1199 2750 1518 2804 haereditate
1549 2750 1747 2806 Patris.

138 2837 241 2893 Hac
268 2847 455 2892 tamen
488 2836 806 2892 conditione
827 2838 952 2893 dico
975 2838 1293 2910 participes,
1316 2841 1367 2895 si
1397 2841 1750 2896 retineamus

135 2926 359 2994 ﬁrmum
381 2943 566 2998 usque
588 2926 661 2981 ad
681 2927 855 2996 ﬁnem
874 2929 1023 2995 vitaz,
1050 2929 1198 2999 quod
1220 2945 1498 2999 nunquam
1521 2930 1750 2984 desera-

137 3031 250 3069 mus
280 3018 534 3071 initium
574 3017 913 3072 substantia:
943 3019 1084 3088 ejus,
1120 3017 1174 3071 id
1206 3027 1288 3072 est
1319 3016 1482 3073 fidem
1513 3035 1635 3090 qum
1666 3027 1750 3074 est

133 3103 336 3160 initium
389 3106 704 3171 bonorum,
756 3114 808 3160 et
855 3123 956 3176 per
993 3107 1140 3178 quod
1179 3107 1292 3175 jam
1323 3106 1661 3174 deificamur,
1696 3116 1750 3163 et

133 3193 322 3250 divina:
367 3194 702 3250 substantiae
731 3196 1137 3266 quodammodo
1175 3195 1593 3267 participamus.
1634 3199 1746 3253 Re-

133 3283 414 3350 tineamus,
449 3284 604 3351 dico,
636 3284 791 3349 dum,
817 3284 871 3338 id
898 3293 981 3340 est
1011 3285 1253 3357 quandiu
1278 3328 1290 3352 ,
1326 3286 1545 3342 dicitur
1573 3286 1629 3341 in
1658 3304 1750 3343 no-

133 3372 210 3426 bis
235 3390 247 3428 :
275 3375 445 3431 Hodie
469 3375 527 3429 si
551 3389 739 3428 vocem
763 3374 883 3444 ejus
913 3374 1236 3443 audieritis,
1260 3376 1440 3431 nolite
1472 3375 1747 3433 obdurare

133 3463 291 3518 cora'a
314 3468 528 3527 vestra,
547 3463 1018 3534 quemadmodum
1037 3469 1233 3535 patres
1257 3466 1430 3520 vestri
1446 3465 1750 3520 obdurave-

134 3561 249 3606 runt
271 3556 332 3608 in
350 3555 460 3608 illa
484 3552 926 3608 exacerbatione
949 3552 1198 3623 praefata.
1219 3554 1363 3609 Bene
1383 3553 1507 3610 dico
1537 3557 1592 3609 in
1618 3571 1748 3610 exa-

133 3642 462 3696 cerbatione.
495 3641 741 3710 Quidam
758 3644 912 3697 enim
937 3657 1142 3708 eorum,
1169 3643 1466 3699 audientes
1489 3645 1748 3700 mandata

134 3729 366 3799 Domini,
393 3730 895 3787 exacerbaverunt
916 3732 1108 3786 Deum.
1132 3733 1251 3788 Non
1276 3737 1471 3788 tamen
1493 3735 1746 3790 universi

133 3822 223 3892 qui
236 3822 487 3892 profecti
525 3823 667 3876 sunt
689 3821 756 3875 ab
787 3823 1021 3893 zEggpto
1050 3838 1152 3893 per
1188 3823 1421 3893 Moysen,
1454 3823 1509 3877 id
1541 3833 1624 3878 est
1647 3839 1746 3894 per

133 3909 382 3965 ducatum
399 3909 585 3980 Moysi
606 3911 1065 3965 exacerbaverunt
1085 3912 1278 3977 Deum,
1294 3912 1424 3983 quia
1436 3928 1540 3968 nec
1553 3913 1740 3978 Caleb,

133 4016 230 4053 nec
277 4001 471 4055 Josue.
510 3997 776 4053 Similiter
806 4007 859 4053 et
889 4015 987 4054 vos
1015 3999 1247 4070 profecti
1276 4001 1345 4054 ab
1384 4002 1619 4073 rEgypto
1645 4019 1748 4072 per

133 4084 368 4156 Moysen,
423 4085 482 4139 id
513 4091 601 4138 est
631 4099 660 4137 a
689 4084 926 4138 tenebris
976 4083 1310 4139 inﬁdelitatis
1340 4101 1440 4156 per
1469 4087 1745 4141 Christum

133 4182 547 4231 consecrantem
581 4173 738 4228 vobis
778 4189 973 4245 aquam
1010 4174 1380 4242 remissioniS,
1417 4176 1580 4230 nolite
1609 4193 1744 4231 exa-

134 4264 352 4319 cerbare
367 4265 572 4319 Deum.
596 4264 736 4318 Vere
750 4263 970 4334 quidam
983 4265 1469 4329 exacerbaverant,
1491 4266 1619 4336 quia
1631 4269 1748 4339 qui-

136 4352 228 4406 bus
259 4357 530 4424 infensus
576 4356 666 4408 est
699 4353 846 4407 Deus
877 4352 1256 4426 quadraginta
1305 4355 1498 4421 annis,
1554 4372 1745 4412 nonne

132 4442 245 4497 illis
265 4445 362 4514 qui
381 4447 770 4515 peccaverunt
793 4443 866 4513 (et
886 4458 995 4498 non
1017 4443 1258 4513 impune)
1283 4461 1350 4499 ne
1369 4443 1744 4515 impunitatem

131 4528 454 4595 promittatis
486 4525 668 4591 vobis,
695 4527 823 4598 quia
843 4528 1119 4584 cadavera
1142 4545 1380 4601 quorum
1401 4530 1742 4599 peccantium

1862 1969 1884 1998 «
1921 1947 2154 2003 introire
2203 1949 2469 2020 quosdam
2500 1947 2556 2001 in
2594 1947 2762 2010 illam,
2797 1954 2851 2000 et
2881 1946 2935 2000 hi
2965 1945 3164 2018 quibus
3193 1945 3471 2015 prioribus

1861 2057 1883 2086 α
1917 2037 2296 2092 annuntiatum
2346 2045 2449 2104 est,
2496 2053 2605 2092 non
2649 2035 2973 2090 introierunt
3017 2042 3244 2105 prepter
3279 2033 3467 2089 incre-

1860 2148 1882 2173 u
1915 2126 2224 2195 dulitatem,
2257 2127 2453 2182 iterum
2501 2125 2752 2181 terminat
2782 2125 2927 2179 diem
2959 2123 3268 2196 quemdam,
3303 2121 3467 2178 hodie

1860 2238 1881 2262 ‹‹
1918 2215 1972 2268 in
2018 2216 2211 2282 David,
2263 2216 2519 2282 dicendo,
2569 2223 2693 2286 post
2738 2222 2946 2269 tantum
2994 2211 3255 2282 temporis
3303 2211 3469 2280 (sicut

1859 2327 1882 2352 (ι
1919 2320 2084 2376 supra
2113 2305 2315 2360 dictum
2347 2305 2454 2374 est)
2487 2320 2502 2358 :
2537 2303 2711 2359 Hodie
2741 2303 2788 2357 si
2809 2317 3001 2358 vocem
3023 2301 3139 2370 ejus
3159 2300 3462 2366 audieritis,

1858 2415 1881 2444 ι
1917 2393 2087 2450 nolite
2117 2394 2393 2450 obdurare
2423 2393 2587 2449 corda
2617 2400 2818 2448 vestra.
2839 2393 2978 2448 Nam
3012 2391 3060 2444 si
3089 2390 3168 2445 eis
3190 2390 3350 2444 Jesus
3380 2405 3464 2445 re-

1858 2505 1878 2529 α
1916 2483 2098 2554 quiem
2143 2483 2508 2554 praestitisset,
2558 2497 2839 2553 nunquam
2890 2481 2958 2535 de
3003 2479 3108 2534 alia
3147 2478 3465 2550 loqueretur

1857 2595 1879 2619 α
1914 2574 2146 2642 posthac
2174 2572 2282 2627 die.
2338 2574 2526 2644 Itaque
2571 2570 2899 2642 relinquitur
2947 2567 3326 2623 Sabbatismus
3357 2583 3461 2639 po-

1857 2680 1878 2710 s
1911 2661 2039 2731 pulo
2070 2661 2190 2716 Dei.
2223 2660 2327 2730 Qui
2356 2661 2500 2715 enim
2531 2661 2814 2731 ingressus
2845 2667 2926 2713 est
2956 2659 3011 2711 in
3043 2656 3290 2728 requiem
3319 2657 3456 2726 ejus,

1857 2771 1879 2800 ι
1915 2750 2076 2804 etiam
2106 2750 2224 2821 ipse
2268 2750 2534 2822 requievit
2573 2749 2642 2803 ab
2691 2747 2951 2819 operibus
2997 2746 3132 2810 suis,
3179 2745 3319 2801 sicut
3349 2753 3400 2801 et
3428 2762 3460 2800 a

1858 2862 1879 2889 ι
1915 2839 2030 2894 suis
2060 2841 2226 2895 Deus.
2280 2839 2625 2894 Festinemus
2668 2853 2804 2910 ergo
2844 2836 3059 2907 ingredi
3100 2836 3156 2890 in
3186 2835 3333 2889 illam
3365 2851 3458 2890 re-

1857 2951 1879 2979 ι
1915 2929 2100 3000 quiem
2137 2944 2148 2982 :
2182 2937 2244 2984 ut
2272 2945 2340 2984 ne
2372 2929 2426 2983 in
2477 2929 2712 3000 idipsum
2743 2926 2866 2998 quis
2909 2925 3113 2981 incidat
3157 2924 3460 2980 increduli-

1856 3041 1877 3066 α
1918 3018 2046 3072 tatis
2077 3018 2409 3089 exemplum.
2457 3018 2624 3073 Vivus
2659 3024 2742 3072 est
2771 3015 2913 3071 enim
2943 3030 3121 3069 sermo
3167 3014 3265 3068 Dei
3289 3021 3342 3068 et
3371 3012 3458 3068 ef-

1857 3130 1878 3156 ι
1914 3105 2072 3174 ficax,
2103 3118 2156 3162 et
2183 3107 2571 3179 penetrabilior
2599 3105 2747 3161 omni
2769 3104 2952 3175 gladio
2973 3103 3213 3174 ancipiti,
3248 3111 3301 3158 et
3321 3118 3455 3174 per-

1855 3219 1876 3243 ιι
1913 3197 2134 3270 tingens
2164 3212 2340 3269 usque
2389 3197 2460 3251 ad
2504 3195 2830 3251 divisionem
2869 3193 3064 3248 animae
3094 3208 3160 3248 ac
3190 3192 3410 3264 spiritus
3446 3207 3458 3247 :

1854 3309 1876 3333 α
1914 3301 2246 3359 compagum
2295 3301 2514 3358 quoque
2567 3301 2630 3340 ac
2677 3284 3062 3350 medullarum,
3109 3290 3162 3337 et
3191 3282 3461 3338 discretor

1855 3375 2312 3447 «cogitationum,
2335 3383 2387 3429 et
2413 3375 2775 3429 intentionum
2797 3373 2977 3429 cordis
2999 3373 3195 3443 (Eccli.
3218 3387 3318 3438 xv,
3342 3374 3455 3440 20).

1854 3486 1876 3514 α
1912 3465 1979 3518 Et
2010 3480 2120 3519 non
2153 3472 2237 3518 est
2283 3463 2395 3518 ulla
2445 3471 2694 3518 creatura
2738 3461 3027 3518 invisibilis
3076 3461 3130 3515 in
3162 3468 3460 3531 conspectu

1854 3575 1876 3604 ι
1914 3554 2051 3622 ejus.
2103 3552 2301 3608 Omnia
2346 3561 2527 3607 autem
2577 3552 2722 3606 nuda
2771 3559 2820 3606 et
2873 3558 3060 3622 aperta
3111 3558 3235 3604 sunt
3282 3549 3457 3604 oculis

1854 3666 1875 3690 «
1913 3645 2050 3712 ejus,
2088 3643 2157 3697 ad
2189 3659 2352 3715 quem
2376 3642 2534 3697 nobis
2565 3657 2768 3696 sermo.
2804 3641 3081 3695 Habentes
3114 3654 3246 3710 ergo
3276 3637 3454 3709 ponti-

1853 3755 1874 3780 «
1910 3731 2068 3788 ﬁcem
2097 3747 2358 3803 magnum
2389 3731 2481 3804 qui
2510 3729 2817 3802 penetravit
2845 3729 3035 3797 cmlos,
3053 3729 3238 3783 Jesum
3261 3727 3456 3782 Filium

1853 3843 1875 3872 «
1912 3822 2032 3888 Dei,
2077 3830 2364 3877 teneamus
2414 3821 2530 3891 spei
2579 3827 2782 3875 nostrae
2839 3817 3270 3874 confessionem.
3331 3817 3456 3872 Non

1852 3933 1874 3958 α
1909 3910 2055 3966 enim
2083 3911 2347 3965 habemus
2395 3907 2727 3981 pontificem,
2762 3908 2853 3980 qui
2880 3923 2990 3963 non
3020 3906 3196 3978 possit
3222 3905 3458 3977 compati

1852 4021 1875 4047 α
1909 3997 2312 4054 inﬁrmitatibus
2351 3999 2572 4065 nostris,
2622 4006 2888 4053 tentatum
2928 4005 3108 4052 autem
3148 4012 3246 4066 per
3273 3995 3455 4050 omnia

1853 4111 1874 4138 α
1908 4105 2007 4160 pro
2050 4089 2402 4143 similitudine
2445 4089 2653 4159 absque
2693 4095 2937 4158 peccato.
2990 4086 3267 4141 Adeamus
3315 4101 3454 4157 ergo

1856 4200 1876 4228 α
1909 4193 2034 4234 cum
2072 4177 2267 4234 fiducia
2305 4179 2374 4232 ad
2423 4179 2676 4232 thronum
2721 4177 2915 4247 gratiae
2957 4176 3092 4244 ejus,
3145 4182 3204 4228 ut
3231 4173 3453 4228 miseri-

1853 4290 1874 4316 α
1910 4267 2155 4323 cordiam
2199 4283 2625 4338 consequamur,
2671 4273 2724 4321 et
2762 4265 2992 4336 gratiam
3023 4262 3366 4319 inveniamus
3395 4262 3455 4318 in

1851 4379 1873 4403 «ι
1908 4356 2118 4411 auxilio
2149 4364 2480 4427 opportuno.
2519 4380 2542 4404 η

2489 4459 2811 4499 Εχροειτιο.

1919 4536 1985 4590 Et
2013 4535 2140 4606 quia
2171 4543 2398 4605 propter
2423 4533 2860 4590 incredulitatem
2889 4531 3098 4587 intrare
3130 4545 3238 4586 non
3269 4536 3454 4600 potue-

128 4621 419 4687 proslrata
440 4621 587 4671 sunt
604 4617 666 4669 in
697 4616 952 4672 deserto?
973 4617 1086 4670 Illis
1115 4618 1300 4689 utique
1323 4619 1470 4674 Deus
1493 4618 1738 4675 infensus
1767 4623 1822 4685 D
1844 4633 1970 4678 runt
1991 4624 2046 4678 in
2069 4623 2332 4695 requiem,
2359 4623 2526 4696 igitur
2551 4625 2856 4677 timeamus
2876 4637 2949 4675 ne
2969 4623 3121 4691 forte
3139 4619 3354 4690 aliquis
3374 4635 3451 4674 ea:

132 4703 243 4759 fuit.
273 4705 526 4762 369
552 4705 752 4759 lterum
775 4705 844 4760 ad
865 4705 1009 4760 idem
1033 4723 1044 4759 :
1075 4707 1280 4773 Quibus
1309 4712 1507 4763 autem
1519 4710 1744 4780 juravit

135 4794 274 4848 Deus
295 4812 412 4850 non
445 4795 696 4850 introire
726 4796 786 4849 in
804 4795 1051 4868 requiem
1070 4797 1268 4867 ipsius,
1288 4796 1342 4850 id
1371 4797 1524 4852 estin
1555 4798 1744 4853 cmles-

132 4891 234 4938 tem
255 4883 630 4950 Hierusalem,
663 4883 754 4937 ubi
787 4892 867 4937 est
900 4900 1028 4938 vera
1060 4885 1300 4956 requies,
1335 4887 1454 4942 nisi
1491 4887 1612 4942 illis
1647 4888 1744 4960 qui

132 4976 368 5041 fuerunt
398 4972 862 5028 inereduli:etin
886 4974 1070 5028 verbis
1084 4975 1300 5029 Domini
1323 4973 1485 5030 fidem
1517 4991 1626 5032 non
1653 4978 1746 5031 ha-

139 5061 410 5117 buerunt?
442 5061 662 5130 Quibus
690 5078 792 5133 pro
823 5071 1049 5135 peccato
1079 5065 1363 5133 prostratis
1396 5065 1532 5120 sicut
1558 5066 1743 5120 abstu-

137 5149 194 5204 lit
231 5159 435 5206 terram
479 5151 964 5222 repromissionis;
1000 5152 1080 5208 sic
1120 5170 1301 5208 veram
1350 5154 1591 5226 requiem
1623 5171 1744 5227 quae

139 5239 557 5312 significabatur
597 5256 698 5311 per
745 5241 891 5296 illam
938 5250 1142 5297 terram
1181 5258 1193 5296 :
1230 5243 1419 5299 Videte
1462 5244 1645 5315 itaque
1677 5261 1745 5301 ne

139 5344 231 5383 vos
259 5330 535 5386 increduli
567 5331 738 5400 (quod
768 5331 952 5403 utique
983 5332 1138 5401 estis)
1163 5333 1210 5386 si
1240 5333 1422 5404 legem
1452 5334 1609 5405 quasi
1642 5351 1743 5390 ne-

142 5420 436 5474 cessariam
471 5419 603 5474 tidei
642 5421 904 5476 reducitis
935 5437 1047 5476 non
1076 5422 1365 5478 credentes
1394 5439 1558 5494 posse
1581 5424 1744 5492 justi-

143 5505 303 5563 ficare
347 5510 530 5564 Deum
581 5525 680 5578 pro
731 5510 1112 5566 incredulitate
1151 5527 1261 5566 non
1299 5513 1509 5566 intretis
1547 5513 1603 5567 in
1657 5530 1744 5569 re-

143 5597 338 5668 quiem.
384 5600 536 5654 Deus
581 5598 799 5670 quidem
828 5600 1041 5670 -juravit
1083 5616 1178 5655 eos
1217 5617 1324 5656 non
1366 5602 1663 5658 intraturos
1690 5604 1747 5658 in

141 5688 378 5762 requiem
413 5703 426 5744 :
453 5695 509 5744 et
540 5688 678 5744 sicut
707 5689 938 5760 juravit,
973 5690 1251 5763 impletum
1283 5691 1533 5748 videmus
1567 5708 1579 5748 :
1612 5697 1747 5766 quia

1844 4714 2003 4768 nobis
2031 4714 2404 4769 existimetur
2423 4711 2722 4768 secundum
2753 4710 3036 4766 veritatem
3053 4709 3241 4764 deesse
3258 4709 3328 4763 ab
3358 4707 3454 4763 illa

1842 4803 2052 4875 requie.
2088 4803 2194 4857 Sed
2241 4802 2520 4873 praemittit
2558 4800 2973 4872 possibilitatem
3006 4796 3315 4854 introeundi
3345 4813 3452 4852 no-

1843 4893 1928 4947 bis
1959 4909 2276 4948 concessam
2295 4892 2505 4948 dicens.
2529 4891 2858 4956 Timeamus,
2882 4889 3126 4961 inquam,
3149 4904 3222 4942 ne
3244 4888 3452 4943 relicta

1841 4982 2345 5054 pollicitationeﬁd
2360 4991 2442 5036 est
2454 4980 2729 5052 frequenti
2741 4979 3105 5051 promissione
3120 4977 3453 5033 introeundi

1841 5072 1902 5126 in
1937 5074 2186 5144 requiem
2218 5073 2358 5142 ejus,
2377 5071 2584 5128 scilicet
2603 5069 2700 5125 Dei
2734 5087 2748 5123 :
2781 5069 2925 5124 unde
2957 5083 3058 5123 nos
3087 5066 3290 5121 habere
3319 5081 3454 5122 con-

1845 5169 1948 5216 stat
1987 5161 2303 5216 facultatem
2341 5159 2671 5224 introeundi,
2719 5175 2810 5224 ne,
2849 5158 3095 5229 inquam,
3130 5157 3232 5212 hac
3261 5155 3450 5212 relicta

1844 5267 1946 5322 per
1977 5249 2413 5307 incredulitatem
2454 5249 2791 5305 existimetur
2819 5247 3019 5320 aliquis
3051 5253 3297 5302 nostrum
3345 5245 3452 5301 de-

1845 5357 1968 5396 esse
1999 5355 2032 5395 a
2061 5339 2268 5411 requie.
2302 5341 2446 5395 Bene
2467 5339 2591 5395 dico
2612 5337 3027 5408 pollicitatione;
3051 5336 3265 5392 etenim
3289 5336 3448 5393 nobis

1845 5430 2186 5484 nuntiatum
2215 5433 2316 5496 est
2360 5427 2853 5501 (quemadmodum
2881 5430 2938 5481 et
2967 5427 3110 5491 illis)
3153 5441 3254 5496 per
3282 5424 3451 5480 fidem

1843 5535 2009 5590 posse
2055 5518 2261 5572 intrare
2314 5518 2369 5571 in
2419 5516 2682 5588 requiem.
2730 5514 2841 5569 Illis
2879 5514 3100 5586 quidem
3140 5515 3450 5569 nuntiatum

1845 5608 1964 5674 fuit,
2005 5607 2100 5663 sed
2121 5615 2303 5662 tamen
2341 5624 2457 5663 non
2481 5605 2705 5678 profuit
2735 5605 2854 5659 illis
2883 5619 3066 5659 sermo
3093 5603 3449 5657 nuntiationis

1845 5697 2078 5754 auditus
2095 5703 2324 5764 tantum,
2355 5703 2546 5753 etnon
2578 5693 2862 5752 admistus
2885 5693 3038 5762 ﬁdei,
3073 5699 3130 5767 ut
3162 5692 3450 5748 crederent
