3928 6438
419 381 526 438 507

979 381 1037 437 S.
1077 380 1432 439 BRUNONIS
1471 379 2117 440 CARTHUSIANORUM
2152 380 2638 440 INSTITUTORIS
2674 381 2827 439 OPP.
2868 383 3046 440 PARS
3083 385 3150 439 II.

3613 387 3720 440 508

424 504 512 561 his
541 505 632 578 qui
661 521 695 562 a
723 507 838 561 Deo
879 505 1194 562 audiebant.
1228 505 1382 563 Fidei
1409 506 1533 564 dico
1563 515 1800 579 acceptae
1827 524 1902 564 ea:
1931 506 2018 562 his
2047 508 2102 567 Α
2122 504 2276 561 fectis
2323 506 2580 578 operibus
2630 507 2934 562 nuntiatum
2979 515 3062 563 est
3107 507 3286 564 nobis.
3346 509 3510 565 Dixit
3561 511 3720 566 enim

426 612 549 668 qua:
578 595 908 661 audierunt,
942 603 999 649 ut
1031 595 1167 650 sicut
1187 597 1499 661 audiebant,
1527 597 1604 652 sic
1626 597 1798 652 Deum
1825 596 2023 668 imple-

427 692 607 739 turum
634 684 943 740 crederent.
977 684 1077 739 Vel
1106 685 1175 738 ita
1213 703 1226 740 :
1259 685 1452 740 Sermo
1481 686 1694 740 auditus
1713 695 1765 741 et
1786 703 1895 742 non
1919 686 2022 758 ad:

426 772 615 827 mistus
646 771 798 839 ﬁdei,
855 789 918 827 ex
968 773 1074 839 his,
1106 773 1162 829 id
1208 782 1291 829 est
1335 783 1558 846 propter
1586 791 1646 829 ea
1679 792 1800 847 quae
1828 775 2022 830 audie-

426 869 549 916 runt
566 861 637 916 ab
657 861 763 916 illis
787 861 1223 932 exploratoribus
1248 864 1509 932 reversis,
1534 881 1642 919 non
1661 863 1863 935 profuit
1891 864 2017 918 illis.

424 950 733 1006 Secundum
765 951 906 1007 hanc
939 952 1261 1007 sententiam
1293 953 1364 1007 ad
1396 953 1676 1008 historiam
1707 970 1807 1008 nos
1837 954 2016 1020 mittit,

421 1039 638 1112 quando
669 1039 958 1094 duodecim
991 1041 1372 1111 exploratores
1403 1041 1602 1095 missia
1624 1043 1809 1112 Moyse
1831 1059 2021 1097 rever-

421 1136 596 1184 tentes
627 1137 937 1184 teri-uerunt
979 1129 1118 1183 ﬁlios
1162 1131 1351 1197 Israel,
1397 1131 1642 1186 dicentes
1672 1132 1860 1203 (Num.
1893 1147 2017 1197 xm,

422 1223 512 1285 28,
545 1220 636 1289 34)
670 1235 682 1272 :
715 1219 935 1272 Terram
958 1219 1178 1290 quidem
1201 1235 1326 1274 esse
1343 1219 1678 1276 fructiferam
1711 1236 1724 1275 ε
1756 1221 1852 1274 sed
1881 1220 2020 1276 ﬁlios

423 1307 684 1362 Enachim
711 1307 785 1361 ibi
813 1324 937 1362 esse
966 1308 1239 1380 giganteae
1268 1316 1508 1375 staturae,
1535 1325 1765 1381 quorum
1797 1310 1851 1363 in
1881 1326 2019 1366 con-

424 1405 613 1467 spectu
647 1404 790 1452 stare
832 1413 940 1452 non
981 1406 1236 1467 possent;
1271 1398 1470 1469 quibus
1500 1407 1552 1453 et
1581 1399 1888 1467 hujusmodi
1917 1415 2020 1454 au-

423 1485 548 1540 ditis
568 1485 819 1540 dixerunt
862 1503 875 1540 :
914 1507 934 1535 ι
963 1485 1244 1542 Faciamus
1270 1487 1526 1543 3’70
1567 1487 1725 1542 nobis
1745 1489 1936 1543 ducem
1968 1496 2022 1544 et

424 1583 766 1630 revertamur
796 1575 850 1630 in
885 1576 1170 1646 zEgyptum
1202 1577 1392 1646 (Num.
1425 1592 1544 1644 xiv,
1580 1577 1652 1644 4),
1692 1598 1712 1625 ι
1749 1577 1804 1630 in
1834 1577 2021 1632 incre-

425 1664 646 1719 dulitate
693 1664 1088 1719 exacerbantes
1134 1666 1329 1719 Deum.
1382 1665 1524 1720 Vere
1579 1681 1759 1720 sermo
1805 1665 2020 1720 auditus

424 1760 632 1807 tantum
663 1752 789 1824 quia
827 1769 938 1807 non
972 1761 1054 1807 est
1101 1751 1370 1807 admistus
1400 1751 1545 1822 ﬁdei,
1580 1770 1688 1808 non
1718 1753 1921 1824 profuit
1950 1754 2019 1808 il-

424 1841 493 1896 lis
528 1859 541 1896 :
574 1857 699 1896 nam
727 1841 848 1912 quia
876 1842 931 1895 in
977 1840 1134 1896 nobis
1181 1850 1262 1896 est
1306 1841 1570 1896 admistus
1609 1843 1737 1898 ﬁdei
1775 1843 2019 1914 proderit

425 1929 602 1986 nobis.
636 1931 810 1986 Locus
841 1946 874 1985 a
900 1930 1208 1986 contrariis.
1243 1930 1401 1999 Quod
1419 1931 1490 1985 ita
1509 1931 1581 1985 ait
1605 1949 1617 1986 :
1641 1933 1754 1987 Nos
1776 1935 1873 2005 qui
1891 1949 2018 1988 cre—

424 2019 690 2086 didimus,
725 2019 779 2074 id
808 2027 891 2074 est
921 2019 1010 2091 qui
1042 2018 1205 2074 ﬁdem
1242 2019 1440 2074 auditis
1470 2021 1879 2086 admiscuimus,
1930 2025 2020 2077 in-

424 2110 746 2182 grediemur
792 2111 854 2164 in
894 2125 1076 2164 veram
1109 2111 1356 2181 requiem
1389 2129 1407 2166 :
1441 2111 1596 2179 cujus
1625 2119 1677 2164 et
1708 2108 1937 2180 ﬁguram
1971 2119 2023 2166 et

428 2197 714 2253 veritatem
759 2198 835 2252 illi
875 2198 1024 2269 (quia
1053 2197 1341 2267 increduli)
1371 2199 1741 2269 perdiderunt.
1773 2200 1906 2264 Nos,
1939 2200 2022 2254 in-

430 2303 615 2359 quam,
665 2287 1075 2359 ingredicmur;
1110 2288 1576 2360 quemadmodum
1609 2289 1762 2344 dixit
1792 2305 1893 2344 nos
1921 2306 2022 2360 per

431 2375 591 2432 ﬁdem
614 2376 962 2448 ingressuros
983 2395 998 2442 ;
1021 2377 1111 2432 ubi
1129 2377 1204 2431 ait
1239 2394 1252 2432 :
1275 2378 1432 2434 Sicut
1443 2379 1641 2449 juravi
1663 2379 1725 2433 in
1747 2379 1835 2433 ira
1853 2395 1978 2434 mea
2003 2398 2020 2434 :

428 2467 487 2522 Si
517 2465 840 2521 introibant
875 2467 936 2521 in
968 2469 1218 2538 requiem
1250 2483 1455 2521 meam.
1489 2467 1558 2520 Et
1589 2467 1692 2522 hoc
1720 2467 1904 2522 dicere
1925 2467 2022 2522 fuit

429 2571 529 2624 per
576 2555 923 2620 contrarium,
986 2555 1114 2626 quia
1155 2555 1245 2610 ubi
1295 2556 1418 2610 illos
1461 2564 1688 2627 propter
1734 2555 2024 2612 increduli-

428 2653 592 2700 tatem
621 2660 732 2699 non
776 2644 1072 2700 intraturos
1119 2644 1252 2699 dixit
1295 2645 1349 2699 in
1397 2645 1660 2717 requiem,
1696 2645 1895 2700 ibidem
1927 2663 2024 2716 per

430 2734 763 2790 contrarium
793 2749 916 2800 nos,
968 2734 1097 2805 quia
1127 2734 1400 2790 credimus
1430 2734 1561 2788 dixit
1592 2735 1940 2806 ingressuros
1969 2735 2024 2789 in

429 2824 690 2896 requiem.
726 2823 822 2877 Vel
845 2823 1060 2896 singula
1090 2822 1380 2878 reddamus
1405 2823 1656 2894 singulis.
1675 2824 1847 2879 Nobis
1876 2841 2022 2879 nun-

431 2911 616 2967 tiatum
647 2919 730 2967 est
759 2912 826 2967 dc
875 2911 1066 2983 requie
1112 2911 1224 2979 illa,
1257 2912 1384 2985 quia
1431 2929 1532 2967 nos
1572 2912 1661 2984 qui
1691 2913 2024 2969 credidimus

429 3000 800 3073 ingrediemur
846 3000 1088 3072 requiem
1122 3018 1136 3055 :
1169 3001 1256 3055 ilis
1305 3017 1416 3056 non
1463 3001 1667 3072 profuit
1708 3018 1889 3057 sermo
1919 3018 2024 3057 au-

431 3091 576 3146 ditus
606 3097 834 3156 tantum,
885 3090 1347 3160 quemadmodum
1389 3090 1522 3144 dixit
1557 3105 1569 3144 :
1603 3090 1742 3146 sicut
1764 3090 1942 3160 juravi
1970 3091 2023 3146 in

431 3179 510 3235 ira
539 3195 660 3234 mea
690 3179 737 3233 si
767 3177 1057 3234 introibunt
1087 3179 1142 3234 in
1173 3179 1419 3251 requiem
1446 3195 1646 3236 meam.

500 3268 646 3323 Dixit
685 3267 937 3338 superius
971 3285 984 3322 :
1019 3268 1210 3323 Videte
1238 3285 1306 3323 ne
1357 3269 1422 3322 sit
1467 3268 1519 3323 in
1567 3269 1749 3341 aliquo
1779 3277 2018 3325 vestrum

431 3372 528 3414 cor
544 3356 952 3423 incredulitatis,
978 3357 1104 3429 quia
1127 3365 1348 3428 propter
1366 3357 1795 3414 incredulitatem
1820 3375 1928 3414 non
1949 3358 2025 3414 in-

431 3455 712 3502 traverunt
740 3447 795 3501 in
825 3446 1068 3519 requiem
1099 3447 1417 3518 pollicitam,
1449 3448 1518 3502 de
1547 3464 1650 3520 qua
1671 3447 1861 3520 requie
1889 3465 2025 3504 nun-

433 3536 623 3592 tiatum
657 3545 740 3592 est
787 3537 964 3602 vobis,
998 3537 1144 3608 quod
1174 3536 1220 3591 si
1264 3536 1427 3592 ﬁdem
1458 3537 1732 3602 habeatis,
1766 3538 1905 3593 hanc
1936 3555 2024 3593 re-

433 3625 612 3699 quiem
643 3627 850 3682 habere
881 3625 1126 3697 potestis.
1161 3625 1370 3695 Quibus
1402 3635 1584 3681 autem
1616 3627 1814 3694 modis,
1838 3628 2027 3699 etqui-

430 3715 533 3771 bus
579 3716 913 3787 temporibus
961 3716 1260 3770 nuntiatum
1292 3715 1362 3770 sit
1392 3715 1693 3788 subjungit,
1730 3717 2025 3771 ostendens

431 3804 568 3860 duas
597 3805 963 3860 nuntiationes
1005 3804 1075 3859 de
1123 3805 1228 3860 hac
1275 3805 1466 3876 requie
1509 3803 1677 3859 factas
1727 3821 1848 3860 esse
1879 3805 1934 3860 in
1964 3804 2026 3859 ﬁ-

433 3909 588 3965 gura,
621 3894 747 3965 quia
774 3909 936 3948 nemo
964 3893 1140 3948 adhuc
1171 3893 1414 3964 requiem
1445 3893 1595 3948 illam
1633 3893 1834 3949 habere
1865 3904 2024 3965 pote-

431 3990 518 4038 rat
552 3997 564 4036 :
599 3983 752 4052 cujus
786 3982 990 4055 requiei
1029 3981 1186 4037 tertia
1229 3982 1490 4037 nuntiatio
1520 3982 1660 4038 facta
1690 3991 1800 4050 est,
1832 4000 1942 4038 non
1970 3984 2024 4038 iu

423 4071 628 4146 ﬁgura,
661 4072 760 4128 sed
789 4071 842 4126 in
892 4072 1009 4142 ipsa
1050 4071 1296 4141 veritate,
1347 4072 1562 4144 quando
1602 4073 1714 4142 jam
1755 4081 1807 4128 et
1839 4073 2026 4128 haberi

436 4169 673 4234 poterat,
706 4169 759 4217 et
790 4161 1092 4216 habebatur
1139 4160 1258 4232 ipsa
1302 4163 1540 4232 requies,
1594 4162 1800 4217 scilicet
1829 4162 1883 4217 in
1905 4163 2026 4217 die-

433 4251 536 4307 bus
566 4251 770 4325 gratiae.
808 4251 1014 4306 Littera.
1037 4251 1117 4306 sic
1137 4249 1384 4323 jungitur
1414 4268 1426 4305 :
1463 4251 1541 4306 De
1572 4252 1759 4324 requie
1795 4252 1888 4306 illa
1917 4251 2027 4307 uti-

433 4358 539 4413 que
568 4340 870 4396 nuntiatum
919 4349 999 4396 est
1043 4340 1199 4396 nobis
1232 4355 1245 4395 :
1278 4357 1400 4394 nam
1437 4349 1489 4396 et
1518 4341 1572 4395 in
1603 4343 1705 4396 hoc
1735 4341 1854 4396 loco
1885 4349 1938 4397 et
1973 4342 2028 4396 in

433 4430 547 4498 illo,
583 4439 635 4486 et
661 4430 716 4485 in
745 4430 868 4486 alio.
919 4430 1056 4484 Illud
1087 4434 1143 4486 et
1169 4430 1515 4485 diversitates
1556 4430 1804 4486 locorum
1838 4431 1932 4485 ubi
1960 4431 2030 4486 de

432 4519 620 4592 requie
649 4519 832 4592 agitur
879 4517 1150 4590 signiﬁcat
1182 4533 1196 4573 :
1228 4518 1363 4573 illud
1390 4519 1615 4592 quidem
1644 4519 2029 4575 discretionem

2125 595 2406 666 Scriptura
2436 595 2523 651 vel
2552 598 2769 666 Moyses
2798 598 2860 652 in
2879 597 3120 670 quodam
3141 599 3257 654 loco
3279 599 3344 654 de
3366 601 3612 672 septima
3631 599 3726 654 die

2123 685 2224 740 sic.
2260 685 2390 740 Ideo
2439 701 2548 739 non
2588 685 2959 740 determinans
2998 687 3179 742 locum
3211 687 3340 743 dicit
3380 686 3437 742 in
3483 687 3723 760 quodam

2121 772 2265 840 loco,
2299 773 2426 845 quia
2457 783 2509 828 et
2557 774 2648 830 hic
2689 775 2840 830 locus
2889 775 3177 846 Scriptura:
3227 777 3360 831 satis
3407 786 3569 832 notus
3601 785 3726 832 erat

2122 861 2250 926 illis,
2283 870 2337 916 et
2365 862 2488 934 quia
2520 863 2609 919 hic
2635 863 2788 919 locus
2817 863 3084 920 discretus
3105 875 3156 920 et
3177 866 3436 938 egregius
3461 873 3600 935 erat,
3627 866 3727 920 ubi

2121 950 2190 1004 de
2220 951 2518 1006 salvatione
2551 968 2731 1008 sermo
2761 953 3067 1007 habebatur
3099 968 3111 1007 :
3141 954 3426 1025 dignitate,
3473 954 3723 1026 inquam,

2122 1040 2394 1096 discretus
2423 1042 2494 1094 ab
2523 1042 2649 1107 illis,
2699 1042 2791 1096 ubi
2838 1042 2908 1096 de
2938 1050 3093 1098 tauro
3132 1043 3464 1099 immolando
3495 1045 3730 1099 habetur

2124 1145 2326 1184 sermo.
2365 1130 2459 1184 Vel
2493 1131 2535 1184 si
2585 1130 2657 1184 ibi
2686 1147 2794 1185 non
2836 1131 2924 1198 sit,
2957 1131 3124 1197 enim,
3156 1132 3288 1186 nihil
3316 1141 3526 1203 oportet
3555 1150 3723 1204 repe-

2123 1226 2257 1284 tere,
2294 1219 2391 1273 sed
2438 1218 2682 1273 dicamus
2713 1220 2973 1289 operibus
3002 1220 3281 1291 perfectis.
3316 1221 3460 1276 Dixit
3492 1222 3546 1276 in
3578 1239 3727 1294 quo-

2123 1307 2249 1361 dam
2281 1306 2419 1378 loco
2449 1309 2517 1363 de
2547 1309 2912 1380 dieseptima,
2948 1309 3028 1366 sic
3059 1309 3191 1364 illud
3223 1317 3274 1365 et
3302 1310 3447 1381 quod
3477 1311 3730 1383 sequitur

2122 1397 2231 1451 vim
2281 1397 2446 1452 habet
2493 1397 2548 1451 in
2599 1398 2791 1452 ordine
2842 1398 3058 1464 littera,
3103 1399 3248 1454 unde
3297 1407 3573 1470 sumptum
3602 1409 3727 1468 est;

2124 1486 2276 1557 quasi
2307 1487 2517 1542 diceret
2547 1504 2560 1540 :
2596 1487 2710 1542 Hoc
2768 1495 2819 1540 et
2861 1488 2966 1543 hoc
2996 1486 3124 1542 fecit
3152 1488 3330 1554 Deus;
3363 1493 3418 1544 et
3456 1489 3540 1543 bis
3570 1489 3729 1546 factis

2122 1577 2395 1647 requievit
2425 1576 2514 1630 die
2544 1577 2806 1648 septima.
2832 1575 2954 1630 Non
2985 1576 3182 1631 dicitur
3199 1577 3346 1632 Deus
3367 1577 3723 1649 requievisse,

2121 1663 2278 1736 quasi
2308 1663 2398 1735 qui
2446 1664 2632 1719 labore
2679 1664 2860 1736 aliquo
2907 1674 3230 1730 vexaretur;
3263 1666 3362 1721 sed
3405 1675 3462 1720 ut
3493 1683 3594 1737 per
3620 1667 3730 1724 hoc

2123 1751 2454 1824 signiﬁcaret
2485 1750 2724 1824 requiem
2757 1753 2992 1808 futuram
3023 1754 3097 1809 ait
3126 1771 3140 1808 :
3170 1755 3315 1810 Deus
3335 1757 3628 1827 requievit,
3666 1755 3724 1812 id

2039 1871 2094 1931 Β
2124 1849 2207 1894 est
2238 1842 2471 1896 cessavit
2516 1843 2583 1897 ab
2633 1842 2884 1896 omnibus
2911 1843 3167 1915 operibus
3211 1846 3353 1910 suis,
3395 1845 3542 1916 quod
3586 1845 3725 1900 nihil

2123 1937 2320 2000 postea
2371 1939 2698 2001 operaturus
2727 1931 2827 1996 sit;
2858 1947 3012 2000 cujus
3057 1931 3281 1988 materia
3309 1933 3396 1988 vel
3425 1932 3728 1990 similitudo

2123 2019 2176 2073 in
2207 2019 2371 2090 priori
2401 2020 2681 2074 creatione
2715 2037 2822 2075 non
2849 2021 3214 2092 praecesserit,
3238 2021 3460 2076 materia
3480 2022 3535 2077 in
3556 2023 3726 2078 rebus

2123 2108 2441 2180 corporeis;
2474 2108 2774 2164 similitudo
2824 2109 2878 2163 in
2923 2110 3207 2181 corporeis
3245 2119 3301 2165 ut
3329 2111 3384 2165 in
3412 2111 3722 2166 animabus.

2121 2197 2310 2252 Statim
2343 2205 2496 2250 sexta
2534 2197 2672 2252 feria
2717 2196 2864 2254 facto
2893 2198 3132 2264 homine,
3167 2199 3403 2255 Sabl-ato
3433 2199 3722 2272 requievit,

2123 2286 2280 2358 quasi
2325 2302 2428 2357 per
2475 2287 2578 2341 hoc
2626 2287 2833 2342 diceret
2876 2286 3128 2343 homini:
3163 2287 3218 2343 Si
3274 2289 3539 2344 obediens
3588 2289 3724 2344 mihi

2122 2375 2308 2442 fueris,
2344 2377 2460 2430 haec
2489 2376 2681 2430 eadem
2714 2375 2929 2448 requies
2960 2385 3176 2447 peracta
3196 2378 3507 2433 obedientia
3533 2387 3725 2449 parata

2124 2473 2206 2520 est
2235 2463 2350 2518 tibi.
2409 2464 2510 2520 Ubi
2540 2464 2613 2519 ait
2649 2479 2661 2518 :
2695 2465 2963 2536 requievit
2999 2465 3089 2520 die
3117 2467 3367 2537 septima,
3414 2466 3494 2522 sic
3536 2468 3604 2522 de
3634 2485 3729 2524 re-

2129 2553 2252 2625 quie
2284 2553 2585 2607 nuntiatum
2618 2562 2722 2620 est,
2756 2562 2812 2608 ut
2843 2562 2895 2609 et
2927 2553 3103 2627 ﬁgura
3134 2555 3339 2626 requiei
3368 2564 3727 2628 exspectare-

2123 2651 2228 2706 tur,
2266 2642 2472 2697 scilicet
2504 2650 2650 2696 terra
2702 2643 3165 2713 repromissionis.
3207 2645 3274 2699 Et
3304 2645 3502 2699 veritas
3530 2644 3730 2718 ﬁgura:

2123 2731 2176 2784 in
2209 2731 2404 2786 diebus
2455 2731 2677 2798 Christi,
2729 2740 2853 2787 ante
2901 2749 3064 2804 quem
3114 2749 3275 2789 nemo
3320 2750 3506 2789 veram
3533 2735 3722 2790 habuit

2124 2821 2388 2892 requiem.
2433 2821 2582 2876 Sicut
2627 2821 2682 2875 in
2723 2820 2948 2892 prmfato
2995 2822 3136 2886 loco,
3187 2822 3266 2878 sic
3316 2823 3477 2878 etiam
3527 2825 3580 2877 in
3612 2823 3724 2880 isto

2125 2926 2343 2964 rursum
2389 2910 2692 2964 nuntiatum
2741 2919 2851 2966 est.
2906 2911 3001 2966 Vel
3047 2911 3178 2966 dicit
3227 2912 3506 2982 Scriptura
3534 2913 3604 2968 de
3637 2929 3728 2969 re-

2125 2999 2249 3070 quie
2278 2998 2373 3054 illa
2405 2999 2495 3054 ubi
2523 2999 2597 3054 ait
2627 3016 2840 3054 rursum
2871 2999 2940 3055 de
2969 3001 3162 3056 eodem
3193 2999 3463 3073 signiﬁcat
3483 3017 3606 3058 esse
3638 3004 3726 3060 di-

2125 3097 2267 3144 ctum
2281 3131 2295 3144 .

2198 3178 2306 3246 Sic,
2341 3177 2579 3249 inquam,
2604 3177 2902 3233 nuntiatum
2934 3186 3016 3234 est
3047 3199 3066 3234 :
3089 3180 3148 3236 Si
3177 3181 3498 3237 introibant
3529 3183 3593 3238 in
3626 3200 3726 3240 re-

2126 3269 2311 3340 quiem
2332 3284 2541 3324 meam.
2567 3267 2670 3323 Ubi
2692 3268 2835 3323 enim
2852 3269 2956 3323 hoc
2976 3268 3210 3325 dicendo
3229 3269 3524 3325 incredulis
3545 3288 3725 3344 nega-

2128 3357 2216 3411 bat
2238 3357 2501 3429 requiem,
2526 3355 2870 3428 signiﬁcabat
2887 3374 3010 3413 esse
3023 3358 3270 3430 requiem
3285 3358 3534 3415 ﬁdelibus
3546 3362 3724 3432 possi-

2126 3447 2383 3501 dandam.
2406 3447 2532 3501 Ηωο
2551 3455 2727 3501 autem
2753 3447 3027 3518 Scriptura
3047 3447 3387 3503 inveniturin
3409 3450 3598 3517 David,
3625 3452 3724 3524 qui

2119 3535 2229 3605 jam
2249 3536 2317 3591 3
2334 3536 2398 3592 ’7
2420 3535 2479 3592 1
2501 3535 2570 3590 de
2588 3535 2779 3606 ﬁgura,
2797 3535 3002 3592 scilicet
3029 3537 3099 3591 de
3129 3545 3278 3592 terra
3299 3537 3388 3591 illa
3400 3539 3730 3609 promissio—

2124 3625 2210 3679 nis
2231 3641 2338 3679 non
2352 3632 2562 3695 poterat
2579 3625 2902 3695 prOphetare
2917 3639 2931 3680 :
2949 3642 3112 3696 quam
3130 3625 3224 3682 ﬁlii
3247 3627 3413 3682 Israel
3426 3629 3538 3696 jam
3551 3629 3731 3685 multo

2127 3721 2369 3785 tempore
2399 3715 2773 3784 possederant.
2799 3718 2860 3767 Et
2887 3714 2961 3770 ita
2990 3715 3291 3771 secundum
3320 3717 3493 3772 David
3514 3733 3625 3773 non
3657 3720 3732 3776 de

2127 3801 2302 3876 ﬁgura
2331 3821 2453 3874 quae
2472 3803 2584 3872 jam
2606 3803 2927 3873 habebatur,
2947 3803 3045 3859 sed
3067 3805 3135 3859 de
3155 3805 3381 3860 veritate
3409 3806 3486 3862 rei
3514 3824 3637 3878 qua:
3667 3808 3729 3864 in

2127 3892 2341 3946 Christo
2394 3893 2808 3962 exspectabatur
2849 3893 2966 3949 lucc
3012 3894 3297 3964 prophetia
3324 3904 3460 3950 erat.
3510 3896 3731 3953 Secun-

2127 3982 2258 4036 dum
2287 3983 2507 4053 Moysen
2530 3989 2708 4036 autem
2739 3982 2830 4054 qui
2862 3983 2965 4038 hoc
2996 3982 3142 4038 idem
3169 3983 3386 4039 dicebat
3413 3983 3536 4040 ﬁliis
3554 3987 3729 4042 Israel

2127 4071 2411 4142 prophetia
2458 4080 2595 4136 erat,
2643 4080 2696 4126 et
2735 4072 2804 4126 de
2849 4070 3024 4145 ﬁgura
3053 4073 3294 4128 nondum
3328 4075 3532 4141 habita,
3565 4083 3619 4130 et
3647 4077 3723 4133 de

2128 4160 2356 4215 veritate
2385 4160 2438 4214 in
2471 4161 2683 4216 Christo
2712 4161 3051 4232 accipienda.
3099 4163 3402 4217 Prmmissis
3428 4164 3497 4219 de
3527 4166 3731 4221 eadem

2089 4250 2316 4326 .requie
2355 4250 2567 4304 duabus
2606 4251 3035 4306 nuntiationibus
3091 4253 3147 4306 in
3192 4250 3405 4325 ﬁguris,
3441 4253 3734 4328 subjungit

2129 4340 2340 4394 tertiam
2395 4341 2694 4394 secundum
2745 4340 3078 4411 impletionis
3129 4342 3438 4407 veritatem,
3482 4343 3673 4399 dicens
3714 4364 3730 4402 :

2129 4428 2270 4498 Quia
2285 4429 2390 4485 hoc
2402 4438 2453 4484 et
2464 4429 2558 4485 illo
2575 4430 2738 4485 modo
2753 4431 2822 4485 de
2836 4430 3024 4502 requie
3036 4430 3129 4486 illa
3145 4431 3447 4486 nuntiatum
3465 4441 3566 4503 est,
3587 4449 3732 4506 ergo

2129 4526 2186 4572 ut
2213 4517 2571 4589 implerentur
2613 4519 2892 4590 praedicta,
2934 4519 3179 4574 terminat
3226 4520 3423 4576 iterum
3455 4538 3626 4595 agens
3656 4524 3733 4580 de

434 4609 694 4681 temporis
726 4627 739 4664 :
773 4608 901 4680 quia
929 4618 1144 4680 tempus
1193 4625 1302 4680 quo
1330 4607 1565 4680 primum
1605 4609 1673 4662 de
1701 4609 1891 4680 requie
1925 4609 2028 4665 hac
2056 4607 2108 4666 D
2132 4607 2322 4663 eadem
2347 4609 2554 4680 requie,
2577 4609 2722 4664 diem
2743 4608 3034 4682 quemdam
3053 4609 3281 4680 Spiritus
3299 4611 3472 4668 sancti
3491 4612 3733 4669 dicendo

430 4701 769 4756 nuntiatum
798 4703 902 4764 est,
937 4698 1141 4754 scilicet
1169 4698 1480 4754 constitutio
1510 4697 1724 4761 mundi,
1761 4697 1925 4771 longe
1955 4698 2033 4753 di-

433 4788 606 4843 stabat
626 4804 658 4842 a
681 4795 924 4859 tempore
946 4787 1294 4859 impletionis,
1321 4785 1530 4842 scilicet
1549 4801 1582 4840 a
1601 4785 1792 4841 diebus
1809 4786 2026 4842 Christi.

435 4878 591 4934 Unde
621 4877 702 4933 sic
733 4877 803 4931 ait
837 4891 849 4931 :
881 4877 1196 4932 Nuntiatum
1241 4875 1462 4947 quidem
1509 4874 1669 4930 nobis
1714 4884 1798 4930 est
1837 4875 1904 4931 de
1935 4893 2029 4932 re-

438 4966 564 5038 quie
599 4984 612 5020 :
637 4973 687 5021 et
710 4966 928 5038 quidem
949 4966 1206 5039 operibus
1225 4965 1494 5038 perfecti:
1516 4963 1829 5035 incipiendo
1849 4965 1916 5020 ab
1931 4967 2029 5022 in-

438 5057 743 5113 stitutione
762 5055 964 5111 mundi
986 5074 1004 5110 :
1021 5053 1326 5109 nuntiatum
1347 5060 1428 5107 est
1444 5052 1602 5108 nobis
1622 5052 1692 5108 de
1707 5053 1893 5124 requie
1915 5054 2027 5109 illa.

437 5145 605 5202 Facto
651 5145 889 5211 homine,
940 5142 1179 5215 perfecta
1227 5142 1480 5198 dicuntur
1515 5158 1639 5198 esse
1685 5157 1854 5213 opera
1907 5143 2028 5210 Dei,

442 5251 565 5293 cum
597 5235 774 5290 omnis
812 5233 1017 5290 creatio
1047 5230 1234 5285 mundi
1263 5230 1423 5286 fuerit
1451 5239 1678 5302 propter
1707 5232 1981 5288 hominem
2015 5248 2028 5288 :

441 5326 488 5380 si
517 5326 682 5380 homo
713 5330 876 5394 caput
924 5329 1293 5376 creaturarum
1321 5319 1556 5390 deesset,
1586 5320 1905 5392 imperfecta
1937 5338 2029 5377 es-

442 5421 564 5470 sent
591 5412 772 5468 omnia
803 5418 1030 5482 pr0pter
1057 5409 1332 5464 hominem
1365 5418 1567 5466 creata.
1599 5411 1667 5465 Et
1697 5411 1824 5482 quia
1852 5427 1884 5465 a
1916 5412 2032 5466 Deo

441 5501 630 5575 perﬁci
685 5509 738 5556 et
784 5499 1155 5555 consummari
1185 5499 1485 5556 secundum
1526 5499 1838 5570 opinionem
1889 5517 2030 5572 quo-

444 5591 692 5647 rumdam
723 5597 967 5660 possent,
1009 5597 1060 5644 et
1107 5605 1218 5645 non
1246 5589 1573 5661 principium
1603 5589 1804 5645 habere
1835 5605 1868 5645 a
1891 5591 2030 5660 Deo,

441 5680 566 5739 ideo
594 5680 668 5738 ait
697 5678 1008 5756 incipiendo
1039 5680 1108 5737 ab
1138 5679 1473 5740 institutione
1502 5679 1708 5738 mundi.
1743 5681 1880 5737 Vere
1908 5695 2034 5754 per-

2132 4697 2292 4752 hodie
2324 4697 2378 4752 in
2432 4697 2627 4752 David.
2679 4699 2836 4754 Diem
2869 4699 3011 4754 hunc
3041 4698 3171 4755 dicit
3199 4699 3513 4772 quemdam,
3545 4700 3598 4756 id
3645 4712 3735 4758 est
3825 4695 3832 4703 ’

2131 4786 2425 4843 discretum
2455 4795 2508 4840 et
2546 4787 2799 4842 omnibus
2843 4786 2935 4859 qui
2975 4795 3100 4843 ante
3140 4788 3356 4844 fuerunt
3397 4790 3732 4861 praecellen-

2131 4883 2238 4930 tem
2273 4892 2285 4932 :
2317 4875 2443 4947 quia
2473 4875 2526 4930 in
2559 4877 2662 4932 hoc
2690 4877 2778 4931 die
2835 4876 3086 4948 impletur
3131 4876 3297 4944 salus,
3332 4895 3455 4950 quae
3483 4879 3538 4934 in
3567 4888 3734 4936 ante-

2131 4965 2266 5020 actis
2295 4965 2488 5020 diebus
2519 4965 2754 5021 nuntiari
2785 4973 2992 5021 tantum
3021 4967 3195 5037 potuit
3217 4983 3493 5040 nunquam
3523 4968 3730 5040 imple-

2132 5054 2196 5109 ri.
2229 5053 2472 5110 Dicendo
2521 5055 2684 5110 hodie
2722 5054 2778 5109 in
2820 5055 2992 5110 David
3037 5063 3161 5126 post
3191 5063 3397 5111 tantum
3428 5058 3723 5128 temporis.

2132 5144 2356 5199 Multum
2400 5143 2545 5198 enim
2587 5152 2800 5216 tempus
2837 5144 3172 5216 prteterierat
3209 5161 3240 5199 a
3268 5146 3434 5202 Josue
3481 5147 3573 5219 qui
3610 5155 3729 5203 ter-

2132 5250 2248 5288 ram
2288 5232 2668 5304 promissionis
2707 5233 2910 5289 Iudaeis
2950 5233 3250 5300 distribuit,
3282 5251 3457 5307 usque
3485 5236 3551 5290 ad
3583 5236 3735 5293 diem

2133 5322 2306 5378 David
2341 5338 2353 5377 :
2385 5322 2530 5377 unde
2563 5331 2785 5394 apparet
2826 5322 3001 5378 David
3037 5323 3201 5378 aliam
3230 5324 3477 5395 requiem
3508 5325 3733 5382 intelle-

2132 5413 2278 5468 xisse
2317 5412 2568 5479 futuram,
2613 5429 2774 5484 quam
2829 5412 2975 5466 illam
3013 5420 3215 5467 terram
3265 5429 3430 5484 quam
3471 5415 3586 5484 jam
3634 5417 3733 5473 diu

2133 5497 2512 5568 possederant.
2545 5496 2809 5562 Dicendo,
2843 5496 3080 5568 inquam,
3107 5497 3268 5552 hodie
3299 5498 3436 5553 sicut
3457 5515 3621 5570 supra
3640 5500 3735 5555 di-

2133 5593 2276 5641 ctum
2307 5593 2391 5641 est
2417 5585 2514 5640 ibi.
2555 5586 2727 5641 Hodie
2776 5585 2823 5640 si
2851 5601 3044 5643 vocem
3073 5587 3190 5656 ejus
3228 5587 3528 5655 audieritis,
3563 5589 3734 5646 nolite

2133 5673 2402 5736 obdurare
2443 5675 2609 5734 corda
2652 5683 2864 5742 vestra,
2921 5675 3046 5754 quia
3085 5675 3225 5732 sicut
3277 5675 3492 5753 priores
3543 5687 3734 5755 patres
