3928 6410
201 351 298 406 509

863 348 1246 408 EXPOSITIO
1284 350 1360 408 IN
1413 347 1798 408 EPISTOLAS
1849 346 2084 405 PAULI.
2120 378 2190 390 —
2219 348 2296 405 IN
2321 349 2544 407 EPIST.
2577 351 2673 407 AD
2702 350 2862 410 HEB.

3426 356 3530 409 510

207 484 431 549 propter
459 476 903 536 incredulitatem
935 478 1100 534 etiam
1130 477 1359 550 figuram
1399 477 1758 550 perdiderunt
1807 475 1897 534 :A
1927 481 1976 528 et
2000 489 2125 530 cum
2153 481 2356 530 tantam
2386 475 2589 532 habeat
2625 477 2946 548 potentiam,
2978 494 3089 534 non
3119 477 3392 536 minorem
3430 479 3533 534 ha-

212 565 289 622 sic
317 574 370 621 et
401 583 504 623 vos
531 568 603 637 (si
634 567 901 625 increduli
941 567 1172 638 fueritis)
1205 583 1393 623 veram
1441 566 1686 639 requiem
1715 581 1825 622 non

216 655 584 727 possidebitis.
612 658 743 713 Post
772 665 980 713 tantum
1037 657 1300 728 temporis
1344 656 1468 712 ideo
1517 655 1820 712 terminat:

221 747 488 818 quoniam
518 751 796 821 superest,
832 747 886 802 id
919 754 996 802 est
1023 754 1189 802 restat
1218 746 1393 803 adduc
1414 747 1679 820 quosdam
1727 747 1824 801 in-

219 835 389 892 troire
403 839 464 892 in
486 839 654 893 illam
666 839 935 912 requiem.
958 836 1087 892 Ideo
1104 837 1269 892 etiam
1289 836 1360 892 ait
1378 835 1543 892 nolite
1555 835 1824 891 obdurare

215 925 382 980 corda
415 941 427 980 :
455 926 579 998 quia
601 926 656 982 hi
686 925 882 1000 quibus
911 925 1190 998 prioribus
1234 925 1613 981 annuntiatum
1645 932 1725 980 est
1755 924 1824 979 de

213 1014 399 1086 requie
458 1024 686 1088 propter
756 1016 1189 1073 incredulitatem
1243 1031 1399 1071 suam
1431 1031 1571 1071 :nec
1631 1015 1824 1070 saltem

215 1103 536 1160 introierunt
566 1106 622 1160 in
650 1105 884 1180 ﬁguram
912 1151 925 1172 ,
958 1106 1159 1162 nedum
1198 1105 1252 1160 in
1285 1105 1461 1177 ipsam
1519 1105 1819 1161 veritatem.

218 1192 316 1248 Vel
356 1193 428 1249 ita
463 1204 720 1252 manente
750 1196 944 1252 eadem
976 1195 1264 1251 sententia.
1319 1193 1460 1264 Quia
1517 1194 1596 1251 sic
1645 1202 1698 1250 et
1746 1194 1824 1250 sic

211 1282 455 1354 pollicita
486 1293 569 1341 est
608 1285 831 1358 requies
873 1284 967 1340 illa
1000 1302 1012 1341 :
1055 1301 1190 1357 ergo
1222 1292 1278 1339 ut
1306 1283 1632 1355 impleantur
1687 1299 1819 1355 pro-

210 1371 381 1427 missa
415 1383 702 1446 :superest
733 1375 999 1447 quosdam
1024 1374 1247 1430 introire
1277 1373 1330 1428 in
1354 1374 1502 1428 illam
1538 1373 1812 1446 requiem.

171 1517 181 1520 _
210 1461 274 1516 Et
302 1462 567 1534 quoniam
597 1473 850 1536 superest
877 1464 1148 1536 quosdam
1176 1463 1423 1530 introire,
1457 1463 1582 1518 ideo
1611 1464 1822 1519 iterum

214 1553 494 1608 terminat
512 1554 809 1626 quemdam
834 1554 1000 1618 diem,
1033 1560 1157 1624 post
1185 1560 1392 1608 tantum
1437 1552 1714 1624 temporis,
1747 1552 1825 1608 di-

211 1641 387 1696 cendo
410 1642 572 1698 hodie
601 1643 665 1698 in
710 1643 909 1698 David.
947 1643 1017 1697 Et
1064 1643 1317 1715 quoniam
1340 1641 1394 1697 hi
1426 1642 1624 1715 quibus
1665 1641 1821 1714 prio-

209 1730 358 1785 ribus
391 1731 776 1787 annuntiatum
807 1741 890 1788 est
922 1733 990 1788 de
1012 1733 1196 1806 requie
1226 1732 1339 1802 illa,
1379 1740 1607 1803 propter
1635 1731 1820 1787 incre-

1929 563 2019 618 bet
2048 563 2391 634 sapientiam.
2417 566 2516 620 Est
2543 566 2689 621 enim
2717 568 3130 640 penetrabilior
3149 571 3306 626 omni
3322 569 3531 642 gladio,

1929 652 1984 706 id
2020 660 2102 708 est
2123 654 2271 709 omni
2302 655 2537 710 humano
2567 654 2789 728 ingenio
2823 674 2836 712 :
2867 657 3012 729 quod
3034 658 3162 730 quia
3190 659 3404 715 occulta
3441 675 3538 730 pe-

1926 749 2125 807 netrat,
2177 743 2377 799 dicitur
2423 743 2642 815 gladius
2681 745 2968 817 perforans
2999 747 3278 804 interiora.
3337 747 3538 804 Gladio

1927 831 2069 896 dico,
2094 833 2377 906 ancipiti:
2409 833 2535 906 quia
2564 834 2703 891 sicut
2732 835 2948 908 gladius
2982 853 3185 908 anceps
3214 837 3306 910 qui
3337 837 3392 893 in
3422 853 3538 893 me-

1927 920 2018 976 dio
2047 928 2258 976 tenetur
2286 931 2412 978 ante
2442 931 2495 978 et
2527 932 2674 980 retro
2703 925 2938 996 percutit
2972 945 2986 993 ;
3018 927 3097 982 sic
3117 927 3414 982 humanum
3443 925 3534 981 in-

1922 1010 2141 1082 genium
2175 1029 2189 1065 :
2225 1019 2277 1066 et
2306 1012 2374 1067 de
2405 1012 2674 1084 sapientia
2702 1013 2952 1084 spiritali,
2986 1022 3040 1070 et
3068 1015 3137 1070 de
3167 1015 3392 1072 scientia
3424 1016 3531 1070 hu-

1926 1115 2090 1154 mana
2119 1099 2397 1174 intelligit.
2438 1101 2631 1158 Sermo
2662 1102 2822 1158 etiam
2850 1103 2949 1159 Dei
2979 1111 3064 1159 est
3081 1107 3412 1178 pertingens
3431 1121 3534 1162 us-

1925 1205 2029 1262 que
2059 1189 2132 1244 ad
2153 1189 2484 1247 divisionem
2505 1193 2715 1248 ani-ma:
2743 1209 2809 1249 ac
2836 1194 3096 1266 spiritus,
3117 1194 3244 1266 quia
3271 1194 3373 1250 scit
3393 1194 3534 1252 bene

1926 1277 2240 1335 discernere
2276 1296 2398 1351 quae
2429 1280 2536 1335 sint
2563 1281 2779 1348 anima),
2814 1281 2867 1336 id
2900 1291 2982 1337 est
3039 1283 3448 1339 sensualitatis:
3481 1291 3537 1340 et

1925 1383 2048 1438 quae
2095 1367 2202 1422 sint
2257 1368 2497 1440 spiritus,
2529 1369 2583 1424 id
2612 1378 2695 1426 est
2752 1371 2996 1428 rationis.
3041 1372 3316 1428 Discernit
3372 1373 3537 1429 etiam

1923 1456 2079 1527 ipsos
2121 1465 2276 1512 actus
2325 1458 2700 1515 sensualitatis
2743 1459 2887 1516 inter
2916 1477 2975 1516 se
3009 1470 3059 1517 et
3099 1461 3486 1533 dispositiones
3519 1481 3537 1518 :

1929 1545 2054 1617 quia
2089 1546 2385 1618 aliquando
2419 1549 2750 1604 sensualitas
2781 1550 3045 1606 rationem
3077 1567 3260 1607 secum
3291 1551 3453 1606 trahit
3482 1552 3539 1606 in

1924 1643 2232 1706 peccatum,
2264 1637 2428 1692 modo
2459 1637 2599 1694 bene
2658 1640 2938 1710 operando
2984 1641 3255 1696 consentit
3302 1641 3534 1713 spiritui.

1927 1724 2040 1781 Scit
2069 1725 2232 1780 etiam
2262 1726 2582 1797 discernere
2605 1744 2667 1784 ea
2695 1746 2816 1801 qua;
2863 1738 2989 1784 sunt
3017 1729 3236 1802 spiritus
3283 1730 3422 1786 inter
3450 1748 3531 1800 se,

210 1819 491 1876 dulitatem
549 1838 658 1877 non
704 1821 1028 1878 introierunt
1074 1822 1127 1877 in
1178 1839 1300 1878 eam
1343 1821 1513 1877 :ideo
1567 1821 1730 1877 hodie
1776 1820 1894 1904 siB
1926 1815 2200 1904 quomodo
2259 1833 2402 1872 nunc
2451 1825 2724 1891 repugnet
2770 1817 3125 1886 sensualitali,
3203 1819 3534 1892 quandoque

208 1921 399 1961 vocem
425 1907 542 1976 ejus
563 1906 844 1963 audieritis
875 1908 1041 1964 nolite
1071 1907 1342 1964 obdurare
1373 1907 1538 1963 corda
1589 1914 1772 1962 vestra
1804 1923 1818 1960 :

208 1994 343 2051 sicut
375 2012 550 2066 supra
579 1996 783 2053 dictum
813 2005 895 2052 est
923 1997 1169 2069 patribus
1203 1997 1414 2053 vestris.
1449 1997 1591 2052 Vere
1622 2012 1819 2068 super-

207 2091 287 2139 est
313 2085 588 2156 quosdam
631 2085 838 2142 intrare
891 2086 945 2140 in
1004 2086 1154 2142 illam
1211 2094 1602 2142 terramznam
1658 2085 1822 2156 (sicut

206 2172 340 2229 falso
373 2181 601 2245 putatur
648 2191 681 2231 a
711 2175 1056 2248 quibusdam)
1097 2177 1277 2242 Jesus,
1310 2176 1364 2231 id
1399 2183 1482 2232 est
1514 2177 1679 2231 Josue
1709 2191 1820 2232 non

204 2263 458 2334 praestitit
491 2264 570 2319 eis
602 2265 751 2320 illam
781 2266 1048 2339 requiem.
1077 2268 1136 2323 Si
1156 2268 1311 2322 enim
1329 2265 1417 2322 hic
1440 2268 1616 2335 Iesus,
1651 2265 1707 2321 id
1737 2272 1819 2321 est

202 2353 363 2410 Josue
381 2356 756 2427 prastitisset
778 2357 859 2412 eis
875 2357 1015 2412 hanc
1031 2357 1302 2429 requiem,
1325 2374 1622 2430 nunquam
1642 2356 1818 2411 David

207 2444 536 2516 loqueretur
563 2444 632 2501 de
649 2447 768 2502 alia
793 2446 978 2518 requie
1007 2445 1170 2520 longe
1191 2450 1318 2518 post
1336 2448 1503 2502 Josue
1536 2463 1550 2502 :
1583 2445 1817 2502 dicendo

209 2533 308 2588 hac
337 2534 448 2601 die,
480 2533 537 2588 id
565 2541 648 2588 est
678 2542 761 2590 est
801 2535 989 2591 hodie.
1033 2535 1131 2592 Vel
1177 2535 1248 2590 ita
1274 2553 1287 2590 :
1320 2537 1613 2608 Nunquam
1642 2535 1816 2592 David

207 2622 524 2695 loqueretur
544 2623 613 2678 de
625 2623 728 2678 alia
757 2623 846 2681 die
875 2633 999 2696 post
1027 2625 1151 2691 hac,
1190 2625 1243 2680 id
1265 2633 1349 2681 est
1383 2625 1429 2681 si
1459 2625 1814 2682 intellexisset

206 2712 417 2768 aJosue
445 2729 638 2768 veram
669 2713 912 2786 requiem
950 2714 1296 2770 distributam
1321 2731 1464 2771 esse.
1490 2718 1816 2772 Assumatur

206 2800 317 2856 ita:
359 2802 473 2858 Sed
496 2805 659 2858 Jesus
689 2804 851 2859 Josue
889 2821 998 2860 non
1037 2805 1285 2877 praestitit
1339 2805 1446 2861 illis
1475 2822 1659 2861 veram
1721 2823 1814 2863 re-

207 2891 404 2962 quiem.
456 2893 529 2947 Et
577 2892 701 2964 quia
744 2893 1016 2964 promissa
1043 2902 1143 2961 est,
1177 2903 1229 2950 et
1265 2895 1508 2951 nondum
1547 2895 1810 2968 praestita,

210 2979 384 3053 itaque
415 2981 527 3038 hoc
556 2981 732 3037 solum
762 2998 827 3038 ex
854 2983 1151 3054 praemissis
1186 2987 1557 3059 relinquitur,
1591 2987 1813 3043 scilicet

208 3070 591 3126 Sabbatismus
610 3073 818 3146 papqu
838 3074 958 3128 Dei.
993 3073 1370 3129 Sabbatismus
1402 3073 1601 3130 dicitur
1618 3076 1813 3146 jucun-

206 3157 378 3214 ditatis
412 3179 425 3215 :
463 3169 518 3216 et
547 3159 640 3216 illa
689 3161 976 3219 delectatio
1007 3181 1126 3235 qua:
1157 3163 1214 3218 fit
1243 3164 1299 3219 in
1327 3163 1563 3220 Sabbato
1603 3163 1813 3236 signiﬁ-

208 3263 334 3304 cans
357 3251 762 3320 jucunditatem
792 3253 910 3309 veri
947 3253 1188 3310 Sabbati.
1229 3253 1300 3308 Et
1327 3254 1468 3310 bene
1499 3255 1622 3311 dico
1669 3256 1810 3310 Sab-

209 3337 484 3395 batismus.
518 3341 663 3398 Nam
691 3343 1010 3417 quicunque
1040 3345 1327 3416 ingressus
1347 3349 1431 3400 est
1461 3345 1522 3400 in
1559 3347 1809 3419 requiem

211 3430 348 3498 ejus,
381 3431 499 3486 sive
542 3430 841 3500 Abraham,
885 3433 1000 3490 sive
1046 3433 1272 3506 quilibet
1312 3443 1552 3504 sanctus,
1603 3435 1811 3492 invenit

206 3517 341 3575 hunc
371 3519 800 3578 Sabbatismum.
835 3521 993 3592 Quod
1023 3523 1093 3578 ita
1114 3524 1225 3579 ait:
1258 3523 1379 3580 Non
1413 3524 1589 3580 solum
1649 3525 1810 3581 Chri-

208 3614 314 3662 stus
344 3609 441 3664 sed
473 3611 654 3666 etiam
684 3612 802 3683 ipse
841 3612 931 3685 qui
975 3613 1262 3686 ingressus
1305 3621 1388 3669 est
1434 3616 1710 3688 requievit
1740 3615 1809 3672 ab

205 3698 458 3770 operibus
499 3700 640 3766 suis,
670 3699 723 3754 id
752 3709 834 3756 est
868 3701 938 3758 ab
957 3703 1105 3758 omni
1136 3702 1358 3760 labore:
1389 3705 1542 3760 sicut
1572 3712 1625 3760 et
1662 3706 1808 3762 Deus

209 3787 404 3857 quievit
435 3805 470 3844 a
502 3789 624 3845 suis
655 3790 934 3861 operibus.
967 3791 1136 3862 Quies
1156 3793 1300 3848 enim
1325 3793 1565 3861 Domini,
1590 3794 1809 3869 signum

207 3883 255 3930 et
277 3892 437 3933 causa
469 3877 572 3933 fuit
599 3888 804 3936 nostra;
847 3881 1061 3955 quietis.
1122 3884 1270 3938 Deus
1319 3883 1465 3938 enim
1518 3892 1672 3940 sexta
1720 3885 1809 3941 die

206 3964 473 4022 hominem
505 3967 657 4035 fecit,
704 3978 856 4026 sexta
908 3979 1066 4028 aetate
1114 3972 1385 4029 redimere
1424 3973 1592 4042 venit,
1653 3981 1808 4030 sexta

204 4052 302 4121 die,
326 4064 377 4112 et
409 4057 658 4126 ejusdem
689 4058 795 4114 diei
841 4068 994 4117 sexta
1037 4062 1169 4118 hora
1199 4079 1320 4118 eum
1354 4063 1603 4132 redemit,
1655 4063 1809 4137 quie-

206 4160 356 4200 scens
382 4147 630 4203 Sabbato
659 4148 713 4203 in
747 4150 1001 4221 sepulcro
1024 4195 1036 4217 ,
1073 4151 1390 4224 significans
1422 4169 1609 4210 secum
1641 4153 1694 4208 in
1725 4169 1805 4208 a3-

205 4241 351 4290 terno
381 4235 620 4292 Sabbato
652 4237 946 4310 quieturos.
978 4241 1047 4297 Et
1077 4241 1201 4314 quia
1231 4242 1448 4315 requies
1477 4243 1807 4316 relinquitur

207 4325 397 4395 populo
428 4327 551 4394 Dei,
585 4335 639 4383 et
669 4328 984 4403 quicunque
1016 4331 1335 4402 ingrediens
1373 4331 1429 4388 in
1461 4332 1626 4400 illam,
1667 4333 1807 4390 sicut

206 4412 342 4468 Deus
389 4416 460 4470 ita
521 4416 856 4489 requiescit:
890 4437 1018 4492 ergo
1066 4421 1208 4477 bene
1255 4423 1555 4494 operando,
1590 4430 1643 4478 et
1672 4439 1804 4478 sane

207 4503 492 4572 credendo,
516 4507 860 4578 festinemus
880 4509 1103 4580 ingredi
1123 4512 1184 4566 in
1215 4512 1380 4567 illam
1409 4513 1660 4585 requiem
1689 4527 1702 4567 :
1727 4511 1803 4567 ita

1923 1903 2227 1959 consentiat
2259 1922 2272 1959 :
2305 1905 2636 1979 quandoque
2677 1907 2816 1962 bene
2866 1907 3085 1978 Operari
3125 1924 3312 1964 secum
3347 1917 3528 1982 cogat,

1921 1992 2243 2066 pertingens
2291 2010 2465 2067 usque
2512 1995 2580 2050 ad
2629 1995 2964 2053 divisionem
3033 2014 3386 2071 compagum.
3435 1999 3535 2055 Vel

1921 2083 2089 2154 (quod
2112 2082 2256 2138 idem
2287 2083 2452 2155 valet)
2479 2100 2492 2140 :
2527 2083 2809 2140 Discretor
2841 2085 2999 2141 etiam
3031 2103 3359 2162 compagem
3407 2088 3533 2144 ani-

1921 2185 2024 2227 mae
2043 2179 2097 2227 et
2127 2171 2347 2244 Spiritus
2379 2193 2397 2229 :
2427 2173 2555 2246 quia
2586 2174 2683 2230 scit
2716 2174 2918 2231 seriem
2965 2175 3115 2231 illam
3165 2177 3404 2250 quodam
3433 2193 3534 2232 or-

1920 2261 2048 2317 dine
2078 2269 2420 2333 compactam
2455 2279 2636 2320 :nunc
2658 2264 2712 2319 in
2743 2264 3114 2332 sensualitate,
3157 2283 3301 2323 nunc
3320 2268 3373 2323 in
3401 2269 3521 2341 spi-

1919 2351 2068 2406 ritu:
2103 2350 2246 2407 sicut
2276 2353 2495 2424 quando
2527 2353 2852 2409 sensualitas
2891 2355 3090 2410 desinit
3137 2356 3281 2412 male
3336 2374 3524 2430 agere,

1920 2448 1974 2496 et
2003 2439 2204 2496 dehinc
2241 2441 2380 2496 bene
2427 2443 2708 2514 operando
2745 2445 3053 2501 consentire
3102 2445 3333 2517 spiritui,
3366 2455 3418 2502 et
3448 2447 3531 2504 sic

1918 2529 2187 2603 gradatim
2241 2531 2490 2587 ascendit
2547 2533 2710 2587 etiam
2765 2533 3006 2605 spiritus,
3065 2535 3301 2606 primum
3386 2535 3529 2594 bene

1917 2620 2134 2692 operari
2164 2620 2352 2693 incipit
2386 2637 2398 2675 :
2439 2621 2638 2678 dehinc
2688 2623 3047 2695 contemplari
3077 2624 3166 2679 illa
3195 2625 3458 2695 coelestia,
3492 2642 3528 2683 a

1917 2709 2233 2765 caelestibus
2267 2709 2556 2776 transiens,
2621 2709 2736 2784 figit
2772 2713 2990 2769 oculum
3020 2713 3076 2768 in
3106 2713 3286 2786 ipsum
3324 2717 3519 2772 Deum.

1915 2799 2203 2855 Discretor
2230 2801 2406 2856 etiam
2435 2801 2840 2869 medullarum,
2866 2803 2918 2857 id
2950 2810 3031 2858 est
3049 2803 3226 2859 omnis
3255 2805 3526 2862 subtilita-

1916 2889 1984 2943 tis
2015 2889 2208 2944 animze
2241 2897 2295 2945 et
2316 2889 2539 2961 spiritus
2571 2907 2586 2945 :
2618 2891 2747 2964 quia
2784 2891 2930 2948 nulla
2969 2893 3238 2949 subtilitas
3279 2911 3405 2951 eum
3435 2895 3522 2953 la-

1915 2987 2027 3034 tere
2057 2987 2258 3050 potest.
2294 2980 2571 3036 Discretor
2598 2981 2759 3036 etiam
2788 2982 3028 3037 omnium
3059 2986 3472 3056 cogitationum
3503 3006 3523 3043 :

1914 3068 2038 3141 quia
2066 3069 2217 3124 novit
2247 3069 2512 3142 quidquid
2541 3071 2706 3127 homo
2737 3071 2961 3144 cogitat,
3008 3089 3111 3129 nec
3141 3073 3316 3129 solum
3365 3075 3526 3149 cogi-

1915 3158 2202 3224 tationum,
2237 3159 2333 3214 sed
2364 3159 2527 3214 etiam
2572 3159 2840 3216 discretor
2877 3162 3270 3218 intentionum
3314 3166 3518 3233 cordis,

1911 3247 2037 3320 quia
2065 3248 2212 3303 novit
2242 3248 2507 3322 quidquid
2538 3266 2639 3322 per
2666 3250 3032 3324 cogitationes
3060 3251 3321 3308 intendat.
3353 3255 3422 3309 Et
3443 3256 3524 3325 (ut

1910 3337 2236 3408 sapientiam
2272 3339 2388 3408 ejus
2439 3338 2679 3396 breviter
2738 3341 3224 3413 comprehendam)
3273 3360 3390 3399 non
3436 3348 3522 3401 est

1910 3429 2034 3483 ulla
2065 3432 2335 3484 creatura
2365 3429 2692 3495 invisibilis,
2733 3429 2789 3484 id
2818 3438 2900 3485 est
2931 3446 3053 3502 quae
3107 3448 3217 3487 non
3259 3441 3522 3505 appareat

1911 3519 1973 3572 in
1991 3522 2300 3590 conspectu
2332 3519 2472 3590 ejus,
2522 3518 2614 3592 qui
2643 3526 2827 3574 tantus
2876 3527 2961 3575 est
3005 3528 3063 3575 ut
3119 3521 3279 3576 simul
3338 3523 3521 3579 omnia

1911 3607 2362 3678 comprehendat.
2429 3607 2497 3662 Et
2541 3623 2664 3664 cum
2695 3624 2878 3664 sermo
2909 3609 3010 3665 Dei
3039 3609 3112 3666 ita
3141 3610 3210 3666 sit
3238 3610 3431 3668 efficax
3461 3621 3522 3669 ut

1909 3696 2206 3768 potentiam
2237 3694 2510 3753 efficiendi
2567 3697 2831 3770 quidquid
2873 3698 3004 3754 velit
3041 3699 3260 3768 habeat,
3293 3709 3347 3756 et
3392 3718 3519 3758 cum

1906 3785 2045 3841 adeo
2078 3785 2147 3840 sit
2177 3786 2418 3857 sapiens,
2454 3787 2592 3844 bene
2622 3795 2676 3843 et
2704 3788 2935 3859 poterit,
2971 3797 3023 3844 et
3066 3789 3202 3846 sciet
3231 3790 3359 3863 quid
3389 3791 3519 3848 uni-

1908 3874 2104 3946 cuique
2155 3875 2352 3932 debeat
2411 3876 2737 3933 retribuere.
2772 3879 2833 3932 In
2857 3886 3156 3951 conspectu
3210 3880 3328 3950 ejus
3366 3880 3519 3938 nulla

1907 3972 2158 4020 creatura
2209 3965 2498 4021 invisibilis
2531 3984 2545 4021 :
2576 3968 2671 4023 sed
2716 3969 2910 4024 omnia
2963 3976 3088 4023 sunt
3138 3970 3310 4038 nuda,
3347 3970 3402 4025 id
3432 3979 3518 4028 est

1909 4053 2150 4109 revelata
2181 4061 2234 4110 et
2264 4055 2434 4128 (quod
2457 4056 2630 4126 majus
2669 4056 2775 4128 est)
2833 4057 2993 4113 etiam
3040 4058 3268 4115 interius
3316 4065 3518 4133 aperta

1907 4145 2106 4212 oculis,
2135 4143 2188 4198 id
2220 4152 2301 4200 est
2341 4145 2743 4216 perspicacitati
2772 4149 2914 4220 ejus,
2950 4148 3024 4203 ad
3058 4165 3224 4222 quem
3253 4157 3361 4205 tam
3419 4166 3520 4222 po-

1907 4241 2129 4300 tentem,
2156 4242 2266 4289 tam
2289 4234 2562 4290 subtiliter
2581 4236 2763 4290 omnia
2784 4236 3229 4308 prospicientem,
3253 4241 3412 4296 nobis
3432 4249 3526 4298 est

1906 4339 2088 4379 sermo
2123 4338 2135 4376 :
2169 4323 2294 4379 huic
2323 4323 2468 4379 enim
2497 4323 2758 4380 reddituri
2789 4342 2978 4381 sumus
3009 4327 3270 4384 rationem
3304 4329 3373 4386 de
3405 4329 3520 4386 sin-

1907 4412 2071 4483 gulis.
2105 4411 2377 4468 Festinate
2408 4429 2544 4484 ergo
2573 4413 2643 4469 ad
2672 4430 2798 4469 eum
2831 4415 3026 4472 relicto
3081 4417 3224 4472 malo
3254 4417 3517 4476 incredu-

1905 4501 2096 4558 litatis.
2137 4502 2480 4574 Comparavit
2511 4503 2733 4576 quidem
2758 4505 2966 4572 Jesum,
3009 4514 3064 4562 et
3120 4507 3386 4576 majorem
3416 4525 3517 4565 os-

208 4591 516 4650 festinemus
536 4600 601 4651 ut
617 4613 689 4652 ne
711 4599 834 4670 quis
856 4607 1104 4654 nostrum
1125 4600 1344 4657 incidat
1359 4603 1419 4657 in
1438 4602 1683 4674 idipsum
1707 4619 1801 4658 ea:-

1914 4592 2074 4647 tendit
2095 4592 2397 4664 prophetis,
2433 4602 2485 4648 et
2508 4594 2744 4667 angelis,
2789 4594 2981 4651 dicens
3009 4612 3134 4651 eum
3165 4596 3356 4653 Filium
3388 4599 3512 4668 Dei,

208 4685 446 4755 emplum
471 4685 925 4754 incredulitatis,
979 4687 1032 4744 id
1063 4697 1144 4745 est
1173 4690 1227 4745 in
1277 4691 1469 4746 eadem
1504 4691 1804 4747 increduli-

208 4778 380 4839 tatem,
413 4774 466 4828 in
513 4791 678 4847 quam
719 4785 899 4846 patres
939 4778 1112 4834 nostri
1159 4779 1486 4836 inciderunt.
1542 4782 1660 4837 Nos
1715 4781 1804 4836 di-

207 4875 285 4926 co,
342 4864 564 4936 gravius
627 4882 771 4922 nunc
826 4866 1185 4935 offendentes,
1237 4869 1363 4942 quia
1403 4885 1504 4926 nos
1535 4870 1803 4926 habemus

209 4949 320 5006 illos
348 4953 400 5007 in
431 4955 744 5026 exemplum
793 4958 1024 5014 cavendi
1062 4959 1244 5025 nobis,
1289 4958 1367 5014 illi
1415 4959 1532 5015 sine
1588 4977 1801 5032 praece-

211 5037 344 5096 denti
381 5043 636 5116 exemplo
671 5045 1003 5103 ceciderunt.
1030 5048 1312 5104 Festinare
1352 5065 1454 5104 nos
1485 5057 1701 5120 oportet
1747 5049 1804 5105 in

211 5131 461 5202 requiem,
496 5141 551 5190 et
601 5150 712 5189 non
764 5135 1006 5192 incidere
1054 5137 1107 5192 in
1153 5137 1590 5195 incredulitatem
1624 5155 1638 5194 :
1669 5141 1803 5212 quia

211 5234 376 5278 sermo
404 5225 521 5286 Dei,
557 5223 615 5279 id
647 5232 728 5280 est
751 5225 978 5281 verbum
999 5227 1168 5300 patris
1175 5228 1330 5298 juxta
1360 5227 1492 5283 illud
1518 5245 1530 5284 ε
1570 5254 1590 5275 σο
1619 5228 1802 5284 Omni-

214 5316 389 5376 potens
417 5319 757 5380 sermotuus,
780 5315 1028 5382 Domine,
1062 5333 1094 5371 a
1125 5316 1404 5389 regalibus
1418 5317 1641 5373 sedibus
1653 5319 1802 5374 venit

215 5394 500 5470 (Sap.xvn,
531 5405 645 5470 15).
677 5427 698 5450 η
731 5403 969 5461 3'72
993 5406 1112 5477 Hic,
1136 5406 1379 5479 inquam,
1405 5423 1585 5463 sermo
1602 5407 1700 5463 Dei
1717 5415 1800 5463 est

217 5485 371 5557 vivus,
403 5489 456 5545 id
475 5501 554 5547 est
578 5492 739 5547 vitam
773 5493 1000 5562 habens,
1035 5495 1432 5569 suisquevitam
1462 5497 1796 5554 ministrans.

216 5571 439 5650 Cumque
457 5580 524 5635 sit
543 5580 703 5637 vivus
722 5583 976 5640 estetiam
999 5587 1222 5658 e/ﬁcax,
1246 5586 1396 5642 idest
1414 5586 1619 5643 faciens
1635 5588 1802 5660 quod-

217 5676 414 5742 cunque
441 5670 575 5740 vult,
607 5675 1010 5732 remunerando
1039 5675 1180 5749 pios,
1214 5675 1530 5735 damnando
1559 5676 1757 5751 impios
1783 5693 1796 5735 :

1907 4682 2002 4736 sed
2035 4682 2310 4754 quomodo
2340 4681 2395 4738 in
2439 4699 2507 4739 eo
2553 4685 2820 4756 penderet
2848 4692 2958 4740 tota
3000 4686 3152 4742 salus
3207 4687 3513 4758 hominum,

1903 4773 2136 4828 necdum
2185 4772 2393 4828 dixerat
2427 4791 2440 4828 :
2471 4774 2540 4828 ad
2589 4773 2734 4846 quod
2793 4783 3019 4848 possent
3069 4775 3148 4831 illi
3205 4777 3444 4848 objicere
3497 4797 3513 4836 :

1905 4861 2048 4932 Quid
2078 4863 2302 4934 prodest
2340 4863 2499 4919 nobis
2531 4863 2576 4919 si
2606 4864 2776 4934 major
2821 4865 3036 4937 angelis
3064 4865 3134 4922 sit
3164 4867 3330 4924 Filius
3389 4869 3513 4939 Dei,

1904 4967 2025 5008 cum
2049 4954 2196 5008 Deus
2217 4953 2271 5007 in
2301 4969 2367 5009 eo
2388 4970 2497 5009 non
2517 4954 2851 5026 disposuerit
2878 4972 2987 5011 non
3018 4957 3215 5014 salvari
3234 4957 3262 5012 7
3291 4958 3374 5014 Ad
3396 4959 3515 5016 haec

1903 5042 2198 5114 respondet
2229 5043 2429 5098 Paulus
2477 5044 2685 5112 dicens,
2729 5045 2872 5118 quod
2901 5045 2959 5101 in
2990 5063 3056 5103 eo
3091 5048 3240 5104 Deus
3294 5065 3512 5106 omnem

1903 5131 2133 5188 salutem
2164 5133 2449 5206 proposuit
2478 5151 2576 5206 per
2620 5135 2989 5192 sacerdotium
3023 5137 3250 5205 Christi,
3309 5139 3515 5196 Leviti-

1903 5237 2027 5278 cum
2067 5223 2356 5279 destruens
2391 5224 2778 5289 sacerdotium,
2805 5233 2858 5281 et
2887 5243 2988 5298 per
3031 5228 3262 5301 gratiam
3314 5229 3514 5286 Christi

1901 5311 2089 5369 inutile
2136 5313 2350 5384 pondus
2406 5315 2604 5370 veteris
2652 5314 2812 5388 legis.
2865 5315 3063 5372 Littera
3095 5317 3176 5375 sic
3215 5319 3510 5392 jungitur:

1901 5401 2042 5472 Quia
2071 5403 2141 5458 ad
2170 5403 2332 5458 istum
2365 5411 2473 5458 tam
2503 5412 2800 5476 potentem,
2847 5413 2955 5460 tam
3000 5407 3302 5479 sapientem
3348 5409 3511 5465 nobis

1901 5501 1983 5547 est
2004 5509 2186 5549 sermo
2221 5511 2234 5547 :
2259 5509 2386 5566 ergo
2405 5499 2701 5551 teneamus
2716 5497 3124 5568 confessionem
3148 5497 3265 5570 spei
3287 5507 3505 5565 nostrae,

1899 5581 1954 5636 id
1983 5589 2072 5638 est-
2095 5581 2260 5639 ﬁdem
2291 5601 2391 5656 per
2420 5601 2584 5657 quam
2613 5584 2769 5639 nobis
2821 5587 3139 5642 conceditur
3169 5604 3386 5658 sperare
3417 5589 3509 5643 fu-

1899 5679 2073 5728 turam
2105 5673 2358 5746 gloriam.
2381 5675 2706 5744 Teneamus,
2748 5674 2989 5749 inquam,
3030 5677 3296 5734 habentes
3326 5679 3516 5749 ponti-
