3928 6408
152 339 249 392 513

821 328 1201 388 EXPOSITIO
1241 330 1314 386 IN
1350 329 1730 386 EPISTOLAS
1769 329 1994 386 PAULI.
2027 361 2096 372 —
2126 332 2198 387 IN
2238 333 2454 389 EPIST.
2496 333 2591 389 AD
2632 334 2788 389 HEB.

3367 337 3472 391 5M

160 460 343 516 cidunt
374 458 430 514 in
464 465 771 530 peccatum.
802 457 947 512 Talis
978 456 1122 512 enim
1153 456 1316 512 debet
1344 455 1487 528 elegi
1518 457 1607 528 qui
1641 472 1762 512 om-
1784 458 1838 517 Α
1869 473 1977 528 quo
2001 457 2132 512 mihi
2168 459 2308 514 bene
2337 458 2640 530 complacui
2680 461 2905 529 (Matth.
2946 475 3026 529 ιιι,
3063 461 3173 530 i7).
3214 481 3235 510 ι
3299 460 3358 514 ln
3388 461 3474 516 his

161 549 317 604 nibus
349 547 756 603 infirmitatibus
817 547 1039 602 fratrum
1082 547 1214 602 sciat
1245 547 1500 618 compati,
1538 562 1644 601 non
1675 545 1766 618 qui

165 638 518 710 impatienter
575 637 871 709 praecipitet
925 637 1250 692 sententiam
1308 636 1673 691 damnationis
1713 635 1767 689 in

168 728 435 783 subditos.
473 729 532 782 In
562 729 664 782 hoc
687 728 823 782 bene
849 726 1099 782 Christus
1157 726 1368 790 similis,
1403 726 1492 798 qui
1533 734 1768 780 tentatus

169 835 268 890 per
288 818 470 873 omnia
527 818 852 889 compatitur
907 814 1310 872 infirmitatibus
1367 816 1594 871 nostris.
1635 816 1769 871 Dico

169 908 341 979 possit
395 907 710 976 condolere,
762 915 814 962 et
870 907 1056 978 utique
1085 905 1266 970 debet,
1326 905 1584 977 quoniam
1633 905 1770 960 sicut

172 996 393 1062 subditi,
428 997 503 1051 ita
525 997 685 1052 etiam
718 996 836 1068 ipse
893 996 1255 1052 circumdatus
1305 1003 1384 1050 est
1438 993 1768 1059 infirmitate,

174 1086 226 1142 id
254 1094 338 1142 est
367 1095 416 1142 et
441 1085 741 1159 fragilitate
796 1086 1006 1152 carnis,
1039 1093 1092 1140 et
1138 1085 1338 1156 smpius
1381 1093 1503 1140 actu
1535 1084 1769 1156 peccati.

173 1177 228 1230 ln
260 1177 367 1232 hoc
396 1184 576 1231 autem
605 1175 853 1231 Christus
897 1175 1066 1243 major
1109 1175 1232 1246 quia
1263 1183 1469 1245 absque
1525 1183 1770 1245 peccato.

171 1265 238 1320 Et
260 1265 391 1339 quia
418 1265 536 1337 ipse
567 1265 926 1321 circumdatus
957 1273 1039 1319 est
1085 1262 1396 1318 infirmitate
1431 1280 1444 1318 :
1475 1267 1775 1336 propterea

172 1355 646 1428 quemadmodum
675 1353 832 1410 offert
860 1370 962 1427 pro
979 1355 1183 1426 popqu
1214 1351 1550 1408 absolvendo
1581 1368 1611 1406 a
1643 1368 1775 1422 pec-

175 1445 331 1510 catis,
387 1453 439 1499 et
467 1444 842 1500 conservando
892 1443 960 1498 de
1015 1442 1211 1508 futuro,
1263 1443 1347 1497 ita
1375 1443 1550 1497 etiam
1582 1442 1776 1496 eodem

174 1534 343 1590 modo
391 1533 550 1589 debet
582 1533 658 1603 (et
697 1549 926 1588 necesse
957 1532 1062 1603 est)
1092 1533 1293 1603 o/Ierre
1323 1549 1424 1605 pro
1455 1532 1775 1603 semetipso,

175 1623 231 1678 in
259 1639 372 1696 quo
414 1631 496 1678 est
527 1623 809 1678 infirmitas
839 1621 1216 1678 conservando
1245 1622 1313 1676 de
1346 1620 1543 1687 futuro,
1579 1629 1630 1675 et
1677 1637 1780 1693 pro

174 1714 431 1786 peccatis
453 1712 748 1784 praeteritis
779 1711 1046 1766 delendis.
1081 1711 1139 1764 ln
1168 1711 1273 1766 hoc
1310 1710 1500 1766 iterum
1534 1709 1782 1764 Christus

1869 547 2049 602 verbis
2081 548 2273 602 Filium
2316 548 2654 605 clarificavit.
2708 549 3024 622 Adjungens
3055 557 3233 604 autem
3267 568 3280 605 :
3320 574 3340 598 «
3377 551 3472 621 Ip-

1869 653 1990 692 sum
2021 638 2204 693 audite
2261 639 2443 709 (ibid).
2485 661 2505 688 ι
2560 638 2611 693 in
2642 639 2747 695 hoc
2796 640 2962 694 verbo
3006 637 3316 710 pontificem
3340 656 3471 696 con-

1870 728 2120 783 secravit.
2155 729 2220 784 Ut
2242 729 2400 784 Pater
2431 729 2744 784 ostenderet
2773 729 3093 802 dignitatem
3123 729 3242 784 Filii
3276 748 3290 784 :
3323 737 3381 785 tu
3412 747 3472 786 es

1872 817 2036 872 Filius
2054 834 2226 872 meus.
2251 818 2325 872 Ita
2337 819 2406 873 de
2425 818 2640 873 Christo
2669 819 2760 881 ait,
2778 820 3234 890 quemadmodum
3247 820 3316 876 de
3342 837 3472 892 pon-

1871 907 2072 962 tificatu
2093 908 2338 976 ejusdem
2363 908 2527 964 etiam
2559 909 2613 963 in
2632 909 2735 964 alio
2751 908 2873 965 loco
2908 910 3153 979 ejusdem
3175 910 3473 982 Scripturae

1873 997 1974 1050 ait:
1999 999 2075 1052 Tu
2093 1013 2149 1052 es
2167 997 2442 1065 sacerdos,
2459 998 2756 1053 duraturus
2773 1001 2836 1054 in
2856 1004 3135 1054 aeternum
3159 1000 3473 1056 secundum

1874 1087 2152 1151 ordinem,
2182 1087 2234 1140 id
2255 1096 2337 1142 est
2359 1087 2658 1142 secundum
2683 1087 2997 1159 dignitatem
3017 1088 3222 1144 ordinis
3240 1089 3473 1146 Melchi-

1873 1175 2090 1232 sedech.
2145 1176 2522 1232 Sacerdotium
2551 1185 2732 1231 autem
2765 1176 3062 1233 Leviticum
3094 1194 3202 1233 non
3237 1178 3296 1233 in
3326 1187 3476 1235 aeter-

1876 1281 2025 1329 num,
2061 1265 2157 1321 sed
2186 1265 2239 1320 in
2286 1273 2528 1336 tempore
2577 1266 2911 1322 duraturum.
2945 1267 3072 1324 Ideo
3111 1257 3474 1324 sacerdotium

1877 1355 2076 1409 Christi
2107 1371 2335 1410 necesse
2366 1363 2447 1410 est
2477 1364 2532 1410 ut
2567 1365 2784 1411 maneat
2815 1357 2869 1410 in
2897 1365 3182 1424 mternum,
3217 1358 3339 1430 quia
3369 1358 3478 1415 sic-

1877 1452 1954 1508 ut,
1991 1444 2096 1498 nisi
2139 1461 2240 1516 per
2268 1461 2412 1511 eum,
2439 1445 2715 1501 beatitudo
2757 1462 2866 1501 non
2889 1454 3066 1516 potest
3112 1447 3320 1514 haberi,
3371 1448 3470 1514 sic,

1879 1533 1983 1589 nisi
2014 1551 2114 1605 per
2141 1551 2264 1590 eum
2301 1534 2500 1601 habita,
2541 1551 2648 1590 non
2679 1543 2857 1606 potest
2874 1537 3123 1592 retineri.
3156 1538 3214 1592 In
3236 1538 3339 1593 hoc
3370 1537 3477 1594 ite-

1879 1640 1996 1678 rum
2028 1623 2170 1695 quod
2194 1624 2248 1678 in
2279 1633 2538 1679 aeternum
2570 1624 2821 1695 praelatus
2859 1633 2939 1680 est
2967 1626 3277 1682 sacerdotio
3317 1627 3481 1683 Levi-

1881 1713 2007 1780 tico,
2053 1713 2206 1785 quia,
2242 1713 2373 1768 illud
2417 1713 2470 1768 in
2501 1721 2764 1784 tempore.
2789 1715 2856 1769 Et
2889 1714 2935 1770 si
2963 1715 3354 1772 destruendum
3385 1731 3481 1772 sa-

175 1803 346 1873 major
381 1803 506 1873 quia
532 1818 642 1857 non
671 1801 878 1874 indiget
908 1809 961 1855 ut
993 1799 1179 1855 offerat
1209 1816 1309 1870 pro
1331 1817 1409 1866 se,
1437 1799 1550 1853 nisi'
1577 1807 1779 1853 tantum
1811 1830 1862 1888 B
1885 1803 2187 1859 cerdotium
2237 1804 2500 1874 prodesse
2547 1804 2741 1875 potuit,
2799 1804 2968 1859 multo
3005 1805 3183 1878 magis
3212 1814 3483 1863 aeternum

176 1909 271 1964 pro
302 1891 532 1964 populo.
565 1890 850 1961 Quomodo
897 1890 987 1946 hic
1019 1888 1256 1960 pontifex
1299 1889 1662 1944 assumendus
1691 1889 1778 1952 sit,

178 1979 486 2054 subjungit,
523 1981 713 2036 dicens
745 1998 758 2034 :
793 1979 891 2036 Hic
915 1978 1155 2051 pontifex
1180 1978 1256 2033 sic
1279 1979 1442 2056 debet
1479 1978 1696 2044 offerre,
1731 1986 1784 2032 et

179 2074 478 2144 quisquam
512 2071 707 2126 horum
750 2069 1066 2142 pontificum
1097 2086 1212 2125 non
1241 2069 1444 2133 sumit,
1477 2067 1529 2122 id
1562 2075 1644 2122 est
1675 2084 1783 2122 non

182 2178 240 2216 se
297 2161 370 2216 ad
429 2161 754 2215 sumendum
809 2159 1075 2215 honorem
1133 2159 1352 2240 ingerit.
1432 2157 1605 2212 Sumit
1661 2157 1785 2212 dico

183 2252 305 2319 sibi,
338 2250 395 2305 id
430 2257 516 2304 est
550 2258 801 2321 respectu
832 2265 1018 2304 eorum
1051 2265 1170 2320 qum
1199 2263 1299 2302 sua
1345 2255 1488 2302 sunt.
1540 2248 1787 2301 Sumeret

183 2340 305 2409 sibi,
337 2340 385 2395 si
420 2356 523 2412 per
549 2338 860 2411 pecuniam,
897 2338 941 2392 si
959 2346 1182 2410 prepter
1207 2351 1522 2408 personam,
1555 2335 1599 2391 si
1623 2351 1787 2407 prop-

185 2438 265 2483 ter
294 2445 500 2502 genus,
523 2436 750 2500 propter
778 2427 1098 2483 saecularem
1136 2426 1433 2499 potentiam
1469 2425 1555 2482 vel
1596 2425 1787 2494 hujus-

185 2519 330 2573 modi
359 2519 649 2592 ingeratur
676 2516 730 2571 in
760 2517 1044 2572 honorem.

258 2609 387 2664 Hec
415 2607 566 2662 enim
599 2605 780 2662 omnia
809 2623 878 2661 ex
905 2623 972 2661 eo
1003 2614 1148 2672 sunt,
1184 2605 1281 2661 sed
1313 2605 1406 2678 qui
1435 2612 1658 2676 propter
1686 2603 1791 2660 vir-

191 2706 349 2764 tutes,
381 2697 728 2770 patientiam,
768 2695 1124 2752 humilitatem
1156 2704 1208 2751 et
1248 2695 1576 2764 hujusmodi,
1611 2709 1790 2748 sume-

194 2797 338 2844 retur
365 2788 433 2842 ad
470 2787 756 2854 honorem,
792 2786 879 2843 hic
907 2801 1016 2841 non
1063 2787 1186 2851 sibi,
1220 2786 1274 2840 id
1307 2794 1388 2840 est
1419 2801 1484 2840 ex
1533 2799 1600 2840 eo
1646 2783 1791 2855 quod

194 2895 345 2934 suum
375 2886 486 2947 est,
522 2878 620 2934 sed
651 2893 716 2931 ex
763 2876 1053 2932 virtutibus
1084 2892 1206 2948 quae
1226 2875 1327 2930 Dei
1381 2883 1522 2940 sunt,
1556 2881 1796 2928 sumeret

195 2969 487 3024 honorem.
518 2967 694 3022 Nemo
725 2965 890 3021 sumit
912 2966 1014 3020 sibi
1034 2967 1318 3035 honorem,
1342 2965 1437 3022 sed
1465 2963 1556 3019 ille
1578 2966 1672 3037 qui
1704 2979 1794 3018 vo-

199 3063 360 3114 catur
387 3076 424 3114 a
454 3060 588 3122 Deo,
631 3056 685 3110 id
735 3064 818 3110 est
877 3055 969 3128 qui
1010 3055 1195 3110 divina
1244 3055 1524 3110 vocatione
1555 3053 1792 3124 eligitur.

200 3149 313 3202 Non
334 3147 560 3212 dicitur,
593 3153 816 3201 vocatur
836 3161 870 3200 a
901 3146 1036 3211 Deo,
1069 3145 1215 3217 quod
1245 3160 1349 3200 vox
1370 3144 1555 3199 divina
1584 3142 1659 3197 ibi
1707 3158 1797 3198 au-

202 3238 389 3304 diatur,
417 3236 549 3306 sed,
586 3235 632 3290 si
671 3242 896 3307 propter
935 3234 1162 3290 viitutes
1193 3233 1290 3289 Dei
1321 3233 1391 3288 ab
1424 3233 1509 3288 his
1561 3231 1652 3304 qui
1682 3232 1798 3286 sani

201 3335 316 3382 sunt
334 3327 580 3400 eligitur,
595 3324 741 3380 idem
762 3325 899 3380 valet
919 3339 984 3380 ac
1005 3324 1052 3378 si
1078 3324 1224 3380 Deus
1246 3323 1452 3379 diceret
1475 3340 1490 3379 :
1518 3322 1651 3377 Veni
1674 3321 1800 3394 quia

199 3415 394 3490 dignus
423 3432 485 3471 es
517 3415 773 3486 accipere
811 3413 1205 3486 pontificatum.
1237 3413 1475 3469 Vocatur
1500 3427 1533 3467 a
1563 3413 1679 3466 Deo
1712 3427 1801 3467 ve-

207 3506 286 3561 lut
316 3507 508 3562 Aaron
539 3520 576 3560 a
605 3504 720 3560 Deo
749 3512 974 3560 vocatus
996 3511 1098 3559 est.
1120 3506 1302 3558 Aaron
1324 3511 1504 3558 tamen
1522 3517 1629 3557 non
1650 3516 1800 3556 com-

205 3596 346 3650 muni
374 3595 650 3652 electione
679 3594 886 3650 electus
924 3601 1026 3660 est,
1069 3592 1194 3665 quia
1252 3591 1369 3647 Filii
1407 3592 1547 3647 Core
1596 3599 1805 3646 contra-

207 3685 475 3740 dixerunt.
533 3683 719 3752 Quare
758 3683 906 3739 illato
935 3682 1062 3754 igne
1111 3681 1311 3749 alieno,
1344 3680 1714 3737 thurificantes
1733 3679 1801 3734 ab

206 3773 326 3847 igne
347 3772 662 3845 consumpti
692 3781 836 3841 sunt,
871 3780 925 3828 et
972 3772 1186 3827 Dathan
1217 3779 1271 3827 et
1328 3771 1534 3827 Abiron
1578 3786 1680 3842 pro
1710 3786 1804 3825 eo-

209 3864 324 3918 dczn
349 3871 783 3933 murmurantes,
806 3879 836 3916 a
864 3871 1012 3918 terra
1032 3861 1275 3933 absorpti
1313 3869 1437 3916 sunt
1465 3862 1656 3931 (Nam.
1681 3875 1800 3926 xvr,

209 3955 312 4024 3t).
345 3955 453 4011 Sed
475 3955 700 4025 Moyses
729 3968 796 4008 ex
824 3946 1099 4024 praecepto
1121 3951 1238 4018 Dei,
1273 3959 1323 4006 et
1352 3966 1451 4022 per
1479 3949 1804 4007 miraculum

212 4043 500 4116 assumpsit
528 4047 717 4099 Aaron
761 4041 815 4097 in
853 4041 1240 4098 sacerdotium.
1276 4040 1542 4112 Praecepit
1571 4040 1718 4097 enim
1747 4046 1806 4094 ut

213 4131 276 4189 de
304 4149 377 4190 xu
425 4133 682 4188 tribubus
713 4146 795 4187 xu
837 4131 1078 4188 virorum
1115 4146 1198 4186 xu
1229 4130 1400 4202 virga:
1446 4130 1503 4184 in
1548 4129 1806 4185 taberna-

214 4221 328 4278 culo
357 4229 716 4295 ponerentur,
749 4228 804 4276 ut
851 4221 1003 4291 cujus
1031 4220 1185 4294 virga
1238 4219 1534 4288 floruisset,
1565 4217 1808 4290 pontifex

216 4312 507 4388 secundum
529 4309 878 4368 manifestam
906 4310 1239 4366 voluntatem
1278 4309 1380 4366 Dei
1407 4307 1581 4364 fieret.
1616 4309 1675 4363 In
1699 4307 1810 4364 ele-

217 4401 384 4458 ctione
413 4411 594 4458 autem
628 4404 814 4457 Aaron
844 4400 1080 4456 ostendit
1101 4398 1347 4472 quod,.si
1377 4398 1537 4471 pauci
1581 4398 1686 4452 sint
1717 4397 1810 4470 qui

212 4489 343 4559 juste
371 4491 578 4565 eligant
607 4499 662 4547 et
692 4489 975 4546 multitudo
1003 4490 1355 4558 contradicat,
1388 4497 1572 4544 tamen
1601 4503 1810 4560 pauco-

1887 1893 2252 1948 sacerdotium
2297 1893 2492 1948 Christi
2522 1912 2536 1959 ;
2568 1893 2712 1965 quod
2756 1893 2917 1952 etiam
2941 1893 3165 1950 alterius
3187 1904 3269 1950 est
3299 1895 3486 1968 digni-

1885 1981 2031 2046 tatis,
2100 1982 2224 2054 quia
2261 1983 2563 2038 secundum
2623 1982 2870 2038 ordinem
2915 1983 3334 2042 Melchisedech.
3382 1987 3487 2055 Qui

1887 2072 2138 2126 Christus
2164 2080 2221 2126 ut
2253 2072 2383 2127 certi
2411 2072 2528 2127 sitis
2561 2088 2659 2128 vos
2702 2073 2756 2127 in
2794 2089 2860 2128 eo
2893 2082 3285 2130 consecuturos
3317 2075 3486 2131 mise-

1888 2161 2200 2227 ricordiam,
2235 2163 2293 2217 in
2324 2161 2516 2218 diebus
2537 2163 2884 2228 car-nissum,
2918 2162 2973 2218 id
3011 2172 3091 2219 est
3111 2164 3487 2236 passibilitatis

1888 2259 1941 2306 et
1962 2251 2310 2306 mortalitatis
2339 2268 2470 2306 sua.
2519 2251 2778 2308 Naturale
2809 2250 2954 2307 enim
2984 2261 3065 2308 est
3094 2253 3272 2310 carnis
3294 2255 3403 2325 pati
3435 2261 3488 2310 et

1890 2340 2048 2395 mori.
2084 2341 2144 2395 In
2175 2341 2280 2409 his,
2309 2341 2553 2413 inquam,
2579 2341 2772 2396 diebus
2794 2342 2996 2398 obtulit
3031 2359 3226 2414 preces
3258 2348 3312 2400 et
3345 2362 3486 2418 sup-

1887 2431 2229 2503 plicationes
2258 2430 2328 2506 ad
2361 2431 2552 2485 Deum.
2576 2431 2773 2486 Preces
2822 2438 2980 2486 vocat
3013 2447 3363 2504 quascunque
3384 2449 3489 2506 po-

1891 2519 2214 2575 stulationes
2243 2528 2367 2575 ante
2395 2519 2669 2591 passionis
2690 2519 2978 2576 articulum
3010 2520 3155 2578 fecit.
3207 2521 3491 2595 Supplica-

1893 2609 2090 2677 tiones,
2133 2609 2264 2665 dicit
2293 2608 2536 2681 quando,
2580 2609 2815 2664 instante
2852 2611 2986 2665 hora
3018 2610 3307 2681 passionis,
3346 2620 3493 2668 tanta

1890 2694 2190 2750 intentione
2219 2695 2393 2749 oravit
2422 2702 2478 2748 ut
2509 2695 2869 2767 sanguineum
2914 2696 3171 2752 sudorem
3202 2697 3489 2753 emitteret.

1895 2783 2123 2851 Obtulit,
2157 2785 2398 2855 inquam,
2431 2785 2501 2838 ad
2531 2800 2676 2852 eum,
2710 2785 2805 2857 qui
2848 2788 3026 2856 possit
3051 2787 3274 2842 salvum
3301 2789 3494 2859 facere

1894 2876 2064 2930 illum
2095 2891 2130 2930 a
2159 2884 2362 2930 morte.
2397 2875 2518 2928 Non
2547 2882 2603 2928 ut
2639 2890 2750 2929 non
2794 2875 3080 2943 moriatur,
3115 2877 3210 2930 sed
3243 2893 3312 2931 ne
3343 2893 3496 2932 mors

1894 2962 1998 3034 ipsi
2035 2963 2126 3018 diu
2155 2964 2485 3018 dominetur.
2537 2963 2830 3018 lntendens
2877 2977 2974 3035 per
3030 2981 3089 3020 se
3143 2965 3436 3020 liberatum
3467 2981 3499 3021 a

1895 3061 2093 3120 morte,
2118 3053 2417 3108 humanum
2451 3069 2625 3124 genus
2656 3053 2723 3107 ab
2757 3053 2948 3108 eadem
2978 3053 3342 3109 liberandum.
3377 3053 3497 3111 Ob-

1900 3142 2037 3209 tulit,
2063 3142 2307 3214 inquam,
2330 3143 2399 3198 ad
2421 3159 2544 3198 eum
2577 3159 2705 3198 cum
2729 3145 2976 3200 clamore
2995 3144 3198 3212 valido,
3221 3160 3329 3200 non
3352 3145 3500 3217 quod

1898 3232 1972 3288 ita
2001 3233 2108 3287 alte
2129 3231 2468 3298 clamaverit,
2501 3233 2596 3288 sed
2655 3249 2778 3289 cum
2812 3232 2994 3288 valido
3021 3234 3282 3303 clamore,
3315 3234 3370 3290 id
3418 3242 3502 3290 est

1899 3339 2020 3380 cum
2053 3322 2286 3378 maxima
2316 3321 2634 3387 intentione,
2667 3327 2722 3378 et
2753 3340 2876 3379 cum
2900 3324 3184 3395 lacrymis.
3219 3324 3361 3379 Alibi
3392 3340 3502 3380 non

1899 3411 2172 3467 invenitur
2201 3411 2394 3467 eadem
2425 3412 2558 3466 hora
2605 3411 2938 3483 lacrymasse
2987 3412 3279 3482 Christum,
3313 3413 3418 3468 nisi
3447 3415 3503 3468 in

1901 3501 2004 3557 hoc
2027 3502 2326 3572 Evangelio
2357 3501 2508 3556 Pauli
2533 3520 2547 3567 ς
2579 3501 2667 3556 cui
2696 3518 2804 3556 non
2827 3502 3008 3556 minus
3027 3510 3109 3556 est
3139 3503 3496 3571 credendum,

1901 3591 2046 3663 quia,
2085 3591 2129 3645 si
2160 3607 2261 3662 pro
2292 3591 2496 3646 Lazaro
2530 3599 2582 3646 et
2610 3605 2712 3662 pro
2741 3591 3108 3647 destructione
3137 3592 3498 3660 Hierusalem,

1903 3681 2216 3736 miserando
2247 3680 2448 3752 ubique
2477 3681 2712 3736 humano
2755 3680 3010 3747 defectui,
3057 3681 3391 3754 lacrymasse
3422 3683 3506 3738 di-

1902 3771 2060 3840 citur,
2121 3771 2291 3826 multo
2348 3771 2524 3842 magis
2582 3770 2913 3842 lacrymasse
2959 3771 3222 3827 dicendus
3267 3780 3367 3838 est,
3421 3780 3499 3840 ut,

1904 3861 2375 3916 consummatione
2405 3859 2731 3917 obedientia:
2760 3878 2892 3927 suaa,
2949 3861 3218 3918 defectum
3279 3861 3504 3918 humani

1903 3949 2122 4022 generis
2153 3958 2386 4006 sanaret.
2433 3949 2705 4016 Oﬂ'erens,
2768 3951 3009 4023 inquam,
3041 3967 3235 4022 preces
3265 3968 3388 4008 cum
3420 3952 3507 4008 la-

1905 4040 2109 4112 crymis
2147 4041 2459 4097 exauditus
2503 4045 2607 4106 est,
2657 4041 2931 4112 completo
2981 4041 3127 4114 quod
3172 4042 3505 4114 postulabat,

1903 4145 2004 4203 pro
2035 4147 2136 4186 sua
2166 4132 2508 4196 reverentia,
2542 4129 2595 4185 id
2617 4138 2700 4186 est
2729 4147 2830 4201 pro
2852 4147 2948 4186 sua
2965 4131 3257 4204 religione.
3286 4132 3383 4187 Vel
3404 4148 3506 4203 pro

1907 4235 2008 4274 sua
2038 4219 2363 4286 reverentia,
2397 4219 2450 4273 id
2483 4227 2567 4275 est
2595 4235 2696 4291 pro
2727 4220 3036 4275 obedientia
3063 4237 3172 4292 qua
3200 4237 3259 4276 se
3292 4222 3508 4277 Patrem

1907 4325 2125 4380 semper
2161 4308 2458 4365 reveritum
2487 4308 2658 4364 fuisse
2688 4308 2955 4380 probavit.
2988 4311 3110 4365 Non
3134 4318 3338 4365 tantum
3375 4326 3511 4382 pre-

1908 4415 2000 4454 ces
2025 4415 2147 4454 cum
2199 4398 2456 4470 lacrymis
2509 4397 2723 4464 obtulit,
2757 4399 2854 4454 sed
2913 4399 3076 4454 etiam
3123 4400 3348 4466 didicit,
3398 4415 3510 4457 non

1910 4488 2242 4562 cognitione,
2277 4487 2373 4543 sed
2406 4504 2506 4559 per
2526 4487 2916 4559 experientiam
2940 4489 3018 4543 rei
3040 4489 3416 4545 obedientiam
3434 4506 3510 4545 ea:

220 4596 328 4634 rum
383 4581 661 4638 sententia
709 4579 968 4637 canonice
1021 4579 1337 4653 eligentium
1395 4578 1675 4651 sequenda
1706 4585 1808 4644 est,
1831 4574 1884 4634 D
1915 4577 2002 4633 his
2031 4595 2153 4650 quae
2181 4595 2382 4652 passus
2411 4578 2592 4644 est,id
2621 4586 2703 4632 εει
2731 4593 2832 4648 per
2860 4585 3117 4644 mortem;
3153 4593 3299 4645 cum,
3334 4577 3388 4633 id
3427 4585 3512 4634 est

220 4671 566 4726 multitudinis
597 4685 756 4726 error
794 4669 1174 4741 reprobandus
1202 4671 1392 4740 (Num.
1435 4683 1576 4734 xvu,
1608 4672 1662 4734 2,
1698 4670 1807 4736 10).

224 4758 454 4816 Pontifex
476 4761 570 4816 ille
593 4759 642 4814 si
664 4767 921 4832 tanquam
942 4761 1126 4814 Aaron
1153 4767 1381 4815 vocatus
1403 4757 1490 4825 sit,
1510 4773 1620 4813 non
1641 4773 1701 4812 se
1722 4757 1812 4811 in-

223 4864 411 4920 gerens
424 4849 479 4904 in
491 4850 785 4915 honorem,
808 4848 1116 4906 hominibus
1135 4848 1403 4921 prodesse
1421 4855 1617 4919 potest.
1643 4846 1734 4903 Sic
1761 4853 1817 4901 et

227 4937 454 4994 Christus
507 4938 677 4994 simili
709 4939 779 4993 de
818 4954 983 4994 causa
1022 4937 1136 4993 suis
1167 4937 1414 4993 auxiliari
1451 4945 1649 5009 potest,
1688 4935 1816 5008 quia

233 5026 473 5084 Christus
505 5045 624 5085 non
642 5028 1001 5098 clariﬁcavit,
1026 5027 1082 5083 id
1097 5035 1180 5082 est
1207 5043 1316 5082 non
1333 5043 1392 5082 se
1413 5026 1816 5099 magnificando

232 5113 447 5189 ingessit
479 5119 550 5174 ad
574 5119 702 5185 hoc,
734 5122 800 5173 ut
829 5118 991 5186 ﬁeret
1022 5119 1307 5189 pontifex,
1353 5116 1448 5173 sed
1469 5117 1628 5172 Pater
1652 5115 1816 5172 clari-

235 5202 393 5261 ficavit
418 5208 697 5263 Christum
736 5207 831 5280 qui
866 5208 1088 5263 locutus
1107 5207 1180 5262 ad
1200 5223 1350 5272 eum,
1378 5206 1566 5262 dicens
1601 5224 1614 5260 :
1652 5208 1729 5261 Tu
1758 5222 1817 5262 es

239 5295 398 5352 Fil'us
416 5315 574 5355 meus
593 5298 667 5354 3
685 5297 749 5352 ’τ
765 5297 836 5353 5
854 5313 950 5367 ego
973 5296 1131 5352 hodie
1151 5297 1322 5368 genui
1336 5300 1410 5363 te,
1436 5295 1574 5352 sicut
1595 5295 1648 5350 in
1666 5295 1820 5367 prin-

238 5381 363 5452 cipio
377 5386 628 5457 Epistolae
645 5386 1016 5458 exposuimus.
1033 5387 1160 5442 Haec
1174 5394 1353 5441 autem
1365 5401 1475 5441 non
1489 5395 1614 5441 sunt
1625 5386 1814 5451 verba,

241 5472 414 5542 quibus
433 5477 586 5532 Pater
605 5493 734 5532 eum
755 5473 1071 5532 clarificavit
1090 5493 1105 5542 ;
1129 5475 1227 5531 sed
1247 5475 1301 5530 in
1337 5475 1532 5547 quibus
1549 5475 1819 5530 Christum

246 5565 527 5622 sacerdotio
572 5567 803 5640 dignum
839 5564 1077 5621 ostendit
1125 5583 1138 5619 :
1182 5565 1398 5636 quando
1442 5573 1655 5633 autem,
1689 5565 1820 5619 dum

246 5647 467 5711 Christus
491 5656 876 5729 baptizaretur,
903 5654 976 5710 ait
1009 5671 1024 5710 :
1059 5675 1081 5704 ι
1119 5653 1218 5711 Hic
1246 5661 1328 5711 est
1357 5655 1521 5711 Filius
1560 5670 1734 5721 mens,
1767 5652 1821 5708 in

1913 4670 2166 4740 quamvis
2197 4672 2342 4724 esset
2372 4668 2552 4723 Filius
2601 4667 2700 4723 Dei
2749 4675 2946 4738 potens
2991 4667 3192 4734 omnia,
3217 4667 3298 4724 sic
3329 4676 3513 4724 tamen

1914 4757 2276 4813 sacerdotium
2307 4774 2465 4813 suum
2495 4757 2720 4828 implere
2751 4755 2936 4812 voluit.
2980 4759 3049 4813 Et
3079 4757 3194 4829 ipse
3243 4775 3513 4815 consum-

1914 4852 2127 4913 matus,
2162 4847 2214 4901 id
2246 4856 2328 4902 est
2359 4855 2620 4903 mortuus.
2647 4847 2743 4902 Vel
2773 4856 3204 4913 consummatus,
3251 4847 3306 4903 id
3346 4857 3429 4904 est
3459 4849 3516 4904 in

1916 4935 2143 4992 dextera
2171 4937 2367 5002 Patris,
2399 4945 2456 4991 ut
2485 4937 2618 4992 nihil
2640 4937 3017 5009 imperfectum
3051 4937 3276 4993 haberet
3301 4938 3516 4994 consti-

1917 5034 2081 5095 tutus,
2113 5030 2304 5098 factus
2333 5031 2418 5083 est
2457 5043 2632 5083 causa
2653 5028 2861 5083 salutis
2883 5031 3116 5083 (eterna:
3144 5027 3406 5083 omnibus
3428 5028 3521 5085 ob-

1921 5117 2372 5188 temperantibus
2394 5117 2537 5182 sibi,
2585 5133 2695 5172 non
2723 5116 2829 5171 illis
2858 5117 2950 5189 qui
2982 5117 3087 5172 sibi
3119 5125 3351 5173 renuunt
3381 5118 3516 5174 obe-

1918 5205 2056 5260 dire.
2104 5207 2279 5261 Causa
2326 5206 2511 5278 utique
2550 5206 2736 5261 salutis
2786 5207 2924 5262 bene
2981 5214 3162 5278 potest
3219 5223 3362 5274 esse,
3397 5207 3522 5280 quia

1919 5296 2245 5368 appellatus
2269 5304 2349 5350 est
2365 5297 2634 5369 ponti/cx
2651 5312 2759 5351 non
2778 5295 2846 5350 ab
2867 5295 3198 5363 hominibus,
3217 5297 3313 5352 sed
3334 5313 3370 5352 a
3387 5298 3517 5363 Deo,

1920 5401 2022 5441 nec
2054 5385 2355 5440 secundum
2389 5385 2705 5450 Leviticum,
2741 5386 2835 5441 sed
2870 5387 3055 5456 juxta
3083 5385 3404 5459 dignitatem
3435 5404 3527 5445 or-

1923 5474 2074 5530 dinis
2097 5476 2513 5531 Melchisedech.
2549 5474 2806 5531 Dicturus
2836 5475 2915 5530 eis
2966 5477 3241 5548 quomodo
3271 5475 3524 5532 sacerdo-

1922 5563 2058 5618 tium
2103 5580 2260 5618 suum
2305 5565 2482 5638 legale
2543 5565 2789 5620 destruat
2846 5565 3247 5631 sacerdotium,
3280 5572 3332 5619 et
3389 5580 3529 5636 quo-

1924 5654 2088 5710 modo
2116 5654 2296 5711 omnia
2325 5653 2529 5727 legalis
2555 5654 2613 5710 in
2644 5670 2709 5711 eo
2751 5653 2915 5710 finem
2959 5654 3214 5720 habeant,
3250 5652 3527 5724 quomodo
