3928 6450
426 426 532 478 515

957 423 1020 480 8.
1076 423 1431 481 BRUNONIS
1468 419 2120 480 CARTHUSIANORUM
2157 419 2640 477 INSTITUTORIS
2679 419 2831 476 OPP.
2876 421 3072 479 PARS.
3113 421 3183 477 Il.

3619 421 3719 476 516

437 564 574 604 vero
613 565 769 604 suum
824 549 1181 605 sacerdotium
1238 550 1582 620 praecesserit
1636 549 1832 622 legale,
1892 555 1944 604 et
1975 547 2105 610 inA
2139 569 2161 593 α
2198 562 2292 599 sus
2374 544 2758 618 crucifigentes
2833 546 3185 618 sibimetipsis
3249 544 3441 601 Filium
3497 545 3620 614 Dei,
3683 552 3731 600 et

438 646 701 692 aeternum
732 638 800 692 sit
829 655 1272 710 permansurum.
1319 640 1556 694 Primum
1588 657 1683 694 eos
1704 639 2029 709 (secundum

437 735 649 798 partem
680 728 880 796 tamen)
911 744 1101 798 aspera
1123 728 1427 784 invectione
1449 729 1788 800 aggreditur,
1808 736 1862 783 et
1890 744 2028 783 con-

433 815 715 871 venienter
743 816 975 887 primum
1005 833 1102 872 eos
1136 817 1378 890 corrigit,
1412 826 1469 871 ut
1499 817 1731 873 correcti
1777 816 2024 871 devotio-

433 921 524 960 res
571 903 679 959 sint
723 905 790 960 ad
849 906 1200 971 audiendum,
1237 915 1288 960 et
1334 907 1623 978 proniores
1669 907 1736 960 ad
1792 907 2026 962 creden-

428 993 573 1059 dum,
609 993 798 1052 dicens
831 1009 844 1048 :
879 995 954 1050 De
985 1011 1110 1068 quo,
1145 995 1197 1049 id
1227 1003 1309 1050 est
1354 997 1629 1067 quomodo
1669 995 1916 1050 Christus
1958 994 2027 1048 sit

425 1081 669 1153 pontifex
731 1083 1036 1138 secundum
1093 1084 1342 1139 ordinem
1391 1085 1791 1140 Melchisedech
1861 1091 2026 1138 restat

423 1158 584 1228 nobis
615 1189 798 1227 sermo
828 1174 1080 1243 grandis,
1117 1173 1169 1227 id
1218 1182 1299 1228 est
1327 1174 1496 1227 multa
1527 1174 2019 1244 comprehendens,

426 1264 483 1316 et
521 1261 1063 1334 ininterpretabilis,
1090 1262 1143 1317 id
1175 1271 1258 1317 est
1288 1262 1380 1333 qui
1408 1263 1571 1316 modo
1605 1279 1714 1317 non
1743 1262 1916 1334 possit
1948 1262 2025 1316 in-

423 1350 723 1420 terpretari,
758 1366 860 1406 nec
899 1367 932 1405 a
962 1367 1070 1420 me,
1100 1351 1226 1423 quia
1260 1367 1368 1405 non
1400 1352 1575 1406 habeo
1615 1367 1889 1423 congruos
1920 1367 2021 1405 au-

421 1439 645 1507 ditores,
681 1456 782 1496 nec
837 1440 996 1496 vobis
1051 1440 1475 1511 interpretabilis
1496 1482 1509 1509 ,
1535 1440 1659 1512 quia
1689 1458 1886 1512 capere
1913 1457 2021 1495 non

426 1529 676 1601 potestis.
711 1530 771 1584 In
795 1529 1218 1601 interpretabilis
1247 1529 1374 1586 dico
1403 1531 1475 1586 ad
1503 1531 1824 1595 dicendum,
1864 1529 1916 1584 id
1940 1538 2022 1584 est

421 1619 490 1673 ad
523 1618 903 1689 exponendum
955 1619 1134 1686 vobis,
1168 1620 1436 1691 quoniam
1466 1636 1564 1674 vos
1592 1621 1735 1690 facti
1756 1620 1890 1675 estis
1921 1619 2024 1674 im-

425 1707 650 1764 becilles
680 1709 752 1764 ad
770 1708 1139 1774 audiendum,
1173 1709 1230 1763 id
1260 1717 1343 1764 est
1372 1708 1443 1763 ad
1463 1707 1896 1780 intelligendum.
1924 1707 2020 1763 Vel

423 1812 607 1852 sermo
635 1796 736 1852 iste
779 1797 1006 1866 grandis
1055 1805 1138 1852 est
1185 1806 1239 1851 et
1285 1797 1739 1868 interpretabilis,
1777 1797 1928 1853 3’7
1940 1796 2017 1852 6

422 1885 546 1958 quia
567 1885 736 1940 multa
765 1894 1109 1941 sacramenta
1139 1885 1228 1942 hic
1256 1886 1622 1953 continentur,
1656 1903 1778 1958 quae
1808 1893 2020 1956 oportet

423 1974 643 2046 exponi.
707 1974 944 2030 Grandis
999 1958 1122 2029 ideo
1172 1974 1295 2030 dico
1322 1975 1574 2046 quoniam
1607 1992 1704 2030 vos
1735 1974 1861 2030 facti
1887 1975 2018 2029 estis

422 2062 723 2118 imbecilles
746 2063 812 2118 ad
835 2063 1186 2118 audiendum.
1218 2065 1354 2119 Vere
1387 2064 1704 2131 imbecilles,
1731 2081 1866 2118 nam
1887 2081 2015 2120 cum

417 2151 693 2207 deberetis
724 2168 843 2208 esse
885 2153 1144 2224 magistri
1190 2157 1421 2225 propter
1451 2157 1699 2225 tempus,
1746 2153 2015 2224 prolixum

419 2241 566 2313 quod
623 2240 888 2296 habuistis
943 2242 1013 2296 ad
1061 2241 1417 2308 discendum;
1452 2259 1549 2297 vos
1597 2241 1741 2296 enim
1798 2242 1853 2295 in
1897 2242 2015 2312 ipso

413 2328 569 2384 initio
598 2330 1002 2400 praedicationis
1060 2330 1312 2386 conversi
1360 2331 1510 2386 estis.
1565 2331 1717 2395 Cum,
1772 2330 2010 2403 inquam,

414 2417 693 2474 deberetis
725 2435 848 2474 esse
878 2419 1146 2491 magistri,
1179 2435 1323 2475 nunc
1371 2437 1601 2476 rursum
1656 2420 1920 2491 indigetis
1949 2424 2016 2475 ut

415 2524 508 2563 vos
530 2508 847 2564 doceamini
869 2526 990 2581 qua:
1011 2511 1129 2563 sint
1151 2510 1433 2564 elementa
1452 2510 2013 2565 exordiisermonum

414 2598 532 2653 Dei.
557 2597 618 2651 In
646 2597 990 2652 sermonibus
1014 2597 1114 2653 Dei
1163 2598 1317 2652 multi
1376 2599 1579 2670 gradus
1615 2598 1964 2654 continentur
1993 2615 2007 2652 :

413 2686 645 2758 primum
694 2686 927 2758 simplex
957 2687 1276 2756 instructio,
1325 2687 1523 2744 dehinc
1579 2688 1758 2742 media
1804 2687 1874 2742 ad
1922 2687 2008 2741 ul-

413 2775 603 2830 timum
631 2775 892 2847 perfecta.
919 2776 1216 2832 Exordium
1246 2785 1425 2831 autem
1472 2785 1649 2843 vocat,
1708 2784 1765 2830 ut
1790 2776 2010 2847 quando

407 2864 600 2936 aliquis
659 2865 886 2920 docetur
937 2865 1164 2920 credere
1213 2865 1663 2932 incarnationem,
1697 2865 2010 2936 passionem

411 2953 634 3020 Christi,
667 2962 720 3008 et
748 2954 1055 3023 hujusmodi
1113 2954 1452 3025 simplicibus
1503 2963 1836 3025 opportuna.
1874 2955 2008 3008 Ele-

408 3050 593 3098 menta
632 3050 816 3097 autem
870 3043 1080 3097 exordii
1128 3051 1298 3109 sunt,
1350 3051 1407 3097 ut
1464 3043 1702 3098 seriatim
1756 3060 2008 3099 enarrare

411 3131 692 3188 materiam
750 3131 1026 3202 passionis
1054 3174 1066 3197 ,
1127 3130 1212 3186 vel
1257 3131 1462 3203 aliquid
1521 3132 1857 3202 hujusmodi.
1898 3135 2008 3187 Vos

409 3220 573 3277 etiam
605 3220 730 3276 facti
759 3220 891 3275 estis
924 3219 1059 3275 tales
1086 3222 1283 3293 quibus
1312 3238 1448 3293 opus
1493 3222 1570 3276 sit
1622 3223 1798 3286 lacte,
1833 3221 1887 3276 id
1925 3229 2007 3276 est

404 3309 604 3382 puerili
662 3308 1049 3376 insinuatione,
1087 3319 1138 3365 et
1189 3309 1264 3364 ita
1308 3310 1447 3367 lacte
1484 3310 1632 3382 quod
1678 3327 1791 3366 non
1829 3309 2006 3366 solido

405 3401 542 3468 cibo,
576 3398 627 3453 id
660 3407 742 3454 est
771 3397 1016 3470 perfecta
1066 3399 1335 3454 doctrina.
1396 3401 1534 3455 Vere
1564 3399 1635 3454 ita
1664 3398 1826 3464 lacte,
1861 3400 2006 3471 quod

407 3505 518 3544 non
565 3505 703 3561 opus
734 3488 802 3542 sit
841 3488 1017 3543 solido
1045 3489 1190 3544 cibo.
1223 3490 1365 3544 Nam
1411 3491 1598 3546 omnis
1626 3488 1718 3544 ille
1747 3491 1844 3561 qui
1873 3507 2006 3561 par-

403 3580 579 3651 ticeps
609 3582 692 3634 est
725 3579 910 3645 tactis,
946 3577 1000 3632 id
1039 3585 1121 3633 est
1151 3577 1240 3633 cui
1263 3578 1569 3633 necessaria
1599 3586 1683 3632 est
1711 3577 2003 3632 insinuatio

399 3667 645 3741 puerilis,
681 3667 767 3723 hic
795 3667 915 3720 talis
944 3683 1150 3739 expers
1181 3670 1458 3723 sermonis
1512 3671 1595 3723 est
1636 3667 1904 3737 justitite,
1947 3667 2004 3722 id

405 3764 490 3814 est
517 3757 780 3812 doctrinae
801 3755 1090 3824 justorum,
1127 3755 1183 3810 id
1212 3763 1296 3810 est
1314 3755 1724 3826 perfectorum;
1756 3756 1880 3810 ideo
1901 3772 2002 3811 ex-

404 3861 552 3917 pers,
588 3846 721 3918 quia
767 3845 1040 3916 parvulus
1079 3847 1164 3899 est
1197 3861 1382 3899 sensu.
1415 3846 1526 3900 Vos
1563 3851 1744 3898 autem
1773 3844 2002 3915 perfecti

406 3933 635 4003 malitia,
668 3932 922 3988 sensibus
952 3948 1081 3988 vero
1137 3933 1309 4003 pueri.
1372 3933 1727 3988 Parvulorum
1776 3942 1858 3988 est
1891 3933 1996 3999 lac,

404 4023 501 4078 sed
535 4024 919 4095 perfectorum
949 4026 1032 4077 est
1053 4021 1266 4078 solidus
1295 4022 1471 4088 cibus,
1497 4022 1550 4076 id
1580 4031 1662 4077 est
1679 4022 1849 4076 solida
1871 4023 2002 4078 doc-

398 4111 582 4178 trina;
613 4110 994 4182 perfectorum,
1051 4111 1105 4164 id
1137 4119 1220 4166 est
1268 4127 1459 4166 eorum
1517 4111 1608 4183 qui
1639 4112 1841 4166 habent
1881 4128 2002 4166 sen-

396 4218 510 4271 sus,
543 4201 598 4255 id
629 4209 712 4255 est
741 4199 1053 4256 intellectus
1083 4215 1212 4256 suos
1239 4217 1340 4272 pro
1369 4202 1798 4267 consuetudine,
1832 4201 1888 4256 id
1915 4208 1999 4256 est

398 4306 497 4364 pro
527 4289 844 4345 assiduitate
894 4289 1057 4344 studii
1106 4291 1451 4346 exercitatos
1481 4292 1552 4346 ad
1598 4291 1997 4346 discretionem

395 4381 528 4438 boni
556 4384 611 4436 et
633 4381 796 4447 mali,
829 4387 887 4434 ut
917 4379 1119 4434 bonum
1151 4379 1470 4436 discernere
1499 4379 1670 4436 sciant
1691 4395 1724 4435 a
1751 4379 1918 4444 malo,
1943 4387 1997 4434 et

395 4470 560 4527 etiam
591 4469 660 4524 de
693 4469 870 4536 bonis,
905 4485 1027 4542 quae
1073 4469 1248 4542 magis
1305 4469 1413 4524 sint
1442 4469 1584 4525 bona
1640 4485 1762 4542 quae
1792 4469 1991 4536 minus,

394 4559 573 4620 sciunt
602 4559 949 4627 discernere;
982 4565 1036 4614 et
1064 4559 1132 4615 de
1161 4558 1338 4628 malis,
1373 4557 1648 4614 similiter.

997 4719 1225 4776 CAPUT
1282 4719 1379 4774 VI.

464 4861 486 4886 ι(
527 4834 871 4908 Quapropter
901 4833 1325 4890 intermittentes
1381 4833 1744 4890 inchoationis
1789 4834 1992 4890 Christi

395 4951 417 4976 α
453 4941 784 4990 sermonem,
818 4923 887 4978 ad
917 4923 1312 4994 perfectionem
1343 4921 1597 4994 feramur,
1633 4941 1743 4980 non
1771 4942 1992 4981 rursum

395 5040 418 5065 α
450 5017 696 5086 jaceutes
752 5012 1165 5067 fundamentum
1228 5012 1560 5083 paenitentiae
1607 5014 1678 5068 ab
1733 5015 1992 5086 operibus

394 5127 418 5157 ι
448 5103 696 5169 mortuis,
729 5109 784 5157 et
831 5099 958 5156 ﬁdei
1011 5101 1081 5156 ad
1119 5102 1314 5168 Deum,
1345 5102 1726 5174 baptismatum
1782 5104 1990 5160 doctri-

395 5215 419 5246 ι
455 5209 559 5257 nae,
602 5189 967 5262 impositionis
1007 5206 1221 5263 quoque
1279 5207 1556 5259 manuum,
1589 5209 1653 5249 ac
1700 5209 1990 5249 resurrec-

392 5299 415 5329 ι
450 5275 614 5332 tionis
642 5283 999 5342 mortuorum,
1037 5283 1089 5330 et
1111 5275 1302 5344 judicii
1332 5277 1542 5333 aeterni.
1588 5279 1653 5332 Et
1684 5278 1788 5334 hoc
1814 5277 1988 5334 facie-

390 5392 414 5443 ε
448 5381 589 5432 mus,
622 5364 669 5419 si
699 5365 920 5437 quidem
965 5365 1276 5436 permiserit
1325 5367 1494 5422 Deus.
1534 5367 1874 5438 Impossibile
1901 5375 1988 5423 est

392 5477 414 5506 ι
452 5455 599 5511 enim
620 5469 717 5510 eos
748 5453 841 5526 qui
896 5455 1066 5510 semel
1098 5463 1220 5510 sunt
1266 5455 1572 5521 illuminati,
1631 5465 1986 5526 gustaverunt

391 5565 414 5595 ι
450 5543 614 5600 etiam
663 5544 866 5600 donum
908 5544 1166 5611 caeleste,
1227 5553 1280 5600 et
1338 5544 1627 5616 participes
1671 5544 1798 5601 facti
1863 5555 1988 5601 sunt

389 5657 412 5684 «ι
447 5633 682 5706 Spiritus
738 5634 936 5702 sancti,
977 5641 1332 5708 gustaverunt
1388 5633 1743 5689 nihilominus
1781 5635 1985 5692 bonum

2137 657 2159 685 α
2196 635 2434 690 ostentui
2493 636 2774 690 habentes.
2839 637 3006 691 Terra
3035 635 3179 690 enim
3225 652 3371 707 saepe
3424 635 3730 691 venientem

2137 747 2158 771 α
2193 741 2355 796 super
2383 741 2442 779 se
2474 724 2665 779 bibens
2725 725 2956 780 imbrem
2987 733 3041 780 et
3071 725 3390 797 germinans
3419 723 3732 797 [generans]

2135 838 2156 861 ιι
2191 815 2413 868 herbam
2450 823 2807 885 Opportunam
2865 814 2974 869 illis
3002 831 3032 869 a
3083 815 3278 887 quibus
3307 815 3505 871 colitur
3534 813 3730 885 accipit

2133 925 2155 953 ι
2193 903 2626 958 benedictionem
2666 919 2698 958 a
2727 905 2874 970 Deo;
2911 903 3196 975 proferens
3243 913 3425 958 autem
3455 902 3640 974 spinas
3671 917 3733 958 ac

2133 1017 2155 1040 α
2191 993 2436 1058 tribulos,
2472 993 2708 1063 reproba
2737 1002 2858 1062 est,
2895 1002 2947 1048 et
2992 993 3304 1049 maledictio
3334 993 3599 1064 proxima,
3630 1008 3732 1048 cu-

2132 1103 2154 1131 ι
2183 1081 2274 1151 jus
2332 1082 2732 1136 consummatio
2789 1082 2843 1136 in
2893 1082 3351 1138 combustionem.
3396 1080 3732 1137 Confidimus

2131 1191 2152 1220 ι
2189 1178 2365 1225 autem
2395 1171 2463 1225 de
2492 1171 2649 1226 vobis
2697 1171 3038 1226 dilectissimi
3090 1172 3315 1226 meliora
3358 1178 3411 1226 et
3466 1171 3732 1226 viciniora

2129 1283 2151 1307 α
2189 1259 2368 1327 saluti,
2403 1261 2621 1315 tametsi
2679 1260 2751 1314 ita
2798 1261 3092 1333 loquimur.
3143 1261 3264 1316 Non
3321 1260 3467 1316 enim
3497 1260 3729 1328 injustus

2129 1373 2149 1396 -
2187 1350 2423 1403 Deus-ut
2469 1349 2822 1404 obliviscatur
2877 1350 3062 1420 operis
3118 1349 3285 1404 vestri
3317 1358 3368 1403 et
3397 1349 3726 1415 dilectionis,

2131 1460 2153 1489 ι
2191 1455 2351 1509 quam
2385 1439 2702 1494 ostendistis
2729 1439 2784 1493 in
2828 1439 3048 1494 nomine
3108 1439 3300 1510 ipsius,
3333 1438 3424 1510 qui
3444 1437 3728 1492 ministra-

2126 1552 2148 1575 α
2185 1529 2280 1582 stis
2311 1529 2512 1584 sanctis
2542 1537 2595 1583 et
2623 1529 2966 1583 ministratis.
3025 1529 3285 1599 Cupimus
3312 1537 3486 1582 autem
3519 1544 3726 1582 unum-

2126 1642 2147 1665 α
2185 1634 2459 1690 quemque
2492 1627 2731 1674 vestrum
2783 1619 3034 1673 eamdem
3066 1626 3344 1673 ostentare
3400 1617 3727 1672 sollicitudi-

2125 1730 2146 1754 α
2185 1723 2328 1772 nem,
2370 1707 2437 1761 ad
2468 1707 2835 1777 expletionem
2857 1707 2973 1778 spei
3004 1724 3177 1778 usque
3208 1706 3262 1761 in
3311 1705 3495 1773 ﬁnem,
3530 1714 3588 1761 ut
3613 1723 3726 1761 non

2126 1817 2148 1842 ι
2186 1813 2387 1868 segnes
2418 1795 2756 1861 eﬂiciamini,
2793 1813 2979 1851 verum
3011 1796 3313 1850 imitatores
3364 1811 3555 1851 eorum
3632 1795 3727 1866 qui

2049 1913 2100 1972 Β
2125 1907 2146 1931 ιι
2183 1885 2288 1938 fide
2319 1893 2369 1939 et
2399 1885 2656 1955 patientia
2688 1885 3083 1939 haereditabunt
3102 1884 3514 1956 promissiones.
3537 1884 3724 1939 Abra-

2126 1997 2147 2020 α
2183 1974 2267 2028 ha:
2297 1990 2531 2045 namque
2562 1975 2883 2045 promittens
2928 1975 3094 2042 Deus,
3145 1973 3398 2046 quoniam
3447 1974 3726 2029 neminem

2122 2085 2144 2109 ε
2182 2062 2366 2116 habuit
2425 2080 2527 2133 per
2575 2080 2734 2134 quem
2799 2064 3008 2132 juraret
3065 2063 3350 2132 majorem,
3376 2062 3579 2132 juravit
3628 2079 3727 2133 per

2123 2172 2145 2202 ι
2183 2151 2571 2222 semetipsum,
2605 2153 2794 2208 dicens
2830 2171 2843 2207 :
2876 2152 2994 2207 Nisi
3025 2152 3357 2207 benedicens
3402 2151 3725 2207 benedicam

2121 2262 2144 2291 ι
2181 2250 2250 2306 te,
2315 2249 2366 2296 et
2409 2241 2775 2312 multiplicans
2829 2241 3199 2312 multiplicabo
3244 2249 3315 2296 te.
3352 2241 3419 2295 Et
3467 2241 3546 2296 sic
3595 2239 3722 2295 lon-

2121 2351 2142 2379 «
2181 2329 2471 2401 ganimiter
2519 2331 2721 2394 ferens,
2776 2331 3005 2401 adeptus
3062 2339 3144 2385 est
3214 2329 3719 2401 repromissionem.

2121 2440 2143 2469 ι
2180 2419 2440 2474 Homines
2473 2419 2617 2474 enim
2661 2436 2761 2490 per
2793 2419 3053 2488 majorem
3095 2418 3178 2474 sui
3219 2419 3421 2488 jurant,
3457 2427 3509 2473 et
3539 2420 3723 2474 omnis

2119 2529 2141 2558 ι
2178 2509 2564 2564 controversia:
2614 2525 2802 2564 eorum
2835 2507 2958 2562 linis
2990 2510 3058 2563 ad
3115 2508 3605 2574 confirmationem,
3639 2517 3725 2563 est

2120 2621 2141 2644 α
2167 2598 2556 2665 juramentum.
2618 2599 2678 2652 In
2736 2613 2844 2669 quo
2902 2597 3264 2652 abundantius
3321 2597 3513 2653 volens
3569 2598 3723 2652 Deus

2119 2708 2140 2735 ι
2175 2687 2463 2742 ostendere
2492 2687 2900 2757 pollicitationis
2931 2703 3044 2742 sua:
3074 2687 3380 2742 hmredibus
3417 2686 3720 2741 immobili-

2117 2795 2141 2825 ι
2175 2782 2335 2829 tatem
2393 2775 2608 2831 consilii
2666 2775 2770 2840 sui,
2851 2775 3176 2846 interposuit
3215 2775 3620 2845 jusjurandum,
3661 2784 3720 2830 ut

2115 2888 2136 2911 α-
2175 2881 2275 2935 per
2331 2865 2467 2920 duas
2517 2881 2607 2920 res
2648 2865 2954 2920 immobiles
3005 2865 3200 2936 quibus
3238 2865 3573 2936 impossibile
3631 2874 3718 2920 est

2115 2976 2137 3001 ι
2173 2953 2391 3008 mentiri
2417 2955 2592 3009 Deum
2619 2997 2632 3020 ,
2667 2953 3027 3008 fortissimum
3081 2953 3333 3008 solatium
3390 2953 3713 3019 habeamus,

2115 3065 2137 3089 α
2173 3043 2264 3114 qui
2295 3041 2642 3114 confugimus
2699 3043 2768 3097 ad
2816 3043 3110 3098 tenendam
3169 3041 3503 3113 propositam
3533 3059 3712 3114 spem,

2116 3153 2137 3178 ιι
2174 3147 2338 3203 quam
2369 3132 2509 3188 sicut
2537 3133 2833 3188 anchoram
2883 3133 3147 3187 habemus
3196 3132 3392 3187 animae
3432 3140 3603 3187 tutam
3648 3148 3714 3187 ac

2115 3245 2140 3270 ε
2173 3220 2407 3288 firmam,
2442 3230 2494 3278 et
2529 3223 2871 3278 incedentem
2900 3239 3072 3294 usque
3100 3221 3167 3276 ad
3197 3221 3456 3276 interiora
3484 3221 3715 3277 velami-

2111 3332 2134 3361 ι
2169 3310 2270 3375 nis,
2316 3311 2406 3364 ubi
2435 3327 2744 3382 praecursor
2792 3327 2893 3382 pro
2925 3311 3089 3365 nobis
3133 3310 3374 3366 introivit
3398 3312 3576 3376 Jesus,
3613 3326 3712 3366 se-

2113 3423 2134 3448 u
2169 3400 2404 3456 cundum
2451 3401 2702 3456 ordinem
2732 3399 3135 3456 Melchisedech
3177 3398 3419 3470 pontifex
3451 3399 3625 3456 factus
3655 3399 3712 3454 in

2110 3511 2132 3536 ιι
2167 3496 2457 3545 aaternum.
2503 3515 2524 3538 ιο

2767 3646 3082 3688 εχροειτιο.

2178 3765 2249 3821 3
2265 3765 2331 3822 '7
2349 3765 2416 3822 ’7
2435 3765 2529 3820 Eis
2554 3765 2763 3821 duriter
2781 3766 3095 3836 increpatis,
3116 3766 3313 3821 iterum
3326 3765 3604 3820 blanditur
3622 3765 3714 3821 in-

2103 3855 2344 3911 serendo
2375 3872 2454 3921 se,
2490 3855 2700 3911 dicens.
2728 3856 3096 3927 Quapropter,
3121 3856 3177 3910 id
3206 3863 3307 3923 est,
3333 3855 3458 3927 quia
3479 3864 3710 3926 propter

2099 3954 2318 4016 tempus
2347 3945 2596 4017 magistri
2627 3961 2750 4000 esse
2781 3945 3080 4011 deberetis,
3113 3953 3165 4000 et
3205 3945 3334 4017 quia
3365 3945 3696 4001 exercitatos

2100 4052 2298 4090 sensus
2324 4033 2379 4088 in
2411 4034 2535 4105 lege
2566 4034 2781 4089 Domini
2803 4050 2901 4089 vos
2933 4042 3144 4105 oportet
3176 4034 3395 4098 habere,
3421 4033 3544 4089 ideo
3575 4050 3702 4102 nos,

2096 4124 2550 4179 intermittentes
2591 4140 2910 4180 sermonem
2958 4123 3340 4179 inchoatiom's
3374 4122 3604 4191 Christi,
3648 4123 3706 4177 id

2099 4221 2180 4268 est
2207 4213 2476 4267 elementa
2510 4212 2734 4278 exordii,
2769 4213 2968 4284 quibus
3003 4211 3200 4284 aliquis
3221 4212 3440 4267 inchoat
3473 4211 3529 4265 in
3557 4226 3704 4283 cog-

2098 4301 2301 4356 nitione
2385 4299 2601 4367 Christi,
2648 4301 2810 4369 hanc,
2863 4299 3117 4372 inquam,
3181 4300 3467 4372 pueritiam
3527 4301 3701 4356 dese-

2095 4398 2300 4455 rentes,
2325 4393 2585 4460 fera-mur
2604 4390 2676 4446 ad
2716 4393 3156 4462 perfectionem,
3197 4397 3254 4444 ut
3288 4389 3522 4444 sciamus
3552 4405 3700 4461 quo-

2094 4479 2259 4535 modo
2279 4479 2334 4532 in
2355 4478 2621 4549 principio
2643 4487 2755 4534 erat
2774 4479 3029 4547 Verbum,
3056 4487 3108 4533 et
3131 4480 3279 4533 Deus
3299 4486 3414 4534 erat
3436 4478 3698 4550 Verbum,

2094 4577 2200 4625 etc.
2224 4569 2504 4635 Feramur,
2539 4568 2780 4640 inquam,
2803 4569 2872 4623 ad
2890 4568 3298 4639 perfectionem,
3323 4584 3439 4622 non
3460 4584 3698 4623 rursum

2022 4645 2077 4705 D
2087 4659 2372 4731 jacientes
2390 4658 2821 4729 fundamentun
2831 4659 3185 4730 paenitentiae
3196 4659 3263 4712 ab
3279 4657 3536 4729 operibus
3550 4673 3704 4714 mor-

2098 4749 2234 4810 tuis.
2286 4755 2396 4803 etc.
2455 4746 2636 4818 Opera
2692 4755 2912 4802 mortua
2957 4755 3130 4818 vocat,
3156 4746 3243 4802 vel
3288 4754 3532 4817 peccata,
3567 4763 3694 4818 quae

2092 4834 2452 4902 mortificant,
2488 4836 2576 4892 vel
2606 4835 2786 4907 priora
2817 4837 2978 4905 bona,
3008 4843 3233 4907 pr0pter
3277 4844 3560 4907 peccatum
3595 4851 3694 4890 su-

2093 4925 2420 4997 perveniens
2449 4924 2793 4982 mortificata.
2832 4925 3100 4981 Poenitere
3155 4932 3339 4980 autem
3378 4924 3449 4979 ab
3502 4924 3695 4995 operi-

2093 5014 2194 5070 bus
2215 5014 2448 5070 mortuis
2477 5023 2559 5070 est
2605 5014 3034 5079 fundamentum,
3088 5014 3218 5086 quia
3265 5013 3368 5068 nisi
3413 5012 3503 5068 hic
3549 5012 3692 5085 lapis

2091 5104 2329 5175 primum
2379 5111 2634 5175 ponatur,
2667 5104 2801 5158 nihil
2855 5103 3250 5170 aediﬁcabitur;
3279 5101 3693 5158 fundamentum

2090 5193 2266 5249 etiam
2303 5193 2454 5263 ﬁdei,
2506 5210 2627 5266 quae
2663 5193 2733 5248 sit
2779 5193 2850 5249 ad
2879 5195 3091 5260 Deum;
3120 5191 3212 5264 qui
3267 5191 3413 5247 enim
3471 5191 3691 5247 aliunde

2090 5281 2286 5354 quaerit
2329 5280 2792 5351 justificationem,
2823 5282 2912 5338 vel
2941 5298 3050 5337 non
3105 5297 3298 5336 omnes
3347 5287 3527 5351 partes
3559 5278 3690 5335 fidei

2088 5370 2282 5437 credit,
2315 5370 2404 5427 hic
2433 5369 2598 5426 ﬁdem
2628 5387 2739 5426 non
2769 5371 3024 5427 habetad
3039 5371 3214 5425 Deum
3238 5388 3252 5436 ;
3278 5368 3686 5424 fundamentum

2087 5459 2250 5516 etiam
2279 5460 2554 5517 doctrinae
2600 5462 3028 5534 baptismatum.
3069 5459 3356 5514 Pluraliter
3402 5458 3526 5514 ideo
3555 5459 3690 5514 dicit

2086 5548 2494 5620 baptismatum,
2529 5549 2654 5621 quia
2684 5558 2766 5604 est
2797 5549 3099 5621 baptismus
3142 5549 3198 5603 in
3254 5563 3426 5620 aqua;
3484 5547 3690 5603 dicitur

2086 5638 2248 5695 etiam
2267 5638 2571 5710 baptismus
2591 5639 2648 5693 in
2666 5639 2922 5712 lacrymis
2942 5638 3273 5712 poenitentia:
3287 5657 3302 5704 ;
3317 5636 3475 5692 tertio
3495 5637 3686 5706 modo,

392 5744 416 5776 ι
448 5723 552 5779 Dei
579 5723 828 5792 verbum,
860 5725 1197 5795 virtutesque
1253 5722 1439 5780 saeculi
1485 5723 1720 5791 venturi,
1756 5731 1810 5780 et
1850 5741 1983 5798 pro-
2082 5728 2139 5783 in
2196 5725 2460 5784 effusione
2496 5728 2778 5802 sanguinis
2829 5745 2927 5800 pro
2967 5727 3211 5783 Christo.
3250 5725 3688 5782 Fundamentum

391 5835 415 5861 α
449 5811 590 5884 lapsi
616 5821 758 5882 sunt,
792 5830 984 5871 rursus
1031 5811 1287 5870 renovari
1312 5812 1384 5870 ad
1417 5811 1810 5884 paenitentiam,
1861 5831 1982 5872 rur-

2083 5818 2260 5874 etiam
2350 5818 2738 5890 impositionis
2807 5833 3128 5887 manuum;
3172 5815 3280 5873 nisi
3348 5815 3496 5873 enim
3559 5815 3686 5889 quis
