3928 6458
160 376 242 432 517

831 377 1215 436 EXPOSITIO
1252 377 1328 435 IN
1363 377 1746 436 EPISTOLAS
1785 375 2016 434 PAULI.
2051 407 2122 418 —
2150 375 2225 433 IN
2262 375 2484 432 EPIST.
2531 373 2626 433 AD
2666 374 2825 431 ΗΕΒ.

3365 379 3469 433 518

170 504 330 562 credat
388 505 551 578 quod
613 523 712 579 per
764 506 1163 578 impositionem
1218 522 1413 562 manus
1442 514 1492 562 et
1538 513 1761 577 peccata
1789 506 1838 566 Α
1864 502 2047 560 iterari
2077 519 2186 559 non
2223 509 2421 574 potest,
2455 501 2663 558 scilicet
2679 510 2736 556 ut
2765 501 2886 574 quis
2917 500 2991 556 ibi
3031 509 3346 559 renovetur.
3368 503 3471 561 Re-

172 595 511 662 dimittantur,
548 597 868 668 accipiendo
899 596 1159 668 Spiritum
1189 605 1458 664 sanctum,
1492 603 1546 651 et
1577 604 1766 652 contra

175 686 330 740 futura
382 686 533 740 mala
589 687 924 754 reboremur,
967 685 1054 742 hic
1086 685 1496 742 fundamentum
1526 702 1635 741 non
1663 686 1766 739 ha-

178 775 269 839 bet,
290 774 418 847 quia
448 775 673 830 irritum
697 783 778 831 est
806 775 1068 848 quidquid
1099 773 1537 846 supermdificat;
1572 773 1769 829 funda-

184 872 400 920 mentum
429 864 598 919 etiam
622 865 1057 921 resurrectionis
1087 869 1466 930 mortuorum,
1499 864 1602 918 nisi
1625 863 1767 918 enim

180 954 287 1026 quis
326 953 520 1010 credat
575 953 1033 1010 resurrectionem
1065 953 1265 1008 Christi
1296 951 1545 1009 effecisse
1575 969 1769 1008 resur-

180 1042 464 1099 rectionem
522 1052 881 1109 mortuorum,
914 1041 1075 1098 ﬁdem
1105 1042 1360 1114 perdidit,
1395 1051 1448 1098 et
1479 1058 1586 1098 non
1606 1042 1771 1096 habet

179 1148 331 1205 supra
377 1133 526 1205 quod
574 1131 843 1199 aedificet;
901 1132 1317 1188 fundamentum
1365 1132 1526 1188 etiam
1563 1132 1773 1204 judicii

179 1224 392 1278 wterni.
453 1223 730 1277 Eternum
789 1222 917 1278 dicit
987 1222 1271 1292 judicium,
1332 1222 1457 1294 quia
1508 1221 1773 1293 quidquid

177 1311 260 1366 isti
314 1311 676 1368 constituetur
729 1312 798 1367 de
858 1311 1014 1367 bonis
1077 1313 1191 1367 sive
1220 1311 1396 1381 malis,
1424 1310 1477 1366 in
1509 1318 1771 1366 aeternum

175 1401 405 1457 durabit.
467 1400 574 1469 Qui
633 1408 811 1456 autem
868 1400 1106 1456 futurum
1143 1401 1404 1472 judicium
1437 1416 1546 1455 non
1577 1400 1769 1465 credit,

179 1490 585 1546 fundamentum
616 1507 727 1546 non
753 1491 935 1560 habet,
969 1491 1096 1564 quia
1127 1489 1362 1546 infidelis
1383 1498 1486 1546 est.

248 1581 376 1636 Haec
435 1581 620 1635 omnia
681 1588 966 1653 propterea
1040 1581 1295 1637 dicuntur
1337 1579 1772 1648 fundamentum,

174 1670 299 1742 quia
346 1669 451 1725 nisi
496 1671 613 1727 haec
661 1670 714 1725 in
754 1669 1106 1726 fundamento
1176 1669 1580 1742 praecesserint,
1613 1684 1776 1723 nemo

173 1759 330 1815 aliter
365 1767 544 1831 potest
575 1759 780 1815 bonum
810 1759 1048 1831 Operari.
1093 1760 1220 1815 Haec
1249 1769 1426 1814 autem
1456 1758 1640 1815 omnia
1672 1775 1774 1813 ne-

1868 592 2061 648 novari
2090 593 2233 660 dico,
2265 609 2356 648 eos
2376 594 2470 664 qui
2491 592 2666 647 semel
2683 592 3005 649 illuminati
3026 609 3126 663 per
3148 591 3312 648 fidem
3343 595 3469 666 quia

1868 683 2239 752 crediderunt,
2301 681 2392 753 qui
2436 681 2619 750 etiam,
2678 689 2965 753 postquam
3021 680 3185 737 fidem
3233 683 3473 740 confessi

1869 779 2015 837 sunt,
2061 775 2460 842 gustaverunt,
2510 770 2666 842 quasi
2696 787 2916 826 suavem
2948 780 3165 844 gustum
3199 781 3250 828 et
3266 773 3471 842 jucun-

1869 861 2020 930 dum,
2053 862 2275 916 cmleste
2295 861 2507 916 donum
2531 859 2738 916 scilicet
2759 860 3136 916 remissionem
3159 862 3226 918 de
3245 871 3473 935 peccato

1865 967 1965 1022 per
2013 951 2380 1022 baptismum;
2444 949 2590 1022 quod
2635 949 2836 1004 donum
2870 949 3158 1006 desursum
3192 961 3300 1007 est.
3341 953 3470 1011 Haec

1869 1040 1980 1095 duo
2000 1040 2146 1096 circa
2163 1039 2346 1095 fidem.
2369 1039 2476 1108 Qui
2499 1038 2659 1094 etiam
2680 1041 2828 1111 facti
2862 1044 2999 1096 sunt
3019 1043 3327 1114 participes
3339 1044 3470 1117 Spi-

1874 1131 2022 1186 ritus
2051 1132 2241 1185 sancti
2263 1130 2408 1201 quod
2439 1128 2985 1201 generalinguarum,
3019 1130 3106 1186 vel
3123 1141 3313 1188 caetera
3333 1134 3475 1189 dona

1872 1219 2195 1274 habuerunt.
2231 1217 2337 1288 Qui
2369 1219 2530 1274 etiam
2563 1218 2730 1289 (quod
2756 1219 2934 1288 majus
2964 1220 3068 1291 est)
3097 1226 3477 1292 gustaverant

1874 1309 2253 1364 nihilominus
2314 1325 2473 1380 quam
2529 1324 2630 1363 nos
2685 1309 2911 1377 bonum,
2971 1309 3026 1364 id
3074 1318 3158 1365 est
3180 1311 3478 1380 jucundum

1876 1399 2103 1454 verbum
2127 1400 2241 1464 Dei,
2266 1397 2322 1452 id
2349 1405 2430 1453 est
2450 1397 2789 1452 divinitatem
2810 1399 2924 1453 Filii
2947 1399 3345 1456 intellexerunt.
3371 1401 3479 1470 Qui

1877 1488 2034 1542 etiam
2066 1494 2446 1560 gustaverunt.
2480 1486 2534 1542 id
2565 1495 2648 1542 est
2677 1487 2912 1560 quadam
2933 1489 3319 1561 anticipatione
3348 1509 3481 1563 prae-

1875 1576 2184 1632 libaverunt
2213 1579 2453 1634 virtutes
2485 1578 2715 1633 venturi
2743 1579 2957 1644 swculi,
2991 1579 3045 1633 id
3061 1587 3142 1634 est
3162 1580 3482 1652 impassibi-

1877 1665 2082 1721 litatem
2113 1674 2166 1722 et
2199 1666 2680 1733 immortalitatem,
2714 1683 2809 1722 eos
2840 1667 2932 1740 qui
2962 1668 3120 1724 etiam
3150 1671 3269 1728 haec
3297 1671 3482 1727 omnia

1876 1755 2197 1824 habuerunt,
2231 1760 2288 1812 et
2317 1757 2572 1829 prolapsi
2600 1761 2778 1824 sunt;
2810 1756 3147 1828 impossibile
3205 1767 3258 1815 et
3310 1777 3481 1816 reno-

171 1849 412 1906 cessaria
463 1857 617 1904 erant
665 1849 790 1916 illis,
826 1849 1032 1905 scilicet
1062 1847 1471 1904 fundamentum
1498 1848 1775 1920 pmniten-
1807 1845 1995 1934 Bvari
2051 1845 2239 1899 rursus
2297 1853 2476 1900 motos
2522 1845 2592 1900 ad
2635 1845 3027 1917 paenitentiam,
3062 1856 3116 1903 et
3143 1849 3483 1920 impossibile

173 1939 262 1995 tia:
282 1938 352 1994 ab
373 1939 628 2010 operibus
682 1938 926 2006 mortuis,
961 1938 1088 2011 quia
1117 1947 1483 2011 peccaverant
1512 1937 1772 2012 graviter,

172 2037 228 2084 et
257 2029 403 2084 bona
456 2043 623 2099 opera
671 2045 793 2100 qua:
821 2028 875 2083 in
918 2027 998 2083 eis
1045 2036 1458 2100 prmcesserant,
1511 2028 1649 2083 sicut
1681 2044 1779 2081 su-

172 2133 271 2190 pra
301 2117 407 2184 ait,
440 2118 608 2172 multa
640 2133 737 2172 eos
767 2133 962 2189 passos
1016 2133 1117 2189 pro
1147 2118 1367 2173 Christo
1399 2132 1432 2172 a
1460 2115 1781 2173 contribuli-

172 2207 274 2262 bus
305 2207 437 2274 suis,
474 2207 752 2278 peccando
796 2207 950 2261 irrita
997 2206 1259 2262 fecerant.
1318 2209 1516 2262 Iterum
1549 2206 1684 2261 fides
1712 2205 1780 2260 ad

171 2297 371 2363 Deum,
407 2297 532 2368 quia
560 2296 607 2350 si
637 2296 1005 2368 intelligerent
1034 2297 1307 2368 quomodo
1335 2312 1401 2351 ex
1430 2295 1535 2350 fide
1585 2294 1781 2350 Christi

170 2385 356 2441 omnis
399 2385 714 2454 justificatio
743 2386 1024 2455 habeatur,
1058 2402 1168 2441 non
1197 2392 1534 2442 recurrerent
1559 2386 1626 2440 ad
1667 2385 1780 2440 cir-

167 2474 590 2540 cumcisionem,
649 2475 801 2547 quasi
848 2475 950 2530 sibi
981 2476 1368 2532 necessariam.
1405 2476 1460 2531 Si
1489 2475 1682 2530 iterum
1714 2474 1783 2529 de

171 2565 447 2636 baptismo
478 2564 618 2620 bene
656 2565 800 2620 docti
830 2573 1034 2631 essent,
1086 2565 1360 2638 quomodo
1391 2565 1444 2619 in
1475 2563 1570 2619 illo
1599 2563 1783 2619 omnia

170 2662 408 2726 peccata
462 2653 820 2723 dimittantur,
882 2653 1080 2727 legalia
1111 2653 1504 2710 confiterentur
1533 2670 1657 2710 esse
1687 2670 1783 2708 su—

172 2743 410 2815 perﬂua.
444 2743 501 2798 Si
533 2743 697 2798 etiam
727 2743 929 2799 scirent
959 2744 1232 2816 quomodo
1259 2760 1358 2816 per
1384 2743 1783 2815 impositionem

174 2848 378 2888 manus
427 2832 656 2904 Spiritus
707 2841 931 2888 sanctus
978 2840 1032 2888 et
1061 2833 1249 2904 priora
1280 2833 1529 2902 dimittat,
1563 2840 1616 2888 et
1646 2849 1783 2888 con-

173 2921 342 2978 fortet
371 2930 563 2978 contra
591 2922 863 2978 venientia
910 2923 1049 2977 mala
1106 2939 1216 2978 non
1247 2930 1503 2978 curarent
1545 2922 1774 2990 legalia.

173 3011 232 3067 Si
265 3011 462 3066 iterum
493 3011 956 3068 resurrectionem
987 3011 1187 3067 Christi
1216 3012 1500 3068 crederent
1545 3027 1668 3066 esse
1699 3011 1784 3066 ef-

171 3099 447 3157 ficientem
497 3117 714 3157 causam
781 3109 982 3157 nostrae
1039 3101 1459 3157 resurrectionis
1499 3100 1554 3155 in
1584 3100 1782 3174 gloria,

172 3191 312 3246 nihil
360 3197 560 3262 praeter
608 3190 880 3246 Christum
929 3198 1259 3263 quaererent.
1311 3191 1531 3255 Iterum,
1567 3190 1612 3244 si
1641 3206 1782 3261 peu-

176 3289 365 3335 sarent
412 3280 689 3352 quomodo
718 3280 960 3335 Christus
989 3279 1155 3349 judex
1180 3278 1396 3334 futurus
1424 3280 1491 3334 sit
1521 3279 1784 3348 omnium,

176 3386 281 3440 per
302 3367 465 3424 fidem
493 3368 698 3424 Judicis
719 3368 821 3424 soli
849 3369 1126 3424 studerent
1153 3368 1374 3440 placere
1402 3367 1600 3424 Judici.
1654 3367 1790 3437 Quia

178 3459 268 3514 his
300 3459 556 3514 omnibus
582 3458 916 3532 indigebant,
950 3466 1242 3530 propterea
1273 3457 1384 3513 ait:
1428 3459 1693 3513 Feramur
1719 3458 1788 3512 ad

178 3548 580 3619 perfectionem
632 3548 899 3617 jacientes
955 3547 1120 3617 (sicut
1163 3547 1303 3618 lapis
1349 3546 1404 3602 in
1431 3546 1790 3602 fundamento

172 3637 401 3707 jacitur)
431 3636 842 3692 fundamentum
871 3635 1223 3708 paenitentiae,
1257 3644 1309 3692 et
1339 3635 1643 3708 sequentia,
1678 3636 1790 3693 sic-

178 3735 239 3782 ut
273 3726 517 3798 exposita
552 3734 696 3781 sunt.
737 3726 1008 3782 Jacientes
1057 3725 1181 3782 dico
1211 3742 1320 3782 non
1351 3743 1592 3793 rursum,
1625 3725 1680 3780 id
1711 3733 1794 3781 est

183 3831 304 3872 non
358 3816 551 3871 iterato
606 3815 775 3888 priori
831 3816 1014 3885 modo,
1047 3823 1106 3870 ut
1133 3815 1270 3870 sicut
1298 3815 1450 3886 prius
1473 3815 1706 3885 jecimus
1737 3815 1792 3869 in

180 3905 348 3961 vobis
395 3905 577 3960 omnia
633 3905 770 3972 haec,
833 3913 883 3960 et
929 3904 1086 3960 vobis
1123 3905 1481 3976 peccantibus
1512 3905 1794 3960 destructa

182 4002 319 4050 sunt
366 4011 583 4050 rursum
630 3995 822 4050 eadem
853 3993 1044 4050 iterata
1081 3994 1441 4051 destruantur.
1477 3995 1546 4051 Ut
1591 4010 1794 4050 secun-

184 4085 323 4140 dum
349 4085 494 4140 hanc
543 4083 866 4140 sententiam
915 4083 1048 4139 illud
1096 4101 1318 4140 rursum
1366 4101 1633 4156 negemus
1672 4093 1794 4138 tan-

183 4174 503 4230 tummodo.
533 4173 634 4230 Vel
662 4174 707 4229 si
737 4174 807 4229 ad
839 4174 1022 4229 omnia
1051 4182 1286 4245 ponatur
1305 4174 1546 4248 negatio,
1580 4182 1800 4229 senten-

183 4264 261 4319 tia
295 4273 478 4319 manet
505 4264 694 4321 eadem
725 4263 842 4320 sic:
894 4264 1159 4319 Feramur
1187 4263 1351 4320 modo
1381 4264 1451 4319 ad
1500 4262 1796 4336 perfectio-

181 4370 342 4421 nem,
374 4353 449 4408 ita
480 4361 536 4408 ut
577 4353 747 4408 simus
795 4369 1035 4421 rursum,
1068 4353 1124 4408 id
1155 4361 1238 4409 est
1271 4353 1506 4425 amplius
1531 4353 1799 4424 jacientes

181 4443 608 4498 fundamentum
635 4442 1004 4514 paenitentia;
1045 4443 1209 4498 modo
1249 4443 1468 4514 quidem
1508 4441 1795 4512 jaciemus,

181 4533 293 4589 sed
326 4533 507 4588 videte
544 4549 613 4588 ne
646 4549 863 4588 rursum
892 4541 1139 4604 Oporteat
1161 4533 1373 4602 jacere.
1406 4517 1495 4588 Sic
1522 4533 1590 4587 ad
1621 4531 1801 4588 omnia

1821 3247 1868 3308 Ο

1880 1941 1963 1989 est
1993 1950 2089 1989 eos
2119 1951 2351 1990 rursum
2373 1950 2495 1989 esse
2512 1935 2904 2004 craci/igentes
2924 1937 3132 1993 Filium
3153 1940 3251 1993 Dei
3261 1939 3486 1996 sibimet

1879 2024 2040 2096 ipsis,
2073 2023 2124 2076 id
2152 2031 2234 2078 est
2251 2023 2305 2077 in
2327 2023 2432 2078 alia
2454 2023 2566 2078 vita
2588 2022 2915 2094 impotentes
2946 2024 3158 2082 efﬁcere
3179 2035 3236 2082 ut
3256 2027 3483 2084 ulterius

1879 2111 2057 2168 valeat
2086 2111 2190 2166 sibi
2218 2111 2500 2169 crucifixio
2518 2113 2734 2183 Christi,
2759 2118 2817 2170 et
2843 2131 3060 2170 rursum
3081 2131 3190 2171 non
3215 2115 3484 2174 habentes

1883 2201 2076 2256 Filium
2108 2201 2208 2256 Dei
2257 2203 2532 2270 ostentui,
2582 2202 2637 2256 id
2685 2211 2767 2258 est
2793 2204 3094 2260 ostensioni
3123 2214 3180 2260 ut
3208 2206 3487 2263 imitentur

1879 2291 1994 2360 ejus
2051 2291 2448 2346 ostensionem.
2516 2289 2686 2360 Quasi
2715 2293 2971 2348 diceret:
3029 2295 3265 2351 Rursum
3307 2297 3485 2370 impo-

1883 2387 2060 2435 tentes
2106 2380 2304 2435 imitari
2344 2381 2534 2436 Filium
2570 2381 2694 2436 Dei.
2733 2381 2833 2438 Vel
2863 2382 3020 2438 aliter
3049 2393 3105 2439 ut
3135 2385 3483 2443 iterationem

1882 2470 2140 2540 baptismi
2169 2486 2438 2543 negemus
2468 2470 2522 2524 in
2554 2471 2659 2526 hoc
2686 2487 2846 2526 versu
2870 2487 2882 2526 :
2917 2473 3258 2545 Impossibile
3279 2484 3362 2532 est
3389 2493 3487 2533 eos

1884 2559 1977 2632 qui
2009 2560 2144 2615 tales
2173 2568 2226 2615 et
2275 2559 2412 2615 tales
2459 2560 2698 2628 fuerunt,
2745 2562 2945 2616 nedum
2978 2562 3263 2621 inferiores
3295 2584 3490 2623 rursus

1884 2649 2157 2716 renovari,
2191 2649 2247 2704 id
2278 2657 2360 2704 est
2406 2650 2732 2721 rebaptizari
2779 2659 2958 2707 motos
2986 2653 3056 2708 ad
3087 2655 3482 2725 paenitentiam.

1885 2738 1994 2810 Ipsi
2025 2739 2148 2794 dico
2180 2739 2225 2793 si
2274 2739 2698 2810 rebaptizantur,
2751 2757 2965 2796 rursum
2993 2743 3375 2816 crucifigentes
3406 2746 3488 2802 si-

1885 2827 2189 2899 bimetipsis
2221 2828 2416 2884 Filium
2465 2829 2586 2896 Dei,
2625 2846 2734 2886 non
2775 2831 2921 2903 quod
2952 2832 3006 2886 in
3039 2850 3099 2890 re
3128 2833 3326 2890 iterum
3357 2855 3487 2893 cru-

1887 2916 2128 2988 cifigant,
2190 2918 2288 2973 sed
2347 2918 2402 2973 in
2458 2920 2666 2990 peccati
2722 2921 2967 2992 paritate,
3021 2923 3147 2995 quia
3192 2941 3296 2980 una
3329 2925 3486 2995 fides,

1884 3024 2050 3063 unum
2080 3007 2368 3078 baptisma,
2404 3017 2456 3064 et
2492 3009 2741 3065 Christus
2799 3026 3130 3068 consecrans
3157 3014 3289 3070 illud
3319 3018 3494 3073 semel

1887 3113 1988 3168 pro
2004 3096 2244 3168 peccatis
2261 3097 2463 3153 nostris
2482 3108 2730 3154 mortuus
2742 3107 2844 3155 est.
2861 3101 2990 3156 Ideo
3002 3102 3255 3159 dicuntur
3273 3123 3493 3164 rursum

1888 3185 1992 3241 sibi
2022 3185 2349 3260 crucifigere
2379 3187 2568 3243 Filium
2601 3189 2700 3244 Dei
2730 3190 2962 3261 paritate
2979 3193 3209 3262 peccati,
3251 3195 3398 3267 quia,
3448 3197 3496 3253 si

1891 3275 2042 3347 prius
2069 3290 2170 3347 per
2201 3275 2531 3348 baptismum
2556 3277 2836 3349 justificati
2883 3289 3074 3350 postea
3102 3293 3491 3355 peccaverunt,

1890 3365 2126 3437 primum
2171 3365 2442 3437 baptisma
2492 3375 2682 3438 putant
2703 3377 2994 3440 propterea
3024 3370 3105 3427 sic
3133 3371 3342 3429 irritum
3373 3391 3498 3432 esse

1891 3463 1952 3510 ut
2007 3454 2051 3508 si
2109 3456 2484 3526 pmnitentiam
2515 3457 2584 3512 de
2617 3458 2794 3514 futuro
2823 3459 2892 3513 ad
2915 3459 3356 3529 justificationem
3386 3481 3498 3522 non

1893 3544 2089 3600 valeat.
2139 3545 2205 3598 Hi
2246 3546 2380 3601 tales
2409 3547 2605 3602 iterum
2634 3547 2817 3602 volunt
2849 3548 3172 3622 crucifigere
3201 3549 3512 3624 Christum,

1892 3642 1951 3690 ut
1981 3650 2045 3688 ex
2071 3632 2264 3688 iterata
2297 3635 2648 3692 crucifixione
2674 3636 2928 3692 iteratam
2958 3639 3195 3695 habeant
3218 3643 3498 3701 remissio-

1893 3745 2040 3792 nem,
2099 3726 2404 3781 nescientes
2451 3726 2598 3797 quod
2635 3743 2803 3781 unum
2834 3727 3102 3799 baptisma
3131 3739 3182 3785 et
3213 3749 3317 3786 una
3350 3751 3498 3790 mors

1896 3817 2120 3884 Christi,
2146 3819 2219 3872 ita
2248 3824 2371 3888 post
2403 3823 2683 3887 peccatum
2731 3816 2869 3872 sicut
2899 3825 3021 3873 ante
3052 3819 3420 3890 (solummodo
3453 3824 3500 3880 si

1894 3907 2196 3980 pmniteat),
2229 3906 2298 3962 ad
2317 3903 2990 3985 omnemjustificationem
3022 3909 3272 3966 sufficiat.
3303 3912 3492 3972 Osten-

1895 3997 1972 4052 tui
2000 3997 2056 4052 in
2099 3995 2269 4068 priori
2310 3994 2579 4050 sententia
2624 4010 2727 4066 pro
2754 3996 3051 4053 ostensioni
3084 3998 3339 4058 inusitate
3372 4003 3499 4076 qui-

1897 4088 2023 4142 dem
2053 4087 2290 4158 ponitur,
2326 4085 2424 4140 sed
2445 4085 2578 4140 satis
2608 4085 2747 4141 bene
2778 4094 2862 4141 est
2895 4089 3196 4144 secundum
3225 4092 3499 4165 originem

1899 4177 2088 4232 vocis:
2121 4175 2188 4230 ab
2218 4175 2471 4242 ostendo,
2503 4174 2780 4230 ostendis.
2818 4176 2922 4231 Ubi
2941 4193 3101 4249 supra
3126 4179 3198 4233 ait
3228 4182 3500 4253 prolapsi:

1896 4266 2028 4321 illud
2061 4281 2181 4336 pro,
2215 4264 2542 4338 gravitatem
2573 4279 2732 4320 casus
2765 4264 3037 4337 designat,
3068 4268 3273 4324 scilicet
3313 4271 3368 4326 in
3389 4273 3504 4328 cri-

1899 4354 2121 4411 minale.
2156 4353 2299 4409 Dixit
2329 4353 2581 4424 superius
2610 4353 2852 4409 feramur
2889 4354 2959 4409 ad
3006 4356 3418 4431 perfectionem,
3452 4370 3507 4418 et
3557 4387 3561 4390 ·

1902 4444 2226 4516 quibusdam
2272 4441 2604 4514 interpositis
2653 4442 2914 4511 adjunxit.
2966 4445 3100 4512 Hoc,
3140 4445 3382 4520 inquam,
3415 4450 3506 4506 fa-

1901 4535 2130 4598 ciemus,
2190 4532 2246 4588 id
2306 4540 2388 4588 est
2433 4532 2503 4587 ad
2552 4531 2944 4603 perfectionem
2976 4533 3232 4606 feremur,
3281 4539 3325 4594 si
3357 4541 3506 4597 Deus

180 4630 432 4696 ponatur
461 4622 697 4694 negatio,
733 4631 984 4678 manente
1013 4621 1301 4678 sententia.
1333 4623 1528 4678 Moneo
1561 4621 1804 4677 feramur
1831 4627 1885 4688 D
1905 4623 2237 4697 permiserit,
2300 4631 2353 4678 et
2380 4622 2449 4677 de
2488 4621 2682 4677 eodem
2715 4622 2897 4679 subdit
2923 4639 2936 4678 :
2979 4624 3122 4681 Vere
3153 4625 3208 4682 id
3240 4627 3505 4686 faciemus

182 4713 265 4768 ad
297 4711 694 4785 perfectionem
741 4716 798 4768 et
835 4711 1021 4784 utique
1071 4711 1172 4768 hoc
1201 4712 1502 4784 faciemus,
1533 4712 1589 4767 id
1619 4720 1701 4768 est
1729 4711 1799 4767 ad

181 4800 593 4875 perfectionem
617 4801 871 4868 feremur,
895 4803 943 4858 si
964 4801 1188 4875 quidem
1207 4804 1355 4858 Deus
1369 4803 1720 4875 permiserit,
1745 4800 1800 4856 id

183 4899 277 4947 est
309 4890 360 4946 si
391 4891 447 4946 in
475 4891 586 4947 vita
612 4891 715 4947 hac
763 4890 999 4962 spatium
1044 4890 1382 4948 concesserit
1418 4907 1526 4963 quo
1573 4899 1802 4963 peccata

176 4989 384 5037 nostra
411 4981 623 5053 possint
644 4981 856 5036 redimi.
890 4981 1019 5037 Ideo
1057 4981 1180 5037 dico
1206 4980 1254 5036 si
1296 4982 1445 5036 Deus
1463 4981 1798 5054 promiserit,

180 5073 328 5144 quia
352 5071 694 5143 impossibile
715 5074 799 5127 est
827 5070 882 5124 in
910 5069 1018 5126 alia
1047 5070 1158 5127 vita
1187 5086 1289 5141 per
1315 5069 1686 5141 pmnitentiam
1717 5086 1802 5126 re—

177 5160 428 5227 novari;
466 5160 539 5214 ibi
569 5160 716 5216 enim
747 5159 901 5216 locus
929 5158 1231 5231 accipiendi
1261 5158 1407 5230 quod
1436 5159 1636 5215 meruit
1667 5178 1681 5226 ;
1713 5159 1802 5214 hic

179 5248 351 5305 locus
404 5249 648 5306 3’78
695 5248 961 5304 merendi.
994 5247 1154 5317 Quod
1181 5247 1252 5302 ita
1274 5247 1368 5302 ait.
1403 5248 1459 5303 Si
1488 5249 1635 5304 Deus
1669 5264 1804 5319 per-

181 5339 426 5406 miserit,
477 5339 603 5395 ideo
651 5338 797 5408 dico,
845 5337 974 5410 quia
1024 5336 1081 5391 in
1128 5336 1310 5392 futura
1364 5336 1469 5392 vita
1523 5353 1636 5392 non
1681 5353 1806 5409 per-

177 5428 391 5483 mittet.

265 5517 623 5590 Impossibile
661 5514 806 5571 enim
865 5522 948 5570 est
1002 5513 1254 5570 renovari
1293 5529 1395 5586 per
1423 5521 1802 5586 recuperatam

170 5607 448 5678 justitiam
479 5606 704 5679 aliquos
727 5603 783 5657 in
811 5602 915 5659 alia
944 5603 1054 5660 vita
1080 5612 1260 5660 motos
1289 5604 1359 5659 ad
1386 5603 1762 5676 paenitentiam
1787 5622 1802 5671 ;

177 5699 338 5772 quod
367 5711 640 5757 renovare
669 5708 859 5750 rursus
888 5700 1054 5750 esset.
1088 5694 1187 5751 Hic
1224 5693 1370 5751 enim
1398 5693 1526 5751 licet
1555 5693 1702 5768 quod
1730 5691 1807 5748 ibi

1901 4714 2047 4788 quod
2075 4719 2138 4770 ad
2168 4711 2558 4786 perfectionem
2603 4709 2878 4767 feremur:
2931 4721 2984 4769 et
3007 4715 3214 4784 justum
3252 4727 3335 4774 est
3364 4737 3507 4794 quo-

1899 4804 2050 4860 niam
2081 4808 2236 4860 terra
2266 4803 2453 4859 bibens
2483 4801 2739 4857 imbrem.
2773 4802 2874 4857 Per
2903 4810 3104 4860 terram
3136 4807 3385 4866 homines
3413 4825 3508 4868 ac-

1903 4893 2053 4965 cipit,
2114 4893 2207 4966 qui
2258 4900 2316 4948 ut
2370 4890 2606 4948 fructum
2663 4890 2884 4960 faciant,
2953 4895 3278 4954 excoluntur
3337 4900 3509 4957 verbo

1904 4982 2004 5039 Dei
2018 5023 2032 5038 .

1978 5073 2126 5138 Haec,
2146 5071 2385 5144 inquam,
2406 5081 2550 5128 terra
2567 5072 2761 5130 bibens
2779 5072 3028 5146 imbrem,
3048 5075 3103 5130 id
3122 5084 3204 5132 est
3221 5095 3343 5134 cum
3363 5096 3513 5153 mag-

1904 5177 1977 5217 no
2006 5161 2289 5217 desiderio
2318 5162 2622 5235 suscipiens
2653 5163 2823 5219 divini
2848 5165 3002 5220 verbi
3020 5165 3346 5237 doctrinam,
3373 5169 3517 5227 sicut

1907 5250 2053 5306 enim
2091 5250 2267 5305 imber
2314 5251 2571 5308 siccatam
2617 5261 2670 5308 et
2697 5251 3002 5310 induratam
3026 5264 3222 5313 terram
3255 5258 3508 5328 inebriat,

1907 5339 1985 5396 sic
2006 5339 2236 5395 verbum
2249 5341 2349 5395 Dei
2370 5341 2786 5398 corinduratun:
2807 5343 3132 5402 mollescere
3149 5347 3298 5416 facit,
3313 5357 3365 5405 et
3382 5365 3516 5406 con-

1907 5436 2198 5500 temperat,
2223 5437 2279 5484 ut
2301 5429 2508 5486 fructus
2529 5429 2707 5488 facere
2728 5433 2919 5504 possit.
2943 5435 3133 5503 Terra,
3157 5435 3400 5510 inquam,
3425 5438 3515 5494 bi-

1908 5518 2045 5573 bens
2066 5519 2295 5575 imbrem
2319 5538 2465 5594 saepe
2496 5523 2837 5577 venientem.
2864 5524 3019 5596 Smpe
3032 5525 3156 5582 ideo
3169 5528 3292 5592 quia
3312 5545 3415 5585 nec
3426 5545 3516 5585 as-

1908 5607 2088 5673 sidua,
2111 5624 2179 5664 ne
2193 5609 2434 5676 vilescat,
2451 5597 2726 5667 nécnimis
2749 5626 2936 5684 parca,
2953 5630 3021 5670 ne
3056 5618 3516 5688 Opportunitatem

1910 5695 2274 5756 fructificandi
2301 5700 2530 5769 amittat,
2563 5699 2728 5759 debet
2747 5716 2872 5758 esse
2902 5702 3086 5760 divina
3104 5705 3352 5763 doctrina
3375 5725 3390 5775 ;
3416 5705 3515 5762 sed
