3928 6452
444 344 550 402 519

1004 346 1061 403 S.
1102 342 1457 403 BRUNONIS
1493 340 2144 401 CARTHUSIANORUM
2182 339 2677 400 INSTITUTORIS
2733 342 2889 400 OPP.
2931 343 3107 401 PARS
3145 345 3214 402 II.

3671 349 3773 404 520

448 486 596 543 smpe
615 479 672 527 ut
688 470 757 527 sit
773 471 1129 544 opportunior
1157 470 1411 543 utrinque
1460 477 1893 541 contemperata.
1936 469 2123 528 νει-Λ
2151 481 2317 537 opere
2368 483 2489 523 suo.
2549 468 2897 525 Ministrastis
2954 470 3087 526 olim
3139 479 3193 525 et
3246 470 3425 527 adhuc
3480 470 3538 525 in
3568 471 3765 528 eodem

447 559 689 615 nientem
743 578 914 634 super
942 577 1019 627 se,
1068 560 1196 632 quia
1223 568 1277 615 et
1307 576 1336 614 a
1382 560 1499 615 Deo
1530 567 1582 615 et
1611 576 1643 614 a
1674 558 1933 629 praelatis,
1968 557 2059 630 qui

449 650 763 721 superiores
791 658 916 705 sunt
946 649 1000 704 in
1030 649 1297 715 Ecclesia,
1329 648 1612 704 descendit
1631 648 1899 704 doctrina.
1924 648 2060 703 Ter-

446 754 524 808 ra,
559 739 798 810 inquam,
831 738 913 795 sic
943 739 1136 794 bibens
1165 738 1399 794 imbrem
1420 742 1475 793 et
1498 754 1779 808 generans
1803 737 2053 803 herbam,

447 826 503 881 id
542 834 625 882 est
656 827 888 883 fructum
933 828 1062 883 boni
1110 828 1315 898 operis.
1350 826 1592 882 Herbam
1625 827 1752 882 dico
1780 833 2055 898 opportu-

446 933 585 971 nam
611 916 731 972 illis
754 934 789 972 a
816 917 1016 988 quibus
1047 918 1275 981 colitur,
1303 915 1356 971 id
1377 923 1459 971 est
1489 915 1941 986 praedicatoribus
1963 916 2057 986 qui

446 1021 564 1060 eam
597 1004 879 1062 excolunt.
921 1006 1296 1077 Opportunam
1329 1004 1457 1059 ideo
1487 1004 1618 1076 quia
1656 1004 1785 1061 facit
1814 1020 1923 1059 non
1951 1004 2055 1058 de-

442 1110 727 1165 generem,
762 1095 861 1150 sed
910 1094 1144 1149 fructum
1189 1093 1506 1160 divinitatis,
1550 1093 1607 1148 id
1640 1102 1723 1147 est
1751 1093 2054 1149 secundum

446 1183 594 1254 quod
622 1183 890 1240 docentur
918 1182 1154 1254 operari,
1188 1192 1241 1238 et
1269 1183 1453 1239 vident
1484 1183 1537 1237 in
1568 1183 1885 1238 doctoribus
1905 1181 2044 1236 suis.

441 1271 591 1339 Haec,
624 1272 867 1345 inquam,
901 1281 1046 1327 terra
1076 1272 1154 1327 sic
1185 1288 1459 1343 generans
1478 1273 1687 1344 accipit
1707 1271 2054 1327 benedictio-

441 1377 594 1431 nem,
629 1361 683 1416 id
714 1370 797 1416 est
825 1361 1331 1433 multiplicationem
1384 1361 1650 1416 bonorum
1681 1379 1717 1417 a
1746 1363 1872 1417 Deo.
1905 1359 2054 1415 Bona

441 1456 586 1505 terra
613 1450 812 1522 accipit
840 1450 1296 1507 benedictionem.
1338 1452 1506 1506 Terra
1544 1454 1738 1505 autem
1759 1452 2055 1521 proferens

438 1541 633 1611 spinas
662 1557 729 1596 ac
760 1540 1015 1606 tribulos,
1038 1541 1272 1612 reproba
1297 1542 1402 1595 est.
1432 1538 1528 1594 Vel
1551 1539 1596 1593 si
1617 1538 1845 1593 habetur
1875 1540 2051 1605 enim,

435 1627 511 1683 ita
523 1629 789 1702 jungatur
818 1645 929 1685 non
981 1636 1188 1684 mutata
1217 1628 1506 1684 sententia.
1553 1629 1695 1684 Vere
1735 1635 1901 1692 terra,
1934 1643 2040 1700 ge-

435 1733 637 1773 nerans
667 1717 897 1773 herbam
935 1726 1298 1789 opportunam
1343 1716 1542 1788 accipit
1571 1715 2035 1772 benedictionem.

435 1806 576 1861 Nam
605 1814 750 1862 terra
776 1805 1064 1878 proferens
1093 1806 1279 1877 spinas
1307 1821 1373 1863 ac
1399 1805 1629 1861 tribulos
1658 1806 1897 1875 reproba
1926 1812 2034 1860 est.
2064 1834 2117 1895 Β

441 1894 513 1951 3
527 1894 682 1951 '79
706 1893 1018 1961 Proferens,
1054 1903 1204 1950 notat
1225 1902 1336 1950 tam
1361 1894 1504 1950 male
1523 1909 1773 1965 peccare,
1794 1901 1850 1948 ut
1871 1908 2043 1965 pravo

435 1983 688 2054 exemplo
719 1992 1030 2054 corrumpat
1074 1982 1233 2038 alios.
1266 1983 1372 2038 Per
1410 1983 1617 2053 spinas,
1651 1989 1875 2053 peccata
1896 1982 2048 2038 acci-

433 2072 516 2143 pit
545 2071 725 2127 minus
757 2073 1096 2146 pungentia;
1126 2089 1226 2144 per
1251 2072 1482 2127 tribulos
1503 2071 1618 2143 (qui
1648 2071 1892 2143 asperius
1911 2088 2047 2142 pun-

437 2162 595 2232 gunt)
655 2161 939 2236 graviora.
1002 2162 1190 2231 Terra,
1221 2161 1464 2233 inquam,
1517 2160 1705 2232 spinas
1732 2176 1798 2216 ac
1816 2160 2045 2215 tribulos

433 2248 729 2321 proferens
777 2251 1016 2322 reproba
1074 2259 1176 2317 est,
1210 2250 1267 2306 id
1302 2258 1386 2306 est
1411 2249 1632 2305 inimica
1660 2250 1797 2317 Deo,
1824 2253 1883 2305 et
1907 2266 2036 2321 pro-

434 2341 599 2395 xima
628 2340 952 2407 maledicto,
986 2339 1040 2394 id
1070 2347 1154 2394 est
1181 2338 1492 2410 perditioni.
1537 2338 1640 2395 Ubi
1669 2338 1745 2393 ait
1772 2338 2039 2409 proxima,

433 2426 705 2499 signiﬁcat
731 2444 952 2500 poenam
982 2428 1205 2500 quidem
1232 2445 1404 2500 pr0pe
1434 2445 1575 2492 esse,
1609 2427 1707 2483 sed
1744 2427 1923 2483 adhuc
1945 2444 2043 2499 per

433 2516 809 2588 pmnitentiam
854 2534 1019 2589 posse
1063 2516 1318 2573 evadere.
1386 2516 1825 2582 Consummatio,
1857 2515 1909 2570 id
1956 2524 2040 2572 est

434 2602 558 2661 finis
587 2608 751 2679 cujus
788 2606 1038 2678 reprobus
1067 2614 1231 2662 terra:
1263 2605 1364 2661 erit
1386 2606 1451 2661 in
1493 2605 1960 2672 combustionem,
1982 2604 2037 2660 id

427 2702 511 2751 est
539 2695 597 2750 in
623 2703 942 2767 perpetuum
971 2694 1157 2768 ignem
1186 2694 1291 2749 nisi
1338 2693 1611 2766 pmniteat.
1663 2694 1813 2749 ldcm
1842 2710 2037 2749 versus

427 2782 692 2858 proxima:
721 2784 912 2839 litterae
940 2784 1309 2855 conjungitur,
1342 2799 1450 2839 non
1482 2790 1666 2839 tamen
1695 2782 1773 2838 sic
1802 2782 2025 2839 idonee.

429 2874 572 2930 Vere
602 2873 657 2928 in
688 2873 794 2929 alia
820 2873 932 2930 vita
976 2889 1139 2930 nemo
1168 2880 1350 2945 potest
1387 2872 1638 2929 renovari
1666 2872 1733 2927 ad
1755 2872 2033 2943 paeniten-

429 2961 560 3017 tiam
588 2980 604 3029 ;
655 2977 782 3017 nam
841 2969 1005 3028 terra,
1059 2961 1115 3016 id
1164 2970 1246 3016 est
1275 2962 1440 3016 homo
1469 2960 1525 3016 in
1554 2961 1658 3017 hac
1686 2960 1795 3016 vita
1824 2968 2032 3015 tantum

427 3050 564 3105 bibit
593 3049 899 3106 venientem
933 3050 1185 3115 imbrem,
1220 3050 1277 3105 id
1306 3058 1389 3106 est
1414 3058 1593 3120 potest
1622 3049 1721 3104 niti
1745 3051 1815 3105 ad
1836 3066 2029 3105 emen-

428 3137 727 3196 dationem.
787 3139 889 3195 Hic
934 3139 1080 3195 enim
1109 3138 1263 3195 locus
1291 3138 1558 3207 merendi,
1592 3138 1668 3193 ibi
1696 3138 2017 3210 recipiendi.

426 3226 528 3284 Vel
582 3227 885 3285 secundum
939 3227 1104 3283 aliam
1156 3227 1499 3295 sententiam,
1564 3227 1902 3299 impossibile
1945 3235 2028 3283 est

426 3316 703 3384 renovari,
735 3316 792 3373 id
822 3324 905 3372 est
930 3315 1273 3388 rebaptizari.
1329 3317 1467 3372 Nam
1515 3324 1662 3371 terra
1692 3316 1862 3371 semel
1892 3316 2026 3372 bibit

424 3404 678 3473 imbrem,
736 3405 792 3462 id
849 3414 932 3462 est
970 3406 1134 3463 homo
1166 3405 1337 3462 semel
1363 3404 1589 3477 suscipit
1616 3421 1818 3478 aquam
1844 3405 2024 3477 bapti-

424 3495 635 3553 amatis.

495 3583 634 3654 Quia
663 3583 794 3640 satis
823 3584 1031 3640 duriter
1050 3600 1147 3640 eos
1167 3582 1487 3655 increpavit,
1519 3582 1710 3640 dicens
1748 3582 2021 3654 superius,

420 3690 547 3733 cum
603 3674 875 3730 deberetis
932 3690 1057 3730 esse
1100 3673 1384 3747 magistri;
1432 3689 1650 3728 rursum
1679 3672 1934 3745 indigetis
1965 3680 2026 3728 ut

419 3762 749 3829 doceamini,
782 3770 888 3819 etc.
920 3763 1027 3818 Per
1055 3763 1161 3819 hoc
1193 3761 1388 3817 iterum
1418 3761 1563 3833 quod
1591 3776 1766 3833 prope
1797 3761 1931 3816 dixit
1951 3762 2021 3818 de

417 3850 801 3908 benedictione
832 3851 989 3907 bonae
1018 3858 1199 3917 terrae,
1247 3849 1417 3905 suasit
1446 3849 1526 3904 eis
1556 3848 1785 3906 fructum
1813 3866 2021 3923 oppor-

418 3939 613 3996 tunum
668 3939 869 4007 facere,
931 3948 985 3996 et
1014 3956 1113 4011 per
1168 3938 1500 3995 contrarium
1554 3938 1835 4007 deterruit,
1877 3955 2023 3997 nunc

420 4028 692 4085 blanditur
736 4029 837 4095 eis,
896 4038 955 4084 ut
1002 4028 1140 4085 sicut
1185 4027 1348 4083 minis
1394 4028 1691 4097 concussit,
1752 4029 1827 4083 ita
1856 4028 2021 4085 modo

419 4117 604 4176 foveat
628 4117 1032 4189 blandimentis,
1062 4117 1286 4175 dicens:
1328 4118 1570 4174 Tametsi
1598 4119 1684 4173 ita
1714 4119 2019 4191 loquimur,

425 4208 767 4281 increpando
793 4225 893 4266 vos
924 4207 1198 4280 superius,
1229 4214 1431 4273 tamen,
1464 4223 1498 4262 ο
1536 4206 1898 4264 dilectissimi
1917 4223 2020 4264 nos

414 4298 753 4369 conﬁdimus
783 4298 851 4354 de
880 4299 1025 4355 vobis
1058 4297 1315 4364 meliora,
1349 4312 1515 4369 quam
1560 4296 2015 4366 combustionem,

414 4392 472 4444 et
501 4388 777 4445 viciniora
805 4387 987 4444 saluti
1016 4394 1231 4453 vestrae,
1266 4402 1431 4458 quam
1481 4384 1588 4440 sint
1633 4385 1806 4456 spinae
1835 4393 1888 4441 et
1916 4385 2018 4441 tri-

414 4476 546 4533 buli.
580 4477 683 4534 Ubi
710 4477 784 4531 ait
812 4477 879 4533 de
902 4476 1069 4543 vobis,
1103 4473 1373 4549 significat
1404 4474 1565 4529 talem
1614 4482 1863 4530 naturam
1892 4490 2016 4531 esse

2160 555 2325 611 estis:
2349 558 2611 628 cupimus
2650 563 2847 614 autem
2868 558 2933 614 de
2982 558 3163 615 futuro
3181 577 3639 634 unumquemque
3670 577 3766 617 ve-

2159 648 2364 711 strum,
2399 650 2468 701 ut
2494 663 2598 702 nec
2630 663 2781 703 unus
2812 648 2959 704 desit
2988 649 3055 704 ab
3112 649 3216 706 hoc
3261 666 3424 722 opere
3451 655 3763 716 ostentare,

2157 731 2213 788 id
2243 741 2325 789 est
2353 733 2667 807 frequenter
2688 737 2980 792 ostendere
3010 738 3262 794 eamdem
3319 740 3767 795 sollicitudinem

2159 821 2579 878 administrandi
2599 824 2805 880 sanctis
2820 842 2990 898 usque
3013 828 3075 881 in
3094 827 3270 897 ﬁnem
3288 835 3551 883 vestrum.
3568 827 3770 893 Osten-

2157 916 2275 966 tare
2304 910 2429 967 dico
2459 912 2529 968 ad
2561 913 2926 983 expletionem
2958 915 3095 985 spei,
3129 915 3183 970 id
3213 924 3296 971 est
3323 915 3379 970 in
3407 916 3590 971 futura
3627 917 3767 972 bea-

2156 998 2384 1056 titudine
2442 1002 2780 1073 compleatur
2826 1003 2883 1058 in
2924 1003 3080 1060 vobis
3124 1005 3272 1081 quod
3302 1005 3467 1061 modo
3496 1006 3758 1077 speratis.

2157 1088 2239 1143 lta
2265 1090 2515 1159 cupimus
2548 1100 2843 1161 ostentare,
2876 1097 2941 1149 ut
2968 1110 3076 1149 non
3106 1095 3436 1165 e/ﬁciamini
3473 1112 3671 1166 segnes
3709 1095 3765 1150 in

2155 1175 2263 1233 hac
2301 1177 2689 1245 sollicitudine,
2722 1180 2817 1235 sed
2839 1180 2956 1235 sitis
2986 1182 3310 1238 imitatores
3333 1198 3548 1251 eorum,
3595 1183 3653 1238 id
3682 1191 3767 1239 est

2155 1274 2469 1323 sanctorum
2486 1269 3008 1341 quihcereditabunt
3019 1271 3439 1342 promissiones,
3462 1271 3517 1327 id
3537 1280 3621 1326 est
3638 1288 3769 1342 pro-

2154 1355 2355 1412 missas
2386 1356 2786 1412 beatitudines:
2820 1375 2928 1413 non
2959 1367 3186 1430 pr0pter
3214 1376 3411 1432 genus,
3446 1361 3543 1416 sed
3573 1361 3686 1430 ﬁde
3706 1365 3768 1417 et

2152 1446 2460 1517 patientia,
2504 1446 2559 1500 id
2608 1454 2689 1502 est
2734 1463 2832 1518 per
2860 1445 3045 1517 fidem,
3076 1456 3131 1504 et
3159 1448 3288 1521 quia
3317 1449 3409 1505 diu
3440 1449 3765 1506 sustinendo

2151 1548 2262 1589 non
2293 1532 2513 1590 fuerunt
2532 1534 2757 1609 fatigati.

2228 1621 2369 1691 Quia
2422 1623 2634 1680 sciebat
2691 1624 2897 1680 Paulus
2927 1624 3156 1682 multum
3184 1625 3405 1698 placere
3432 1626 3540 1683 illis
3570 1627 3618 1682 si
3647 1642 3758 1699 pa-

2151 1711 2324 1766 tribus
2380 1728 2572 1768 eorum
2600 1712 2807 1769 diceret
2855 1714 3245 1785 repromissam
3274 1714 3526 1782 salutem,
3558 1716 3654 1783 ait,
3690 1732 3757 1773 ac

2151 1798 2197 1855 si
2224 1800 2453 1873 quilibet
2480 1801 2844 1875 interrogaret
2869 1818 2881 1857 :
2906 1803 3113 1860 Suntne
3134 1804 3292 1861 factae
3310 1805 3711 1877 promissiones
3728 1804 3759 1859 ?

2153 1888 2289 1944 Sunt
2320 1889 2544 1961 utique;
2577 1907 2704 1946 nam
2759 1893 3012 1948 Abrahae.
3071 1895 3138 1949 Et
3166 1894 3269 1948 tria
3299 1894 3579 1967 subjungit
3605 1894 3756 1967 quod

2151 1986 2203 2037 et
2230 1979 2625 2049 promissiones
2657 1980 2809 2036 facta:
2839 1981 2965 2048 sint,
3001 1990 3054 2037 et
3081 1998 3182 2053 per
3201 1982 3583 2052 jusjurandum
3618 2000 3755 2039 con-

2149 2064 2399 2134 ﬁrmatae,
2434 2076 2487 2123 et
2516 2068 2570 2122 in
2601 2069 2876 2124 Abraham
2926 2070 3039 2139 jam
3069 2070 3306 2143 impletae
3343 2072 3574 2129 dicens:
3605 2074 3755 2129 Deus

2143 2158 2491 2229 promittens
2521 2159 2758 2214 Abrahae
2776 2160 3003 2230 juravit
3022 2177 3124 2231 per
3142 2162 3528 2233 semetipsum,
3547 2169 3602 2217 et
3622 2162 3753 2217 ideo

2144 2261 2246 2316 per
2261 2246 2636 2317 semetipsum,
2658 2248 2918 2320 quoniam
2941 2252 3229 2305 neminem
3264 2250 3461 2306 habuit
3474 2252 3752 2321 majorem

2140 2350 2245 2405 per
2299 2351 2463 2406 quem
2508 2337 2775 2407 juraret;
2812 2345 2867 2391 et
2909 2338 3125 2409 quare?
3164 2338 3293 2393 Ideo
3333 2338 3459 2411 quia
3486 2340 3752 2409 majorem

2142 2438 2252 2477 non
2280 2424 2488 2493 habuit,
2520 2441 2619 2495 per
2648 2441 2710 2481 se
2748 2425 2967 2496 juravit,
3006 2426 3220 2495 subdet,
3252 2428 3351 2482 sed
3380 2427 3547 2487 verba
3571 2428 3749 2497 juris-

2133 2509 2358 2580 jurandi
2403 2513 2719 2583 praemittit:
2760 2514 3749 2587 juravit,inquam,dicens:OAbra-

2139 2599 2266 2654 ham
2296 2602 2413 2656 nisi
2453 2601 2778 2658 benedicam
2809 2607 2883 2672 te,
2932 2603 2988 2658 id
3008 2612 3093 2658 est
3123 2604 3461 2661 incremento
3490 2605 3749 2661 virtutum

2138 2688 2386 2745 ditavero
2417 2697 2467 2745 te
2496 2690 2553 2744 in
2583 2691 2682 2746 hac
2713 2691 2840 2747 vita.
2873 2692 3195 2749 Benedicam
3218 2693 3361 2761 dico,
3387 2694 3746 2761 benedicens,

2136 2774 2191 2831 id
2222 2784 2304 2832 est
2331 2777 2405 2833 ita
2434 2786 2492 2833 ut
2522 2778 2578 2832 in
2606 2778 2784 2836 ofﬁcio
2819 2780 3176 2836 benedicendi
3206 2798 3424 2852 semper
3466 2798 3746 2853 maneam,

2134 2870 2191 2922 et
2216 2866 2323 2920 nisi
2376 2868 2767 2940 multiplicabo
2798 2877 2849 2924 te
2878 2869 2933 2924 in
2961 2868 3144 2926 futura
3189 2871 3523 2927 beatitudine
3554 2889 3748 2928 remu-

2132 2955 2378 3011 nerando
2407 2954 2569 3011 fidem
2623 2965 2787 3012 tuam.
2819 2957 3204 3029 Multiplicabo,
3252 2959 3498 3031 inquam,
3529 2962 3747 3017 multi-

2129 3044 2374 3116 plicans,
2407 3044 2461 3099 id
2491 3054 2574 3100 est
2620 3062 2732 3101 non
2761 3047 2921 3117 hujus
2952 3047 3417 3119 multiplicationis
3449 3048 3614 3105 ﬁnem
3642 3049 3736 3107 fa-

2130 3132 2282 3188 ciens
2312 3133 2420 3187 nisi
2454 3134 2559 3190 hoc
2616 3133 2819 3202 fecero,
2853 3134 3111 3208 (defectio
3140 3136 3449 3209 locutionis)
3479 3148 3745 3210 sequatur

2060 3196 2108 3257 θ
2130 3221 2492 3294 quodcunque
2522 3196 2933 3280 inconveniens.
2975 3226 3046 3281 Et
3070 3226 3152 3282 sic
3173 3196 3451 3283 Abraham
3471 3196 3746 3285 certiﬁca-

2128 3317 2236 3377 tus,
2270 3311 2547 3367 Abraham
2595 3315 2787 3384 ferens
2839 3315 3261 3386 longanimiter,
3306 3316 3430 3388 quia
3479 3324 3534 3372 et
3559 3317 3657 3373 diu
3687 3325 3748 3374 et

2125 3398 2296 3455 multa
2314 3400 2545 3456 adversa
2574 3402 2845 3467 sustinuit.
2887 3404 3129 3477 adeptus
3172 3409 3260 3461 est
3291 3405 3507 3462 tandem
3538 3423 3740 3479 repro-

2125 3491 2476 3561 missionem,
2533 3491 2589 3545 id
2645 3500 2904 3563 estsaepe
2932 3493 3261 3564 promissam
3307 3494 3730 3552 beatitudinem.

2127 3577 2257 3634 Ideo
2308 3578 2511 3648 juravit
2548 3579 2677 3651 quia
2731 3581 2896 3637 homo
2939 3581 3101 3651 jurat.
3162 3582 3291 3638 Ideo
3345 3599 3444 3654 per
3490 3600 3572 3651 se,
3604 3586 3739 3657 quia

2127 3668 2304 3737 major
2328 3683 2395 3724 eo
2423 3684 2533 3725 non
2553 3676 2637 3724 est
2660 3688 2676 3737 ;
2702 3669 2958 3727 homines
2980 3672 3134 3727 enim
3150 3671 3615 3744 380jurant
3629 3691 3741 3747 per

2124 3759 2399 3821 maiorem
2420 3760 2552 3826 sui;
2580 3758 2705 3815 ideo
2734 3759 2881 3814 Deus
2911 3767 3036 3831 post
3078 3760 3499 3831 promissionem
3522 3763 3742 3833 juravit

2124 3846 2572 3903 condescendens
2592 3848 2973 3904 consuetudini
3007 3848 3308 3913 hominum,
3334 3867 3569 3923 quorum
3598 3869 3739 3908 usus

2123 3943 2207 3990 est
2263 3943 2441 3991 certos
2469 3934 2588 3993 fieri
2617 3953 2718 4009 per
2739 3937 3143 4007 jusjurandum,
3175 3939 3314 3996 sicut
3339 3941 3501 3996 Iesus
3529 3940 3733 3997 diebus

2123 4024 2238 4080 suis
2293 4025 2597 4081 secundum
2644 4042 2851 4083 morem
2880 4026 3024 4082 illius
3068 4027 3329 4102 regionis,
3358 4029 3413 4084 in
3452 4030 3735 4101 parabolis

2121 4122 2176 4169 et
2205 4113 2646 4171 similitudinibus
2695 4115 3020 4188 loquebatur
3048 4116 3174 4186 illis,
3197 4134 3320 4173 cum
3338 4126 3521 4174 tamen
3536 4119 3734 4189 jurare

2120 4202 2222 4257 Dei
2249 4202 2384 4257 nihil
2410 4203 2555 4258 aliud
2585 4204 2675 4271 sit,
2707 4220 2871 4277 quam
2892 4203 3302 4263 immutabiliter
3330 4207 3593 4264 stabilire.
3620 4210 3738 4266 Ho—

2119 4291 2297 4347 mines
2319 4292 2509 4361 jurant
2537 4310 2640 4364 per
2664 4294 2926 4363 majorem
2955 4294 3058 4363 sui,
3110 4299 3169 4351 et
3191 4295 3558 4365 juramentum
3589 4298 3731 4367 ﬁnis

2122 4384 2213 4436 est
2234 4384 2420 4437 omnis
2448 4385 2871 4451 controversiae,
2903 4383 2957 4438 id
3006 4392 3089 4439 est
3114 4384 3482 4441 altercationis
3511 4402 3702 4443 eorum
3708 4429 3727 4457 ,

2120 4468 2311 4524 valens
2368 4470 2435 4525 ad
2493 4469 2961 4528 confirmationem
3019 4473 3241 4529 alterius
3268 4475 3461 4546 partis,
3505 4478 3569 4532 in
3597 4494 3726 4549 quo,

411 4565 470 4622 in
499 4566 599 4633 eis,
632 4583 752 4640 quae
774 4566 842 4622 sit
867 4565 1064 4622 idonea
1094 4563 1444 4622 correctioni.
1474 4563 1701 4620 Meliora
1722 4572 1775 4619 et
1792 4563 2017 4620 vicinio-
2038 4563 2092 4625 D
2122 4557 2333 4614 scilicet
2359 4575 2462 4629 per
2484 4560 2873 4631 juramentum,
2917 4563 3062 4618 Deus
3090 4564 3281 4620 volens
3328 4564 3726 4622 abundantius

411 4668 467 4707 ra
497 4651 615 4707 haec
662 4652 998 4723 comparatio
1041 4665 1152 4705 non
1181 4649 1241 4705 fit
1280 4649 1422 4704 inter
1449 4647 1842 4720 participantia.
1874 4648 2015 4705 Pro-

411 4747 603 4814 pterea
658 4741 727 4796 de
772 4739 927 4798 vobis
982 4737 1309 4795 conﬁdimus
1353 4737 1482 4810 quia
1519 4737 1689 4792 multa
1718 4737 1862 4793 bona
1882 4738 2015 4793 olim

410 4830 618 4902 operati
648 4829 819 4897 estis;
853 4845 974 4901 quae
1005 4828 1049 4883 si
1082 4828 1396 4901 (postquam
1455 4825 1834 4897 poenitueritis)
1867 4828 2012 4883 Deus

408 4935 517 4974 non
541 4918 885 4983 retribueret,
911 4916 1141 4986 injustus
1171 4923 1335 4982 esset,
1370 4915 1470 4970 sed
1507 4916 1654 4971 Deus
1674 4931 1791 4971 non
1812 4920 1897 4972 est
1914 4916 2013 4972 in-

399 5008 593 5079 justus
610 5010 675 5061 ut
696 5006 1061 5061 obliviscatur
1081 5006 1265 5074 operis
1280 5005 1457 5059 vestri
1474 5024 1492 5070 ;
1515 5019 1623 5075 quo
1635 5003 1817 5058 omnia
1833 5012 2014 5059 vestra

409 5094 660 5150 omnibus
688 5092 999 5150 communia
1055 5090 1282 5157 fecistis,
1317 5095 1373 5146 et
1401 5091 1722 5147 dilectionis
1752 5091 1875 5163 quia
1908 5093 2013 5149 hoc

408 5198 544 5255 opus
572 5198 684 5237 non
712 5180 945 5249 timoris,
978 5180 1078 5235 sed
1108 5178 1498 5247 exldilectione
1528 5179 1816 5251 processit,
1840 5197 2010 5252 quam

407 5271 753 5327 dilectionem
765 5269 1095 5327 ostendistis
1112 5269 1174 5324 in
1192 5269 1426 5324 nomine
1439 5270 1637 5341 ipsius,
1659 5268 1711 5323 id
1730 5277 1812 5325 est
1825 5269 1894 5325 ad
1911 5270 2013 5325 ho-

405 5375 595 5416 norem
627 5359 748 5416 Dei.
768 5358 966 5429 Operis
993 5356 1164 5415 vestri
1194 5357 1333 5412 bene
1355 5356 1497 5424 dico,
1535 5359 1668 5430 quia
1688 5366 1871 5413 vestra
1892 5360 2008 5413 mi-

402 5450 697 5506 nistrastis
729 5448 966 5518 sanctis,
1000 5451 1056 5503 et
1085 5447 1262 5505 adhuc
1288 5446 1479 5503 eadem
1512 5445 1803 5503 dilectione
1828 5447 2006 5502 mini-

402 5540 660 5596 strastis.
723 5537 944 5610 Triplex
974 5537 1176 5593 bonum
1232 5543 1382 5593 notat
1406 5535 1463 5590 in
1494 5535 1593 5602 eis,
1627 5536 1834 5592 scilicet
1866 5552 2005 5607 Opus

401 5628 624 5699 bonum,
683 5635 737 5685 et
794 5626 1141 5685 dilectionem
1195 5634 1249 5684 et
1302 5623 1766 5683 honoriﬁcentiam
1810 5624 1909 5680 Dei
1947 5624 2004 5680 in

2118 4651 2431 4704 ostendere.
2463 4649 2823 4706 Abundanter
2854 4650 3001 4706 enim
3030 4668 3131 4723 per
3158 4653 3599 4724 promissionem,
3624 4655 3725 4710 sed

2115 4736 2480 4792 abundantius
2507 4739 2745 4794 ostendit
2774 4755 2873 4811 per
2894 4739 3285 4809 juramentum.
3312 4742 3511 4797 Volens
3540 4750 3729 4798 osten-

2114 4825 2244 4881 dere
2264 4827 2745 4895 immobilitatem,
2777 4827 2832 4883 id
2863 4837 2946 4883 est
2967 4829 3455 4887 immutabilitatem
3486 4833 3571 4886 sui
3598 4848 3733 4889 con-

2115 4914 2241 4970 silii.
2301 4915 2599 4972 Consilium
2651 4917 2751 4973 Dei
2780 4918 2880 4972 fuit
2928 4919 3097 4991 (quod
3128 4919 3213 4975 vix
3240 4920 3409 4993 aliqui
3437 4937 3723 4995 cognove-

2113 5003 2261 5075 rant)
2291 5021 2391 5076 per
2419 5003 2584 5061 ﬁdem
2605 5006 2801 5061 Christi
2831 5007 3043 5064 salvare
3071 5008 3340 5065 homines.

2184 5093 2321 5162 Hoc,
2354 5093 2600 5165 inquam,
2632 5096 2916 5151 consilium
2949 5098 3245 5153 ostendens
3292 5098 3572 5156 immobile
3600 5100 3723 5157 hie-

2111 5180 2336 5237 redibus
2353 5183 2809 5253 pollicitationis,
2833 5184 2887 5239 id
2901 5193 2984 5239 est
3000 5185 3719 5258 frequentispromissionis,

2106 5270 2301 5339 posuit
2316 5271 2731 5341 jusjurandum
2757 5274 2913 5328 inter
2941 5273 3357 5344 promissionem
3378 5284 3431 5331 et
3451 5276 3723 5348 impletio-

2109 5372 2237 5411 nem
2266 5358 2525 5413 medium.
2558 5360 2642 5415 Ad
2670 5361 2775 5416 hoc
2800 5361 2997 5432 posuit,
3031 5367 3099 5418 ut
3113 5380 3219 5436 per
3237 5365 3378 5420 duas
3408 5382 3498 5421 res
3519 5368 3723 5423 immo-

2107 5445 2267 5515 biles,
2318 5446 2526 5503 scilicet
2553 5464 2652 5519 per
2704 5450 3124 5520 promissionem
3155 5460 3207 5506 et
3231 5452 3627 5523 jusjurandum,
3662 5455 3720 5509 in

2106 5534 2304 5605 quibus
2321 5536 2661 5609 impossibile
2692 5542 2777 5594 est
2803 5540 3042 5595 mentiri
3070 5542 3267 5610 Deum,
3289 5542 3417 5613 quia
3434 5543 3611 5598 necin
3633 5543 3718 5597 al-

2107 5627 2226 5678 tero
2251 5641 2265 5690 ;
2295 5640 2397 5695 per
2423 5625 2518 5682 has
2545 5626 2684 5682 duas
2713 5643 2804 5683 res
2834 5628 3140 5686 habeamus
3169 5632 3442 5687 solatium
3464 5632 3721 5702 fortissi-
