3928 6426
223 313 331 368 521

920 306 1302 365 EXPOSITIO
1342 305 1417 362 IN
1455 302 1833 362 EPISTOLAS
1872 300 2094 362 PAULI.
2135 335 2204 347 —
2243 306 2318 362 IN
2354 306 2574 363 EPIST.
2616 307 2711 363 AD
2741 305 2899 363 ΗΕΒ.

3454 303 3559 361 522

223 450 412 501 mum,
442 435 500 490 id
529 442 618 491 est
646 435 801 507 quod
831 434 886 489 in
915 433 1062 490 omni
1081 432 1407 494 adversitate
1436 431 1607 487 fortes
1635 447 1738 486 nos
1770 431 1852 486 fa-
1878 434 1935 494 Α
1960 454 1980 479 α
2017 433 2245 488 cimatus
2293 441 2394 489 est.
2446 433 2641 490 Adhuc
2688 433 2831 488 enim
2860 433 2914 486 in
2961 431 3160 486 lumbis
3208 429 3378 502 patris
3421 436 3559 497 erat,

231 525 364 590 ciat,
399 524 656 580 volentes
706 525 777 578 ad
807 525 998 578 horam
1046 523 1159 593 pati
1187 530 1244 576 ut
1274 521 1330 575 in
1360 529 1623 576 aeternum
1655 537 1856 593 regne-

237 629 387 668 mus.
435 613 829 681 Jusjurandum
873 611 1086 677 dicitur,
1131 611 1287 682 quasi
1332 610 1479 682 quod
1522 611 1612 679 jus
1660 617 1743 664 est
1791 608 1860 663 ad

232 701 584 774 jurandum.
618 699 924 769 Perjurium
972 707 1154 753 autem
1184 714 1293 753 non
1327 698 1730 767 jusjurandum,
1764 697 1860 751 sed

237 793 347 862 jus
376 808 491 846 non
515 789 842 862 jurandum
858 787 1070 842 dicitur.
1106 789 1164 841 In
1192 787 1622 855 hocjuramento
1639 785 1741 841 Dei
1767 800 1862 839 au-

245 879 562 934 ctoritatem
612 877 880 933 habemus
922 876 1159 945 jurandi,
1193 876 1264 929 ita
1312 883 1491 930 tamen
1541 883 1596 929 ut
1633 891 1735 930 nec
1765 891 1861 928 su-

249 968 470 1039 perflue
512 967 783 1036 juremus,
837 965 1048 1020 etiamsi
1095 964 1378 1019 veritatem
1419 964 1685 1029 dicamus,
1739 978 1859 1026 nec,

251 1056 355 1110 ubi
385 1071 614 1111 necesse
643 1063 748 1120 est,
775 1053 1054 1108 veritatem
1075 1053 1390 1121 juramento
1411 1051 1734 1107 confirmare
1764 1052 1864 1105 de-

257 1159 531 1199 seramus.
557 1143 868 1198 Habeamus
889 1141 1140 1196 solatium
1168 1157 1270 1196 nos
1299 1143 1394 1212 qui
1424 1141 1786 1211 confugimus
1812 1139 1868 1193 in

255 1233 413 1288 omni
443 1231 792 1287 tribulatione
821 1230 892 1285 ad
943 1246 1099 1302 spem
1143 1229 1454 1298 tenendam,
1488 1245 1597 1283 non
1645 1236 1868 1299 propter

255 1322 492 1376 adversa
513 1320 892 1374 deserendam.
918 1319 1082 1389 Spem
1100 1318 1240 1373 duco
1267 1319 1614 1388 pr0positam
1624 1317 1738 1385 jam
1760 1332 1864 1370 no-

259 1410 354 1464 bis
383 1409 440 1463 in
495 1409 772 1464 Abraham
819 1415 871 1461 et
913 1406 1208 1477 impletam.
1267 1406 1362 1461 Vel
1410 1405 1766 1476 pr0positam,
1814 1405 1869 1459 id

261 1507 354 1554 est
381 1497 633 1553 omnibus
663 1496 721 1550 in
768 1494 874 1550 fide
905 1495 1252 1566 sperantibus
1299 1493 1558 1549 oblatam.
1606 1492 1701 1549 Ille
1731 1509 1869 1549 con-

263 1586 411 1660 fugit
465 1585 535 1641 ad
594 1601 770 1656 spem,
832 1584 923 1655 qui
971 1582 1372 1638 tribulationem
1420 1583 1626 1652 spernit
1669 1582 1870 1653 gaudio

265 1674 620 1731 beatitudinis
649 1715 662 1740 ,
720 1688 884 1744 quam
941 1671 1042 1726 sibi
1115 1671 1348 1726 futuram
1411 1678 1615 1741 sperat.
1695 1671 1871 1738 Quam

273 1780 431 1835 spem
479 1763 744 1819 habemus
774 1762 925 1817 sicut
958 1759 1267 1818 anchora-ni
1313 1760 1523 1814 animle
1571 1763 1755 1815 tutam
1805 1777 1872 1815 ac

267 1854 540 1922 ﬁrmam,-
571 1859 628 1906 ut
659 1850 797 1906 sicut
817 1849 1053 1904 anchora
1083 1849 1259 1904 navim
1285 1855 1431 1902 tenet
1459 1864 1528 1903 ne
1560 1848 1874 1919 submerga—

270 1951 402 2008 tur;
437 1941 516 1996 sic
571 1955 698 2010 spes
756 1938 989 1992 animam
1056 1944 1298 1992 nostram
1350 1936 1514 1992 faciat
1570 1945 1754 2004 tutam,
1805 1953 1874 1990 ne

272 2030 659 2100 submergatur
688 2026 1081 2084 consentiendo
1104 2025 1390 2097 iniquitati,
1417 2035 1468 2083 et
1495 2024 1708 2080 firmam
1730 2025 1876 2096 quod

276 2134 560 2190 nunquam
606 2115 846 2186 refugiat
875 2115 982 2186 pati
1028 2114 1218 2169 saltem
1249 2115 1304 2168 in
1331 2114 1556 2169 minimo
1605 2115 1866 2168 titubans.

280 2209 445 2278 Spem
459 2206 621 2262 etiam
633 2205 760 2260 dico
771 2204 1113 2260 incedentem
1135 2219 1306 2275 usque
1326 2204 1389 2257 in
1415 2205 1694 2260 interiora
1729 2205 1878 2258 vela—

273 2297 473 2362 minis,
503 2295 556 2349 id
605 2302 688 2349 est
733 2294 790 2347 in
839 2293 1154 2347 interiorem
1199 2299 1252 2346 et
1300 2291 1534 2346 velatam
1581 2292 1878 2347 beatitudi-

273 2401 425 2452 nem,
461 2399 626 2454 quam
656 2397 816 2437 nemo
849 2380 1141 2436 viventium
1171 2379 1322 2434 vidit.
1357 2380 1621 2435 Interiora
1650 2379 1878 2435 velami-

277 2473 364 2527 nis
395 2471 676 2527 dicebatur
702 2470 855 2525 locus
887 2469 1083 2524 Sancta
1115 2475 1429 2524 sanctorum
1478 2485 1599 2539 quae
1628 2477 1750 2538 post
1781 2484 1880 2523 ve-

277 2562 463 2616 lamen
493 2567 669 2615 erant.
707 2561 846 2613 Ante
892 2557 1141 2612 velamen
1172 2565 1351 2612 autem
1400 2556 1554 2612 locus
1602 2557 1883 2612 dicebatur

278 2650 506 2714 Sancta,
548 2648 602 2701 in
651 2663 760 2718 quo
807 2645 1022 2700 stabant
1070 2645 1400 2710 sacerdotes,
1434 2645 1533 2700 sed
1581 2645 1649 2698 ad
1697 2653 1883 2701 sancta

279 2744 596 2793 sanctorum
637 2734 807 2790 semel
853 2734 910 2788 in
951 2749 1094 2787 anno
1148 2732 1556 2805 ingrediebatur
1603 2733 1881 2804 pontifex;

281 2842 408 2898 qua:
433 2824 693 2879 interiora
723 2821 1006 2878 velaminis
1037 2819 1417 2893 signiﬁcabant
1446 2822 1725 2877 caelestem
1756 2823 1892 2878 bea-

279 2913 591 2980 titudinem,
623 2911 782 2967 nobis
826 2911 881 2965 in
910 2912 1011 2966 hac
1039 2910 1150 2964 vita
1187 2911 1446 2965 velatam.
1485 2911 1552 2964 Et
1584 2911 1724 2966 sicut
1755 2927 1885 2982 spe-

283 3018 468 3057 ramus
515 3001 644 3057 illuc
689 3000 874 3071 utique
918 2998 1254 3065 incedemus,
1290 2998 1413 3070 quia
1460 2999 1572 3064 ubi,
1605 2998 1662 3054 id
1705 3007 1787 3054 est
1833 2999 1890 3053 in

284 3106 412 3162 quae
439 3089 697 3144 interiora
725 3089 956 3143 introiit
1002 3088 1161 3143 Jesus
1207 3103 1543 3159 prwcursor,
1575 3087 1631 3142 id
1661 3096 1743 3142 est
1771 3103 1889 3158 prce

1966 544 1988 573 α
2023 523 2239 594 quando
2295 523 2529 578 obviavit
2577 523 2627 578 ei
2674 521 3095 578 Melchisedech.
3145 520 3202 575 Si
3245 535 3378 592 ergo
3427 535 3565 575 con-

1967 633 1989 658 «
2025 611 2310 666 summatio
2360 628 2460 682 per
2507 611 2874 666 sacerdotium
2923 610 3219 666 Leviticum
3269 617 3383 664 erat
3437 609 3565 679 (po-

1968 723 1989 747 ‹‹
2025 700 2186 770 pulus
2216 700 2360 755 enim
2405 700 2504 754 sub
2533 701 2650 771 ipso
2695 701 2874 773 legem
2924 699 3156 769 accepit)
3207 697 3338 770 quid
3384 697 3566 753 adhuc

1969 811 1990 835 «
2026 789 2395 844 necessarium
2426 789 2523 843 fuit
2556 790 2854 844 secundum
2884 788 3134 843 ordinem
3162 786 3568 842 Melchisedech

1971 900 1993 923 «
2029 877 2194 931 alium
2243 894 2470 949 surgere
2519 878 2882 944 sacerdotem,
2917 885 2966 931 et
2998 893 3104 931 non
3138 875 3440 931 secundum
3469 889 3565 929 or-

1971 987 1992 1015 α
2031 967 2214 1021 dinem
2271 970 2452 1021 Aaron
2503 966 2608 1021 dici
2638 966 2665 1020 ‘2
2710 966 2998 1020 Translato
3047 965 3191 1019 enim
3237 962 3565 1029 sacerdotio,

1973 1076 1994 1104 α
2031 1072 2257 1110 necesse
2289 1064 2369 1109 est
2399 1064 2450 1110 et
2479 1064 2535 1108 ut
2567 1056 2705 1126 legis
2736 1055 3018 1109 translatio
3048 1053 3160 1108 fiat.
3194 1054 3253 1107 ln
3284 1068 3392 1124 quo
3422 1051 3566 1107 enim

1973 1167 1993 1191 α
2030 1145 2146 1198 haec
2193 1145 2463 1211 dicuntur,
2517 1145 2584 1198 de
2631 1143 2734 1198 alia
2779 1143 2922 1196 tribu
2969 1151 3068 1207 est,
3121 1143 3190 1196 de
3239 1158 3340 1212 qua
3388 1141 3570 1195 nullus

1973 1257 1993 1279 «ι
2032 1232 2184 1287 altari
2213 1242 2413 1302 praesto
2443 1232 2559 1286 fuit.
2613 1231 2958 1286 Manifestum
3004 1239 3087 1286 est
3136 1229 3278 1285 enim
3329 1230 3472 1300 quod
3501 1245 3568 1284 ex

1974 1343 1995 1367 α
2028 1321 2167 1375 Juda
2197 1329 2350 1376 ortus
2393 1322 2461 1375 sit
2491 1321 2752 1376 Dominus
2801 1328 3004 1388 noster,
3037 1320 3092 1372 in
3120 1334 3228 1391 qua
3257 1317 3402 1373 tribu
3432 1317 3568 1372 nihil

1975 1430 1996 1458 ε
2033 1409 2101 1464 de
2132 1409 2502 1465 sacerdotibus
2549 1410 2764 1480 Moyses
2810 1409 3019 1464 locutus
3068 1416 3168 1463 est.
3219 1408 3287 1461 Et
3332 1406 3566 1478 amplius

1975 1499 2211 1554 «adhuc
2259 1497 2600 1553 manifestum
2650 1506 2752 1565 est,
2807 1499 2855 1552 si
2912 1497 3210 1553 secundum
3255 1495 3568 1550 similitudi-

1977 1603 2159 1642 «nem
2207 1587 2606 1642 Melchisedech
2657 1594 2917 1658 exsurget
2963 1586 3102 1640 alius
3144 1587 3422 1651 sacerdos,
3474 1582 3568 1655 qui

1977 1699 1998 1723 α
2035 1692 2143 1730 non
2176 1677 2473 1731 secundum
2503 1675 2680 1747 legem
2713 1675 2951 1730 mandati
2996 1673 3230 1729 carnalis
3259 1672 3433 1728 factus
3463 1678 3567 1739 est,

1900 1795 1954 1855 B
1980 1787 2001 1810 «
2039 1764 2135 1818 sed
2165 1765 2464 1820 secundum
2509 1764 2756 1820 virtutem
2788 1763 2913 1819 vitae
2955 1761 3260 1817 insolubilis
3305 1759 3558 1833 [dissolu-

1979 1877 2001 1900 α
2038 1853 2200 1925 bilis].
2235 1855 2582 1908 Contestalur
2630 1853 2794 1920 enim,
2831 1851 3105 1923 quoniam.
3137 1852 3218 1905 Tu
3270 1866 3330 1905 es
3376 1863 3570 1904 sacer-

1979 1965 2001 1989 α
2037 1942 2138 1997 dos
2168 1943 2222 1996 in
2250 1950 2512 1998 aeternum
2544 1941 2846 1996 secundum
2866 1940 3115 1996 ordinem
3144 1937 3570 1994 Melchisedech.

1981 2051 2004 2081 ‹
2039 2030 2366 2100 Reprobatio
2397 2031 2616 2101 quidem
2649 2029 2705 2084 fit
2733 2029 3092 2100 praecedentis
3121 2026 3378 2093 mandati,
3409 2041 3576 2097 prop-

1982 2142 2003 2166 α
2040 2127 2124 2174 ter
2150 2118 2518 2174 infirmitatem
2566 2120 2681 2188 ejus
2729 2125 2782 2172 et
2829 2117 3186 2172 inutilitatem.
3237 2115 3386 2172 Nihil
3429 2113 3576 2170 enim

1983 2230 2004 2255 ιι
2040 2209 2108 2262 ad
2137 2208 2442 2278 perfectum
2470 2207 2689 2262 adduxit
2717 2207 2824 2262 lex.
2859 2207 3189 2261 lntroductio
3218 2220 3348 2261 vero
3378 2202 3576 2258 melio-

1984 2319 2004 2343 u
2044 2297 2118 2351 ris
2151 2297 2286 2367 spei,
2308 2313 2408 2367 per
2429 2313 2586 2368 quam
2619 2296 2992 2367 proximamus
3021 2296 3090 2349 ad
3108 2295 3303 2358 Deum,
3328 2301 3381 2347 et
3409 2307 3579 2363 quan-

1985 2408 2006 2433 «
2043 2393 2156 2440 tum
2187 2393 2269 2440 est
2305 2401 2416 2440 non
2461 2385 2577 2439 sine
2617 2385 2990 2454 jurejurando.
3040 2383 3146 2438 Alii
3195 2381 3416 2452 quidem
3460 2379 3579 2434 sine

1989 2496 2010 2522 «
2040 2474 2397 2542 jurejurando
2428 2474 2745 2530 sacerdotes
2777 2472 2902 2528 facti
2934 2479 3092 2538 sunt;
3123 2470 3212 2526 hic
3241 2477 3422 2525 autem
3451 2483 3578 2524 cum

1991 2582 2010 2615 ι
2039 2563 2393 2632 jurejurando
2435 2579 2536 2633 per
2578 2578 2703 2618 eum
2733 2561 2825 2632 qui
2871 2561 3002 2615 dixit
3031 2561 3098 2614 ad
3139 2558 3292 2614 illum
3323 2576 3336 2612 :
3369 2556 3582 2612 Juravit

1987 2672 2010 2701 ‹
2046 2651 2310 2706 Dominus
2358 2659 2411 2706 et
2452 2667 2560 2706 non
2611 2649 2893 2721 paenitebit
2939 2665 3065 2704 eum
3095 2667 3108 2702 :
3143 2655 3198 2703 tu
3227 2663 3288 2702 es
3318 2645 3578 2702 sacerdos

1989 2763 2011 2787 α
2047 2740 2101 2794 in
2131 2747 2408 2795 aeternum.
2444 2741 2503 2794 In
2535 2747 2738 2794 tantum
2785 2738 3028 2793 melioris
3055 2735 3362 2792 testamenti
3410 2749 3582 2806 spon-

1992 2849 2014 2879 ι
2050 2845 2143 2883 sor
2187 2829 2362 2883 factus
2409 2837 2491 2884 est
2518 2829 2695 2882 Jesus.
2747 2828 2816 2881 Et
2844 2827 2934 2880 alii
2965 2827 3184 2897 quidem
3226 2825 3412 2896 plures
3458 2820 3585 2878 facti

1993 2941 2014 2964 «ι
2050 2925 2175 2972 sunt
2205 2918 2541 2983 sacerdotes,
2571 2916 2777 2972 idcirco
2826 2916 2970 2987 quod
2999 2922 3176 2970 morte
3222 2911 3584 2984 prohiberen-

1994 3028 2016 3058 ι
2051 3015 2140 3061 tur
2185 3022 2547 3077 permanere;
2588 3005 2678 3061 hic
2723 3013 2904 3060 autem
2954 3019 3018 3059 eo
3064 3002 3207 3074 quod
3262 3007 3482 3055 maneat
3527 2998 3583 3053 in

1995 3117 2017 3146 «
2052 3104 2333 3161 mternum,
2366 3095 2758 3165 sempiternum
2803 3094 2966 3148 habet
3013 3091 3394 3147 sacerdotium.
3429 3086 3586 3143 Unde

283 3178 450 3235 nobis
486 3193 713 3234 currens
741 3184 801 3232 ut
848 3192 971 3230 eum
1003 3190 1318 3247 sequamur,
1365 3191 1562 3232 cursor
1610 3175 1734 3231 ideo
1766 3177 1888 3248 quia
1921 3148 1967 3210 Ο
1993 3209 2014 3233 α
2052 3193 2105 3240 ει
2138 3185 2351 3240 salvare
2397 3185 2452 3239 in
2486 3148 2809 3254 perpetuum
2852 3189 3051 3252 potest,
3085 3179 3355 3236 accedens
3403 3175 3587 3248 [acce-

281 3267 439 3323 nulla
468 3266 626 3337 culpa
653 3281 877 3322 cursum
919 3264 1037 3332 ejus
1068 3263 1362 3335 aliquando
1397 3264 1626 3319 reﬂexit.
1660 3265 1885 3332 Introiit,

285 3357 530 3428 inquam,
565 3371 667 3426 pro
697 3353 858 3409 nobis
889 3352 1321 3408 introducendis.
1355 3353 1462 3408 Pro
1502 3354 1660 3408 nobis
1689 3354 1892 3424 optime

287 3445 439 3513 dico,
470 3443 594 3515 quia
635 3445 828 3514 factus
856 3449 938 3496 est
975 3442 1240 3513 pontifex
1287 3449 1478 3496 noster
1505 3441 1800 3497 duraturus
1828 3444 1892 3498 in

288 3537 595 3599 ceter-num,
627 3530 938 3588 secundum
985 3530 1321 3601 dignitatem
1350 3530 1568 3587 ordinis
1606 3531 1893 3587 Melchise-

291 3621 454 3678 dech.

901 3759 1125 3816 CAPUT
1156 3759 1270 3815 VII.

375 3923 398 3953 ι
435 3899 535 3957 Hic
577 3900 723 3956 enim
790 3898 1190 3955 Melchisedech
1240 3916 1331 3956 rex
1392 3899 1591 3965 Salem,
1643 3901 1898 3957 sacerdos

302 4014 327 4039 ιι
361 3991 463 4046 Dei
493 3989 708 4055 summi,
742 3987 836 4060 qui
863 3987 1100 4043 obviavit
1129 3988 1378 4054 Abrahae,
1403 4005 1661 4062 regresso
1692 4005 1724 4044 a
1751 3991 1900 4046 caede

300 4103 325 4126 α
361 4094 576 4150 regum,
601 4085 656 4132 et
684 4075 958 4131 benedixit
991 4076 1060 4142 ei,
1086 4077 1171 4132 cui
1201 4085 1254 4132 et
1283 4077 1526 4134 decimas
1547 4078 1789 4133 omnium
1821 4079 1902 4133 di-

303 4191 327 4215 ε
361 4167 492 4223 visit
520 4165 814 4231 Abraham,
848 4164 1082 4234 primum
1126 4165 1345 4236 quidem
1377 4166 1469 4238 qui
1509 4167 1901 4238 interpretatur

302 4278 328 4304 α
365 4271 472 4310 rex
485 4255 750 4326 justitice,
776 4252 972 4308 deinde
988 4261 1168 4308 autem
1190 4270 1282 4309 rex
1297 4254 1500 4322 Salem,
1523 4256 1668 4327 quod
1692 4264 1776 4312 est
1796 4273 1902 4313 rex

306 4366 330 4391 α
362 4345 543 4416 pacis,
565 4342 681 4396 sine
710 4351 882 4413 patre,
908 4341 1025 4397 sine
1056 4349 1249 4409 matre,
1276 4343 1392 4400 sine
1423 4344 1774 4418 genealogia,
1799 4361 1903 4401 ne-

307 4455 330 4478 α
366 4447 474 4503 que
529 4431 742 4485 initium
790 4429 1024 4498 dierum,
1073 4447 1250 4504 neque
1297 4432 1461 4488 finem
1503 4433 1627 4489 vita}
1675 4434 1900 4501 habens,

1993 3297 2015 3321 α
2052 3273 2264 3345 dentes]
2292 3290 2393 3344 per
2440 3273 2790 3343 semetipsum
2820 3271 2888 3325 ad
2923 3271 3118 3338 Deum,
3151 3284 3369 3338 semper
3399 3265 3590 3321 vivens

1996 3386 2016 3410 «
2052 3363 2122 3417 ad
2153 3363 2607 3433 interpellandum
2653 3377 2751 3431 pro
2780 3360 2956 3416 nobis.
2990 3359 3135 3412 Talis
3183 3357 3326 3411 enim
3358 3353 3592 3409 decebat

1999 3474 2019 3497 α
2055 3459 2113 3506 ut
2141 3451 2301 3506 nobis
2331 3458 2476 3506 esset
2503 3449 2764 3521 pontifex,
2799 3456 3037 3512 sanctus,
3069 3447 3354 3511 innocens,
3385 3441 3587 3512 impol-

1999 3561 2022 3592 ε
2056 3540 2218 3605 lutus,
2279 3547 2604 3612 segregatus
2657 3555 2690 3592 a
2743 3536 3142 3608 peccatoribus,
3203 3541 3255 3588 et
3321 3530 3591 3588 excelsior

1999 3653 2020 3676 α
2055 3629 2209 3685 caelis
2259 3627 2451 3683 factus.
2500 3626 2604 3695 Qui
2660 3642 2769 3681 non
2799 3627 2962 3680 habet
2992 3621 3376 3680 necessitatem
3408 3617 3592 3690 quoti-

2001 3739 2023 3769 «
2058 3718 2166 3783 die,
2217 3716 2676 3788 quemadmodum
2720 3714 3067 3778 sacerdotes,
3128 3711 3276 3781 prius
3325 3723 3429 3780 pro
3477 3705 3592 3761 suis

2003 3831 2024 3854 «ι
2059 3805 2269 3861 delictis
2298 3805 2506 3861 hostias
2550 3803 2768 3868 offerre,
2811 3802 3008 3858 deinde
3056 3815 3156 3871 pro
3203 3797 3424 3870 populo.
3474 3796 3595 3851 Hoc

2003 3917 2024 3941 ‹‹
2059 3895 2203 3950 enim
2250 3894 2377 3950 fecit
2423 3893 2593 3949 semel
2641 3893 2881 3962 seipsum
2935 3887 3234 3945 offerendo.
3293 3887 3401 3941 Lex
3448 3885 3595 3941 enim

2003 3983 2307 4038 «homines
2355 3982 2628 4039 constituit
2691 3981 3022 4046 sacerdotes,
3073 3976 3435 4033 infirmitatem
3494 3975 3596 4028 ha-

2005 4094 2027 4124 α
2063 4073 2289 4137 bentes;
2320 4087 2497 4126 sermo
2527 4079 2704 4125 autem
2746 4067 3105 4140 jurisjurandi
3151 4065 3243 4138 qui
3285 4070 3466 4136 potest
3512 4062 3598 4118 le-

2005 4184 2026 4209 «
2062 4177 2188 4232 gem
2219 4167 2320 4229 est,
2353 4159 2546 4214 Filium
2574 4159 2630 4213 in
2661 4166 2926 4214 aeternum
2954 4156 3274 4228 perfectum.
3312 4178 3335 4202 ››

2642 4371 2957 4413 EXPOSITIO.

308 4540 332 4570 ι
365 4518 694 4574 assimilatus
741 4526 922 4573 autem
965 4519 1102 4574 Filio
1150 4520 1268 4587 Dei,
1314 4529 1495 4577 manet
1538 4523 1800 4579 sacerdos
1848 4523 1903 4578 in
1933 4518 1986 4578 D
2077 4521 2364 4592 Quomodo
2385 4521 2693 4578 secundum
2714 4519 2972 4574 ordinem
2991 4508 3606 4579 Melchisedech,multis

307 4630 330 4655 ει
366 4615 710 4679 perpetuum.
743 4607 1028 4662 Intuemini
1059 4616 1240 4664 autem
1274 4617 1506 4680 quantus
1528 4611 1596 4665 sit
1615 4610 1720 4681 hic,
1745 4611 1831 4666 cui
1852 4619 1906 4666 et

306 4720 330 4744 .
367 4695 610 4752 decimas
638 4694 787 4750 dedit
811 4695 879 4750 de
908 4696 1197 4767 praecipuis
1229 4697 1512 4753 Abraham
1559 4699 1896 4771 patriarcha.

307 4808 331 4833 α
367 4785 435 4840 Et
464 4783 688 4856 quidem
717 4783 786 4838 de
814 4782 936 4838 ﬁliis
965 4785 1095 4840 Levi
1144 4786 1508 4842 sacerdotium
1551 4788 1903 4860 accipientes,

307 4897 330 4922 ε
367 4873 688 4928 mandatum
728 4871 928 4928 habent
972 4873 1214 4930 decimas
1262 4892 1477 4932 sumere
1506 4893 1539 4932 a
1568 4878 1771 4949 p0pulo
1814 4894 1906 4934 se-

309 4986 333 5010 u
368 4961 610 5018 cundum
641 4960 841 5033 legem,
873 4962 929 5016 id
959 4970 1041 5019 est
1069 4979 1098 5016 a
1129 4962 1390 5019 fratribus
1431 4965 1562 5036 suis,
1595 4983 1908 5039 quanquam

311 5074 335 5100 ι
370 5059 424 5107 et
451 5050 556 5122 ipsi
604 5049 854 5106 exierunt
899 5051 968 5106 de
1017 5050 1218 5106 lumbis
1249 5053 1500 5110 Abrahae.
1534 5054 1697 5124 Cujus
1725 5063 1907 5111 autem

271 5163 333 5218 ἐι
369 5139 658 5214 generatio
729 5153 839 5193 non
905 5138 1293 5196 adnumeratur
1369 5141 1425 5196 in
1503 5142 1616 5211 eis,
1667 5144 1911 5200 decimas

313 5252 336 5279 α
370 5228 604 5302 sumpsit
633 5227 706 5284 ab
750 5227 1028 5282 Abraham
1058 5236 1113 5283 et
1141 5230 1284 5286 hunc
1333 5231 1423 5301 qui
1451 5232 1686 5287 habebat
1712 5249 1910 5304 repro-

272 5321 277 5325 '
311 5342 332 5367 ε
360 5318 662 5376 missiones
679 5314 838 5371 3S
857 5314 917 5372 1
939 5315 1235 5372 benedixit.
1252 5318 1380 5373 Sine
1391 5319 1498 5374 ulla
1509 5328 1687 5376 autem
1702 5330 1918 5377 contra-

306 5433 327 5459 α
358 5409 624 5476 dictione,
651 5405 801 5478 quod
830 5405 1010 5460 minus
1031 5415 1134 5473 est,
1159 5421 1192 5462 a
1212 5407 1437 5463 meliore
1460 5409 1820 5465 benedicitur.
1844 5413 1914 5465 Et

301 5524 320 5552 Ι
350 5502 442 5559 hic
472 5497 706 5572 quidem
739 5494 1039 5550 morientes
1070 5496 1319 5551 homines
1341 5497 1583 5553 decimas
1613 5499 1904 5570 accipiunt,

292 5615 313 5643 σ
343 5592 422 5649 ibi
453 5597 653 5647 autem
684 5590 1028 5641 contestatur
1056 5584 1184 5656 quia
1229 5585 1378 5642 vivit.
1411 5587 1480 5642 Et
1525 5595 1582 5642 ut
1610 5587 1682 5642 ita
1709 5587 1914 5644 dictum

286 5709 305 5735 ι
338 5684 411 5744 sit
437 5696 552 5757 per
581 5672 876 5734 Abraham
905 5680 960 5729 et
987 5673 1138 5742 Levi,
1169 5673 1262 5747 qui
1291 5673 1531 5732 decimas
1572 5677 1782 5750 accepit
1811 5677 1914 5734 de-

500 5780 771 5836 ΡΑτιιοι..
802 5769 986 5829 CLIII.

2005 4611 2338 4682 interpositis
2387 4611 2605 4666 tandem
2652 4608 2986 4679 exsequitur,
3019 4605 3207 4660 dicens
3240 4617 3252 4658 :
3283 4603 3430 4657 Bene
3478 4599 3605 4654 dico

2005 4701 2193 4756 Jesum
2239 4698 2552 4771 pontificem
2603 4697 2903 4753 secundum
2949 4693 3264 4767 dignitatem
3311 4686 3606 4745 Melchise-

2007 4789 2165 4845 dech.
2201 4791 2297 4844 Hic
2328 4789 2482 4845 enim
2512 4784 2909 4844 Melchisedech
2938 4801 3043 4840 rex
3074 4783 3277 4845 Salem,
3311 4793 3432 4851 quae
3459 4789 3610 4832 nunc

2009 4877 2369 4944 Hierusalem,
2403 4885 2530 4934 tunc
2559 4875 2840 4932 dicebatur
2871 4873 3091 4938 Salem;
3142 4869 3239 4925 sed
3266 4873 3490 4940 propter
3517 4864 3610 4920 Je-

2009 4968 2228 5022 busaaos
2259 4983 2378 5023 eam
2406 4973 2600 5038 postea
2636 4963 3021 5027 inhabitantes,
3055 4959 3297 5015 additum
3326 4961 3406 5012 est
3437 4955 3612 5009 Hiera

2012 5057 2080 5110 ad
2111 5057 2318 5121 Solem,
2351 5063 2403 5111 et
2432 5054 2628 5110 exinde
2655 5068 2854 5108 nomen
2884 5050 3073 5106 habuit
3094 5046 3468 5104 Hierusalem.
3485 5040 3610 5107 Hic;

2012 5145 2253 5217 inquam,
2286 5159 2383 5200 rex
2415 5143 2614 5214 Salem,
2646 5142 2746 5198 fuit
2773 5141 3030 5198 sacerdos
3061 5139 3159 5194 Dei
3189 5135 3419 5200 summi,
3441 5131 3499 5186 id
3527 5135 3613 5186 est

2012 5250 2122 5289 non
2153 5232 2222 5288 ab
2269 5232 2580 5289 hominibus
2608 5247 2785 5304 neque
2832 5245 2933 5301 per
2961 5227 3259 5292 hominem,
3294 5223 3393 5279 sed
3423 5220 3492 5276 de
3521 5217 3613 5273 di-

2013 5323 2217 5395 gnitate
2273 5339 2373 5378 sua
2414 5320 2696 5377 conﬁdens
2747 5317 3040 5389 assumpsit
3087 5315 3191 5371 sibi
3247 5308 3613 5369 sacerdotium

2014 5412 2140 5478 Dei;
2166 5413 2261 5484 qui
2282 5411 2678 5467 Melchisedech
2702 5411 2914 5465 obviam
2938 5407 3092 5463 venit
3113 5404 3348 5461 Abrahw
3365 5412 3612 5471 regresso

2013 5519 2048 5555 a
2089 5501 2234 5557 ccede
2291 5517 2504 5573 regum,
2551 5498 2644 5572 qui
2686 5499 2785 5554 Lot
2830 5504 3084 5568 nepotem
3133 5508 3288 5548 suum
3339 5487 3614 5546 ducebant

2015 5589 2310 5660 captivum,
2344 5597 2396 5644 et
2426 5589 2477 5644 ei
2505 5589 2741 5643 Abrahae
2763 5583 3038 5642 benedixit
3065 5576 3483 5642 Melchisedech,
3517 5590 3612 5630 cui

2013 5677 2358 5736 benedicenti
2388 5672 2493 5734 sibi
2520 5679 2802 5734 Abraham
2857 5675 3054 5731 divisit
3083 5672 3329 5728 decimas
3354 5663 3610 5723 omnium

3330 5763 3398 5816 i7
