3928 6422
444 300 550 355 523

978 300 1035 357 S.
1086 300 1439 358 BRUNONIS
1484 300 2132 359 CARTHUSIANORUM
2172 302 2655 360 INSTITUTORIS
2693 303 2852 360 OPP.
2901 304 3077 361 PARS
3125 305 3192 359 II.

3629 306 3731 362 824

444 421 739 492 spoliorum
769 423 927 493 (Gen.
962 439 1083 490 xiv,
1115 426 1227 493 20).
1258 424 1357 479 Hic
1383 426 1634 495 primum
1689 425 1914 496 quidem
1945 425 2031 478 di-
2051 426 2109 487 A
2138 424 2241 480 hoc
2258 425 2576 496 quodaliqui
2594 426 2659 481 de
2676 427 2811 489 ﬁliis
2823 426 2949 482 Levi
2968 428 3310 497 accipientes
3325 425 3725 492 sacerdotium,

444 519 563 567 ctus
594 520 675 567 est
705 511 1125 580 Melchisedech,
1149 513 1244 584 qui
1270 512 1324 565 id
1357 521 1438 566 est
1458 513 1603 583 quod
1635 529 1831 567 nomen
1855 514 2036 568 inter-

441 604 710 672 pretatur
738 617 843 655 rex
860 601 1127 670 justitiw.
1162 602 1374 655 Deinde
1403 606 1595 656 autem
1626 602 1802 656 dictus
1825 610 2033 657 ostrea:

447 689 651 754 Solem,
686 689 827 759 quod
855 693 940 743 est
968 689 1382 759 interpretatum
1403 706 1509 744 rex
1533 690 1690 762 pacis
1723 690 1822 745 Hic
1838 690 2033 743 iterum

443 775 865 843 Melchisedech,
889 778 1011 831 sine
1039 782 1223 849 patre,
1249 780 1371 832 sine
1398 782 1601 843 matre,
1625 794 1733 832 non
1764 778 1907 849 quod
1937 793 2034 847 pa-

444 871 626 917 rentes
666 880 775 921 non
823 865 1087 930 habuerit,
1122 865 1219 919 sed
1268 866 1391 936 quia
1434 866 1713 935 Scriptura
1760 882 1883 920 eum
1930 866 2033 920 ha-

443 950 627 1005 buisse
657 951 965 1007 nullatenus
998 952 1147 1007 dicit.
1198 952 1317 1007 Fuit
1344 953 1507 1007 etiam
1537 954 1658 1009 sine
1686 955 2029 1025 genealogia,

441 1054 552 1093 non
581 1039 788 1094 habens
818 1039 956 1095 ﬁlios
986 1040 1073 1095 vel
1104 1039 1259 1107 ﬁlias,
1304 1058 1483 1113 neque
1532 1044 1765 1097 initium
1814 1042 2033 1097 dierum

443 1127 672 1193 habens,
702 1144 879 1200 neque
909 1130 1083 1198 finem
1112 1129 1259 1196 vitw,
1285 1129 1429 1199 quod
1461 1129 1728 1199 Scriptura
1764 1130 2029 1200 loquatur,

440 1212 695 1269 fortassis
727 1216 871 1271 serio
901 1216 1341 1286 praetermittens.
1376 1216 1474 1272 llic
1504 1222 1698 1272 autem
1742 1217 2034 1272 Melchise-

440 1302 579 1357 dech
610 1306 984 1359 assimulatus
1012 1304 1064 1357 in
1087 1304 1381 1374 praemissis
1410 1306 1551 1359 Filio
1581 1306 1696 1371 Dei,
1719 1310 1915 1360 manet
1944 1322 2033 1360 sa-

440 1392 651 1460 cerdos,
675 1390 729 1446 id
757 1400 839 1446 est
870 1392 1233 1447 sacerdotium
1266 1393 1381 1461 ejus
1402 1393 1556 1446 durat
1578 1395 1639 1447 in
1666 1397 2027 1464 perpetuum.

440 1476 727 1546 Quomodo
774 1480 1119 1534 assimulatus
1169 1481 1303 1535 Filio
1332 1480 1450 1550 Dei,
1485 1490 1817 1535 revertentes
1868 1497 2031 1536 exse-

438 1584 668 1637 quamur
693 1585 788 1639 per
817 1568 1049 1640 singula.
1099 1569 1496 1624 Melchisedech
1525 1569 1720 1625 dicitur
1749 1586 1841 1624 rex
1866 1570 2031 1638 justi-

439 1656 529 1710 tize
562 1671 575 1709 :
610 1656 731 1727 quis
762 1665 943 1711 autem
991 1674 1086 1712 rex
1109 1657 1329 1725 justitia:
1358 1658 1461 1711 nisi
1494 1659 1760 1727 Christus,
1795 1658 1885 1727 qui
1932 1674 2032 1728 per

438 1745 711 1814 procellas
763 1746 969 1815 mundi,
1032 1762 1160 1800 suos
1212 1746 1355 1817 regit
1410 1745 1465 1799 in
1507 1746 1731 1814 justitia.
1790 1745 2030 1801 Christus

438 1832 595 1887 etiam
658 1849 752 1887 rex
811 1833 1011 1899 Salem,
1073 1834 1127 1887 id
1184 1842 1265 1887 est
1311 1834 1509 1903 pacis:
1552 1834 1696 1905 quia,
1742 1843 2030 1905 postquam

438 1936 567 1974 suos
594 1919 648 1973 in
671 1920 875 1989 justitia
909 1921 1064 1986 rexit,
1098 1921 1153 1974 in
1184 1937 1315 1991 pace
1345 1937 1477 1975 vera
1526 1922 1846 1993 angelorum
1876 1922 2029 1976 loca-

436 2016 519 2063 tos
541 2024 732 2080 regere
753 2024 862 2063 non
882 2008 1098 2062 desinit.
1125 2009 1395 2064 Sacerdos
1413 2009 1511 2064 Dei
1533 2010 1727 2063 summi
1754 2027 1766 2063 :
1792 2009 1913 2080 quis
1934 2026 2032 2064 au-

435 2104 543 2150 tem
572 2104 753 2151 tantus
785 2098 1045 2151 sacerdos
1075 2098 1214 2152 sicut
1245 2098 1509 2163 Christus,
1543 2098 1634 2169 qui
1662 2106 1884 2168 propter
1905 2098 2026 2153 ino-

436 2183 765 2239 bedientiam
791 2184 1029 2240 382
1049 2186 1222 2240 Patris
1240 2185 1479 2256 seipsum
1502 2186 1688 2240 obtulit
1710 2186 1763 2239 in
1785 2201 1881 2240 ara
1902 2202 2027 2241 cru-

433 2272 511 2327 cis
545 2272 635 2343 qui
664 2272 877 2327 obviam
907 2273 1054 2327 venit
1083 2273 1317 2329 Abrahae
1348 2290 1651 2345 regressoa
1682 2274 1831 2328 caede
1862 2274 2026 2345 quin-

433 2376 539 2431 que
569 2376 782 2432 regum.
817 2359 1068 2432 Quinque
1099 2378 1282 2434 reges,
1317 2362 1555 2433 quinque
1602 2378 1795 2416 sensus
1825 2377 2025 2432 corpo-

431 2448 509 2502 ris
541 2457 684 2517 sunt,
718 2465 819 2520 per
850 2464 987 2520 quos
1017 2450 1201 2504 omnia
1230 2450 1356 2504 vitia
1399 2450 1454 2504 in
1482 2450 1701 2505 homine
1730 2451 2023 2505 dominan-

430 2543 536 2600 tur,
568 2544 644 2602 ut,
686 2553 786 2608 per
837 2537 1032 2603 visum,
1067 2538 1351 2608 cupiditas,
1386 2538 1513 2593 dum
1553 2539 1829 2593 desiderat
1877 2538 2023 2609 quod

427 2624 595 2690 vidit;
626 2632 678 2679 et
722 2624 799 2680 sic
851 2642 952 2695 per
1006 2634 1235 2681 caeteros
1291 2643 1506 2692 sensus,
1559 2628 1709 2696 juxta
1764 2627 1910 2697 quod
1968 2626 2023 2680 in

430 2711 727 2783 Evangelio
756 2713 969 2768 mulieri
998 2714 1202 2769 dictum
1234 2723 1336 2769 est.
1374 2736 1396 2765 ι
1431 2713 1684 2787 Quinque
1734 2713 1878 2769 viros
1916 2715 2021 2768 ha-

427 2800 795 2869 buisti(Joan.
830 2816 906 2867 tv,
940 2803 1049 2873 18).
1088 2823 1110 2851 ι

494 2888 602 2943 Per
630 2889 903 2943 Abraham
951 2890 1259 2961 quicunque
1288 2889 1463 2946 ﬁdelis
1510 2890 1860 2963 intelligitur;
1892 2889 2019 2944 uni-

427 2975 624 3047 cuique
672 2984 854 3031 autem
902 2975 1048 3031 ﬁdeli
1096 2978 1389 3033 revertenti
1420 2994 1450 3031 a
1480 2978 1629 3033 caede
1676 2978 1932 3045 hostium,
1964 2977 2020 3031 id

426 3070 511 3118 est
565 3063 846 3129 vitiorum,
907 3080 1009 3134 per
1061 3064 1300 3136 quinque
1355 3081 1550 3120 sensus
1600 3065 2012 3130 dominantium,

424 3150 643 3206 obviam
698 3150 845 3207 venit
889 3151 1154 3218 Christus,
1206 3152 1384 3207 dando
1436 3153 1831 3208 incrementum
1887 3153 2017 3208 boni

426 3237 633 3309 operis.
664 3239 887 3311 Legitur
932 3240 1095 3295 etiam
1124 3240 1199 3295 ibi
1229 3240 1491 3295 obtulisse
1541 3242 1771 3296 Abrahae
1817 3257 2017 3312 panem

423 3334 477 3382 et
506 3326 690 3383 vinum
721 3327 880 3397 (Gen.
900 3342 1016 3393 xvt,
1042 3330 1149 3398 i8),
1186 3328 1330 3399 quod
1360 3329 1449 3385 hic
1478 3346 1585 3385 non
1607 3329 1873 3397 habetur;
1898 3346 2019 3401 quae

422 3415 579 3486 panis
609 3415 814 3471 scilicet
843 3423 896 3472 et
924 3417 1127 3483 vinum,
1161 3434 1362 3488 corpus
1393 3426 1445 3473 et
1466 3418 1789 3491 sanguinem
1819 3418 2018 3473 Christi

423 3502 731 3577 signiﬁcant
761 3521 994 3576 quorum
1040 3506 1451 3576 participatione
1483 3514 1535 3561 et
1565 3514 1789 3577 peccata
1828 3506 2015 3561 dimit-

422 3600 625 3659 tuntur,
660 3600 713 3648 et
738 3593 1041 3675 suscipiens
1079 3594 1148 3649 de
1180 3593 1359 3649 futuro
1407 3602 1595 3650 contra
1624 3594 1752 3649 vitia
1795 3594 2017 3650 confor-

421 3687 582 3736 tatur.
614 3681 713 3737 Cui
740 3681 939 3751 divisit,
973 3681 1242 3737 Abraham
1275 3682 1453 3750 (Ibid,
1484 3686 1597 3751 20),
1629 3682 1684 3736 id
1723 3690 1803 3737 est
1835 3681 2012 3737 ﬁdelis

422 3768 662 3825 decimas
703 3769 964 3835 omnium,
1012 3769 1070 3824 id
1116 3777 1200 3824 est
1240 3768 1602 3839 perfectiones
1651 3786 1842 3825 omnes
1889 3786 2012 3841 quas

419 3856 629 3911 habuit.
663 3855 1096 3927 Quisqueenim
1142 3856 1316 3912 ﬁdelis
1357 3873 1574 3912 omnem
1621 3857 2007 3928 perfectionem

424 3960 579 3999 suam
611 3944 825 3999 Christo
852 3945 1093 3999 attribuit
1121 3961 1219 4015 per
1246 3944 1457 4015 decem,
1482 3946 1574 4017 qui
1602 3962 1861 4002 numerus
1886 3962 2014 4017 per-

422 4030 599 4088 fectus
628 4040 710 4086 est
738 4032 890 4103 (quia
919 4048 1089 4104 usque
1137 4033 1207 4087 ad
1252 4032 1443 4088 decem
1486 4049 1745 4089 numerus
1794 4033 2008 4102 crescit,

420 4136 523 4175 nec
551 4120 693 4175 ultra
720 4121 817 4175 sed
842 4136 876 4175 a
904 4120 1167 4192 principio
1203 4121 1519 4192 recapitulat
1551 4122 1803 4189 dicendo,
1835 4122 2013 4177 unde-

421 4208 548 4274 cim,
579 4207 635 4263 id
674 4216 758 4263 est
803 4226 943 4263 unus
990 4217 1044 4264 et
1089 4209 1302 4279 decem)
1360 4209 1619 4280 perfectio
1662 4211 2004 4282 designatur.

421 4295 660 4351 Primum
708 4296 926 4369 quidem
955 4297 1132 4353 dictus
1160 4297 1577 4364 Melchisedech,
1612 4299 1703 4370 qui
1740 4299 2013 4370 interpre-

419 4392 564 4439 tatur
590 4403 696 4441 νεα)
715 4386 984 4456 justitia.
1018 4385 1227 4440 Deinde
1275 4402 1370 4440 rex
1402 4386 1583 4441 Salem
1629 4387 1774 4459 quod
1802 4395 1885 4442 est
1917 4403 2013 4442 rex

2136 514 2343 569 habent
2358 514 2695 568 mandatum
2716 531 2938 570 sumere
2959 513 3205 570 decimas
3224 533 3259 570 α
3279 515 3611 587 papuio,nec
3623 513 3727 569 alio

2134 598 2298 652 modo
2313 598 2591 664 auderent,
2616 605 2666 653 et
2686 599 2788 653 hoc
2816 599 3127 654 secundum
3149 600 3343 670 legem,
3367 598 3421 652 in
3453 614 3561 670 qua
3581 597 3727 653 servi

2135 692 2279 740 sunt.
2310 689 2355 741 A
2383 687 2584 756 populo
2631 687 2771 755 dico,
2817 686 2874 741 id
2915 695 2997 741 est
3040 704 3076 742 a
3102 686 3384 758 fratribus
3423 689 3563 753 suis,
3614 685 3726 758 qui,

2134 782 2425 845 propterea
2454 774 2581 845 quia
2628 773 2843 842 fratres,
2874 773 3108 829 libenter
3136 775 3376 830 tribuunt
3405 775 3505 840 eis,
3538 774 3596 828 in
3624 774 3729 830 hoc

2135 862 2281 933 quod
2330 870 2548 916 sumunt
2595 862 2857 931 decimas,
2905 861 3160 917 differunt
3189 878 3222 917 a
3250 862 3489 933 populo;
3538 880 3726 936 quan-

2133 967 2302 1022 quam
2318 952 2491 1005 etiam
2512 952 2621 1021 ipsi
2636 949 2869 1005 ﬁliiLevi
2881 952 3133 1005 exierint
3155 951 3220 1006 de
3243 952 3445 1008 lumbis
3466 951 3723 1020 Abrahaz,

2132 1038 2268 1093 sicut
2297 1038 2492 1109 reliqui
2523 1038 2590 1093 de
2638 1039 2859 1109 pepulo.
2894 1039 3013 1092 Filii
3042 1039 3171 1093 Levi
3219 1047 3437 1094 sumunt
3483 1039 3727 1096 decimas

2131 1142 2161 1179 a
2194 1126 2467 1191 fratribus,
2503 1127 2599 1181 sed
2628 1127 3029 1182 Melchisedech
3057 1128 3364 1197 generatio,
3417 1129 3582 1198 cujus
3608 1144 3729 1183 non

2132 1215 2547 1270 adnumeratur
2575 1217 2638 1270 in
2665 1217 2765 1281 eis,
2798 1214 2852 1269 id
2882 1223 2963 1269 est
2992 1215 3046 1269 in
3074 1215 3296 1280 Iudaeis,
3328 1216 3433 1282 hic,
3480 1216 3727 1287 inquam,

2134 1303 2361 1373 sumpsit
2390 1303 2628 1357 decimas
2657 1303 2725 1356 ab
2772 1303 3049 1358 Abraham
3078 1311 3129 1359 et
3157 1304 3447 1359 benedixit
3493 1303 3644 1360 hunc
3672 1304 3728 1359 in

2133 1399 2377 1461 tempore
2442 1391 2668 1460 majoris
2730 1391 3003 1461 dignitatis
3051 1408 3181 1461 suae,
3232 1392 3457 1459 scilicet,
3506 1392 3729 1464 quando

2123 1482 2248 1551 jam
2280 1478 2511 1534 habebat
2541 1480 3003 1551 repromissiones
3031 1494 3064 1534 a
3095 1480 3231 1535 Deo.

2200 1567 2359 1622 Nunc
2388 1584 2452 1621 ex
2481 1567 2779 1637 praemissis
2808 1567 3035 1637 colligit,
3067 1568 3340 1622 Abraham
3383 1568 3549 1636 dedit,
3585 1568 3728 1624 Mel-

2130 1655 2423 1710 chisedech
2453 1654 2746 1721 benedixit,
2771 1655 2887 1710 sine
2919 1655 3027 1710 ulla
3058 1656 3499 1712 contradictione.
3526 1657 3727 1712 Nullus

2060 1774 2111 1833 B
2136 1743 2279 1798 enim
2309 1744 2413 1799 hoc
2443 1743 2818 1798 contradicere
2869 1752 3067 1814 potest,
3100 1744 3229 1815 quin
3257 1744 3391 1800 illud
3436 1745 3585 1817 quod
3615 1745 3725 1800 mi-

2132 1848 2235 1885 nus
2282 1840 2363 1886 est
2404 1831 2754 1886 benedicetur
2780 1846 2813 1885 a
2840 1832 3081 1887 meliore.
3134 1831 3311 1887 Etiam
3342 1832 3484 1887 enim
3526 1833 3593 1900 si,
3626 1850 3724 1889 se-

2130 1919 2367 1973 cundum
2415 1919 2583 1985 aliud,
2616 1919 2788 1988 major
2817 1919 2884 1973 sit
2913 1920 3006 1990 qui
3044 1920 3403 1985 benedicitur,
3435 1920 3491 1975 in
3540 1937 3605 1976 eo
3637 1929 3715 1976 ta-

2130 2024 2255 2063 men
2284 2014 2496 2062 constat
2526 2024 2648 2062 esse
2677 2007 2942 2062 minorem
2972 2007 3119 2078 quod
3152 2007 3221 2062 ab
3252 2023 3317 2062 eo
3348 2008 3441 2079 qui
3487 2009 3724 2064 benedi-

2130 2096 2220 2163 cit,
2254 2097 2359 2151 hoc
2389 2096 2531 2167 quod
2562 2112 2671 2153 non
2716 2096 2949 2150 habebat
2979 2096 3070 2167 qui
3101 2095 3455 2162 benedicitur,
3488 2097 3714 2168 accipit.

2127 2185 2243 2239 Hoc
2276 2184 2436 2239 etiam
2469 2184 2631 2238 modo
2659 2182 2939 2239 intuemini
2959 2184 3277 2255 dignitatem
3296 2184 3720 2254 Melchisedech,

2128 2272 2251 2344 quia
2282 2274 2371 2329 hic
2421 2273 2663 2345 quidem,
2693 2272 2747 2326 id
2778 2280 2861 2326 est
2906 2272 2963 2326 in
2990 2272 3294 2327 sacerdotio
3325 2273 3564 2329 Levitico
3592 2290 3723 2329 mo-

2125 2362 2338 2417 rientes
2392 2361 2645 2415 homines
2694 2361 2987 2432 accipiunt
3029 2359 3295 2416 decimas.
3329 2361 3409 2415 Ibi
3451 2369 3633 2416 autem
3663 2362 3721 2416 in

2126 2448 2396 2518 superiori
2424 2448 2546 2503 loco
2593 2447 2883 2518 Scripturze
2926 2455 3257 2503 contestatur
3300 2448 3536 2520 Moyses,
3571 2450 3723 2520 quod

2124 2537 2525 2592 Melchisedech
2573 2536 2721 2601 vivit,
2754 2536 2884 2590 dum
2914 2536 2983 2591 de
3023 2537 3128 2591 vita
3172 2536 3402 2607 loquens
3432 2537 3501 2592 de
3541 2546 3722 2593 morte

2123 2625 2197 2680 nil
2221 2624 2482 2693 adjunxit.
2517 2626 2631 2679 Hoc
2658 2626 2822 2679 etiam
2869 2623 3034 2679 modo
3064 2624 3348 2678 intuemini
3392 2625 3721 2697 dignitatem

2122 2713 2259 2782 ejus,
2295 2712 2421 2784 quia
2448 2713 2577 2768 Levi
2598 2711 2691 2784 qui
2719 2712 2962 2767 decimas
2981 2711 3194 2783 accipit,
3214 2712 3331 2782 ipse
3362 2713 3524 2768 etiam
3552 2713 3723 2770 Levi-

2121 2801 2261 2856 ticus
2290 2801 2428 2856 ordo
2458 2801 2772 2856 decimatas
2819 2804 2922 2866 est,
2955 2800 3011 2855 id
3039 2807 3123 2854 est
3170 2799 3412 2855 decimas
3450 2800 3619 2857 dedit.
3646 2803 3723 2858 Et

2120 2889 2225 2944 hoc
2247 2889 2390 2956 dico,
2415 2893 2481 2944 ut
2502 2890 2588 2945 ita
2616 2889 2833 2944 dictum
2860 2890 2937 2944 sit
2963 2888 3210 2944 decimas
3227 2888 3446 2944 dedisse
3463 2889 3596 2945 Levi
3610 2907 3722 2962 per

2116 2976 2418 3045 Abraham,
2447 2976 2504 3030 id
2534 2985 2617 3031 est
2660 2992 2762 3047 per
2809 2976 3144 3031 materialem
3190 2991 3432 3032 causam.
3483 2976 3718 3046 Quando

2118 3064 2264 3119 enim
2291 3064 2566 3119 Abraham
2613 3065 2854 3121 decimas
2900 3064 3068 3133 dedit,
3100 3064 3279 3121 adhuc
3323 3080 3515 3121 omnes
3560 3074 3721 3121 erant

2119 3152 2174 3207 in
2204 3152 2400 3207 lumbis
2429 3153 2679 3208 Abrahae.
2732 3152 2891 3221 Quod
2939 3152 3142 3223 optime
3187 3153 3344 3224 sequi
3387 3153 3620 3210 videtur.
3653 3154 3718 3209 Si

2119 3240 2261 3297 enim
2292 3257 2483 3295 omnes
2518 3240 2575 3295 in
2620 3240 2792 3295 Adam
2841 3240 3206 3311 peccavimus,
3239 3240 3367 3313 quia
3409 3240 3464 3295 in
3511 3241 3716 3297 lumbis

2119 3329 2256 3398 ejus,
2290 3329 2509 3400 quando
2554 3328 2820 3400 peccavit,
2852 3343 3090 3395 eramus,
3125 3344 3294 3400 quare
3321 3329 3451 3384 Levi
3492 3330 3717 3387 dedisse

2118 3418 2357 3473 decimas
2401 3434 2512 3473 non
2556 3418 2785 3485 dicatur,
2820 3417 2913 3490 qui
2942 3417 2997 3472 in
3042 3417 3240 3472 lumbis
3287 3417 3521 3473 Abrahae
3566 3426 3709 3486 erat,

2116 3506 2391 3560 Abraham
2421 3506 2584 3561 dante
2613 3505 2855 3562 decimas
2875 3506 2904 3561 7
2931 3506 3001 3560 Et
3029 3521 3156 3561 vere
3181 3505 3313 3561 Levi
3339 3505 3581 3561 decimas
3613 3506 3715 3562 de-

2117 3593 2193 3648 dit
2220 3610 2321 3664 per
2351 3594 2630 3649 Abraham
2659 3594 2897 3660 dantem,
2929 3593 3058 3665 quia
3095 3593 3277 3649 adhuc
3324 3595 3451 3650 Levi
3493 3596 3713 3651 eratin

2118 3682 2322 3737 lumbis
2345 3684 2532 3753 patris
2560 3682 2649 3738 sui
2676 3682 2929 3750 Abrahae,
2954 3681 3170 3753 quando
3191 3680 3590 3739 Melchisedech
3610 3684 3716 3739 ob-

2115 3770 2260 3826 viam
2288 3770 2435 3825 venit
2463 3769 2514 3824 ei
2541 3770 2774 3826 Abrahae
2822 3769 2971 3824 danti
3009 3769 3112 3824 sibi
3156 3769 3417 3825 decimas.
3452 3770 3507 3825 Si
3560 3771 3709 3828 enim

2115 3865 2243 3914 tunc
2263 3858 2526 3928 temporis
2542 3858 2610 3914 3
2622 3858 2697 3914 8
2708 3858 2777 3913 3
2798 3865 2942 3913 esset
2958 3858 3128 3923 Isaac,
3154 3873 3265 3913 non
3284 3858 3554 3914 diceretur
3573 3859 3709 3916 Levi

2114 3954 2243 4002 tunc
2273 3945 2328 4000 in
2355 3946 2553 4000 lumbis
2582 3946 2815 4002 Abrahae
2839 3945 3026 4014 fuisse,
3060 3945 3158 4001 sed
3186 3946 3241 4001 in
3267 3946 3465 4002 lumbis
3504 3948 3700 4005 Isaac:

2114 4034 2212 4089 sed
2241 4034 2367 4106 quia
2395 4034 2573 4089 adhuc
2619 4042 2735 4089 erat
2779 4034 2836 4089 in
2881 4033 3080 4089 lumbis
3121 4034 3353 4091 Abrahae
3397 4051 3498 4106 per
3527 4036 3704 4105 Isaac,

2114 4121 2362 4177 similiter
2385 4130 2437 4177 et
2466 4121 2613 4177 Levi.
2665 4121 2793 4177 Levi
2838 4121 3037 4178 dicitur
3082 4121 3382 4178 decimatus
3409 4123 3465 4178 in
3503 4123 3708 4180 lumbis

2111 4210 2366 4276 Abrahae,
2398 4218 2449 4266 et
2490 4225 2600 4265 non
2646 4210 2911 4277 Christus,
2944 4210 3071 4266 licet
3115 4210 3259 4266 ﬁlius
3300 4212 3369 4267 sit
3416 4212 3652 4269 Abrahae
3687 4231 3705 4270 :

2111 4298 2238 4371 quia
2269 4298 2516 4354 Christus
2545 4314 2655 4354 non
2704 4298 3002 4354 secundum
3031 4299 3528 4371 concupiscentiam
3573 4316 3709 4358 car-

2109 4386 2194 4441 nis
2225 4386 2293 4441 de
2321 4386 2518 4442 lumbis
2547 4387 2784 4442 Abrahae
2810 4394 2967 4441 natus
2996 4401 3009 4441 :
3043 4386 3173 4444 Levi
3188 4395 3367 4443 autem
3395 4404 3495 4459 per
3522 4387 3707 4460 legem

417 4472 605 4543 pacis;
637 4473 710 4528 ita
755 4473 1003 4528 Christus
1051 4474 1204 4545 prius
1244 4473 1385 4546 regit
1430 4489 1559 4530 suos
1584 4475 1641 4529 in
1663 4474 1870 4545 justitia
1897 4476 2005 4529 hu-
2036 4475 2088 4535 D
2108 4476 2633 4548 membrorum,qum
2662 4483 2744 4531 est
2772 4475 3214 4547 concupiscentia
3242 4476 3445 4545 carnis,
3465 4477 3534 4534 de
3562 4477 3707 4533 lum-

410 4561 503 4631 jus
530 4560 692 4629 vitae;
725 4562 779 4616 in
809 4561 913 4617 alia
936 4561 1046 4617 vita
1088 4562 1230 4633 regit
1258 4578 1353 4618 eos
1381 4562 1437 4616 in
1467 4578 1624 4634 pace.
1676 4563 1805 4618 Sine
1851 4571 2009 4633 patre

415 4648 662 4704 Christus
717 4650 1017 4705 secundum
1062 4666 1299 4718 carnem,
1335 4650 1452 4705 sine
1494 4659 1661 4706 matre
1707 4651 2008 4706 secundum

412 4736 689 4804 deitatem,
723 4737 839 4793 sine
867 4738 1207 4812 genealogia,
1242 4738 1364 4811 quia
1390 4736 1532 4793 ﬁlios
1561 4738 1744 4796 carnis
1772 4754 1879 4794 non
1908 4739 2008 4794 ha-

407 4824 544 4892 buit,
576 4841 686 4882 non
709 4827 920 4880 habens
946 4826 1153 4881 initium
1186 4826 1417 4893 dierum,
1449 4842 1550 4883 nee
1598 4826 1761 4882 tinem
1803 4842 2005 4883 secun-

407 4912 538 4968 dum
566 4913 916 4981 divinitatem,
951 4923 1249 4970 coaeternus
1294 4914 1460 4969 Patri.
1492 4915 1595 4969 Per
1635 4915 2005 4986 praecedentia

405 5000 541 5056 satis
597 5002 977 5058 commendata
1022 5011 1105 5058 est
1145 5002 1382 5075 dignitas
1431 5001 1853 5070 Melchisedech,
1904 5003 2003 5059 sed

403 5105 551 5145 nunc
578 5090 739 5145 etiam
761 5090 830 5146 ad
857 5099 1209 5164 augmentum
1232 5090 1511 5161 dignitatis
1540 5090 1787 5160 ejusdem
1815 5093 2005 5147 intue-

403 5179 582 5243 mini,
616 5183 864 5250 quantus
903 5181 979 5235 sit
1010 5179 1101 5235 hic
1130 5177 1562 5244 Melchisedech,
1597 5179 1693 5234 cui
1720 5179 2001 5236 Abraham

398 5268 754 5337 patriarcha,
779 5267 833 5321 id
861 5274 943 5321 est
971 5266 1226 5337 princeps
1256 5273 1464 5336 patrum
1495 5273 1823 5334 nostrorum,
1845 5267 2000 5325 Isaac

403 5361 456 5409 et
483 5354 672 5422 Jacob,
707 5353 864 5411 dedit
888 5355 1151 5419 decimas,
1187 5352 1342 5425 quasi
1371 5369 1564 5409 servus
1586 5355 1810 5427 ejusque
1826 5356 1999 5411 tribu-

400 5443 584 5510 tarius,
618 5452 672 5498 et
701 5443 768 5498 de
813 5442 1118 5514 praecipuis
1167 5457 1288 5512 qua
1316 5441 1568 5496 habebat.
1602 5443 1670 5497 Et
1698 5444 1804 5500 hoc
1831 5444 1997 5501 etiam

399 5529 507 5588 alio
534 5531 699 5588 modo
728 5528 1029 5600 intuemini,
1060 5537 1292 5601 quantus
1321 5529 1389 5585 sit
1418 5530 1822 5589 Melchisedech
1854 5548 1867 5588 :
1897 5549 1998 5606 per

2107 4564 2192 4619 bis
2221 4564 2456 4619 Abrahae
2485 4572 2645 4618 natus
2675 4571 2779 4620 est.

2177 4650 2426 4708 Ostendit
2454 4652 2721 4723 superius,
2756 4652 3099 4708 sacerdotem
3146 4668 3269 4709 esse
3303 4651 3576 4709 Christum
3605 4670 3703 4711 se-

2103 4740 2337 4796 cundum
2368 4740 2617 4796 ordinem
2636 4740 3056 4811 Melchisedech,
3093 4739 3530 4814 sufﬁcienterque
3570 4758 3702 4815 pro-

2103 4827 2248 4884 bavit
2273 4828 2381 4884 hoc
2414 4828 2793 4896 sacerdotium,
2817 4836 2871 4883 et
2892 4836 3138 4900 tempore
3170 4836 3223 4885 et
3244 4829 3412 4885 multa
3432 4830 3700 4904 dignitate

2102 4915 2453 4972 excellentius
2483 4932 2606 4973 esse
2635 4916 2937 4974 sacerdotio
2950 4916 3268 4991 Levi:quod
3290 4917 3485 4974 iterum
3512 4919 3701 4975 multis

2100 5004 2277 5060 modis
2306 5004 2597 5075 depressit.
2626 5005 2784 5061 Nunc
2811 5012 2993 5061 autem
3022 5005 3399 5062 commendato
3428 5008 3699 5064 sacerdo-
3802 5064 3815 5075 ,

2099 5091 2174 5147 tio
2201 5091 2419 5159 Christi,
2454 5092 2650 5148 transit
2693 5100 2753 5148 ut
2797 5093 3047 5149 ostendat
3076 5093 3352 5165 quomodo
3380 5112 3480 5167 per
3509 5111 3699 5154 sacer-

2098 5180 2307 5236 dotium
2336 5180 2557 5249 Christi,
2588 5181 2884 5237 Leviticum
2929 5182 3241 5238 destruatur
3279 5184 3646 5241 sacerdotium
3680 5198 3695 5239 :

2099 5285 2207 5341 quo
2236 5270 2534 5337 destructo,
2566 5286 2633 5326 ex
2662 5269 2989 5327 necessitate
3033 5271 3228 5341 probat
3256 5272 3410 5344 sequi
3439 5272 3698 5331 destruc-

2096 5357 2300 5414 tionem
2344 5358 2505 5432 legis.
2553 5358 2754 5414 Littera
2802 5359 2882 5416 sic
2917 5358 3208 5432 jungitur:
3239 5358 3697 5433 Quandoquidem

2096 5445 2346 5501 Christus
2400 5445 2572 5502 factus
2631 5455 2715 5502 est
2769 5447 3028 5503 sacerdos
3092 5449 3393 5504 secundum
3445 5449 3697 5506 ordinem

2093 5532 2516 5605 Melchisedech,
2540 5542 2594 5592 et
2617 5533 2723 5593 hoc
2739 5534 3109 5594 sacerdotium
3124 5535 3440 5595 omnimodo
3455 5553 3698 5611 pressae
