3928 6420
129 319 218 373 525

133 441 352 498 Levitico
412 443 555 498 satis
629 444 917 514 probatum
971 451 1100 499 est:

133 531 387 602 responde
419 531 559 584 mihi
590 532 661 586 de
692 533 794 587 hoc
823 532 965 603 quod
995 532 1234 603 sequitur
1267 547 1278 586 :
1303 533 1361 587 Si
1388 549 1493 604 per
1530 549 1726 588 sacer-

139 621 334 676 dotium
356 621 680 675 Leviticum
701 625 823 676 erat
845 623 1274 686 consummatio,
1299 621 1353 674 id
1376 629 1476 686 est,
1497 621 1732 675 habeba-

137 718 212 763 tur
239 707 481 779 perfecta
504 709 835 778 justiﬁcatio.
870 710 940 762 Et
969 710 1109 764 bene
1151 709 1274 765 dico
1321 725 1418 780 per
1466 709 1730 764 sacerdo-

139 797 261 852 tium
295 798 503 852 debere
545 796 666 851 fieri
701 798 1262 853 consummationem:
1304 798 1435 870 quia
1488 799 1730 870 populus

139 889 349 958 accepit
369 887 550 956 legem
569 886 897 942 existentem
913 887 1013 941 sub
1037 889 1154 958 ipso
1177 886 1506 942 sacerdotio.
1533 889 1594 940 In
1618 902 1732 940 ma-

136 991 204 1028 nu
232 976 373 1029 enim
403 975 710 1030 sacerdotis
741 974 827 1029 lex
857 983 990 1039 erat,
1024 983 1076 1029 et
1102 974 1189 1029 lex
1219 974 1432 1044 impleri
1480 990 1589 1029 non
1636 989 1734 1046 po-

133 1072 277 1129 terat,
311 1079 416 1120 nec
446 1064 638 1118 saltem
669 1063 948 1117 minimum
994 1063 1229 1133 operari,
1281 1063 1384 1116 nisi
1433 1063 1734 1117 ministerio

133 1152 451 1208 sacerdotis.
487 1153 565 1216 Si,
599 1151 842 1222 inquam,
885 1151 1282 1207 consummatio
1330 1159 1444 1206 erat
1490 1168 1588 1222 per
1628 1152 1734 1205 Le-

132 1241 359 1295 viticum
404 1240 796 1305 sacerdotium,
849 1240 980 1312 quid
1024 1239 1206 1295 adhuc
1247 1248 1534 1310 postquam
1579 1247 1735 1293 vetus

129 1329 499 1384 sacerdotium
521 1335 943 1393 consummaret,
983 1329 1369 1382 necessarium
1409 1329 1528 1398 fuit
1565 1327 1674 1382 dici
1705 1343 1737 1382 a

124 1418 401 1487 pr0pheta
427 1416 602 1470 David
629 1432 857 1487 surgere
885 1416 1222 1471 sacerdotem
1253 1416 1420 1470 alium
1462 1431 1495 1469 a
1533 1415 1737 1470 Leviti-

125 1505 227 1570 cis,
255 1513 309 1560 et
326 1505 630 1560 secundum
652 1504 870 1558 tribum.
896 1504 1132 1576 Surgere
1152 1505 1465 1560 secundum
1486 1505 1739 1574 dignita-

125 1599 245 1649 tem
267 1593 487 1649 ordini:
509 1591 929 1648 Melchisedech.
958 1594 1024 1646 Et
1052 1608 1121 1646 ne
1151 1591 1242 1647 ille
1272 1593 1500 1658 diceret,
1552 1593 1739 1662 utique

123 1690 324 1754 surgat
365 1677 666 1736 secundum
705 1682 848 1736 hunc
891 1680 1139 1734 ordinem
1185 1681 1258 1734 ita
1308 1689 1365 1735 ut
1413 1680 1740 1735 commiStim

126 1780 312 1826 teneat
344 1770 593 1825 ordinem
622 1772 823 1824 Aaron.
856 1769 942 1823 Ad
966 1770 1072 1824 hoc
1100 1769 1175 1823 ait
1204 1770 1274 1822 ita
1306 1769 1412 1824 dici
1442 1769 1740 1824 secundum

126 1860 387 1914 ordinem
407 1858 832 1924 Melchisedech,
863 1864 922 1912 ut
960 1873 1069 1912 non
1099 1858 1168 1912 sit
1207 1857 1263 1911 in
1309 1857 1493 1928 aliquo
1538 1874 1739 1912 secun-

123 1949 262 2003 dum
293 1947 544 2003 ordinem
570 1949 770 2001 Aaron.
805 1945 1040 2018 Surgere
1069 1945 1194 2000 ideo
1226 1946 1300 2000 ait
1341 1946 1469 2016 quia
1518 1946 1741 2002 Levitici

124 2037 451 2092 sacerdotes
479 2035 730 2107 depressi
759 2043 912 2090 erant
941 2035 1268 2105 impotentes
1298 2044 1568 2100 excutere,
1603 2035 1742 2090 vela

122 2142 206 2193 se,
239 2126 333 2181 vel
361 2142 393 2179 a
419 2125 621 2196 p0pulo
644 2125 839 2196 jugum
867 2123 1078 2194 peccati
1108 2141 1205 2194 per
1226 2130 1425 2195 legem.
1443 2124 1542 2179 Hic
1558 2131 1742 2178 autem

125 2215 385 2269 Christus
443 2213 697 2279 surrexit,
760 2229 858 2283 per
917 2213 1071 2282 cujus
1129 2213 1494 2267 sacerdotium
1552 2211 1742 2266 ﬁdeles

127 2303 475 2360 excutientes
515 2303 710 2374 jugum
756 2301 963 2371 peccati
1009 2301 1081 2355 ad
1122 2301 1512 2356 beatitudinem
1553 2317 1743 2355 exsur-

123 2400 290 2464 gunt.
337 2390 505 2459 Quasi
537 2390 743 2445 diceret
775 2404 786 2442 :
823 2389 879 2444 Si
907 2405 1004 2459 per
1031 2389 1326 2444 Leviticum
1359 2389 1741 2454 sacerdotium,

127 2488 282 2536 esset
312 2479 733 2543 consummatio,
765 2477 966 2532 frustra
1013 2486 1262 2549 surgeret
1291 2477 1438 2532 aliud
1479 2477 1744 2532 sacerdo-

125 2569 264 2622 tium
300 2567 606 2623 secundum
636 2566 1036 2621 Melchisedech
1087 2567 1156 2620 ad
1205 2566 1695 2621 consummandum
1732 2579 1743 2618 :

127 2658 230 2712 sed
282 2656 521 2711 surrexit
577 2655 723 2709 aliud
780 2654 1162 2722 sacerdotium,
1226 2654 1525 2710 Leviticum
1583 2654 1749 2726 igitur

124 2763 241 2802 non
271 2744 694 2802 consummabat
726 2759 738 2797 :
771 2745 1038 2799 habemus
1079 2743 1514 2814 assumptionem
1560 2750 1748 2797 trans-

124 2835 242 2890 lato
273 2833 610 2898 sacerdotio,
642 2840 726 2888 etc
738 2873 752 2886 .

201 2924 412 2978 Littera
457 2930 642 2976 tamen
687 2921 766 2977 sic
789 2921 1062 2992 jungitur.
1102 2919 1271 2988 Quasi
1300 2919 1509 2975 diceret
1555 2918 1752 2990 aliquis

129 3011 320 3081 Quare
349 3010 488 3065 dicis
525 3009 710 3082 legem
755 3010 855 3063 sub
903 3009 1231 3074 sacerdotio,
1283 3017 1336 3064 et
1385 3008 1752 3064 sacerdotium

716 319 1093 378 EXPOSITIO
1150 321 1226 376 IN
1281 318 1668 377 EPISTOLAS
1720 319 1948 376 PAULI.
2002 349 2072 360 —
2129 320 2204 374 IN
2243 319 2463 376 EPIST.
2522 320 2618 374 AD
2680 319 2837 374 ΗΕΒ.

3335 321 3441 378 526

1178 444 1348 516 Ergo,
1407 451 1467 498 tu
1513 444 1725 514 legalis,
1753 447 1808 506 Α
1834 445 2210 515 manifestum
2239 449 2321 500 est
2352 445 2621 515 amplius,
2654 443 2710 497 id
2741 451 2823 498 est
2853 441 3105 514 ampliori
3136 449 3189 498 et
3217 440 3444 499 ﬁrmiori

1829 533 2058 602 ratione,
2093 532 2222 604 quia
2252 533 2430 604 magis
2463 533 2603 588 valet
2634 531 2881 602 probatio
2913 532 2981 586 de
3013 532 3119 586 ritu
3167 548 3330 603 quam
3373 533 3443 588 de

1833 622 1994 677 tribu.
2028 621 2370 676 Manifestum
2401 630 2501 688 est,
2534 621 2771 692 inquam,
2815 620 3132 675 translatum
3175 621 3440 676 sacerdo-

1831 711 1965 764 tium
1995 726 2138 776 esse,
2170 711 2218 765 si
2240 712 2344 765 hoc
2374 718 2456 764 est
2486 710 2632 780 quod
2661 710 2970 764 secundum
3005 711 3446 766 similitudinem

1834 807 1886 853 et
1915 799 2077 853 ritum
2109 799 2502 854 Melchisedech
2531 803 2803 870 exsurgat
2824 799 3081 853 sacerdos
3101 800 3272 864 alius,
3306 799 3444 854 sicut

1831 889 2149 958 praedictum
2184 895 2265 942 est
2299 902 2311 941 :
2344 889 2439 959 qui
2470 887 2607 941 alius
2628 903 2744 942 non
2765 891 2851 942 est
2869 890 3062 957 factus
3079 887 3343 942 sacerdos
3364 905 3447 944 se-

1835 978 2085 1032 cundum
2104 979 2280 1048 legem
2302 977 2566 1030 mandati
2596 977 2866 1043 carnalis,
2893 975 2948 1030 id
2978 983 3061 1029 est
3090 992 3212 1046 qua:
3241 977 3328 1031 lex
3355 992 3447 1031 so-

1834 1066 2113 1120 lummodo
2154 1065 2452 1120 mandabat
2513 1073 2563 1119 et
2606 1065 2950 1134 promittebat
2997 1065 3278 1120 carnalia:
3349 1066 3444 1122 sed

1839 1153 2008 1208 factus
2041 1163 2124 1208 est
2144 1154 2405 1209 sacerdos
2429 1154 2742 1209 secundum
2762 1155 3054 1223 virtutem,
3079 1153 3133 1206 id
3155 1162 3238 1208 est
3277 1154 3450 1209 deita-

1837 1251 1947 1297 tem
1977 1260 2098 1314 qum
2129 1251 2248 1297 erat
2276 1242 2332 1296 in
2363 1258 2447 1297 eo.

1913 1332 2174 1386 Virtutem
2204 1331 2328 1386 dico
2357 1334 2486 1386 vita:
2531 1331 2872 1396 insolubilis,
2923 1330 2979 1384 id
3009 1339 3092 1385 est
3135 1347 3235 1401 per
3282 1347 3446 1401 quam

1840 1421 2005 1475 dabat
2048 1420 2395 1475 credentibus
2425 1420 2482 1472 in
2529 1436 2588 1473 se
2630 1420 2796 1474 vitam
2843 1419 3208 1485 insolubilem,
3260 1420 3313 1473 id
3361 1426 3446 1474 est

1840 1518 2116 1564 azternam.
2151 1509 2251 1563 Vel
2281 1508 2356 1562 ita
2389 1525 2401 1561 :
2433 1509 2557 1562 Non
2587 1517 2671 1562 est
2701 1509 3001 1562 secundum
3048 1509 3231 1579 legem
3279 1524 3443 1563 man-
3517 1567 3520 1570 ,

1842 1598 1951 1652 dati
1977 1596 2233 1662 carnalis,
2265 1597 2321 1650 id
2350 1605 2433 1652 est
2463 1597 2762 1651 secundum
2791 1597 3066 1653 carnalem
3110 1597 3446 1652 intellectum

1839 1686 1999 1758 legis,
2032 1686 2130 1740 sed
2162 1686 2459 1740 secundum
2488 1685 2740 1740 virtutem
2787 1685 2959 1756 ipsius
3007 1685 3169 1757 legis,
3221 1685 3443 1756 spirita-

1769 1809 1820 1868 B
1843 1776 1968 1840 lem,
2003 1775 2229 1843 scilicet,
2263 1774 2614 1829 intellectum.
2651 1774 2912 1829 Virtutem
2953 1773 3078 1829 dico
3119 1774 3241 1830 vitae
3289 1775 3445 1828 inso-

1841 1863 2043 1928 lubilis,
2079 1864 2206 1933 quia
2235 1862 2492 1932 spiritalis
2521 1862 2763 1931 operatio
2793 1862 2932 1933 legis
2971 1863 3138 1918 vitam
3184 1862 3452 1933 promittit

1841 1962 2114 2018 mternam,
2166 1951 2305 2006 sicut
2361 1950 2648 2005 inﬁrmitas
2715 1951 2882 2006 vitam
2949 1951 3244 2006 carnalem.
3311 1951 3447 2006 Dico

1843 2041 2159 2096 translatum
2189 2047 2272 2094 est
2301 2040 2687 2104 sacerdotium,
2734 2040 2781 2093 si
2822 2039 3055 2093 surrexit
3096 2039 3236 2094 alius
3263 2055 3450 2096 sacer-

1845 2130 1982 2196 dos;
2016 2129 2114 2183 sed
2145 2129 2404 2183 sacerdos
2437 2128 2577 2183 alius
2607 2128 2842 2182 surrexit
2871 2136 2923 2182 et
2952 2129 3058 2183 hoc
3088 2128 3158 2181 ab
3206 2128 3452 2184 auctori-

1845 2222 1955 2269 tate
1983 2214 2195 2284 probat,
2246 2213 2436 2268 dicens
2469 2230 2482 2266 :
2517 2214 2656 2268 Vere
2713 2213 2941 2268 surrexit
2996 2212 3134 2266 alius
3167 2214 3450 2281 sacerdos,

1845 2304 1976 2376 quia
1998 2302 2170 2357 David
2195 2305 2571 2366 contestatur,
2596 2301 2653 2355 id
2683 2309 2766 2355 est
2794 2317 3010 2356 mecum
3041 2301 3129 2356 vel
3157 2317 3280 2356 cum
3310 2302 3450 2356 mul-

1846 2392 1915 2445 tis
1945 2391 2066 2444 aliis
2105 2390 2402 2459 Scripturis
2431 2396 2678 2443 testatur.
2719 2390 2994 2457 Quoniam
3017 2393 3098 2453 tu,
3133 2389 3367 2456 Christe,
3395 2406 3454 2445 es

1847 2480 2107 2535 sacerdos
2127 2479 2190 2533 in
2213 2482 2495 2533 aeternum
2516 2478 2830 2533 secundum
2864 2477 3122 2532 ordinem
3162 2478 3456 2533 Melchise-

1847 2568 2004 2623 dech.
2039 2567 2173 2621 Cum
2203 2566 2429 2621 dederet
2457 2565 2663 2634 dicere,
2698 2565 2940 2620 Christus
2970 2574 3052 2620 est
3099 2566 3358 2621 sacerdos
3401 2574 3458 2621 ut

1849 2655 2082 2710 ﬁdeliter
2110 2662 2335 2725 poneret
2364 2644 2537 2709 verba
2564 2654 2882 2724 prophetiae,
2914 2653 2988 2707 ait
3022 2669 3034 2706 :
3069 2655 3148 2708 Tu
3179 2671 3238 2708 es
3270 2669 3459 2710 sacer-

1855 2745 1977 2798 dos.
2003 2744 2237 2799 Causam
2252 2758 2422 2814 quare
2442 2749 2597 2797 vetus
2619 2742 2987 2796 sacerdotium
3009 2742 3079 2795 sit
3099 2741 3457 2812 destructum,

1852 2841 1906 2889 et
1935 2848 2131 2888 novum
2161 2831 2441 2886 inductum
2471 2830 2754 2902 subjungit
2783 2846 2851 2884 ne
2880 2830 3231 2885 adversarius
3279 2846 3458 2901 oppo-

1852 2928 2026 2976 neret.
2062 2919 2244 2987 Quare
2275 2919 2412 2973 dicis
2439 2920 2617 2973 Deum
2647 2918 2867 2972 dedisse
2898 2917 3048 2972 aliud
3097 2919 3462 2974 sacerdotium

1853 3010 1921 3064 ad
1953 3009 2394 3079 reprobationem
2424 3007 2644 3068 veteris,
2678 3007 2770 3077 qui
2799 3014 2955 3061 vetus
2985 3007 3173 3078 utique
3205 3008 3463 3076 sacerdo-

133 3117 265 3156 esse
297 3101 656 3163 destructum,
691 3106 951 3171 surgente
979 3098 1087 3153 alio
1117 3098 1405 3154 sacerdote
1434 3097 1462 3150 ‘?
1493 3096 1635 3164 Quid
1658 3112 1756 3166 per
1795 3164 1831 3171 _
1854 3098 1991 3152 tium
2021 3097 2251 3150 instituit
2281 3097 2308 3151 ‘?
2337 3096 2420 3150 Ad
2450 3096 2554 3150 hoc
2584 3095 2925 3164 respondens
2962 3095 3035 3149 ait
3069 3112 3082 3149 :
3130 3097 3464 3167 Reprobatio

130 3191 241 3246 hoc
270 3188 515 3244 intendis
540 3188 567 3242 ?
597 3187 727 3242 Ideo
756 3164 942 3258 utique
972 3186 1096 3242 dico
1123 3186 1305 3256 legem
1356 3185 1458 3240 sub
1505 3164 1677 3256 ipso;
1700 3192 1750 3239 et
1786 3164 1832 3224 Ο
1853 3187 2078 3259 quidem
2124 3186 2498 3258 prwcedentis
2532 3185 2796 3239 mandati
2842 3185 2908 3252 ﬁt
2955 3191 3008 3237 et
3073 3164 3276 3239 veteris
3321 3185 3466 3257 legis

128 3279 323 3349 ipsum
353 3275 648 3332 Leviticum
678 3275 1044 3331 sacerdotium
1071 3290 1194 3330 esse
1223 3274 1585 3338 destructum,
1616 3274 1750 3345 quia

131 3367 429 3422 translato
444 3364 776 3431 sacerdotio,
792 3380 1017 3420 necesse
1039 3368 1124 3419 est
1145 3367 1212 3418 ut
1225 3364 1329 3431 ﬁat
1352 3364 1660 3418 translatio
1681 3363 1754 3416 le-

129 3458 220 3526 gis
238 3456 364 3524 ejus
392 3451 703 3518 sacerdotii,
739 3469 861 3507 cum
889 3452 978 3506 lex
1005 3452 1076 3506 sit
1104 3451 1159 3505 in
1207 3466 1372 3505 manu
1422 3449 1746 3506 sacerdotis.

133 3542 588 3600 Destructionem
616 3549 799 3596 autem
836 3541 976 3610 legis
1022 3541 1255 3611 probare
1313 3539 1556 3604 intendo,
1620 3539 1751 3592 dum

135 3630 516 3689 sacerdotium
549 3630 665 3698 ejus
708 3630 948 3685 destruo.
981 3630 1120 3684 Vere
1176 3628 1314 3683 alius
1371 3627 1602 3682 surrexit
1658 3643 1750 3680 sa-

133 3721 363 3784 cerdos,
399 3727 452 3774 et
497 3735 626 3773 vere
673 3717 1036 3774 sacerdotium
1082 3725 1164 3772 est
1204 3716 1543 3781 translatum,
1604 3715 1751 3786 quod

130 3807 293 3861 idem
323 3812 409 3859 est
440 3818 452 3856 :
485 3818 610 3856 nam
639 3802 781 3856 alius
811 3802 1114 3857 secundum
1143 3801 1345 3855 tribum
1374 3808 1424 3855 et
1452 3800 1751 3855 secundum

129 3896 328 3950 ritum.
361 3891 461 3946 Vel
493 3891 621 3961 quia
652 3890 973 3945 translatum
1019 3898 1122 3959 est,
1174 3889 1301 3960 quia
1349 3896 1402 3943 et
1447 3889 1752 3944 secundum

134 3983 350 4037 tribum
381 3989 434 4035 et
463 3979 760 4033 secundum
791 3979 974 4033 ritum.
1027 3978 1336 4034 Secundum
1384 3977 1585 4031 tribum
1628 3992 1751 4031 esse

133 4071 472 4126 translatum
500 4069 649 4141 prius
677 4067 934 4133 ostendit,
969 4067 1158 4122 dicens
1194 4084 1207 4120 :
1239 4068 1381 4122 Vere
1436 4065 1752 4120 translatum

139 4169 244 4224 est,
273 4160 362 4215 vel
383 4175 516 4214 vere
538 4157 800 4216 sacerdos
823 4156 960 4211 alius
976 4163 1060 4211 est
1083 4174 1097 4223 ;
1121 4170 1250 4210 nam
1270 4155 1517 4210 Christus
1539 4157 1602 4209 in
1623 4172 1748 4226 quo,

134 4249 193 4303 id
226 4257 314 4304 est
342 4248 401 4302 in
431 4247 584 4316 cujus
617 4244 1057 4313 consideratione
1077 4243 1353 4299 dicuntur
1369 4244 1484 4298 haec
1508 4243 1614 4309 ;de
1634 4243 1753 4298 alia

141 4339 301 4393 tribu
316 4341 419 4402 est,
445 4343 623 4392 etnon
645 4334 715 4389 de
731 4332 875 4388 tribu
903 4333 1051 4398 Levi,
1088 4332 1156 4387 de
1195 4348 1303 4404 qua
1324 4331 1428 4386 alia
1444 4330 1588 4385 tribu
1619 4331 1752 4386 nul-

139 4429 231 4483 lus
253 4429 374 4496 fuit
390 4429 618 4497 prwsto,
639 4423 696 4477 id
717 4429 799 4477 est
821 4420 1203 4492 praestabiliter
1218 4421 1416 4475 altari.
1440 4420 1510 4474 Et
1532 4434 1662 4474 vere
1683 4418 1752 4472 de

1849 3279 2084 3346 propter
2112 3274 2516 3341 inﬁrmitatem
2534 3274 2676 3341 eius,
2701 3271 2757 3325 id
2775 3279 2857 3326 est
2877 3271 3004 3343 quia
3027 3272 3186 3326 etiam
3217 3281 3466 3344 tempore

1853 3379 1962 3434 quo
1991 3362 2282 3417 tenebatur
2310 3360 2524 3414 infirma
2555 3367 2672 3415 erat
2703 3377 2716 3414 :
2751 3359 2880 3431 quia
2907 3367 2957 3414 et
2989 3360 3035 3414 si
3065 3361 3308 3432 aliquam
3354 3377 3467 3417 non

1853 3459 2039 3506 tamen
2083 3450 2385 3520 perfectam
2435 3449 2600 3502 dabat
2639 3447 3126 3517 justiﬁcationem:
3178 3450 3469 3519 reprobata

1853 3547 2077 3610 propter
2105 3539 2488 3593 inutilitatem
2516 3539 2638 3608 ejus
2671 3555 2689 3591 :
2717 3536 2844 3607 quia
2868 3542 2985 3602 jam
3014 3553 3122 3591 non
3157 3537 3335 3591 solum
3384 3546 3468 3592 est

1852 3627 2073 3682 infirma
2103 3627 2149 3680 si
2177 3633 2410 3690 tenetur,
2445 3625 2543 3680 sed
2574 3625 2734 3679 etiam
2786 3625 3066 3679 damnosa.
3121 3627 3263 3679 Vere
3310 3625 3467 3680 inﬁr-

1855 3717 2097 3770 mitatem
2128 3715 2336 3769 habuit.
2368 3715 2635 3784 Tempore
2667 3712 2808 3768 enim
2842 3729 2950 3784 quo
3008 3714 3296 3768 tenebatur
3345 3715 3462 3781 lex,

1851 3804 2000 3859 nihil
2030 3804 2274 3859 adduxit
2294 3804 2366 3857 ad
2378 3805 2716 3874 perfectum,
2742 3801 2797 3855 id
2819 3810 2900 3857 est
2921 3802 3053 3855 nihil
3072 3803 3347 3857 adducere
3375 3818 3469 3856 va-

1852 3893 1948 3947 luit
1976 3894 2044 3947 ad
2072 3892 2490 3962 perfectionem,
2524 3891 2648 3962 quia
2678 3898 2732 3946 et
2762 3891 2807 3945 si
2837 3891 3002 3962 aliqui
3049 3892 3152 3945 sub
3203 3907 3265 3945 ea
3310 3891 3466 3947 fuere

1851 3980 2100 4052 perfecti,
2132 3997 2243 4035 non
2270 3996 2368 4050 per
2397 3995 2538 4046 eam,
2573 3979 2671 4034 sed
2701 3995 2801 4049 per
2831 3978 2994 4034 ﬁdem
3028 3980 3260 4034 venturi.
3308 3980 3368 4034 In
3400 3996 3467 4035 eo

1853 4069 2000 4141 quod
2027 4069 2115 4123 lex
2144 4069 2341 4124 dicitur
2385 4068 2726 4138 praecedens,
2791 4066 3126 4138 significatur
3164 4069 3310 4122 aliud
3363 4069 3468 4124 de-

1853 4158 1986 4213 bere
2007 4157 2271 4228 consequi
2311 4157 2381 4211 ad
2403 4157 2786 4229 corrigendam
2808 4156 2946 4227 legis
2967 4156 3462 4226 imperfectionem.

1854 4246 2184 4316 Reprobatio
2216 4245 2435 4316 quidem
2466 4244 2829 4315 praecedentis
2875 4245 3136 4313 mandati,
3192 4246 3465 4301 introdu-

1853 4337 1968 4390 ctio
1999 4349 2124 4390 vero
2153 4335 2219 4402 ﬁt
2250 4334 2518 4388 melioris.
2545 4334 2614 4389 Ut
2634 4332 2813 4404 magis
2837 4333 3201 4398 commendet,
3243 4348 3353 4386 non
3390 4333 3466 4388 ait

1853 4422 2096 4478 mandati
2149 4422 2248 4477 sed
2301 4422 2422 4493 spei
2469 4440 2487 4475 :
2544 4421 2671 4492 quia
2727 4421 2830 4476 hoc
2889 4436 3089 4475 novum
3147 4420 3466 4476 mandatum

139 4515 250 4570 alia
274 4515 452 4569 tribu:
477 4515 613 4586 quia
650 4511 1026 4581 manifestum
1066 4514 1149 4564 est
1182 4509 1325 4581 quod
1353 4509 1623 4565 Dominus
1654 4523 1753 4562 no-
1773 4515 1826 4574 D
1857 4510 2053 4567 Christi
2083 4509 2189 4564 tale
2220 4517 2319 4574 est,
2356 4509 2412 4562 in
2441 4524 2548 4579 quo
2579 4508 2844 4562 habeatur
2870 4525 3019 4578 spes,
3074 4524 3183 4563 non
3223 4509 3464 4564 carnalis

138 4609 262 4660 ster
283 4604 531 4660 Christus
551 4605 712 4658 ortus
733 4601 811 4655 sit
833 4616 907 4655 ea:
947 4598 1113 4664 Juda,
1155 4601 1218 4654 in
1234 4615 1343 4670 qua
1372 4597 1516 4652 tribu
1549 4597 1753 4668 Moyses

140 4694 294 4749 nihil
325 4695 553 4752 locutus
584 4694 670 4746 est
700 4689 766 4744 de
797 4689 1198 4753 sacerdotibus,
1231 4695 1288 4742 ut
1311 4685 1536 4757 quilibet
1563 4685 1632 4740 de
1661 4684 1755 4738 illa

139 4783 281 4838 tribu
311 4783 541 4838 deberet
572 4777 836 4835 sacerdos
867 4775 1007 4832 fieri.
1039 4774 1345 4831 Translatio
1373 4782 1554 4830 autem
1576 4789 1758 4830 sacer-

139 4873 270 4927 dotii
298 4871 608 4928 secundum
638 4867 840 4922 tribum
861 4865 974 4934 jam
1001 4871 1361 4936 praecesserat
1389 4862 1445 4917 in
1481 4861 1753 4931 Samuele,

139 4962 443 5032 reprobatis
472 4959 606 5015 ﬁliis
660 4955 807 5017 Heli,
841 4953 933 5025 qui
982 4953 1278 5008 secundum
1309 4951 1508 5007 lineam
1536 4950 1756 5024 generis

140 5051 380 5108 heredes
409 5056 570 5107 erant
598 5041 897 5101 sacerdotii
931 5057 942 5096 :
974 5058 1095 5113 qua
1125 5040 1501 5096 transmutatio
1543 5037 1758 5110 signiﬁ-

135 5141 284 5197 cabat
313 5156 504 5198 veram
536 5136 694 5209 (quae
724 5131 899 5188 futura
940 5137 1057 5186 erat
1101 5129 1160 5185 in
1198 5129 1434 5200 Christo)
1481 5136 1758 5182 transmu-

133 5233 382 5289 tationem
414 5218 920 5304 [translationem].
974 5219 1172 5274 Probat
1215 5219 1412 5273 iterum
1459 5217 1758 5272 secundum

127 5323 282 5379 ritum
308 5319 788 5378 translatumesse
820 5308 1184 5363 sacerdotium
1213 5307 1361 5378 quod
1388 5321 1498 5362 non
1528 5305 1762 5375 amplius

125 5414 290 5469 visum
314 5413 500 5468 fuerat
525 5426 540 5474 ;
569 5401 712 5476 quia
742 5395 986 5454 384
1003 5396 1129 5452 licet
1156 5396 1335 5450 tribus
1354 5394 1757 5465 reprobaretur,

117 5505 243 5560 ritus
275 5513 463 5559 tamen
494 5511 621 5554 non
653 5495 790 5544 sunt
821 5485 1033 5541 mutati.
1065 5485 1220 5541 Unde
1247 5484 1320 5538 ait
1351 5499 1362 5538 :
1413 5482 1639 5538 Probavi
1669 5497 1762 5536 se-

111 5596 342 5655 cundum
374 5590 600 5648 tribum
630 5573 936 5636 transferri
968 5573 1359 5631 sacerdotium.
1395 5573 1587 5629 Adhuc
1604 5569 1763 5628 etiam

1854 4599 1952 4655 sed
1981 4598 2170 4671 gloria:
2199 4597 2436 4654 ccelestis
2472 4611 2484 4649 :
2515 4612 2618 4668 per
2633 4613 2803 4668 quam
2825 4611 2981 4666 spem
3001 4612 3110 4651 non
3137 4597 3313 4650 solum
3335 4613 3463 4667 pro-

1853 4688 2199 4760 pinquamus,
2234 4686 2332 4741 sed
2361 4685 2527 4739 etiam
2570 4685 2968 4756 proximamus
3001 4684 3074 4739 ad
3107 4686 3304 4740 Deum.
3357 4685 3466 4741 Le-

1855 4793 1983 4850 gem
2012 4775 2181 4831 fuisse
2210 4773 2501 4841 inﬁrmam,
2534 4773 2849 4828 mandatum
2877 4781 3057 4829 autem
3088 4773 3286 4828 Christi
3325 4788 3463 4829 cau-

1854 4881 1973 4920 sam
2001 4881 2125 4920 esse
2155 4880 2260 4936 qua
2288 4863 2656 4935 proximemus
2682 4862 2753 4918 ad
2786 4863 2982 4928 Deum,
3031 4862 3260 4917 multum
3282 4869 3366 4918 est
3390 4862 3462 4918 ad

1857 4954 2074 5010 laudem
2103 4953 2230 5008 novi
2259 4951 2586 5008 sacerdotis.
2625 4952 2693 5006 Et
2724 4959 2986 5022 quantum
3018 4952 3124 5006 hoc
3157 4950 3349 5006 iterum
3382 4959 3468 5006 est

1859 5044 1928 5099 ad
1958 5042 2486 5099 commendationem
2512 5041 2650 5111 ejus,
2683 5041 2830 5112 quod
2849 5056 2960 5097 non
2977 5041 3465 5109 sinejurejurando

1857 5134 2017 5188 Iesus
2047 5132 2224 5188 factus
2246 5139 2330 5186 est
2359 5131 2621 5186 sacerdos
2651 5145 2664 5185 :
2697 5131 2812 5186 Alii
2839 5130 3082 5203 quidem,
3114 5129 3170 5184 id
3199 5138 3281 5185 est
3309 5130 3470 5186 Leui-

1861 5221 1952 5277 tici
1981 5222 2127 5292 facti
2153 5224 2294 5276 sunt
2314 5220 2630 5276 sacerdotes
2651 5221 2775 5276 sine
2784 5219 3184 5290 jurejurando,
3209 5226 3468 5292 tanquam

1861 5309 1995 5364 illud
2025 5309 2172 5380 quod
2201 5309 2426 5364 deberet
2476 5308 2673 5362 mutari
2695 5324 2708 5362 ε
2729 5307 2818 5363 hic
2841 5311 3037 5363 autem
3067 5309 3198 5362 Jesu
3230 5324 3360 5362 cum
3379 5311 3480 5379 ju-

1863 5398 2187 5469 rejurando,
2222 5396 2398 5453 factus
2427 5404 2510 5451 est
2539 5396 2800 5452 sacerdos
2827 5412 2928 5468 per
2955 5411 3104 5462 eum,
3137 5395 3193 5450 id
3240 5403 3322 5450 est
3371 5412 3475 5466 per

1864 5488 2041 5542 Deum
2071 5487 2307 5551 Patrem,
2333 5487 2430 5558 qui
2457 5486 2612 5540 dixit
2629 5485 2701 5540 ad
2730 5485 2898 5540 illum
2917 5486 3106 5539 Jesum
3143 5499 3155 5537 :
3196 5485 3274 5539 Tu
3301 5499 3360 5539 es
3385 5501 3479 5540 sa-

1866 5575 2058 5634 cerdo:
2087 5575 2152 5630 in
2181 5579 2482 5631 tetemum.
2515 5575 2584 5630 Et
2607 5573 2751 5646 quod
2769 5573 3130 5630 sacerdotium
3159 5579 3312 5627 tuum
3335 5571 3405 5626 sit
3420 5572 3475 5627 in
