3928 6404
481 323 586 378 527

987 323 1043 377 S.
1075 320 1431 378 BRUNONIS
1489 320 2131 378 CARTHUSIANORUM
2187 318 2670 376 INSTITUTORIS
2727 318 2881 375 OPP.
2938 319 3114 375 PARS
3165 320 3240 374 ΙΙ.

3668 323 3764 376 528

481 452 747 500 aeternum
781 459 793 498 :
817 446 1035 516 juravit
1053 446 1322 501 Dominus
1343 451 1400 501 et
1426 446 1494 500 de
1515 447 1619 502 hoc
1649 463 1762 502 non
1784 446 2074 519 paenitebit
2096 446 2149 504 A
2177 460 2283 498 non
2311 445 2598 500 habentem
2631 443 3014 510 inﬁrmitatem,
3048 443 3146 499 sed
3177 443 3498 498 duraturum
3526 443 3592 498 in
3610 447 3771 499 teter-

485 549 635 600 eum,
669 533 722 588 id
751 542 831 588 est
863 549 970 588 non
1015 533 1318 588 immutabit
1365 544 1512 589 tuum
1561 536 1943 590 sacerdotium.
1989 536 2076 589 Ait

483 621 702 693 quidem
732 622 926 688 David,
958 623 1131 677 Deum
1162 624 1265 678 hoc
1289 624 1527 692 jurasse,
1561 624 1657 679 sed
1678 624 1788 691 ubi,
1809 623 1896 678 vel
1917 639 2078 694 quan-

484 711 575 775 do,
610 709 693 764 vel
723 710 918 781 quibus
945 711 1124 765 verbis
1154 712 1257 765 hoc
1280 712 1541 780 juraverit
1573 727 1678 766 non
1709 712 1798 766 ait.
1837 712 2077 782 lnquan-

481 805 593 852 tum
624 814 743 853 cum
769 799 1126 866 jurejurando
1181 800 1360 861 Jesus,
1394 800 1471 854 illi
1503 809 1682 855 autem
1715 800 1830 854 sine
1865 800 2078 867 jureju-

484 887 678 952 rando,
732 895 783 941 et
832 887 1148 958 inquantum
1196 904 1295 957 per
1349 889 1536 942 Jesum
1595 888 1968 957 proximamus
2010 886 2080 941 ad

485 975 676 1042 Deum,
709 984 762 1030 et
793 992 891 1045 per
928 975 1106 1047 legem
1139 991 1298 1030 nemo
1337 976 1711 1030 adducebatur
1752 976 1822 1030 ad
1862 974 2079 1045 perfec-

485 1071 616 1128 tum,
644 1065 943 1119 intantum
964 1065 1122 1117 Jesus
1145 1068 1332 1132 factus
1355 1069 1440 1119 est
1458 1081 1709 1136 sponsor,
1752 1064 1806 1118 id
1851 1073 1932 1118 est
1981 1062 2080 1116 tir-

485 1159 664 1205 mutor
676 1160 727 1205 et
749 1160 992 1206 assertor
1015 1153 1341 1207 testa-menti
1365 1155 1632 1215 melioris,
1652 1152 1704 1206 id
1727 1160 1809 1205 est
1829 1152 2078 1216 meliora,

487 1239 612 1310 quia
625 1248 848 1308 aeterna,
865 1240 1241 1310 promittentis.
1261 1240 1408 1294 Sicut
1422 1240 1703 1310 promissis
1722 1240 1800 1295 sic
1811 1240 1970 1293 etiam
1983 1241 2084 1294 hac

485 1327 750 1400 dignitate
773 1345 891 1398 qua:
911 1329 1198 1398 sequitur:
1246 1329 1404 1382 Jesus
1451 1329 1718 1383 Leviticos
1775 1327 2085 1382 sacerdotes

489 1416 772 1487 praecellit,
807 1416 933 1486 quia
953 1418 1054 1470 alii
1083 1417 1322 1488 quidem,
1357 1417 1407 1469 id
1442 1425 1522 1470 est
1565 1415 1783 1470 Levitici
1826 1416 2086 1471 sacerdo-

491 1509 576 1560 tes
595 1505 736 1574 facti
758 1509 894 1558 sunt
919 1505 1132 1574 plures.
1160 1505 1368 1559 ldcirco
1391 1504 1571 1574 plures
1594 1506 1734 1576 quod
1755 1519 2088 1575 permanere

491 1591 546 1645 in
559 1592 670 1646 vita
676 1593 1113 1662 prohiberentur
1133 1597 1313 1648 morte
1335 1593 1767 1662 superveniente.
1784 1594 1880 1646 llic
1898 1596 2088 1646 autem

493 1681 736 1734 Christus
769 1679 930 1735 habet
958 1681 1368 1752 sempiternum
1408 1680 1808 1746 sacerdotium,
1842 1697 1901 1735 eo
1951 1678 2091 1751 quod

499 1773 728 1825 maneat
760 1770 821 1822 in
853 1773 1155 1823 ceter-num.
1194 1770 1345 1825 Unde
1373 1770 1494 1838 quia
1515 1769 1812 1822 manensin
1831 1776 2090 1823 aeternum

497 1857 890 1928 sempiternum
921 1857 1083 1910 habet
1109 1857 1492 1922 sacerdotium,
1523 1859 1742 1912 salvare
1781 1857 1942 1911 etiam
1990 1873 2091 1927 po-

505 1950 616 2002 test
640 1948 703 2000 in
737 1949 1098 2016 perpetuum,
1145 1944 1382 1999 385
1435 1962 1556 1999 cum
1597 1953 1805 2000 constet
1838 1943 2095 1998 mortales

496 2033 638 2105 legis
667 2034 984 2088 sacerdotes
1016 2041 1260 2102 tempore
1291 2033 1576 2088 sacerdotii
1599 2033 1680 2087 sui
1713 2033 1955 2104 potuisse
1991 2031 2095 2085 ali-

497 2137 634 2194 quas
665 2121 994 2176 salvationes
1022 2121 1294 2176 conferre.

571 2210 806 2264 Ostenso
837 2209 1129 2280 quomodo,
1163 2225 1263 2278 per
1292 2210 1656 2264 sacerdotium
1678 2209 1895 2276 Christi,
1943 2215 2098 2261 vetus

500 2297 881 2361 sacerdotium,
915 2305 967 2350 et
998 2296 1083 2350 lex
1131 2297 1452 2362 destruatur,
1512 2305 1564 2351 et
1623 2298 1741 2367 ipso
1800 2295 2099 2351 sacerdotio

502 2385 699 2442 Christi
730 2384 860 2439 satis
905 2385 1306 2448 commendato,
1359 2386 1701 2440 commendat
1745 2386 1908 2439 etiam
1958 2399 2100 2437 nunc

501 2483 680 2530 actum
711 2481 763 2528 et
793 2473 1176 2527 exhibitionem
1208 2473 1559 2528 sacerdotalis
1590 2474 1750 2528 oﬂicii
1778 2474 1831 2528 in
1864 2475 2098 2546 Christo,

502 2562 861 2632 deprimeudo
891 2577 988 2631 per
1014 2561 1341 2617 contrarium
1369 2563 1741 2632 operationem
1773 2564 1974 2618 veteris
2006 2581 2100 2620 sa-

503 2650 746 2714 cerdotii,
779 2650 966 2704 dicens
1001 2666 1012 2704 :
1047 2651 1226 2704 Potest
1254 2652 1413 2704 Jesus
1436 2651 1647 2706 salvare
1669 2652 1724 2704 in
1755 2661 2096 2721 perpetuum,

504 2740 641 2810 ipse,
664 2738 807 2802 dico,
832 2738 1100 2793 accedens
1140 2738 1213 2792 ad
1251 2740 1446 2806 Deum,
1489 2755 1598 2794 non
1629 2755 1729 2809 per
1756 2740 1962 2794 alienas
1997 2743 2093 2796 ho-

507 2827 640 2881 stias
661 2825 992 2891 animalium,
1016 2826 1112 2880 sed
1136 2842 1234 2895 per
1250 2828 1637 2897 semetipsum,
1667 2827 1897 2881 hostiam
1923 2829 2104 2884 vivam

506 2915 561 2968 in
582 2929 679 2968 ara
707 2913 883 2969 crucis
913 2913 1174 2967 oblatum.
1199 2915 1379 2979 Jesus,
1403 2914 1547 2979 dico,
1575 2931 1796 2984 semper
1826 2917 2014 2970 vivens
2032 2918 2104 2972 ad

507 3000 997 3072 interpellandum
1020 3001 1237 3053 Patrem
1255 3017 1358 3071 pro
1380 3001 1558 3068 nobis,
1594 3001 1718 3071 quia
1747 3017 1873 3056 caro
1904 3004 2019 3070 ejus
2036 3005 2106 3058 ad

510 3089 616 3142 hoc
645 3103 862 3156 semper
890 3086 942 3139 in
973 3087 1125 3140 caelis
1170 3087 1319 3152 vivit,
1370 3095 1427 3140 ut
1487 3089 1962 3158 repraesentatione
2011 3107 2106 3146 sua

507 3174 712 3244 jugiter
739 3173 917 3243 pulset
947 3174 1160 3227 Patrem
1191 3190 1292 3244 pro
1322 3174 1496 3229 nobis.
1540 3175 1675 3230 Dico
1714 3178 1986 3232 accedens
2010 3195 2111 3249 per

515 3261 909 3331 semetipsum;
943 3261 1168 3316 decebat
1204 3263 1357 3316 enim
1385 3270 1437 3316 et
1467 3264 1840 3318 necessarium
1888 3275 2006 3320 erat
2043 3272 2108 3322 ut

517 3350 670 3416 talis,
694 3357 746 3403 et
777 3364 872 3419 per
905 3348 1254 3418 semetipsum
1275 3350 1563 3415 accedens,
1583 3355 1729 3406 esset
1748 3353 1908 3408 nobis
1925 3356 2112 3424 ponti-

515 3440 635 3508 fex,
669 3441 900 3493 sanctus
923 3437 977 3490 in
999 3453 1057 3491 se
1079 3438 1429 3507 possessione
1451 3437 1724 3507 virtutum,
1752 3442 2023 3497 innocens
2044 3442 2112 3497 ad

519 3525 846 3597 proximum,
883 3533 952 3593 et,
1005 3541 1129 3580 cum
1185 3534 1403 3581 sanctus
1433 3527 1617 3581 habitu
1649 3528 1937 3596 bonorum,
1999 3533 2112 3586 im-

516 3615 770 3684 pollutus
799 3614 964 3668 etiam
993 3613 1236 3668 absentia
1267 3615 1546 3669 vitiorum.
1585 3616 1701 3670 Nec
1728 3617 1892 3672 modo
1919 3617 2114 3688 impol-

517 3700 662 3756 lutus
691 3709 750 3756 ut
796 3701 1090 3772 aliquando
1146 3701 1310 3757 fuerit
1363 3702 1617 3772 pollutus,
1676 3704 1772 3758 sed
1825 3706 1972 3758 omni
2028 3707 2116 3762 die

521 3792 845 3860 segregatus
891 3806 925 3843 a
975 3791 1379 3860 peccatoribus,
1411 3789 1465 3843 id
1497 3798 1578 3844 est
1607 3805 1824 3862 agrege
1856 3803 2116 3862 peccato-

523 3893 642 3931 rum
672 3884 1019 3948 segregatus,
1043 3880 1233 3946 [actus
1256 3876 1412 3931 etiam
1437 3879 1719 3934 excelsior
1748 3881 1923 3949 ccelis,
1948 3881 2002 3935 id
2037 3891 2119 3938 est

523 3963 671 4019 omni
692 3963 901 4019 ctelesti
923 3971 1188 4019 creatura.
1233 3966 1337 4033 Qui
1356 3963 1595 4035 pontifex
1623 3966 1744 4020 talis
1777 3976 1830 4022 et
1854 3969 1976 4023 talis
2003 3987 2119 4027 non

527 4053 693 4107 habet
712 4053 1112 4107 necessitatem
1127 4053 1374 4124 quotidie
1403 4053 1603 4124 offerre
1620 4071 1721 4125 pro
1747 4072 1824 4121 se,
1850 4059 2118 4128 quemad-

527 4141 753 4195 modum
823 4140 1138 4196 sacerdotes
1199 4140 1419 4197 Levitici
1497 4143 1877 4200 necessitatem
1925 4147 2124 4202 habent

529 4227 728 4284 offerre
749 4229 978 4293 hostias,
1004 4228 1156 4298 prius
1177 4228 1572 4285 intercedentes
1592 4247 1696 4302 pro
1727 4234 1845 4288 suis
1876 4233 2122 4301 delictis,

528 4317 729 4372 deinde
750 4333 852 4387 pro
873 4316 1084 4370 delictis
1121 4318 1332 4388 populi.
1366 4319 1488 4372 Non
1538 4319 1613 4373 ait
1663 4321 1924 4391 quotidie,
1970 4323 2125 4394 quasi

525 4404 707 4475 aliquo
723 4404 810 4458 die
832 4419 1059 4459 necesse
1081 4403 1148 4458 sit
1169 4404 1382 4460 Christo
1401 4404 1598 4462 offerre
1628 4424 1726 4478 pro
1746 4425 1826 4477 se,
1847 4410 1943 4464 sed
1965 4418 2022 4464 ut
2038 4426 2124 4465 re-

2175 550 2313 589 num
2335 542 2386 588 et
2413 536 2751 606 perfectum.

2763 621 2891 676 CAP
2901 621 2988 676 UT
3041 622 3184 675 VIII.

2253 732 2273 757 ιε
2311 709 2609 780 Capitulum
2640 717 2820 764 autem
2852 726 3016 780 super
3045 726 3105 764 ea
3137 726 3258 780 quae
3287 709 3558 764 dicuntur.
3587 708 3775 764 Talem

2184 821 2204 844 ιι
2241 797 2503 851 habemus
2532 796 2864 867 pontificem,
2898 797 2990 868 qui
3019 797 3264 853 consedit
3292 797 3348 851 in
3377 798 3600 852 dextera
3629 797 3781 852 sedis

2183 906 2205 935 ι
2249 886 2639 956 magnitudinis
2690 886 2743 940 in
2811 885 2983 950 caelis,
3028 894 3339 942 sanctorum
3395 885 3666 949 minister,
3728 893 3784 940 et

2185 995 2206 1022 ι
2252 974 2583 1029 tabernaculi
2614 975 2747 1038 veri,
2801 975 2945 1044 quod
2995 973 3106 1027 ﬁxit
3157 976 3322 1040 Deus,
3356 983 3408 1028 et
3453 990 3561 1030 nou
3593 975 3783 1029 homo.

2186 1084 2207 1106 «
2253 1061 2444 1116 Omnis
2493 1063 2636 1116 enim
2686 1062 2924 1132 pontifex
2971 1063 3042 1116 ad
3091 1063 3374 1117 offerenda
3433 1079 3665 1118 munera
3731 1070 3791 1116 et

2187 1171 2208 1198 ι
2254 1150 2459 1203 hostias
2490 1150 2847 1205 constituitur.
2881 1151 3034 1205 Unde
3064 1155 3292 1206 necesse
3323 1160 3405 1206 est
3435 1160 3486 1206 et
3507 1153 3652 1208 hunc
3692 1153 3790 1207 ha-

2188 1259 2210 1287 ι
2254 1237 2385 1293 bere
2414 1238 2615 1309 aliquid
2645 1239 2789 1309 quod
2819 1237 3034 1293 offerat.
3076 1240 3131 1294 Si
3163 1255 3298 1313 ergo
3321 1249 3465 1295 esset
3485 1257 3654 1311 super
3681 1250 3790 1295 ter-

2190 1347 2211 1375 ι
2256 1343 2394 1393 ram,
2427 1341 2535 1380 non
2565 1335 2709 1381 esset
2739 1328 3019 1391 sacerdos,
3055 1343 3176 1382 cum
3208 1337 3391 1384 essent
3409 1329 3500 1399 qui
3527 1329 3795 1384 oﬁerrent

2190 1436 2212 1460 ει
2259 1414 2554 1469 secundum
2585 1415 2763 1484 legem
2794 1431 3058 1482 munera;
3092 1417 3184 1486 qui
3214 1417 3509 1487 exemplari
3554 1426 3607 1472 et
3657 1434 3790 1471 um-

2192 1524 2213 1547 «
2257 1502 2368 1556 bra:
2415 1502 2727 1557 deserviunt
2777 1503 3098 1569 ccelestium,
3147 1504 3284 1560 sicut
3330 1521 3652 1575 responsum
3703 1514 3793 1560 est

2195 1612 2215 1640 ι
2259 1591 2449 1659 Moysi,
2511 1607 2632 1645 cum
2681 1601 3082 1646 consmnmaret
3130 1593 3555 1648 tabernaculum.
3626 1595 3792 1659 Vide,

2195 1701 2216 1724 «
2259 1679 2450 1748 inquit,
2499 1680 2680 1733 omnia
2729 1680 2891 1734 facito
2939 1681 3236 1736 secundum
3285 1682 3578 1752 exemplar,
3642 1683 3798 1753 quod

2121 1802 2172 1862 Β
2197 1789 2217 1812 ιι
2263 1767 2356 1820 tibi
2387 1775 2665 1821 ostensum
2699 1776 2776 1821 est
2809 1769 2863 1821 in
2907 1777 3115 1823 monte.
3155 1769 3312 1825 Nunc
3357 1780 3540 1825 autem
3589 1771 3794 1827 melius

2199 1877 2220 1904 ι
2265 1855 2480 1908 sortitus
2509 1864 2592 1909 est
2624 1856 3004 1922 ministerium,
3039 1866 3240 1928 quanto
3281 1866 3339 1912 ut
3383 1859 3626 1914 melioris
3677 1870 3788 1914 tes-

2199 1966 2220 1990 ιι
2265 1944 2487 1998 tamenti
2516 1944 2780 1998 mediator
2807 1954 2910 2010 est,
2944 1946 3088 2016 quod
3127 1945 3180 2000 in
3233 1947 3550 2002 melioribus
3592 1964 3802 2018 repro-

2201 2055 2221 2078 «ι
2268 2032 2615 2086 missionibus
2667 2034 2936 2088 sancitum
2994 2042 3095 2088 est.
3155 2036 3294 2088 Nam
3353 2036 3398 2090 si
3450 2036 3583 2092 illud
3639 2037 3798 2108 prius

2202 2139 2224 2170 ι
2269 2119 2424 2189 culpa
2450 2129 2715 2186 vacasset,
2748 2137 2858 2176 non
2887 2122 3071 2192 utique
3101 2124 3326 2177 secundi
3357 2123 3506 2178 locus
3557 2124 3804 2196 inquire-

2204 2230 2224 2254 ιι
2271 2216 2435 2262 retur.
2471 2210 2795 2278 Vituperans
2824 2209 2968 2264 enim
3015 2226 3110 2264 eos
3157 2212 3304 2266 dicit.
3359 2213 3497 2267 Ecce
3534 2213 3654 2267 dies
3697 2230 3802 2268 ve-

2206 2317 2228 2346 ι
2271 2296 2440 2361 niunt,
2475 2297 2603 2350 dicit
2633 2297 2915 2366 Dominus,
2950 2307 3002 2352 et
3045 2300 3435 2354 consummabo
3486 2317 3655 2372 super
3694 2303 3803 2357 do-

2205 2405 2227 2434 α
2270 2400 2416 2438 mum
2451 2385 2612 2439 Israel
2641 2395 2690 2439 et
2732 2403 2898 2455 super
2945 2387 3165 2440 domum
3221 2389 3359 2442 Juda
3415 2397 3804 2445 testamentum

2207 2495 2227 2518 «
2272 2489 2515 2526 novum:
2566 2489 2674 2527 non
2725 2475 3020 2529 secundum
3069 2483 3450 2531 testamentum
3500 2478 3647 2549 quod
3698 2478 3807 2534 feci

2208 2583 2228 2606 α
2275 2561 2518 2630 patribus
2568 2577 2758 2616 eorum
2805 2563 2859 2615 in
2909 2563 2997 2618 die
3045 2579 3152 2634 qua
3201 2566 3534 2635 apprehendi
3579 2582 3809 2621 manum

2209 2669 2230 2699 ι
2273 2649 2508 2714 illorum,
2539 2658 2595 2702 ut
2627 2650 2917 2705 educerem
2948 2651 3070 2707 illos
3099 2653 3167 2706 de
3197 2661 3340 2707 terra
3370 2654 3604 2725 :Egypti,
3660 2670 3808 2726 quo-

2209 2758 2231 2786 ι
2275 2737 2420 2791 niam
2451 2737 2553 2808 ipsi
2582 2753 2690 2792 non
2721 2749 3141 2808 permanserunt
3171 2741 3225 2794 in
3282 2750 3602 2798 testamento
3657 2759 3809 2810 meo,

2210 2847 2230 2871 ιι
2280 2833 2331 2879 et
2353 2841 2456 2896 ego
2488 2826 2705 2898 neglexi
2729 2843 2842 2892 eos,
2877 2829 3005 2883 dicit
3035 2829 3307 2883 dominus.
3369 2829 3506 2898 Quia
3561 2831 3669 2887 hoc
3727 2841 3814 2888 est

2211 2934 2233 2963 ι
2270 2921 2650 2969 testamentum
2676 2917 2819 2986 quod
2868 2917 3155 2986 disponam
3210 2919 3394 2973 domui
3453 2919 3624 2974 Israel
3684 2928 3816 2991 post

2211 3024 2232 3049 ι
2277 3002 2396 3056 dies
2425 3003 2567 3069 illos,
2599 3004 2732 3059 dicit
2793 3005 3054 3060 Dominus
3092 3024 3106 3060 :
3157 3007 3350 3062 Dando
3405 2996 3592 3080 [dabo]
3654 3009 3815 3080 leges

2212 3111 2233 3136 ιι
2278 3107 2427 3144 meas
2453 3090 2509 3145 in
2554 3100 2790 3146 mentem
2827 3109 3053 3160 eorum;
3103 3103 3156 3150 et
3193 3095 3248 3149 in
3294 3097 3462 3151 corda
3491 3112 3681 3152 eorum
3713 3115 3812 3152 su-

2141 3161 2176 3214 ῧ
2220 3199 2240 3230 ι
2275 3161 2612 3248 perscribam
2645 3196 2758 3246 eas,
2792 3188 2844 3235 et
2887 3197 2983 3237 ero
3014 3182 3093 3236 eis
3121 3183 3175 3236 in
3205 3184 3399 3249 Deum,
3433 3192 3485 3238 et
3512 3183 3617 3255 ipsi
3652 3193 3820 3241 erunt

2213 3287 2236 3316 ι
2280 3267 2412 3320 mihi
2456 3267 2512 3321 in
2549 3269 2826 3339 populum.
2873 3271 2941 3323 Et
2988 3285 3098 3325 non
3134 3272 3350 3327 docebit
3415 3272 3819 3346 uniusquisque

2217 3378 2238 3400 α
2282 3355 2588 3425 proximum
2619 3373 2795 3422 suum,
2851 3365 2903 3411 et
2949 3360 3321 3430 unusquisque
3367 3361 3587 3416 fratrem
3630 3379 3815 3430 suum,

2217 3464 2240 3494 ι
2283 3443 2518 3498 dicens:
2554 3443 2840 3516 Cognosce
2870 3447 3181 3512 Dominum,
3224 3449 3352 3519 quia
3397 3464 3589 3504 omnes
3637 3450 3822 3506 scient

2219 3552 2241 3582 ι
2284 3547 2390 3596 me,
2415 3547 2448 3585 a
2477 3532 2688 3587 minore
2711 3532 2975 3606 [minimo]
2997 3552 3169 3606 usque
3189 3537 3260 3590 ad
3292 3537 3555 3605 majorem
3580 3554 3777 3594 eorum
3803 3557 3818 3606 ;

2220 3639 2239 3672 ι
2286 3619 2410 3690 quia
2439 3620 2705 3690 propitius
2735 3637 2828 3676 ero
2858 3622 3226 3693 iniquitatibus
3259 3641 3463 3694 eorum,
3516 3634 3570 3682 et
3616 3643 3822 3698 pecca-

2220 3729 2241 3753 u
2301 3714 2480 3762 torum
2513 3706 2838 3781 [peccatum]
2883 3710 3100 3766 illorum
3144 3713 3254 3781 jam
3301 3729 3412 3769 non
3469 3719 3823 3771 memorabor

2223 3816 2244 3845 ι
2289 3795 2794 3869 [commemorabor]
2831 3798 3068 3855 386
3097 3801 3340 3857 Dicendo
3386 3810 3565 3858 autem
3591 3819 3820 3874 novum,

2223 3907 2243 3931 υ
2288 3885 2551 3941 veteravit
2569 3885 2740 3955 prius.
2768 3886 2926 3954 Quod
2946 3896 3129 3944 autem
3149 3889 3459 3961 antiquatur
3482 3899 3535 3947 et
3555 3893 3818 3960 senescit,

2223 3995 2246 4020 ι
2290 3988 2463 4044 prOpe
2494 3973 2768 4028 interitum
2798 3983 2900 4030 est.
2938 3995 2961 4026 »

2859 4080 3170 4120 EXPOSI‘I‘IO.

2294 4148 2464 4216 Quasi
2495 4165 2668 4221 pauca
2696 4151 2922 4208 dixisset
2968 4153 3036 4208 de
3082 4155 3186 4210 hoc
3233 4156 3535 4224 sacerdote,
3587 4157 3827 4215 breviter

2222 4237 2599 4307 complectitur
2627 4240 2792 4294 modo
2820 4241 3140 4313 dignitatem
3172 4243 3308 4312 ejus,
3333 4260 3498 4315 super
3525 4245 3630 4302 hoc
3661 4263 3827 4318 quam

2225 4324 2282 4380 in
2303 4326 2603 4395 praemissis
2650 4328 2967 4399 complexus
3009 4331 3096 4384 sit.
3141 4330 3311 4399 Quasi
3358 4332 3557 4388 diceret
3592 4349 3605 4388 :
3654 4335 3824 4390 Multa

2226 4413 2443 4485 quidem
2486 4415 2596 4469 dixi
2641 4416 2710 4471 de
2757 4416 2918 4472 laude
2964 4418 3122 4487 hujus
3169 4420 3490 4488 sacerdotis,
3536 4421 3633 4476 sed
3682 4439 3829 4480 nunc

529 4500 747 4547 moveat
773 4509 804 4546 a
831 4492 1046 4547 Christo
1076 4493 1219 4564 quod
1278 4494 1516 4548 attribuit
1571 4495 1676 4550 illis
1733 4497 1974 4568 quotidie
2031 4499 2127 4553 ha-
2159 4504 2210 4564 D
2234 4501 2430 4557 faciam
2451 4505 2792 4575 capitulum,
2825 4505 2878 4559 id
2911 4514 2994 4560 est
3023 4507 3245 4563 brevem
3268 4508 3558 4564 multorum
3575 4512 3827 4582 comple-

534 4581 786 4635 bentibus
815 4580 1193 4636 necessitatem
1223 4580 1488 4637 afferendi
1537 4598 1638 4653 pro
1667 4600 1746 4640 se.
1797 4586 1919 4641 Non
1963 4587 2126 4641 habet

535 4667 779 4724 Christus
807 4668 1189 4724 necessitatem
1220 4669 1381 4726 hanc.
1435 4673 1541 4726 Hoc
1577 4673 1753 4737 enim,
1787 4673 1994 4730 scilicet
2041 4674 2128 4729 of-

536 4755 698 4822 ferre,
731 4757 1070 4827 fecitsemel,
1097 4772 1206 4811 non
1235 4765 1414 4813 tamen
1439 4773 1541 4828 pro
1571 4758 1704 4824 suis,
1750 4760 1848 4815 sed
1890 4777 1988 4832 pro
2035 4762 2131 4818 de-

538 4843 682 4899 lictis
712 4843 936 4914 populi;
966 4843 1108 4910 fecit,
1155 4845 1398 4917 inquam,
1447 4847 1728 4918 oﬂ‘erendo
1773 4864 1851 4903 se.
1902 4850 1969 4904 Et
2017 4850 2132 4919 ejus

542 4930 714 4986 semel
740 4931 880 4986 facta
909 4931 1112 4987 oblatio
1155 4932 1427 4990 sufﬁciens
1473 4933 1572 4988 fuit
1631 4935 1882 4990 omnibus
1921 4937 1992 4993 ad
2037 4955 2133 4994 re-

541 5018 858 5074 missionem
887 5019 1151 5075 omnium.
1191 5019 1375 5089 Quare
1404 5035 1514 5077 non
1542 5029 1624 5076 est
1659 5038 1889 5079 necesse
1928 5033 1986 5080 ut
2029 5026 2134 5082 ite-

542 5114 705 5162 retur.
739 5107 1058 5163 Sacerdotes
1104 5107 1181 5162 illi
1227 5109 1427 5164 habent
1473 5109 1853 5166 necessitatem
1898 5113 2137 5185 quotidie

545 5193 811 5251 offerendi
826 5211 928 5266 pro
948 5211 1030 5266 se,
1043 5196 1176 5267 quia
1199 5197 1293 5251 lex
1312 5195 1629 5253 sacerdotes
1646 5201 1952 5256 constituit
1969 5201 2139 5258 homi-

548 5299 649 5340 nes
685 5283 950 5339 habentes
988 5283 1391 5351 inﬁrmitate-m
1429 5291 1482 5338 et
1518 5284 1824 5357 fragilitatis
1857 5297 2064 5346 natura:
2086 5298 2139 5346 et

547 5371 785 5444 peccati.
815 5373 923 5426 Lex
945 5371 1079 5425 tales
1100 5371 1716 5441 constituitsacerdotes,
1742 5377 1836 5432 sed
1857 5394 2039 5434 sermo
2049 5381 2143 5450 ju-

549 5460 871 5532 risjurandi
885 5461 982 5531 qui
995 5463 1121 5528 post
1135 5459 1308 5530 legem
1320 5460 1498 5516 datam
1515 5478 1616 5533 per
1631 5463 1805 5519 David
1824 5466 2000 5523 dictus
2030 5472 2138 5537 est,

552 5547 828 5604 constituit
857 5546 1195 5603 sacerdotem
1225 5563 1333 5604 non
1363 5550 1658 5621 hominem,
1691 5553 1790 5610 sed
1817 5556 2026 5614 Filium
2041 5557 2142 5615 Dei

2229 4589 2470 4646 xionem.
2505 4593 2832 4662 Capitulum
2850 4593 2991 4660 dico,
3025 4611 3194 4667 super
3222 4611 3308 4662 ea,
3331 4597 3388 4652 id
3406 4607 3488 4652 est
3504 4598 3755 4669 superius
3777 4608 3830 4656 et

2231 4679 2449 4750 dignius
2504 4679 2572 4734 ad
2617 4680 2832 4737 laudem
2883 4683 3080 4738 Christi
3147 4684 3431 4742 continens
3470 4687 3688 4759 quidem
3764 4703 3829 4744 ea

2231 4767 2417 4822 omnia
2444 4785 2565 4840 qua:
2593 4769 2866 4826 dicuntur
2892 4771 2948 4826 in
2977 4772 3302 4843 praemissis;
3333 4775 3458 4844 hoc,
3483 4777 3723 4847 inquam,
3750 4784 3830 4832 est

2231 4855 2542 4927 capitulum.
2573 4859 2687 4912 Nos
2705 4859 2971 4916 habemus
3003 4862 3174 4918 talem
3205 4864 3532 4935 pontiﬁcem
3559 4865 3655 4937 qui
3683 4865 3828 4934 jam-

2233 4943 2324 4999 diu
2352 4952 2472 5012 est;
2507 4947 2653 5016 quod
2682 4948 2935 5004 consedit
2963 4964 3086 5005 cum
3117 4951 3274 5006 Patre
3312 4951 3601 5022 quiescens
3649 4961 3703 5008 et
3743 4954 3830 5023 ju-

2235 5031 2442 5089 dicans.
2477 5033 2732 5090 Consedit
2758 5036 2882 5092 dico
2909 5037 2971 5093 in
3001 5038 3261 5106 dextera,
3311 5039 3365 5094 id
3414 5049 3496 5095 est
3539 5040 3593 5095 in
3641 5058 3830 5113 aequa—

2235 5120 2381 5176 litate
2410 5121 2556 5177 sedis
2588 5125 3028 5195 magnitudinis,
3087 5126 3140 5180 id
3199 5134 3281 5182 est
3335 5127 3576 5183 sedentis
3632 5129 3832 5185 divini-

2238 5210 2386 5265 tatis.
2419 5210 2732 5282 Magnitudo
2761 5212 2906 5268 enim
2963 5213 3123 5269 Pater
3174 5214 3369 5270 dicitur
3436 5216 3527 5288 qui
3584 5216 3830 5274 similiter

2241 5297 2439 5353 sedens
2469 5299 2698 5370 quiescit
2728 5308 2781 5356 et
2802 5302 3029 5370 judicat.
3066 5302 3324 5358 Consedit
3370 5303 3495 5360 dico
3537 5305 3601 5360 in
3655 5308 3828 5374 catis,

2240 5385 2295 5440 id
2326 5394 2410 5441 est
2437 5387 2524 5442 vel
2566 5404 2729 5458 super
2774 5388 2896 5444 illos
2941 5390 3252 5446 materiales
3301 5391 3489 5460 oculos,
3537 5391 3626 5448 vel
3655 5409 3832 5465 supero

2243 5474 2465 5530 thronos
2494 5483 2547 5530 et
2575 5476 2991 5534 dominationes.
3043 5479 3142 5534 Hic
3188 5479 3429 5550 pontifex
3473 5479 3596 5537 dico
3634 5481 3709 5536 ibi
3740 5483 3834 5538 mi-

2242 5563 2426 5621 nister
2443 5569 2794 5624 sanctorum.
2828 5567 2890 5624 In
2917 5566 3071 5624 caelis
3113 5567 3258 5625 enim
3295 5567 3562 5625 ministrat
3605 5568 3833 5642 gloriam
