3928 6414
131 343 244 398 529

790 339 1170 400 EXPOSITIO
1209 343 1282 398 IN
1318 343 1697 402 EPISTOLAS
1735 344 1966 401 PAULI.
2013 377 2082 388 —
2123 348 2197 404 IN
2233 348 2450 406 EPIST.
2491 351 2588 407 AD
2625 352 2783 408 ΗΕΒ.

3350 356 3455 412 530

133 480 243 535 per
274 463 475 520 Sancta
508 473 819 522 sanctorum
853 465 1238 542 signiﬁcatam,
1287 467 1536 524 minister
1565 477 1615 525 et
1636 470 1752 539 jam
1773 471 1828 530 Α
1855 485 1965 526 non
1986 486 2108 527 cum
2127 471 2407 544 inciperet,
2434 475 2531 532 sed
2543 492 2668 532 cum
2684 483 3103 535 consummaret
3117 479 3466 536 tabernacu-v

135 552 345 608 ibidem
376 556 498 610 veri
521 555 896 623 tabernaculi,
921 557 977 612 id
1000 565 1081 612 est
1101 557 1362 623 veritatis,
1389 573 1550 629 quam
1573 559 1750 614 taber-

136 642 402 698 naculum
451 651 610 699 vetus
656 644 1064 716 praeﬁgurabat,
1131 646 1337 702 scilicet
1379 647 1649 716 justitiam
1693 647 1750 702 in

135 731 404 803 praesenti
434 732 705 799 Ecclesia,
738 733 972 807 gloriam
1021 734 1074 790 in
1122 734 1318 790 futura.
1368 735 1519 802 Quod
1567 752 1750 791 verum

139 819 560 876 tabernaculum
602 823 739 891 ﬁxit
774 824 1046 880 Dominus
1091 823 1149 879 in
1194 833 1459 880 aiternum
1487 839 1750 896 perman-

136 925 373 975 surum;
421 909 553 964 illud
603 925 730 966 vero
774 911 1061 966 umbratile
1127 911 1267 985 legis
1315 913 1749 980 tabernaculum,

134 1013 249 1052 non
278 996 480 1068 ﬁxum,
512 998 611 1054 sed
642 1008 760 1054 erat
797 1000 1060 1071 portabile
1115 1001 1184 1056 de
1243 1000 1364 1056 loco
1417 1001 1488 1056 ad
1525 985 1748 1057 locum.

139 1086 369 1142 Diceret
415 1086 683 1142 Judaaus:
735 1089 802 1142 Et
848 1089 1030 1162 legale
1079 1089 1298 1160 quidem
1344 1089 1752 1145 tabernaculum

138 1173 255 1228 ﬁxit
306 1175 578 1230 Dominus
624 1193 722 1247 per
764 1176 1072 1232 ministrum
1137 1180 1387 1249 Moysen.
1440 1179 1633 1249 Utique
1680 1179 1756 1234 ait

138 1263 367 1332 Paulus,
402 1264 502 1319 sed
531 1265 634 1320 hoc
667 1264 778 1319 ﬁxit
810 1266 1090 1332 Dominus,
1125 1266 1198 1321 ita
1228 1267 1372 1339 quod
1403 1283 1512 1322 non
1540 1266 1638 1321 fuit
1666 1268 1754 1324 hic

133 1368 260 1408 cum
294 1367 363 1408 eo
394 1353 551 1422 cujus
580 1353 888 1409 ministerio
924 1353 1157 1426 ﬁgeret;
1191 1356 1288 1410 sed
1317 1356 1596 1426 propriam
1626 1372 1753 1427 per-

140 1457 336 1496 sonam
369 1439 506 1496 ﬁxit.
549 1443 688 1498 Vere
719 1437 966 1498 Christus
995 1443 1240 1499 minister
1267 1452 1379 1510 est;
1413 1460 1539 1499 nam
1571 1447 1754 1500 omnis

136 1532 419 1603 pontifex
449 1531 835 1588 constituitur
865 1532 935 1586 ad
975 1532 1412 1601 ministrandum,
1447 1533 1654 1589 scilicet
1681 1533 1754 1589 ad

138 1619 437 1690 oﬂ‘erenda
465 1636 708 1675 munera
735 1624 791 1675 et
822 1622 1051 1678 hostias.
1082 1623 1231 1680 Unde
1269 1621 1393 1694 quia
1422 1621 1598 1678 omnis
1627 1638 1757 1693 pon-

139 1707 266 1763 tifex
295 1708 652 1764 constituitur
680 1709 747 1763 ad
788 1707 1151 1778 offerendum,
1194 1727 1420 1767 necesse
1467 1716 1553 1766 est
1605 1711 1754 1768 hunc

1853 559 1992 614 lum.
2019 559 2296 629 Quasdam
2327 563 2472 618 enim
2498 563 2706 635 ﬁguras
2733 581 2834 636 per
2871 582 2931 621 se
2961 566 3206 622 invenire
3235 567 3408 639 potuit
3441 582 3454 622 :

1853 648 1952 702 sed
1981 663 2106 703 cum
2137 665 2328 705 omnes
2358 667 2460 722 per
2489 668 2549 707 se
2594 668 2704 708 non
2754 662 2940 725 posset
2969 655 3234 721 invenire,
3264 671 3453 711 rever'

1853 752 1948 790 sus
1977 745 2059 792 est
2088 737 2158 792 ad
2187 739 2361 794 Deum
2387 782 2400 806 ,
2432 747 2491 794 ut
2520 739 2657 796 sicut
2684 741 2753 797 de
2784 742 3024 808 veritate,
3059 743 3139 800 sic
3167 743 3236 799 de
3266 743 3460 817 ﬁguris

1856 824 2202 882 edocerctur.
2238 827 2336 882 Cui
2365 828 2633 885 Dominus
2653 829 2823 903 inquit
2856 849 2870 886 :
2919 832 3062 898 Vide,
3095 833 3332 904 Moyses,
3364 835 3460 903 fa-

1853 914 1966 968 cito
1982 917 2195 980 omnia,
2217 915 2272 969 id
2294 925 2375 971 est
2387 915 2590 990 ﬁguras
2602 933 2792 974 omnes
2814 921 3124 975 secundum
3139 921 3456 992 exemplar,

1850 1000 1904 1054 id
1935 1010 2017 1056 est
2035 1004 2337 1059 secundum
2369 1006 2670 1072 veritatem,
2697 1008 2840 1079 quod
2858 1008 3137 1079 exemplar
3161 1013 3455 1065 ostensum

1854 1095 1937 1146 est
1972 1093 2070 1146 tibi
2092 1093 2154 1147 in
2178 1098 2370 1150 monte
2401 1114 2419 1150 :
2446 1095 2522 1149 illi
2552 1096 2754 1151 habent
2785 1097 3145 1153 ministerium
3175 1098 3454 1155 deservire

1855 1181 2150 1250 exemplari
2183 1190 2234 1236 et
2263 1183 2498 1249 umbras;
2522 1185 2615 1240 sed
2635 1187 2794 1241 Jesus
2814 1186 3054 1242 sortitus
3083 1191 3168 1242 est
3192 1188 3455 1243 ministe-

1855 1270 2008 1323 rium
2038 1271 2244 1326 -melius
2274 1271 2442 1342 :quia
2489 1281 2542 1327 et
2587 1273 2642 1326 in
2690 1273 3025 1344 spiritalibus
3077 1274 3368 1341 ministrat,
3407 1283 3460 1330 et

1856 1355 2118 1426 spiritalia
2145 1359 2251 1413 dat.
2289 1359 2523 1416 Sortitus
2567 1361 2691 1416 dico
2743 1378 2884 1418 nunc
2932 1371 3222 1435 postquam
3269 1372 3459 1420 osten-

1856 1461 1976 1498 sum
2007 1455 2086 1500 est
2135 1463 2260 1501 eum
2310 1464 2421 1502 non
2469 1449 2684 1514 offerre,
2731 1451 2878 1522 quod
2925 1451 2994 1506 sit
3024 1468 3189 1522 super
3234 1459 3455 1508 terram.

1856 1533 2212 1590 Ministerium
2241 1535 2364 1592 dico
2395 1545 2539 1593 tanto
2569 1539 2763 1594 melius
2794 1545 3008 1611 quanto
3041 1549 3093 1595 et
3149 1540 3267 1611 ipse
3297 1541 3458 1596 Jesus

1856 1621 2012 1676 dator
2041 1627 2124 1678 est
2166 1628 2502 1682 testamenti
2541 1628 2814 1692 melioris,
2849 1627 2903 1682 id
2933 1635 3018 1683 est
3057 1628 3299 1696 meliora,
3333 1628 3459 1700 quia

1856 1719 2054 1765 aeterna
2083 1713 2466 1782 promittentis.
2500 1716 2561 1769 Et
2583 1731 2691 1770 non
2721 1716 2795 1770 ait
2823 1716 2998 1782 dator,
3033 1717 3132 1772 sed
3156 1716 3456 1784 mediator,

140 1797 314 1852 etiam
342 1795 663 1868 pontiﬁcem
697 1797 966 1852 Christum
998 1798 1197 1854 habere
1217 1799 1435 1872 aliquid
1455 1800 1596 1872 quod
1616 1801 1753 1870 o/fe-
1777 1836 1827 1895 B
1859 1801 2116 1870 quoniam
2178 1801 2392 1857 medius
2435 1803 2576 1858 inter
2619 1805 2794 1860 Deum
2843 1813 2894 1860 et
2940 1805 3218 1860 hominem
3263 1822 3295 1860 a
3342 1807 3459 1862 Deo

138 1889 247 1949 rat,
283 1894 335 1940 et
366 1901 495 1941 cum
526 1901 753 1940 necesse
783 1886 850 1940 sit
879 1903 1000 1942 eum
1052 1887 1251 1942 habere
1281 1888 1482 1960 aliquid
1513 1889 1582 1942 ad
1616 1887 1753 1944 offe-

143 1974 402 2042 rendum,
438 1982 529 2028 aut
558 1975 690 2029 illud
725 1975 828 2030 erit
887 1992 1052 2047 super
1085 1985 1307 2045 terram,
1363 1986 1449 2031 aut
1505 1976 1750 2043 cuileste,

144 2064 238 2118 sed
269 2079 382 2118 non
423 2080 589 2134 super
619 2071 844 2119 terram.
900 2065 962 2121 Si
1005 2065 1148 2119 enim
1179 2081 1346 2137 super
1377 2070 1611 2131 terram,
1639 2067 1754 2134 jam

144 2169 255 2210 non
287 2157 444 2208 esset
477 2153 756 2217 sacerdos,
789 2152 988 2208 nedum
1036 2153 1302 2224 pontifex.
1349 2154 1499 2226 Ergo
1531 2154 1753 2209 caeleste

144 2241 239 2296 erit
269 2240 422 2313 quod
455 2239 698 2296 oﬁ‘erret.
731 2242 908 2312 Super
935 2249 1130 2297 terram
1159 2259 1280 2297 esse
1327 2243 1457 2297 dicit
1489 2243 1754 2314 quidquid

143 2329 196 2384 in
225 2330 545 2386 carnalibus
567 2339 619 2386 et
649 2347 748 2400 pro
778 2330 1087 2386 carnalibus
1127 2330 1365 2386 oﬁerret.
1397 2331 1451 2386 Si
1482 2340 1625 2386 esset
1656 2348 1752 2386 su-

147 2436 243 2491 per
271 2427 482 2474 terram
505 2419 649 2490 quod
679 2420 838 2473 Jesus
855 2417 1095 2485 offerret,
1121 2436 1228 2475 non
1253 2421 1429 2475 solum
1454 2437 1599 2492 nego
1629 2437 1753 2476 cum

151 2507 484 2579 pontiﬁcem,
519 2508 616 2563 sed
647 2524 750 2564 nec
777 2516 919 2564 esset
970 2509 1261 2575 sacerdos;
1297 2509 1489 2565 frustra
1523 2509 1668 2564 enim
1699 2509 1752 2563 in

153 2597 460 2652 carnalibus
493 2597 752 2652 sacerdos
784 2605 952 2663 esset,
986 2615 1115 2653 cum
1163 2601 1352 2654 essent
1381 2598 1532 2652 multi
1562 2613 1752 2652 sacer-

153 2686 301 2741 dotes
315 2687 410 2758 qui
422 2686 700 2757 oﬂerrent
712 2701 949 2742 munera
962 2687 1273 2742 secundum
1291 2688 1482 2757 legem,
1502 2686 1554 2740 id
1569 2695 1650 2741 est
1663 2704 1749 2740 su-

155 2791 246 2846 per
267 2784 486 2830 terram.
504 2774 721 2830 Diceret
741 2774 832 2829 ille
855 2790 866 2828 :
889 2774 1036 2828 Multi
1059 2775 1276 2846 quidem
1297 2783 1420 2829 sunt
1437 2774 1749 2840 offerentes,

157 2864 246 2918 sed
277 2864 400 2935 quia
430 2878 596 2918 nemo
628 2863 705 2918 sic
735 2862 899 2933 digne
929 2863 1099 2934 possit
1129 2862 1348 2930 oﬁ'erre,
1401 2864 1603 2918 bonum
1637 2873 1754 2920 erat

157 2960 208 3006 ut
235 2953 388 3007 Iesus
418 2951 647 3007 offerret
695 2952 994 3007 secundum
1042 2951 1246 3024 legem,
1277 2960 1333 3007 et
1360 2953 1462 3007 hoc
1489 2961 1749 3018 removet,

157 3041 336 3097 dicens
368 3059 380 3095 :
417 3041 558 3096 Cum
587 3049 772 3096 essent
803 3041 895 3112 qui
933 3042 1233 3097 secundum
1263 3041 1441 3113 legem
1473 3040 1749 3110 offerrent,

160 3137 208 3184 et
235 3131 326 3202 qui
353 3131 682 3186 deserviunt
705 3131 1042 3202 exemplari.
1072 3131 1368 3201 Exemplar
1397 3129 1592 3186 dicitur
1622 3130 1752 3185 illud

161 3218 224 3272 ad
244 3198 404 3289 cujus
447 3198 962 3274 similitudinem-ﬁt
1010 3198 1604 3290 aliquid—Exemplum
1652 3198 1822 3274 au-C

163 3315 263 3362 tem
293 3308 611 3374 similitudo,
646 3324 767 3378 qua:
795 3307 862 3360 ab
911 3307 1206 3378 exemplari
1250 3307 1476 3377 capitur.
1522 3307 1754 3375 Quando

163 3397 300 3451 Deus
347 3397 572 3468 Moysen
623 3396 837 3451 vocavit
877 3395 928 3450 in
977 3403 1237 3461 montem,
1274 3395 1345 3450 ibi
1394 3396 1657 3452 revelavit
1704 3396 1754 3451 ei

164 3501 367 3540 omnem
395 3487 543 3558 (qua;
573 3485 844 3556 implenda
873 3488 1013 3552 erat)
1049 3485 1117 3540 de
1147 3486 1294 3541 cultu
1316 3485 1414 3538 Dei
1445 3485 1750 3540 veritatem.

165 3575 263 3630 Sed
290 3576 434 3631 Deus
464 3591 590 3631 cum
622 3575 806 3644 Moyse
838 3574 1148 3646 intelligens
1174 3573 1435 3644 populum
1457 3573 1606 3628 illum
1635 3590 1754 3630 car-

164 3664 327 3718 nalem
349 3681 458 3719 non
487 3663 671 3718 statim
704 3678 865 3733 posse
903 3678 1099 3733 capere
1135 3662 1418 3733 spiritalia,
1445 3661 1578 3717 dixit
1598 3665 1754 3732 Moy-

166 3751 226 3818 si,
259 3762 330 3817 ut,
364 3753 502 3809 sicut
533 3752 817 3808 veritatem
840 3767 997 3822 quam
1030 3751 1103 3805 ibi
1125 3751 1359 3816 videbat,
1386 3750 1586 3806 faceret
1618 3750 1758 3823 ﬁgu-

167 3857 244 3896 ras
271 3842 342 3896 illi
365 3841 565 3914 p0pulo
586 3841 812 3907 carnali,
837 3841 890 3894 in
915 3841 1110 3912 quibus
1128 3840 1347 3911 puerilis
1377 3839 1608 3911 populus
1639 3849 1756 3894 tan-

168 3930 250 3985 diu
279 3932 627 3997 enutriretur,
652 3931 828 3986 donec
848 3931 916 3985 de
937 3929 1161 4000 pueritia
1193 3928 1492 4002 ﬁgurarum
1527 3929 1755 3984 transire

170 4029 340 4088 posset
369 4021 438 4075 ad
469 4019 832 4074 maturitatem
863 4019 1092 4084 virtutis,
1128 4027 1179 4073 et
1209 4019 1310 4073 hoc
1360 4019 1524 4072 modo
1556 4017 1756 4073 veritas

170 4109 308 4178 prius
337 4119 558 4164 ostensa
588 4107 866 4178 exemplar
898 4107 993 4162 fuit
1025 4107 1325 4180 ﬁgurarum
1369 4107 1652 4177 factarum,
1686 4106 1756 4161 ad

174 4197 564 4253 similitudinem
592 4197 747 4268 prius
777 4204 1010 4252 ostensae
1049 4196 1320 4252 veritatis.

237 4288 427 4344 lterum
485 4287 597 4342 alio
649 4296 898 4357 respectu
939 4285 1127 4358 ﬁgurae
1177 4285 1434 4340 dicuntur
1477 4283 1758 4355 exemplar

174 4376 415 4447 veritatis,
448 4376 748 4432 secundum
778 4375 1143 4446 impletionem
1187 4373 1363 4440 illius,
1400 4374 1470 4428 ad
1500 4373 1754 4428 similitu-

174 4463 342 4520 dinem
371 4465 666 4538 ﬁgurarum
697 4464 1141 4536 pra-cedentium,
1196 4471 1249 4518 et
1278 4463 1578 4518 secundum
1613 4462 1757 4518 hunc

1857 1889 2071 1959 accipit,
2125 1891 2270 1962 quod
2335 1891 2541 1946 homini
2608 1893 2809 1947 tribuit.
2876 1892 3034 1962 Quod
3077 1902 3459 1950 testamentum

1855 1979 2162 2044 sancitum,
2218 1979 2273 2033 id
2323 1987 2406 2034 est
2445 1979 2848 2049 conﬁrmatum,
2899 1991 2981 2037 est
3041 1983 3356 2038 duraturum
3403 1982 3460 2038 in

1855 2073 2139 2120 aeternum.
2195 2068 2469 2122 Sancitum
2527 2069 2650 2125 dico
2701 2071 3248 2142 repro-missionibus,
3290 2071 3344 2126 id
3375 2079 3459 2127 est

1856 2154 2040 2209 multis
2069 2171 2134 2212 ac
2165 2156 2400 2212 diversis
2448 2157 2947 2228 pollicitationibus.
2995 2160 3456 2230 Repromissioni-

1857 2244 1958 2297 bus
1989 2244 2114 2300 dico
2162 2247 2488 2302 melioribus
2537 2246 2676 2303 sicut
2722 2264 2866 2318 saepe
2906 2248 3112 2304 dictum
3159 2257 3261 2303 est.
3309 2248 3455 2304 Dixit

1854 2331 1928 2386 ibi
1964 2350 1976 2386 :
2009 2333 2253 2388 Christus
2285 2344 2363 2390 est
2394 2335 2553 2390 dator
2602 2335 2845 2390 melioris
2891 2336 3216 2401 testamenti,
3267 2347 3321 2392 et
3347 2339 3454 2394 hoc

1853 2421 2048 2491 probat
2077 2422 2264 2478 dicens
2296 2441 2310 2478 :
2344 2425 2480 2480 Vera
2501 2432 2885 2479 testamentum
2916 2425 3115 2480 Christi
3145 2425 3339 2480 melius
3372 2434 3457 2482 est

1855 2518 2180 2566 testamento
2223 2512 2414 2582 priori.
2463 2513 2605 2568 Nam
2661 2513 2791 2567 illud
2856 2513 3008 2583 prius
3069 2521 3454 2570 testamentum

1855 2615 1964 2654 non
1992 2599 2208 2654 vocavit
2235 2615 2268 2655 a
2299 2601 2487 2671 culpa,
2521 2603 2719 2656 Christi
2751 2610 2927 2657 autem
2956 2610 3336 2658 testamentum
3364 2620 3455 2658 va-

1855 2692 1937 2740 cat
1970 2702 2000 2740 a
2031 2685 2210 2756 culpa.
2248 2687 2309 2742 Si
2337 2687 2489 2741 enim
2510 2687 2656 2741 illud
2676 2687 2834 2758 prius
2857 2694 3233 2742 testamentum
3266 2705 3456 2744 vacas-

1854 2779 1938 2829 set
1985 2791 2017 2830 a
2047 2775 2227 2845 culpa,
2260 2790 2369 2828 non
2415 2775 2638 2830 daretur
2685 2776 2980 2830 secundum
3031 2783 3452 2843 testamentum;

1856 2864 1951 2918 sed
2003 2865 2126 2935 quia
2185 2864 2483 2918 secundum
2544 2864 2724 2918 datum
2781 2871 2882 2930 est,
2931 2873 3159 2935 apparet
3217 2865 3452 2935 primum

1857 2952 2023 3007 fuisse
2053 2953 2451 3023 imperfectum,
2486 2961 2537 3008 et
2587 2953 2887 3008 secundum
2934 2953 3258 3023 perfectum.
3307 2954 3449 3009 Fru-

1856 3051 1968 3096 stra
2027 3042 2170 3096 enim
2225 3042 2373 3112 prius
2445 3050 2824 3097 testamentum
2901 3042 3291 3106 destrueretur,
3351 3043 3457 3098 nisi

1856 3138 2000 3185 esset
2029 3130 2426 3201 imperfectum.
2461 3132 2525 3186 Et
2559 3130 2760 3185 frustra
2809 3131 3104 3185 secundum
3134 3131 3358 3186 daretur
3388 3132 3457 3186 ad

1857 3220 2250 3275 correctionem
2277 3219 2478 3290 prioris
2508 3219 2828 3290 imperfecti,
2863 3219 2909 3273 si
2955 3236 3065 3274 non
3095 3227 3240 3274 esset
3268 3219 3455 3290 perfe-

1855 3317 2016 3363 ctum.
2050 3309 2206 3378 Quod
2238 3309 2306 3362 ita
2338 3309 2411 3363 ait
2445 3327 2457 3362 :
2492 3309 2547 3364 Si
2591 3308 2720 3363 illud
2752 3309 2902 3378 prius
2940 3315 3323 3364 testamentum
3355 3325 3456 3364 va-

1855 3405 2032 3452 casset
2062 3413 2093 3450 a
2129 3397 2301 3468 culpa,
2335 3413 2444 3451 non
2475 3396 2547 3452 ait
2579 3397 2624 3450 si
2645 3396 2894 3451 homines
2915 3397 3016 3450 sub
3047 3396 3140 3451 illo
3169 3404 3456 3452 vacassent

1853 3503 1882 3539 a
1915 3486 2089 3556 culpa,
2143 3487 2240 3541 sed
2282 3485 2410 3540 illud
2443 3485 2618 3555 ipsum
2669 3493 3050 3539 testamentum
3087 3494 3354 3551 vacasset,
3399 3485 3452 3539 id

1855 3583 1937 3629 est
1967 3590 2199 3630 vacuum
2231 3582 2375 3629 esset
2405 3590 2437 3628 a
2467 3574 2660 3644 culpa;
2697 3574 2749 3627 in
2785 3574 2890 3630 hoc
2918 3573 3061 3628 enim
3082 3573 3198 3644 ipsa
3227 3573 3314 3628 lex
3345 3589 3454 3628 non

1856 3680 1977 3718 esse
2006 3679 2172 3718 vacua
2221 3663 2506 3718 videbatur
2535 3679 2563 3716 a
2593 3663 2770 3732 culpa,
2820 3679 2978 3734 quam
3011 3662 3361 3732 przecipiebat
3403 3669 3456 3716 et

1859 3753 2087 3824 gratiam
2120 3753 2438 3821 adjutricem
2469 3767 2631 3823 quam
2666 3750 2995 3806 ministraret
3026 3767 3134 3806 non
3174 3750 3408 3805 habebat
3444 3765 3455 3805 :

1857 3840 1934 3898 sic
1963 3858 2154 3896 omnes
2183 3841 2390 3913 legales
2420 3839 2626 3896 faciens
2674 3839 2994 3910 culpabiles.

1929 3931 2003 3995 Si,
2065 3931 2306 4002 inquam,
2361 3929 2494 3984 illud
2540 3930 2692 4000 prius
2722 3936 2972 3984 vacasset
3003 3943 3035 3983 a
3082 3929 3241 4000 culpa
3289 3927 3456 3997 (idem

1855 4036 1956 4090 pro
1980 4028 2130 4074 certo
2169 4019 2292 4074 dico
2325 4017 2502 4087 vobis)
2537 4034 2651 4072 non
2674 4019 3062 4090 inquireretur
3093 4019 3263 4082 locus,
3299 4015 3352 4070 id
3382 4025 3464 4071 est

1855 4107 2228 4178 opportunitas
2257 4108 2492 4162 secundi
2523 4106 2830 4160 testamenti
2862 4105 3045 4160 dandi.
3080 4105 3454 4176 lnquireretur

1855 4196 1978 4251 ideo
2010 4197 2084 4251 ait
2113 4196 2237 4268 quia
2267 4197 2414 4250 Deus
2436 4195 2667 4264 primum
2699 4211 2800 4266 per
2826 4195 2963 4260 Noe,
2998 4194 3196 4248 deinde
3227 4209 3328 4263 per
3355 4207 3459 4263 pa-

1856 4285 2142 4352 triarchas,
2175 4292 2366 4355 postea
2395 4300 2494 4354 per
2544 4285 2723 4356 legem
2771 4291 2824 4338 et
2867 4283 3157 4354 prophetas
3189 4301 3203 4347 ;
3238 4281 3292 4335 in
3336 4281 3461 4353 lege

1857 4373 2112 4446 paulatim
2143 4372 2465 4428 instruendo
2496 4371 2770 4426 carnalem
2820 4371 3112 4425 ruditatem
3161 4369 3460 4439 hominum,

1857 4463 2158 4534 inquirebat
2188 4462 2386 4527 locum,
2425 4477 2552 4532 quo,
2586 4460 2694 4514 illis
2723 4460 2790 4514 ad
2831 4458 3222 4530 perfectionem
3253 4459 3460 4512 instru-

174 4554 380 4609 modum
409 4554 614 4626 ﬁguras
645 4554 734 4610 hic
763 4561 920 4609 vocat
963 4552 1264 4623 exemplar.
1305 4552 1365 4605 In
1400 4551 1754 4624 sequentibus
1783 4561 1836 4620 1)
1856 4551 1976 4618 ctis,
2008 4558 2313 4621 opportune
2344 4549 2496 4604 daret
2547 4547 2793 4618 spiritale
2824 4554 3224 4602 testamentum.
3259 4545 3336 4611 Si,
3370 4546 3460 4600 in-

175 4651 338 4698 autem
384 4645 663 4699 veritatem
713 4642 863 4714 prius
908 4643 962 4696 in
1007 4650 1190 4696 monte
1220 4641 1392 4711 Moysi
1436 4640 1754 4705 revelatam,

175 4732 436 4803 exemplar
465 4741 617 4788 vocat
646 4739 899 4802 respectu
930 4729 1230 4803 ﬁgurarum
1249 4729 1318 4784 ad
1349 4728 1758 4783 similitudinem

177 4828 394 4877 ostensa;
445 4822 659 4876 virtutis
701 4818 949 4893 [veritati]
996 4819 1356 4874 inventurum.
1411 4816 1753 4897 Deserviunt,

176 4907 398 4980 inquam,
430 4910 749 4982 exemplari,
783 4909 837 4964 id
867 4916 948 4964 est
999 4906 1209 4978 ﬁguris,
1244 4915 1296 4961 et
1325 4906 1449 4978 quia
1480 4905 1760 4976 exemplar

181 4998 485 5071 quandoque
515 5009 598 5055 est
624 4998 842 5063 veritas,
877 5013 987 5052 non
1017 4995 1211 5070 ﬁgura,
1243 4995 1392 5050 addit
1421 5004 1474 5050 et
1522 4995 1754 5061 umbrte,

183 5085 297 5155 quia
340 5087 440 5144 illa:
485 5087 697 5161 ﬁgurat,
749 5085 1026 5157 exemplar
1071 5091 1240 5150 erant,
1294 5100 1402 5139 non
1449 5083 1754 5149 veritatem,

185 5174 270 5228 sed
305 5177 542 5231 umbram
591 5177 854 5232 habentes
903 5174 1168 5240 veritatis,
1218 5189 1314 5244 per
1343 5172 1623 5228 Christum
1671 5171 1756 5226 le-

186 5261 311 5318 viter
335 5264 726 5336 depellendam.
761 5265 896 5320 Cum
925 5271 1126 5329 essent,
1162 5262 1404 5334 inquam,
1438 5263 1532 5333 qui
1561 5260 1756 5315 deser-

186 5350 323 5406 viunt
380 5355 581 5410 umbra:
639 5355 984 5418 caelestium,
1044 5351 1116 5406 ita
1163 5350 1487 5422 complendo
1553 5347 1753 5418 omnia,

189 5441 320 5496 sicut
345 5460 378 5497 a
407 5444 518 5499 Deo
547 5460 876 5517 responsum
915 5445 996 5498 est
1026 5441 1208 5513 Moysi,
1241 5449 1440 5495 etcum
1474 5438 1549 5492 illi
1572 5452 1756 5492 sacer-

189 5527 329 5584 dotes
359 5531 586 5589 387
623 5534 762 5588 bene
798 5532 976 5604 legem
1016 5529 1304 5600 implerent
1339 5547 1351 5584 :
1385 5527 1583 5583 frustra
1599 5525 1757 5581 Jesus

191 5624 284 5684 hoc
310 5629 664 5688 sacerdotium
707 5636 1026 5686 assumeret.
1077 5629 1420 5700 Responsum
1471 5633 1554 5682 est
1583 5621 1757 5694 Moysi

1859 4655 2042 4711 quam,
2078 4639 2227 4710 prius
2259 4645 2641 4693 testamentum
2685 4643 2930 4692 vacasset
2955 4651 2988 4690 a
3025 4635 3203 4705 culpa,
3236 4649 3345 4689 non
3375 4634 3458 4688 in-

1859 4729 2164 4800 quireretur
2192 4728 2344 4784 locus
2401 4725 2627 4782 secundi
2670 4723 2998 4780 testamenti.
3053 4723 3160 4778 Sed
3188 4723 3341 4777 locus
3373 4738 3463 4778 se-

1859 4818 2022 4874 cundi
2067 4817 2375 4889 inquiritur,
2427 4823 2480 4872 et
2541 4816 2646 4871 hoc
2693 4814 2886 4886 probat
2942 4828 3042 4884 per
3091 4811 3458 4867 testimonium

1856 4906 2106 4962 Jeremiae
2157 4905 2434 4961 dicentis:
2489 4905 2628 4959 Vere
2675 4901 2988 4974 inquiritur.
3038 4902 3178 4957 Nam
3230 4899 3459 4970 Spiritus

1859 5003 2077 5051 sanctus
2106 4997 2439 5067 vituperans
2469 5009 2558 5049 eos
2588 4991 2816 5063 legales,
2861 4991 3002 5047 dicit
3020 5006 3117 5060 per
3143 4988 3455 5045 Jeremiam.

1857 5087 1996 5142 Ecce
2025 5086 2263 5141 veniunt
2290 5082 2550 5154 paulatim
2577 5079 2998 5153 propinquando
3041 5078 3219 5149 magis
3246 5093 3310 5133 ac
3337 5093 3460 5132 ma-

1857 5173 1943 5244 gis
1971 5173 2109 5228 dies.
2141 5173 2376 5243 Tempus
2406 5169 2606 5225 Christi
2654 5169 2772 5223 dies
2821 5175 3000 5233 vocat,
3036 5166 3164 5238 quia
3208 5165 3461 5222 veniente

1859 5262 2092 5326 Christo,
2127 5261 2364 5316 tenebrae
2408 5259 2582 5330 pulsa:
2635 5265 2779 5312 sunt.
2814 5257 2881 5311 Et
2911 5256 3083 5311 illuxit
3112 5255 3260 5324 dies,
3291 5255 3348 5310 id
3377 5262 3459 5311 est

1857 5350 2094 5407 veritatis
2121 5349 2382 5422 cognitio.
2417 5349 2482 5402 Et
2511 5348 2612 5403 hoc
2643 5345 2790 5418 quod
2820 5344 3039 5400 veniant
3068 5344 3122 5398 hi
3151 5343 3270 5398 dies
3303 5360 3317 5397 :
3350 5358 3459 5398 non

1857 5456 1983 5511 ego,
2019 5438 2119 5494 sed
2147 5439 2422 5493 Dominus
2454 5436 2636 5491 dicit:
2667 5433 2874 5490 credite
2924 5431 3022 5497 illi,
3057 5431 3114 5487 et
3162 5431 3216 5486 in
3265 5430 3460 5485 diebus

1857 5527 1962 5582 illis
1999 5523 2415 5591 consummabo,
2447 5525 2502 5578 id
2525 5532 2606 5579 est
2635 5523 2777 5578 dabo
2801 5525 3207 5578 testamentum
3225 5535 3453 5582 novum,

1857 5616 2003 5689 quod
2049 5616 2154 5673 erit
2192 5629 2576 5672 consummans
2621 5620 2776 5669 vetus
2809 5626 2820 5665 :
2853 5609 2979 5684 quia
3038 5609 3106 5664 ad
3152 5605 3456 5682 perfectum
