3928 6406
476 373 574 427 531

1038 369 1095 425 S.
1129 364 1482 425 BRUNONIS
1519 364 2165 425 CARTHUSIANORUM
2200 363 2681 424 INSTITUTORIS
2718 365 2871 424 OPP.
2913 367 3088 426 PARS
3125 368 3195 426 II.

3666 371 3769 429 532

473 493 800 551 adducens:
855 490 1128 565 quomodo
1184 505 1387 547 novum
1436 489 1566 546 satis
1614 489 1668 544 in
1717 488 2142 561 sequentibusA
2167 488 2377 544 minore
2405 489 2550 544 enim
2577 490 2681 545 hoc
2708 489 3044 561 impossibile
3102 498 3184 545 est
3238 490 3424 548 doceri
3480 491 3768 563 majorem.

475 575 878 638 determinabit.
925 579 1346 648 Consummabo,
1397 578 1637 651 inquam,
1670 577 1800 632 illud
1827 577 1884 632 in
1912 578 2075 633 domo

477 670 650 725 Israel
680 677 733 724 et
762 670 817 724 in
846 669 1011 725 domo
1050 668 1207 723 Juda.
1256 667 1339 723 Ad
1385 666 1619 722 litteram
1663 682 1766 737 per
1811 666 1979 720 Israel
2023 672 2076 720 et

476 757 691 826 Iudam,
724 758 897 813 Judaei
945 765 1153 812 tantum
1194 755 1584 826 intelliguntur,
1632 754 1733 809 sed
1774 753 2076 810 secundum

474 846 948 917 interpretationes
996 860 1214 911 vocum,
1263 843 1442 898 omnis
1482 842 1675 899 videns
1722 850 1775 897 et
1813 839 2076 897 conﬁtens

475 936 649 990 Deum
677 932 1017 1007 intelligitur.
1071 932 1239 987 Israel
1286 940 1339 987 et
1372 930 1509 985 Iuda
1547 929 1755 997 dividit,
1798 930 1927 1001 quia
1952 937 2078 1000 post

474 1031 703 1078 mortem
736 1021 1063 1088 Salomonis,
1098 1020 1190 1092 qui
1219 1020 1276 1074 in
1321 1020 1563 1090 utrisque
1610 1034 1838 1090 regnum
1869 1018 2072 1085 habuit,

475 1113 722 1167 Roboam
754 1110 895 1164 filius
924 1111 1039 1179 ejus
1069 1108 1267 1164 tribum
1294 1106 1433 1162 Juda
1454 1115 1504 1162 et
1550 1106 1829 1161 dimidiam
1878 1105 2076 1161 tribum

478 1200 757 1269 Benjamin
785 1207 990 1253 tantum
1021 1196 1225 1263 habuit,
1278 1204 1331 1251 et
1361 1196 1482 1251 alite
1514 1195 1691 1250 tribus
1721 1195 1884 1250 Israel
1912 1195 1981 1249 ab
2010 1209 2077 1250 eo

477 1288 586 1357 die,
620 1288 942 1343 recedentes
963 1286 1033 1341 ab
1054 1302 1119 1341 eo
1140 1285 1489 1341 adhaeserunt
1505 1284 1797 1339 Jeroboam
1830 1283 1932 1354 (III
1948 1285 2074 1354 Reg.

478 1392 580 1441 xu,
635 1376 744 1447 19).
792 1376 908 1430 Hoc
960 1379 1334 1428 testamentum
1363 1386 1566 1427 novum
1609 1372 1746 1427 dabo
1792 1387 1959 1443 super
1985 1371 2078 1426 do-

476 1480 655 1528 mum,
678 1464 733 1518 id
772 1470 938 1519 estut
970 1461 1125 1534 quasi
1167 1461 1237 1516 de
1284 1460 1537 1531 supernis
1576 1458 1801 1515 veniens
1830 1459 2079 1514 domine-

477 1560 565 1607 tur
593 1553 768 1608 lsrael
791 1556 847 1607 et
866 1550 1023 1621 judce
1050 1569 1068 1605 :
1098 1556 1152 1604 et
1199 1564 1309 1603 non
1340 1548 1409 1602 sit
1456 1547 1611 1620 quasi
1654 1546 1742 1602 lex
1797 1555 1953 1602 vetus
1983 1562 2080 1601 an-

480 1641 607 1697 cilla
637 1640 693 1694 in
718 1656 880 1694 manu
912 1637 1234 1694 sacerdotis.
1274 1637 1343 1691 Et
1372 1636 1500 1708 quia
1547 1644 1734 1707 posset
1762 1651 1885 1691 esse
1915 1643 2081 1691 testa-

479 1736 726 1784 mentum
753 1744 974 1794 novum,
1028 1726 1155 1798 quia
1194 1739 1339 1781 nova
1385 1733 1598 1780 terrena
1640 1724 1981 1795 promitteret
2031 1732 2081 1781 et

484 1817 832 1889 praciperet,
853 1814 1180 1870 determinat
1204 1814 1308 1868 hoc
1330 1813 1520 1868 dicens
1536 1828 1547 1867 :
1562 1813 1777 1868 Novum
1797 1813 1867 1867 ita
1887 1818 1945 1867 ut
1965 1829 2080 1869 non
2099 1843 2152 1904 Β

481 1906 551 1960 sit
588 1904 898 1960 secundum
938 1902 1072 1957 illud
1109 1905 1517 1957 testamentum
1544 1900 1782 1957 388
1804 1901 1945 1974 quod
1975 1916 2082 1973 ego

481 1995 594 2067 feci
612 1993 867 2065 patribus
898 2006 1112 2047 eorum.
1142 1989 1214 2044 Et
1242 1988 1369 2060 quia
1392 1989 1715 2060 quibusdam
1736 1989 2000 2059 patribus,
2024 1995 2084 2043 ut

481 2082 779 2147 Abraham,
836 2078 1079 2151 spiritale
1126 2084 1511 2133 testamentum
1560 2076 1786 2143 fecerat,
1828 2077 1952 2132 ideo
1980 2076 2082 2132 de-

483 2168 783 2225 terminans
794 2167 868 2223 ait
889 2166 1036 2239 quod
1049 2165 1150 2221 feci
1165 2166 1229 2221 in
1251 2166 1340 2221 die
1361 2181 1467 2238 qua
1480 2166 1828 2239 apprehendi
1845 2182 2084 2221 manum

482 2260 738 2324 illorum,
770 2261 836 2312 ut
865 2256 1158 2312 educerem
1175 2254 1306 2309 illos
1327 2254 1392 2309 de
1412 2258 1565 2310 terra
1595 2256 1841 2326 {Egi/pii.
1879 2255 2086 2325 Appre-

482 2346 648 2413 bendi
676 2362 924 2412 manum,
956 2358 1023 2399 ea
1052 2341 1405 2398 similitudine
1451 2342 1580 2398 dicit
1609 2358 1717 2415 qua
1745 2341 1942 2413 aliquis
1969 2357 2086 2397 ma-

480 2450 613 2491 num
644 2434 698 2489 in
728 2434 842 2489 luto
865 2431 1116 2503 jacentis,
1151 2438 1204 2486 et
1251 2446 1352 2501 per
1398 2447 1457 2486 se
1494 2447 1727 2501 surgere
1773 2430 2085 2501 impotentis

485 2522 864 2596 apprehendit,
909 2529 962 2576 et
1003 2519 1163 2592 erigit
1197 2537 1212 2586 ;
1245 2519 1323 2576 sic
1369 2520 1518 2575 Deus
1548 2535 1643 2574 eos
1671 2536 1771 2591 per
1800 2535 1860 2574 se
1904 2519 2084 2590 impo-

483 2620 660 2669 tentes
728 2608 1107 2683 apprehendit,
1167 2614 1221 2663 et
1285 2608 1353 2663 de
1415 2623 1661 2664 erumna
1714 2607 2085 2681 Egyptiorum

484 2701 735 2757 extraxit.

557 2788 848 2858 Quomodo
900 2803 995 2845 eos
1050 2785 1436 2859 vituperaverit
1462 2799 1607 2841 nunc
1635 2784 1753 2840 ait:
1798 2785 1920 2858 Ego
1960 2784 2085 2856 qui-

484 2878 609 2935 dem
641 2877 979 2949 apprehendi
1011 2893 1229 2932 manum
1277 2891 1489 2941 eorum,
1540 2874 1638 2929 sed
1684 2875 1950 2946 quoniam
1977 2874 2089 2946 ipsi

486 2984 604 3024 non
621 2971 1066 3040 permanserunt
1086 2968 1149 3022 in
1171 2967 1515 3020 testamento
1535 2978 1677 3031 meo,
1700 2962 1804 3032 ipsi
1828 2962 2088 3034 neglexe-

414 3110 425 3115 -
488 3064 614 3111 runt
642 3072 750 3125 me,
785 3059 840 3111 et
859 3071 952 3126 ego
973 3054 1205 3126 neglexi
1224 3068 1313 3108 eos
1344 3071 1362 3107 :
1393 3059 1447 3106 et
1462 3051 1506 3104 si
1534 3050 1659 3107 dico
1677 3066 1777 3107 vos
1806 3050 2088 3121 neglectos

489 3160 524 3201 a
551 3146 689 3213 Deo,
723 3159 792 3198 ne
817 3142 1038 3198 molesti
1094 3140 1209 3196 sitis
1238 3139 1404 3207 mihi;
1446 3139 1575 3210 quia
1600 3140 1704 3195 hoc
1733 3139 1873 3194 dicit
1902 3140 2088 3193 Domi-

488 3249 599 3289 nus
627 3252 646 3289 :
666 3233 808 3289 Vere
837 3231 982 3286 dabo
1012 3236 1393 3285 testamentum
1422 3243 1642 3297 novum,
1675 3236 1727 3283 et
1755 3242 1864 3283 non
1896 3243 2089 3283 secun-

491 3322 622 3377 dum
650 3320 785 3375 illud
814 3319 958 3391 quod
1004 3318 1130 3374 dedi
1178 3317 1422 3389 patribus
1453 3332 1645 3371 eorum
1676 3332 1689 3372 :
1722 3317 1853 3389 quia
1886 3317 1984 3373 hoc
2005 3320 2088 3371 est

492 3413 901 3468 testamentum
924 3408 1067 3481 quod
1087 3423 1193 3478 ego
1206 3407 1523 3479 disponam,
1539 3406 1593 3460 id
1618 3413 1701 3461 est
1721 3405 2092 3460 ordinabiliter

491 3499 635 3554 dabo
665 3498 857 3555 domui
886 3498 1079 3563 Israel,
1109 3496 1164 3550 id
1195 3503 1277 3551 est
1304 3495 1542 3549 omnium
1575 3494 1873 3550 videntium
1892 3495 2086 3561 Deum,

488 3603 590 3643 nec
618 3587 801 3657 modo,
837 3586 934 3640 sed
961 3589 1084 3659 post
1112 3584 1230 3639 dies
1273 3584 1402 3639 illos
1453 3582 1855 3648 determinatos,
1891 3590 1941 3637 et
1988 3583 2092 3639 hoc

490 3676 687 3732 iterum
718 3675 922 3732 credite
955 3692 968 3728 :
1003 3674 1125 3746 quia
1152 3672 1231 3727 sic
1273 3673 1414 3727 dicit
1446 3673 1743 3727 Dominus.
1795 3671 2092 3742 Disponam

491 3765 675 3836 utique
706 3763 890 3819 dando
923 3764 1065 3833 leges
1094 3777 1247 3817 meas
1276 3763 1341 3815 in
1368 3764 1608 3827 mentes,
1633 3759 1687 3813 id
1708 3767 1790 3814 est
1818 3760 1873 3813 in
1903 3760 2095 3816 intelli-

493 3852 707 3926 gentias
736 3866 950 3916 eorum,
973 3865 1077 3905 nec
1107 3849 1281 3905 solum
1302 3848 1606 3919 disponam,
1634 3848 1731 3903 sed
1762 3850 1922 3904 etiam
1953 3852 2095 3905 scri-

498 3941 625 3996 bam
656 3956 768 4007 eas,
803 3946 861 3993 ut
889 3939 953 3993 in
982 3946 1189 3993 aeterno
1228 3945 1503 4005 maneant,
1538 3937 1593 3990 in
1622 3938 1811 4005 corda,
1844 3938 1899 3992 id
1928 3946 2010 3993 est
2038 3938 2095 3991 in

497 4028 803 4086 voluntates
834 4044 1028 4083 eorum
1059 4046 1076 4082 :
1108 4027 1231 4098 quia
1250 4033 1303 4081 et
1327 4026 1633 4098 intelligent
1653 4034 1707 4081 et
1735 4044 1799 4082 ex
1823 4026 2094 4082 voluntate

496 4118 651 4191 leges
681 4132 830 4171 meas
880 4115 1264 4186 operabuntur.
1312 4114 1557 4171 Scribam
1605 4115 1728 4171 dico
1777 4115 1933 4186 quasi
1963 4115 2095 4169 illud

499 4205 644 4279 quod
675 4220 959 4275 superesse
989 4204 1150 4258 debet
1179 4204 1365 4274 eisque
1396 4203 1679 4268 dominari,
1724 4211 1777 4258 et
1807 4212 2095 4275 postquam

496 4294 552 4348 in
582 4302 761 4348 mente
790 4300 843 4348 et
875 4292 931 4346 in
950 4293 1116 4348 corde
1147 4308 1333 4347 eorum
1379 4292 1531 4363 leges
1561 4308 1715 4347 meas
1746 4292 1976 4362 scriptas
2003 4293 2098 4346 ha-

495 4383 737 4448 bebunt;
761 4397 854 4437 ero
876 4383 956 4436 eis
975 4381 1037 4435 in
1057 4383 1254 4447 Deum,
1280 4380 1404 4452 quia
1423 4382 1635 4437 dicetur
1668 4397 1680 4436 :
1710 4383 1852 4436 Vere
1875 4382 2021 4435 Deus
2040 4380 2096 4435 in

495 4470 613 4525 istis
641 4469 866 4536 habitat,
909 4469 1001 4541 qui
1059 4476 1135 4524 tot
1191 4468 1467 4540 refulgent
1520 4469 1821 4534 miraculis,
1880 4474 1936 4524 et
1989 4470 2097 4541 ipsi

2113 3191 2159 3252 Ο

2174 578 2242 631 Et
2270 592 2365 655 ero
2396 577 2476 633 eis
2502 578 2559 632 in
2575 578 2767 645 Deum,
2792 593 2980 634 omnes
3003 580 3198 635 iterum
3231 580 3405 637 scient
3432 597 3542 649 me,
3576 589 3629 637 et
3654 583 3772 638 haec

2175 665 2359 720 omnia
2386 664 2580 721 faciam
2611 666 2710 731 eis,
2744 669 2876 739 quia
2919 668 3202 740 propitius
3239 685 3331 726 ero
3369 670 3771 742 iniquitatibus

2176 769 2387 821 eorum,
2421 758 2476 810 et
2490 757 2615 826 jam
2636 771 2751 811 non
2769 758 3117 811 memorabor
3133 762 3495 829 peccatorum
3517 759 3772 813 illorum.

2176 841 2493 912 Iniquitates
2540 842 2629 910 ait,
2677 843 2895 914 quando
2942 859 3051 898 non
3096 853 3314 901 servant
3362 846 3670 918 aequitatem
3709 845 3779 901 ad

2174 930 2481 1000 proximum
2513 946 2669 986 suum
2698 949 2714 998 ;
2740 940 2984 1003 peccata,
3036 933 3253 1006 quando
3292 933 3349 989 in
3397 934 3595 1005 seipsis
3635 935 3779 989 male

2177 1027 2365 1091 agunt.
2400 1019 2499 1074 Vel
2528 1027 2586 1074 ut
2613 1028 2901 1092 peccatum
2931 1029 2980 1075 et
3000 1021 3334 1093 iniquitatem
3364 1022 3510 1078 idem
3540 1024 3780 1095 accipia-

2176 1122 2315 1173 mus,
2350 1107 2422 1161 ita
2451 1106 2701 1175 dicimus,
2732 1108 2862 1164 dicit
2894 1126 2907 1163 :
2943 1109 3214 1180 Propitius
3262 1126 3359 1166 ero
3404 1110 3781 1183 iniquitatibus

2178 1210 2388 1250 eorum.
2440 1197 2507 1250 Et
2545 1196 2667 1267 quia
2706 1196 3019 1267 pr0pitiatio
3067 1197 3175 1253 dici
3218 1206 3423 1269 posset,
3472 1199 3519 1254 si
3567 1200 3782 1271 absque

2177 1282 2378 1337 ultione
2410 1282 2700 1339 dimitteret
2729 1283 2786 1338 in
2827 1285 3098 1356 praesenti,
3146 1285 3269 1341 ideo
3315 1287 3465 1342 addit
3496 1302 3511 1341 :
3544 1289 3620 1343 Ita
3650 1304 3783 1359 pro-

2177 1370 2340 1442 pitius
2371 1387 2468 1427 ero
2499 1371 2646 1443 quod
2669 1372 2784 1441 jam
2807 1373 2949 1427 ultra
2979 1388 3087 1428 non
3139 1375 3491 1431 memorabor
3519 1383 3783 1447 peccato-

2178 1475 2300 1513 rum
2327 1475 2514 1516 eorum
2543 1460 2598 1515 in
2628 1459 2836 1516 futuro.
2877 1461 3091 1516 Habent
3134 1462 3351 1535 quidam
3398 1463 3538 1533 libri,
3573 1480 3781 1535 pecca-

2178 1556 2291 1602 tum
2321 1547 2557 1615 illorum,
2592 1557 2645 1604 et
2692 1550 2989 1605 secundum
3035 1551 3175 1606 hanc
3205 1550 3433 1606 litteram
3462 1552 3787 1623 intelligitur

2179 1636 2465 1709 originale.
2519 1637 2603 1691 Ab
2643 1638 2748 1693 hoc
2796 1637 2918 1693 loco
2965 1638 3153 1709 incipit
3188 1639 3404 1694 Paulus.
3457 1639 3602 1695 Dixit
3641 1656 3784 1712 pro-

2178 1724 2347 1795 pheta
2380 1740 2392 1779 :
2425 1725 2579 1779 Dabo
2627 1733 3008 1781 testamentum
3039 1742 3267 1783 novum.
3304 1729 3547 1785 Dicenda
3585 1734 3785 1785 autem

2181 1829 2408 1880 novum,
2442 1816 2715 1869 veteravit
2729 1815 2892 1886 prius
2906 1822 3287 1870 testamentum
3315 1816 3370 1870 in
3399 1818 3570 1873 activa
3601 1817 3786 1891 signi-

2182 1899 2451 1956 ficatione.
2484 1901 2583 1957 Vel
2604 1902 2886 1970 veteravit,
2917 1902 2972 1956 id
2995 1911 3078 1957 est
3105 1912 3259 1959 vetus
3288 1903 3487 1960 factum
3520 1912 3603 1961 est
3631 1906 3789 1977 prius

2184 1997 2581 2058 testamentum,
2632 1989 2688 2044 in
2734 1991 2974 2061 passiva.
3028 1993 3097 2047 Et
3143 1992 3281 2048 bene
3329 1993 3452 2049 dico
3514 1995 3785 2050 veteravit

2183 2077 2353 2149 prius,
2388 2077 2517 2150 quia
2546 2094 2715 2149 prope
2746 2079 3023 2134 interitum
3052 2088 3135 2135 est
3167 2098 3180 2134 :
3214 2081 3358 2153 quod
3377 2080 3452 2136 ita
3471 2081 3545 2136 ait
3577 2099 3591 2136 :
3628 2082 3787 2150 Quod

2185 2171 2378 2222 autem
2398 2167 2736 2238 antiquatur
2752 2166 2958 2222 sicutin
2978 2168 3244 2235 animatis,
3277 2174 3333 2225 et
3352 2171 3617 2239 senescit,
3641 2169 3787 2226 sicut

2184 2253 2239 2308 in
2270 2254 2538 2323 animatis,
2556 2271 2715 2310 omne
2736 2255 2841 2311 hoc
2861 2260 2946 2311 est
2962 2272 3136 2329 pr0pe
3168 2259 3490 2313 interitum.
3515 2257 3785 2315 Senectus

2186 2342 2331 2398 enim
2360 2350 2412 2398 et
2441 2343 2738 2416 antiquatio
2766 2344 3084 2415 praenuntiae
3112 2353 3235 2400 sunt
3264 2346 3471 2401 mortis.

2791 2539 3018 2597 CAPUT
3063 2541 3159 2597 ΙΧ.

2262 2721 2283 2747 α
2316 2697 2512 2753 Habuit
2559 2699 2777 2772 quidem
2822 2708 2875 2755 et
2904 2701 3053 2772 prius
3096 2701 3508 2773 justiﬁcationes
3553 2705 3786 2761 culturae

2192 2812 2213 2837 ιι
2247 2795 2302 2844 et
2331 2795 2574 2843 sanctum
2623 2788 2901 2845 saeculare.
2946 2790 3378 2847 Tabernaculum
3407 2793 3551 2849 enim
3584 2792 3787 2850 factum

2191 2900 2212 2923 α
2248 2884 2333 2931 est
2361 2876 2594 2946 primum
2628 2893 2641 2931 :
2675 2877 2732 2931 in
2760 2892 2869 2949 quo
2916 2886 3068 2933 erant
3110 2879 3456 2949 candelabra,
3489 2890 3543 2937 et
3568 2898 3787 2957 mensa,

2192 2985 2214 3012 ι
2248 2971 2301 3019 et
2365 2964 2665 3035 propositio
2726 2980 2931 3035 panum
2976 2982 3097 3038 quae
3142 2967 3337 3023 dicitur
3377 2969 3601 3026 Sancta.
3658 2973 3793 3029 Post

2193 3074 2216 3103 ι
2249 3052 2614 3108 velamentum
2645 3060 2821 3108 autem
2844 3055 3140 3110 secundum
3169 3056 3605 3129 tabernaculum,
3638 3062 3790 3132 quod

2193 3165 2214 3190 ιι
2251 3142 2448 3197 dicitur
2486 3142 2679 3197 Sancta
2728 3151 3058 3210 sanctorum,
3112 3160 3338 3200 aureum
3368 3146 3574 3202 habens
3604 3149 3789 3205 thuri-

2194 3251 2216 3280 ι
2251 3229 2455 3296 bulum,
2488 3238 2541 3285 et
2566 3246 2744 3286 arcam
2765 3232 3076 3289 testamenti
3102 3232 3509 3290 circumtectam
3540 3252 3607 3291 ex
3636 3239 3791 3294 omni

2193 3340 2215 3371 ι
2249 3326 2403 3390 parte
2432 3333 2587 3387 auro,
2619 3319 2674 3373 in
2722 3337 2826 3391 qua
2872 3336 3013 3376 urna
3055 3337 3215 3377 aurea
3245 3323 3450 3378 habens
3480 3340 3701 3393 manna,
3734 3336 3792 3384 et

2193 3431 2215 3456 σι
2252 3408 2412 3479 virga
2450 3410 2628 3462 Aaron
2646 3424 2766 3480 quae
2786 3407 3117 3476 fronduerat,
3138 3417 3191 3465 et
3221 3411 3420 3467 tabulae
3450 3416 3788 3483 testamenti,

2194 3519 2216 3544 α
2256 3495 2496 3553 389
2546 3512 2817 3567 superque
2871 3513 2991 3552 eam
3052 3507 3209 3554 erant
3250 3501 3543 3555 Cherubim
3600 3503 3793 3576 gloriae

2195 3606 2217 3636 ι
2253 3584 2633 3640 obumbrantia
2688 3585 3141 3657 propitiatorum;
3200 3589 3268 3643 de
3317 3589 3510 3659 quibus
3558 3607 3669 3646 non
3707 3602 3795 3648 est

2196 3695 2218 3725 ι
2252 3674 2417 3728 modo
2445 3673 2734 3729 dicendum
2764 3690 2865 3745 per
2891 3675 3124 3746 singula.
3158 3677 3253 3730 His
3281 3693 3408 3733 vero
3453 3678 3528 3733 ita
3556 3695 3791 3752 compo-

2197 3784 2219 3809 α
2257 3762 2391 3828 sitis,
2427 3761 2478 3815 in
2512 3762 2681 3832 priori
2710 3763 2927 3834 quidem
2957 3764 3309 3820 tabernaculo
3356 3782 3575 3837 semper
3602 3768 3794 3825 introi-

2197 3873 2219 3898 ει
2254 3851 2385 3904 bant
2450 3851 2768 3906 sacerdotes
2830 3851 3225 3907 sacriﬁciorum
3289 3854 3464 3910 oﬂicia
3526 3872 3794 3914 consum-

2198 3961 2219 3986 α
2255 3946 2490 3992 mentes.
2556 3939 2616 3993 In
2663 3940 2905 3995 secundo
2963 3949 3143 3995 autem
3177 3942 3347 3997 semel
3379 3943 3432 3997 in
3466 3960 3610 4000 anno
3637 3947 3795 4004 solus

2198 4050 2220 4073 α
2255 4026 2516 4097 pontifex,
2567 4042 2676 4081 non
2722 4027 2838 4082 sine
2887 4030 3171 4101 sanguine,
3218 4047 3380 4101 quem
3424 4031 3644 4088 offerret
3692 4052 3795 4106 pro

2200 4138 2223 4162 «
2259 4132 2356 4169 sua
2388 4123 2440 4170 et
2470 4115 2656 4186 populi
2685 4116 2989 4187 ignorantia
3015 4136 3029 4183 ;
3066 4119 3169 4174 hoc
3217 4118 3557 4190 signiﬁcante
3588 4122 3797 4193 Spiritu

2200 4225 2222 4255 ι
2259 4212 2446 4260 sancto
2467 4204 2708 4259 nondum
2738 4205 3079 4275 propalatam
3112 4223 3234 4261 esse
3278 4218 3590 4265 sanctorum
3620 4211 3791 4279 viam,

2201 4316 2222 4340 ιι
2258 4293 2434 4349 adhuc
2453 4292 2634 4364 priore
2666 4293 3020 4350 tabernaculo
3077 4296 3306 4351 habente
3371 4306 3597 4354 statum.
3654 4299 3795 4369 Quae

2202 4404 2223 4427 α
2262 4381 2522 4451 parabola
2552 4390 2632 4436 est
2665 4381 2928 4453 temporis
2958 4382 3225 4449 instantis,
3250 4385 3402 4453 juxta
3458 4402 3623 4457 quam
3660 4404 3793 4443 mu-

2202 4493 2223 4517 α
2260 4484 2395 4524 nera
2419 4477 2473 4524 et
2510 4470 2702 4525 hostiae
2732 4468 3054 4536 offeruntur,
3090 4488 3209 4542 quae
3238 4488 3345 4528 non
3388 4483 3616 4544 possunt
3644 4477 3796 4545 juxta

497 4563 668 4616 erunt
696 4558 839 4614 mihi
860 4559 922 4613 in
941 4560 1215 4631 populum
1238 4578 1256 4613 :
1275 4558 1422 4629 quod
1453 4558 1663 4614 dicetur
1682 4557 1750 4612 de
1769 4557 1868 4611 eis.
1904 4557 1970 4611 Hi
1999 4573 2094 4612 re-
2116 4550 2166 4610 D
2201 4580 2223 4610 ‹
2257 4557 2646 4613 conscientiam
2690 4558 2993 4628 perfectum
3041 4558 3223 4615 facere
3271 4563 3603 4618 servientem
3628 4605 3642 4632 ,
3695 4582 3795 4621 so-

499 4663 631 4704 vera
659 4655 783 4702 sunt
811 4646 1046 4718 p0pulus
1076 4646 1194 4701 Dei.
1239 4647 1366 4701 Haec
1391 4662 1521 4716 pars
1568 4645 1867 4716 pr0phetiaz
1895 4646 2093 4716 imple-

497 4743 587 4791 tur
624 4735 681 4789 in
723 4736 831 4790 hoc
869 4735 1111 4801 mundo;
1145 4735 1291 4807 quod
1340 4733 1585 4805 sequitur
1626 4733 1961 4805 implendum
2003 4750 2094 4790 re-

500 4831 606 4879 stat
634 4823 691 4877 in
717 4821 916 4877 futuro.
950 4824 1124 4878 Erunt
1151 4822 1283 4877 mihi
1312 4822 1367 4875 in
1396 4821 1678 4892 populum,
1711 4827 1768 4877 et
1798 4839 1914 4878 non
1944 4822 2099 4879 doce-

502 4911 583 4968 bit
613 4912 992 4984 unusquisque
1033 4912 1368 4982 proximum
1408 4926 1601 4965 suum.
1650 4910 1869 4966 Diceret
1899 4911 2096 4982 aliquis

500 4998 771 5067 fortassis,
802 4999 930 5070 quia
971 5013 1083 5055 non
1122 4996 1332 5053 curabit
1376 4997 1446 5053 de
1492 5013 1579 5065 eo,
1628 4997 1753 5053 ideo
1800 4998 1949 5053 addit
1992 5016 2096 5055 nec

499 5089 879 5161 unusquisque
901 5085 1294 5142 docebitetiam
1306 5087 1549 5156 fratrem
1570 5102 1754 5153 suum,
1777 5103 1936 5157 quem
1958 5088 2098 5142 mul-

501 5181 615 5231 tum
643 5175 839 5249 diligit,
872 5176 1065 5232 dicens
1094 5174 1201 5228 ita:
1222 5174 1427 5239 Frater,
1453 5190 1720 5244 cognosce
1740 5175 1934 5231 Deum.
1969 5176 2097 5232 Ideo

498 5263 634 5320 alter
660 5280 772 5319 non
798 5262 1016 5319 docebit
1045 5262 1291 5328 alterum,
1325 5265 1591 5334 quoniam
1621 5264 1799 5319 scient
1820 5282 1909 5319 me
1929 5284 1963 5322 a
1983 5268 2097 5322 mi-

499 5368 638 5409 nore
664 5368 837 5424 usque
867 5351 940 5406 ad
967 5352 1243 5422 majorem
1264 5367 1477 5407 eorum.
1508 5352 1622 5408 Hoc
1646 5360 1830 5408 autem
1859 5354 2099 5425 comple-

498 5440 643 5496 bitur
670 5441 727 5494 in
755 5439 844 5494 die
868 5438 1079 5507 judicii,
1113 5439 1328 5509 quando
1359 5439 1520 5495 etiam
1563 5440 1715 5512 impii
1763 5441 2099 5498 conﬁtebun-

497 5536 586 5584 tur
612 5527 884 5583 Christum
930 5526 1127 5581 Filium
1157 5527 1275 5582 Dei.
1317 5529 1519 5584 Notant
1559 5530 1748 5598 sancti,
1784 5533 1926 5602 quod
1964 5531 2037 5585 ait
2067 5548 2101 5586 a

495 5615 708 5671 minore
737 5630 908 5686 usque
939 5614 1010 5669 ad
1038 5615 1318 5685 majorem,
1353 5624 1407 5673 et
1454 5633 1564 5673 non
1619 5634 1650 5674 e
1692 5634 1961 5675 converso
1996 5634 2008 5673 :
2042 5627 2103 5674 ut

504 5701 757 5761 ostendat
784 5716 974 5761 omnes
1003 5710 1130 5762 tunc
1172 5705 1415 5777 perfecte
1460 5707 1635 5763 Deum
1665 5722 2039 5781 cognoscere;
2071 5723 2103 5763 a

2197 4668 2219 4697 ε
2253 4648 2532 4703 lummodo
2561 4648 2617 4701 in
2644 4648 2779 4703 cibis
2809 4656 2863 4703 et
2888 4648 2943 4702 in
2971 4649 3207 4720 potibus,
3242 4659 3295 4705 et
3314 4651 3371 4705 in
3401 4653 3563 4707 variis
3586 4654 3797 4725 baptis-

2197 4759 2219 4783 α
2254 4737 2509 4803 matibus,
2557 4744 2610 4791 et
2632 4737 2853 4806 justitiis
2884 4738 3064 4793 carnis
3093 4755 3265 4810 usque
3294 4739 3364 4794 ad
3410 4748 3625 4812 tempus
3661 4759 3793 4799 cor-

2198 4847 2219 4872 u
2255 4824 2508 4880 rectionis
2591 4825 2880 4895 impositis.
2952 4826 3201 4881 Christus
3255 4835 3469 4893 autem,
3530 4831 3795 4888 assistens

2199 4934 2220 4959 α
2254 4911 2503 4984 pontifex
2534 4912 2839 4968 futurorum
2867 4914 3134 4969 bonorum
3156 4958 3168 4980 ,
3202 4917 3531 4987 peramplius
3564 4926 3617 4974 et
3660 4936 3796 4991 per-

2200 5023 2222 5048 a
2258 4999 2450 5056 fectius
2478 5001 2888 5057 tabernaculum
2918 5018 3026 5057 non
3056 5003 3439 5071 manufactum,
3472 5006 3527 5060 id
3573 5014 3656 5061 est
3683 5024 3797 5064 non

2199 5111 2222 5137 ε
2258 5089 2416 5158 hujus
2447 5089 2757 5157 creationis,
2789 5106 2970 5163 neque
3000 5107 3099 5161 per
3142 5092 3464 5164 sanguinem
3523 5094 3797 5152 hircorum

2201 5200 2222 5224 «ς
2259 5176 2579 5250 [taurorum]
2611 5184 2702 5232 aut
2743 5177 3055 5245 vitulorum,
3088 5180 3186 5234 sed
3208 5196 3304 5250 per
3335 5181 3613 5252 prOprium
3662 5200 3796 5239 san-

2201 5286 2224 5316 «
2258 5265 2479 5337 guinem
2510 5265 2750 5321 introivit
2779 5267 2947 5321 semel
2967 5267 3022 5321 in
3077 5275 3285 5335 sancta,
3316 5277 3514 5324 aeterna
3570 5272 3797 5327 redem-

2203 5375 2224 5399 ‹‹
2259 5353 2443 5423 ptione
2472 5353 2714 5409 inventa.
2756 5355 2811 5409 Si
2840 5356 2982 5410 enim
3024 5356 3246 5429 sanguis
3275 5357 3549 5412 hircorum
3581 5366 3635 5414 et
3677 5368 3795 5416 tau-

2204 5462 2225 5490 ‹
2260 5457 2443 5496 rorum
2474 5450 2526 5497 et
2557 5441 2693 5497 cinis
2721 5442 2901 5499 vitula:
2948 5459 3207 5515 aspersus
3253 5445 3560 5517 inquinatos
3590 5450 3799 5506 sancti-

2204 5549 2226 5579 ι
2260 5527 2383 5583 ficat
2437 5530 2506 5584 ad
2562 5531 3005 5587 emundationem
3090 5533 3292 5600 carnis,
3361 5542 3563 5605 quanto
3621 5539 3798 5611 magis

2206 5638 2227 5662 ιι
2263 5618 2487 5687 sanguis
2518 5618 2740 5685 Christi,
2773 5619 2866 5691 qui
2893 5636 2995 5690 per
3043 5620 3301 5692 Spiritum
3330 5629 3578 5678 sanctum
3604 5635 3801 5682 semet-

2205 5725 2229 5756 «
2263 5704 2444 5776 ipsum
2474 5706 2666 5762 obtulit
2705 5708 3105 5765 immaculatum
3137 5710 3273 5779 Deo,
3310 5711 3629 5769 emundabit
3676 5730 3800 5772 con-
