3928 6430
224 338 338 395 533

838 343 1228 407 ΕΧΡΟΒΙΤῙΟ
1281 346 1358 403 ΙΝ
1412 345 1796 405 EPISTOLAS
1850 348 1863 404 l

1965 349 2077 407 lLI.
2125 378 2197 393 —
2242 350 2320 409 IN
2370 352 2596 413 EPIST.
2660 357 2756 413 AD
2808 358 2973 415 HEB.

3465 365 3570 419 534

244 485 269 515 ι
306 464 613 524 scientiam
662 476 904 526 nostram
952 468 1019 524 ab
1065 469 1329 541 operibus
1376 472 1606 527 mortuis
1635 472 1707 528 ad
1745 478 1937 539 ser-A
1968 474 2390 534 restituebantur
2416 478 2597 550 (Ibid,
2632 482 2751 553 30).
2791 483 2943 551 Quod
2970 484 3378 542 tabernaculum
3398 487 3572 543 conti-

252 575 279 606 ς
314 555 584 611 viendum
613 558 736 614 Deo
765 557 981 614 viventi.
1014 559 1084 614 Et
1110 557 1236 614 ideo
1266 559 1393 615 novi
1410 560 1721 616 testamenti
1745 577 1867 617 me-

263 667 288 691 ιι
330 643 515 701 diator
543 653 651 713 est,
684 654 744 701 ut
772 655 948 702 morte
968 645 1337 703 intercedente
1357 646 1413 702 in
1434 648 1868 720 redemptionem

263 753 288 782 ι
325 749 519 788 earum
549 734 1057 805 praevaricationum
1089 752 1212 807 quaa
1239 744 1395 791 erant
1423 737 1525 792 sub
1556 737 1734 808 priore
1765 745 1871 793 tes-

266 842 291 872 ε
328 830 571 878 tamento
600 822 1084 893 repromissionem
1112 824 1384 894 accipiant
1413 824 1505 897 qui
1538 826 1712 881 vocati
1742 834 1870 881 sunt

264 931 291 961 ι
329 918 551 966 interna
599 911 952 967 hereditatis.
992 912 1097 968 Ubi
1142 913 1287 968 enim
1335 920 1717 969 testamentum
1758 922 1863 982 est,

268 1019 297 1049 ι
332 1014 488 1055 mors
518 1015 751 1055 necesse
777 1007 861 1055 est
886 1000 1189 1056 intercedat
1216 1001 1508 1058 testatoris.
1542 1004 1866 1057 Testamen-

271 1108 299 1139 ι
334 1095 448 1142 tum
477 1087 625 1143 enim
666 1088 720 1143 in
768 1088 996 1143 mortuis
1039 1088 1414 1145 conﬁrmatum
1461 1098 1562 1145 est.
1613 1090 1868 1163 Alioquin

273 1198 300 1227 ε
335 1176 581 1231 nondum
623 1176 786 1243 valet,
835 1177 966 1232 dum
1012 1178 1143 1233 vivit
1190 1178 1282 1250 qui
1321 1186 1545 1234 testatus
1575 1187 1679 1234 est.
1711 1180 1868 1236 Unde

270 1285 298 1311 α
333 1280 436 1320 nec
465 1265 698 1335 primum
729 1264 948 1337 quidem
977 1266 1095 1321 sine
1124 1267 1393 1340 sanguine
1422 1267 1734 1324 dedicatum
1762 1276 1864 1323 est.

268 1375 295 1399 α
330 1353 499 1408 Lecto
526 1353 674 1409 enim
703 1353 852 1409 omni
881 1354 1135 1410 mandato
1165 1354 1306 1427 legis
1336 1370 1369 1410 a
1398 1357 1584 1427 Moyse
1614 1356 1867 1412 universo

268 1464 295 1489 «ι
331 1440 557 1512 populo,
590 1441 872 1513 accipiens
918 1442 1246 1515 sanguinem
1273 1443 1564 1499 vitulorum
1597 1451 1651 1499 et
1679 1444 1868 1501 hirco-

267 1551 294 1579 α
325 1546 452 1584 rum
477 1546 602 1585 cum
630 1546 777 1602 aqua
806 1537 860 1586 et
887 1530 1015 1585 lana
1034 1531 1292 1587 coccinea
1322 1540 1375 1587 et
1395 1533 1655 1603 hys50po,
1686 1533 1867 1603 ipsum

265 1639 291 1669 ι
334 1634 553 1691 quoque
596 1618 794 1673 librum
840 1628 894 1674 et
939 1634 1158 1674 omnem
1192 1621 1455 1691 populum
1494 1622 1744 1691 aspersit,
1778 1622 1867 1676 di-

267 1731 293 1755 u
328 1724 465 1764 cens
494 1726 508 1762 :
542 1708 643 1764 Hic
693 1707 917 1781 sanguis
962 1709 1289 1776 testamenti,
1322 1710 1468 1781 quod
1498 1710 1769 1766 mandavit
1799 1711 1867 1766 ad

267 1818 292 1847 ι
330 1812 431 1851 vos
476 1798 645 1852 Deus.
714 1797 886 1851 Etiam
936 1797 1350 1854 tabernaculum
1409 1806 1460 1853 et
1508 1798 1693 1854 omnia
1736 1815 1939 1891 vasaB

261 1908 286 1933 α
323 1884 611 1940 ministerii
670 1885 937 1958 sanguine
980 1885 1229 1941 similiter
1274 1887 1530 1957 aspersit.
1580 1889 1647 1942 Et
1685 1888 1866 1942 omnia

263 1995 288 2025 ς
325 1990 471 2045 pene
518 1974 575 2029 in
621 1974 891 2047 sanguine
938 1976 1240 2031 secundum
1283 1975 1467 2048 legem
1513 1977 1860 2043 mundantur,

262 2085 287 2110 α
323 2071 383 2118 et
410 2063 531 2118 sine
559 2062 841 2135 sanguinis
883 2061 1147 2119 effusione
1185 2079 1295 2119 non
1343 2062 1403 2118 ﬁt
1433 2064 1709 2120 remissio.
1748 2067 1864 2121 Ne-

267 2174 290 2199 κ
327 2168 489 2207 cesse
518 2159 601 2207 est
644 2167 777 2224 ergo
824 2152 1155 2223 exemplaria
1192 2152 1411 2224 quidem
1450 2153 1753 2209 ccelestium
1779 2154 1866 2210 his

263 2263 286 2287 α
322 2240 617 2306 mundari;
657 2240 775 2311 ipsa
822 2247 1001 2296 autem
1050 2240 1297 2296 caelestia
1324 2242 1643 2297 melioribus
1672 2242 1865 2298 hostiis

262 2351 285 2376 ι
324 2344 494 2401 quam
522 2328 662 2383 istis.
696 2329 819 2383 Non
849 2329 995 2384 enim
1033 2329 1089 2383 in
1117 2329 1442 2385 manufactis
1473 2331 1675 2386 sanctis
1704 2332 1865 2385 Jesus

261 2440 286 2465 α
322 2417 534 2473 introiit
580 2417 915 2488 exemplaria
961 2434 1236 2483 verorum,
1288 2418 1387 2474 sed
1432 2419 1489 2472 in
1537 2419 1714 2490 ipsum
1746 2435 1864 2475 cu:-

259 2528 283 2557 ι
321 2506 459 2573 lum,
491 2514 550 2561 ut
578 2514 839 2577 appareat
884 2522 1029 2562 nunc
1058 2507 1229 2561 vultui
1260 2507 1361 2562 Dei
1390 2523 1491 2579 pro
1522 2507 1707 2563 nobis.
1746 2509 1864 2564 Ne-

256 2617 282 2646 c
320 2612 451 2667 que,
485 2602 543 2651 ut
570 2611 718 2666 saepe
756 2593 944 2650 offerat
985 2595 1362 2666 semetipsum,
1399 2597 1864 2667 quemadmodum

259 2707 284 2732 α
322 2682 568 2756 pontifex
618 2684 779 2738 intrat
819 2683 875 2738 in
922 2692 1113 2739 sancta
1161 2700 1260 2754 per
1306 2684 1552 2757 singulos
1603 2700 1779 2740 annos
1808 2684 1864 2739 in

257 2795 283 2825 ι
323 2773 595 2845 sanguine
624 2772 825 2827 alieno.
855 2771 1113 2844 Alioquin
1143 2773 1429 2843 oportebat
1460 2789 1583 2827 eum
1614 2772 1867 2844 frequen-

256 2883 283 2915 α
319 2869 406 2917 ter
442 2860 557 2932 pati
604 2860 672 2914 ab
719 2860 933 2928 origine
962 2861 1172 2914 mundi.
1206 2862 1363 2916 Nunc
1393 2869 1575 2915 autem
1607 2862 1781 2916 semel
1808 2862 1864 2915 in

257 2949 797 3005 «consummatione
870 2949 1196 3005 saeculorum
1222 2991 1234 3014 ,
1314 2949 1381 3003 ad
1456 2950 1862 3005 destitutionem

259 3063 285 3087 ι
326 3036 801 3111 [destructionem]
846 3037 1053 3108 peccati
1093 3052 1195 3108 per
1237 3038 1467 3092 hostiam
1500 3055 1655 3093 suam
1685 3054 1862 3110 appa-

1968 579 2106 619 nens
2134 565 2253 621 haec
2279 566 2497 624 dicitur
2511 569 2753 627 390
2783 573 3014 628 Sancta.
3047 574 3181 629 Erat
3208 582 3391 630 autem
3421 583 3570 631 extra

1969 652 2073 708 hoc
2094 653 2497 711 tabernaculum
2516 658 2685 714 altare
2707 660 2808 714 sub
2825 661 2967 729 dico,
2984 678 3150 733 super
3169 664 3315 736 quod
3327 663 3572 721 immola-

1968 740 2168 797 bantur
2196 743 2470 799 animalia.
2509 746 2640 801 Post
2658 748 3022 805 velamentum
3042 759 3223 807 autem
3238 760 3353 808 erat
3367 768 3568 810 secun-

1968 828 2095 884 dum
2121 830 2554 889 tabernaculum.
2586 836 2778 891 Velum
2799 838 2944 893 enim
2963 838 3339 911 interpositum
3367 840 3566 909 fuerat,

1969 918 2115 988 quod
2143 918 2296 989 prius
2326 921 2741 979 tabernaculum
2761 940 2791 979 a
2811 927 3051 983 secundo
3073 929 3380 999 separabat.
3411 929 3570 999 Quod

1968 1007 2268 1062 secundum
2310 1009 2713 1067 tabernaculum
2752 1013 2949 1069 dicitur
2978 1017 3172 1072 Sancta
3201 1022 3558 1075 sanctorum.

1970 1094 2282 1151 Secundum
2333 1097 2742 1156 tabernaculum
2789 1102 2913 1159 dico
2960 1104 3168 1161 habens
3208 1105 3569 1165 thuribulum

1968 1199 2229 1254 aureum,
2262 1193 2315 1240 et
2342 1186 2548 1242 habens
2587 1206 2782 1245 arcam
2815 1194 3165 1259 testamenti,
3199 1193 3253 1248 id
3286 1204 3365 1250 est
3395 1196 3571 1251 conti-

1968 1286 2106 1326 nens
2135 1279 2538 1341 testamentum,
2572 1276 2626 1330 in
2656 1277 2882 1334 circuitu
2917 1284 3127 1337 tectam
3156 1300 3314 1339 auro.
3346 1285 3414 1339 Et
3442 1286 3569 1357 quia

1968 1359 2212 1415 exterius
2258 1361 2609 1420 circumtecta
2656 1375 2844 1436 posset
2873 1384 2996 1424 esse
3026 1385 3160 1426 auro
3191 1378 3245 1426 et
3282 1387 3392 1427 non
3420 1373 3567 1429 inte-

1967 1447 2102 1515 rius,
2132 1449 2256 1505 ideo
2285 1451 2435 1505 addit
2463 1460 2658 1508 tectam
2689 1470 2822 1510 auro
2852 1473 2926 1512 ea:
2956 1459 3114 1513 omni
3136 1464 3305 1531 parte
3336 1469 3390 1516 et
3417 1461 3563 1518 intus

1968 1544 2019 1590 et
2048 1544 2203 1592 extra
2231 1556 2246 1603 ;
2276 1539 2339 1593 in
2377 1557 2487 1611 qua
2508 1557 2637 1597 arca
2659 1552 2776 1598 erat
2794 1561 2947 1601 urna
2966 1563 3162 1613 aurea,
3187 1548 3244 1603 id
3267 1556 3349 1604 est
3369 1566 3568 1622 gomor

1968 1624 2035 1680 de
2065 1640 2197 1681 auro
2221 1625 2442 1696 factum,
2480 1630 2689 1687 habens
2717 1649 2955 1701 manna,
2986 1643 3044 1689 ut
3074 1635 3386 1693 memoriter
3414 1646 3566 1695 tene-

1967 1721 2089 1768 rent
2120 1730 2225 1786 quo
2255 1731 2397 1786 pane
2429 1718 2576 1773 Deus
2602 1729 2827 1790 paverat
2861 1738 2957 1777 eos
2986 1723 3038 1777 in
3069 1723 3310 1780 deserto.
3351 1727 3421 1781 Et
3449 1735 3567 1783 erat

1968 1801 2021 1855 in
2052 1802 2243 1857 eadem
2272 1820 2402 1860 arca
2449 1807 2605 1877 virga
2633 1808 2841 1875 Aaron,
2877 1827 2997 1881 qua:
3027 1810 3365 1880 fronduerat,
3397 1814 3448 1869 id
3483 1823 3567 1871 est

1966 1906 2067 1960 per
2096 1908 2256 1963 quam
2298 1892 2502 1948 electus
2549 1903 2634 1949 est
2679 1896 2735 1951 in
2779 1900 3137 1966 sacerdotem,
3182 1905 3239 1957 et
3271 1910 3427 1957 erant
3454 1902 3564 1958 ibi-

1965 1978 2091 2033 dem
2121 1981 2325 2036 tabula:
2358 1986 2709 2050 testamenti,
2734 1985 2790 2039 in
2811 1986 3007 2057 quibus
3027 1988 3113 2043 lex
3135 1989 3340 2060 scripta
3363 1990 3482 2058 fuit,
3505 1995 3563 2048 et

1964 2083 2135 2138 super
2164 2085 2290 2123 eam
2316 2085 2500 2125 arcam
2530 2081 2684 2127 erant
2712 2074 3021 2144 cherubim,
3048 2076 3101 2130 id
3119 2085 3202 2133 est
3225 2079 3334 2134 duo
3354 2080 3562 2152 angeli.

1966 2156 2257 2211 Cherubim
2289 2157 2413 2214 dico
2457 2161 2672 2231 gloriae,
2722 2160 2779 2217 id
2821 2171 2903 2217 est
2932 2164 3171 2236 gloriose
3201 2167 3476 2234 decorata,
3512 2176 3567 2225 et

1964 2243 2055 2298 illa
2084 2244 2375 2301 Cherubim
2405 2250 2968 2307 erantobumbrantia
2987 2255 3445 2326 propitiatorum.
3470 2258 3571 2312 Ta-

1964 2332 2093 2387 bula
2136 2343 2253 2389 erat
2296 2352 2462 2406 super
2504 2352 2693 2393 arcam
2754 2355 2874 2410 quae
2922 2341 3198 2397 dicebatur
3238 2345 3565 2414 propitiato-

1966 2422 2123 2491 rium,
2156 2438 2222 2477 eo
2275 2424 2418 2495 quod
2465 2424 2606 2480 inter
2655 2427 2763 2482 duo
2803 2429 3086 2483 cherubim
3117 2447 3284 2502 super
3312 2433 3564 2489 eamdem

1965 2510 2207 2565 tabulam
2238 2511 2452 2567 conﬁxa
2483 2528 2753 2583 apparere
2784 2516 2994 2571 solebat
3026 2519 3275 2590 angelus,
3312 2520 3448 2575 dans
3479 2521 3563 2576 di-

1963 2593 2090 2648 vina
2121 2610 2405 2664 responsa.
2454 2597 2520 2651 Et
2550 2597 2603 2651 in
2648 2598 2753 2653 hoc
2796 2601 3038 2655 secundo
3067 2602 3416 2660 tabernaculo
3447 2613 3564 2661 erat

1963 2682 2128 2737 altare
2158 2683 2398 2751 incensi;
2430 2684 2485 2738 in
2517 2685 2719 2756 templo
2751 2703 2883 2743 vero
2915 2698 3065 2744 erant
3087 2690 3194 2745 duo
3217 2691 3564 2750 tabernacula

1964 2787 2084 2841 quae
2114 2771 2293 2825 velum
2340 2771 2712 2843 interpositum
2756 2775 3053 2833 dividebat.
3103 2779 3237 2834 Erat
3280 2780 3336 2834 in
3382 2782 3563 2851 primo

1965 2858 2310 2914 tabernaculo
2347 2861 2499 2929 juxta
2545 2861 2823 2917 introitum
2871 2881 3081 2933 mensa,
3130 2875 3186 2922 et
3230 2878 3394 2939 Super
3440 2886 3562 2926 eam

1964 2946 2253 3003 duodecim
2298 2965 2489 3019 panes,
2558 2958 2611 3005 et
2669 2968 2832 3022 super
2876 2953 3123 3025 singulos
3173 2972 3363 3011 eorum
3412 2959 3558 3015 thus.

1961 3035 2096 3089 Erat
2125 3045 2178 3091 et
2220 3038 2607 3093 candelabrum
2656 3056 2721 3093 ex
2752 3056 2860 3095 una
2892 3058 3129 3114 quaque,
3170 3053 3323 3115 parte
3349 3046 3561 3102 habens

257 3151 282 3177 ε
324 3128 450 3183 ruit.
494 3128 563 3182 Et
606 3126 1067 3198 quemadmodum
1110 3133 1366 3180 statutum
1423 3135 1507 3181 est
1551 3127 1862 3181 hominibus
1888 3188 1930 3206 ﬁ
1964 3124 2065 3178 tria
2121 3125 2342 3181 brachia
2400 3128 2582 3182 medio
2643 3128 2810 3199 stipiti
2861 3132 3209 3200 cohaerentia,
3258 3134 3313 3188 in
3361 3135 3561 3206 quibus

257 3238 284 3267 ι
329 3215 498 3272 semel
565 3188 727 3281 mori,
791 3223 915 3286 post
972 3216 1074 3270 hoc
1118 3223 1301 3270 autem
1342 3215 1643 3284 judicium;
1686 3216 1766 3271 sic
1810 3188 1932 3272 etG
1966 3212 2205 3268 brachiis
2245 3223 2396 3269 erant
2424 3188 2756 3286 sphaerulé:
2791 3226 2915 3289 post
2942 3188 3244 3290 sphaerulas
3272 3188 3403 3294 lilia},
3435 3232 3562 3295 post

258 3328 282 3352 α
325 3304 577 3360 Christus
607 3303 779 3358 semel
826 3303 1041 3358 oblatus
1089 3311 1171 3359 est
1217 3303 1288 3358 ad
1318 3304 1615 3358 multorum
1650 3305 1863 3359 exhau-

259 3416 284 3441 ι
327 3392 521 3448 rienda
558 3398 801 3463 peccata.
852 3391 1106 3446 Secundo
1154 3390 1270 3445 sine
1320 3400 1547 3462 peccato
1583 3393 1866 3462 apparebit

257 3506 284 3529 α
326 3480 773 3552 exspectantibus
801 3496 859 3536 se
889 3479 946 3535 in
976 3479 1205 3535 salutem
1234 3496 1332 3551 per
1358 3477 1523 3535 ﬁdem
1557 3479 1735 3553 [deest
1766 3497 1866 3551 per

263 3592 290 3617 ι
331 3568 538 3642 ﬁdem].
576 3592 599 3618 ιι

902 3653 1217 3694 EXPOSITIO.

339 3746 447 3803 Sed
476 3745 603 3803 licet
629 3745 780 3817 prius
824 3752 1200 3800 testamentum
1248 3744 1315 3799 sit
1343 3760 1518 3815 prope
1548 3745 1859 3810 interitum;

258 3844 448 3891 tamen
480 3836 676 3891 habuit
706 3835 929 3906 quidem
949 3834 1109 3889 etiam
1138 3835 1301 3906 prius
1330 3841 1717 3888 testamentum
1746 3836 1864 3903 jus-

263 3925 611 3993 tiﬁcationes
639 3939 751 3978 non
780 3939 957 3989 veras,
991 3923 1090 3978 sed
1120 3938 1219 3993 pro
1250 3922 1413 3977 modo
1443 3924 1697 3978 culturae
1726 3939 1858 3987 suae,

260 4014 319 4068 id
349 4021 433 4068 est
462 4012 735 4077 carnales,
785 4012 913 4084 quia
955 4011 1184 4067 carnalis
1215 4018 1332 4065 erat
1360 4011 1559 4076 cultus,
1591 4016 1647 4066 et
1677 4010 1863 4065 habuit

261 4106 531 4159 sanctum
559 4116 669 4157 non
697 4087 957 4171 spiritale,
994 4100 1090 4154 sed
1118 4100 1410 4168 swculare,
1435 4099 1563 4171 quia
1583 4099 1651 4152 ab
1682 4098 1863 4153 homi-

266 4191 428 4246 nibus
472 4189 693 4261 quidcm
740 4189 1029 4259 putabatur
1073 4188 1146 4241 ibi
1186 4187 1465 4253 sanctitas,
1515 4204 1637 4258 quae
1683 4195 1864 4242 tamen

266 4296 379 4336 non
406 4289 542 4348 erat,
574 4287 626 4333 et
654 4280 760 4333 hoc
787 4278 999 4348 probat.
1025 4278 1167 4332 Vere
1189 4276 1340 4347 prius
1356 4283 1739 4331 testamentum
1767 4276 1866 4330 ha-

268 4370 382 4424 buit
412 4376 682 4433 sanctum,
732 4382 857 4421 nam
886 4366 1299 4421 tabernaculum
1327 4365 1565 4436 primum
1596 4364 1779 4420 habuit
1810 4371 1864 4420 et

266 4457 585 4513 secundum.
609 4455 768 4526 Quod
788 4455 862 4510 ita
880 4456 953 4509 ait
986 4470 999 4510 :
1031 4456 1269 4511 Factum
1289 4458 1375 4510 est
1392 4455 1645 4527 primum
1672 4455 1862 4509 taber-

1964 3316 2061 3356 cas
2091 3302 2358 3373 scyphuli.

2037 3390 2276 3446 Primum
2333 3392 2513 3465 itaque
2574 3394 2983 3452 tabernaculum
3050 3399 3355 3455 Ecclesiam
3417 3400 3561 3458 ﬁde-

1964 3478 2096 3533 lium
2124 3497 2245 3551 qum
2291 3480 2346 3535 in
2392 3482 2593 3537 mundo
2622 3492 2707 3537 est
2753 3484 3045 3555 signiﬁcat,
3102 3486 3156 3540 in
3188 3504 3295 3559 qua
3324 3490 3561 3547 ministri

1963 3568 2227 3623 Ecclesia}
2268 3569 2543 3625 orationes
2584 3587 2796 3643 quaque
2854 3573 2943 3627 die
2989 3573 3225 3630 offerunt
3273 3584 3327 3631 et
3380 3578 3558 3634 sacri-

1963 3653 2104 3711 ﬁcia.
2140 3658 2323 3712 Mensa
2353 3666 2533 3713 autem
2584 3659 2637 3713 in
2687 3661 2888 3731 templo
2924 3662 3072 3730 juxta
3114 3672 3342 3737 portam,
3376 3666 3560 3737 Scrip-

1964 3752 2081 3799 tura
2136 3745 2321 3801 divina
2381 3748 2720 3821 intelligitur,
2792 3767 2914 3820 quae
2976 3766 3075 3821 per
3123 3751 3285 3807 ﬁdem
3341 3753 3558 3810 intran-

1963 3833 2109 3887 tibus
2139 3834 2441 3890 Ecclesiam
2486 3852 2586 3907 pro
2624 3852 2809 3891 eorum
2859 3839 3157 3909 capacitate
3202 3841 3558 3899 ministratur.

1965 3921 2140 3976 Panes
2169 3939 2302 3978 vero
2331 3924 2618 3979 duodecim
2657 3934 2782 3979 sunt
2811 3927 3099 3982 duodecim
3131 3930 3383 4000 apostoli,
3418 3948 3561 4004 quo-

1964 4026 2082 4063 rum
2129 4010 2375 4066 doctrina
2423 4011 2610 4068 ﬁdeles
2657 4013 2713 4067 in
2758 4015 3007 4071 Ecclesia
3049 4016 3388 4074 reﬁciuntur.
3447 4021 3563 4077 Hoc

1963 4107 2141 4153 autem
2167 4100 2311 4171 quod
2345 4102 2766 4172 superveniente
2796 4104 2976 4176 aliqua
3006 4106 3331 4162 necessitate
3362 4108 3560 4181 aliquis

1962 4186 2031 4241 de
2058 4187 2285 4257 panibus
2334 4189 2663 4255 sumebatur,
2705 4199 2760 4245 et
2806 4191 2944 4246 alius
2987 4193 3414 4249 substituebatur
3438 4196 3563 4254 loco

1963 4275 2127 4342 illius,
2158 4276 2367 4333 scilicet
2397 4276 2668 4349 signiﬁcat
2690 4280 2854 4350 quod,
2878 4281 3060 4352 aliquo
3088 4283 3457 4353 apostolorum
3473 4286 3563 4341 vel

1962 4379 2186 4419 suorum
2230 4381 2609 4421 successorum
2657 4367 2726 4421 de
2776 4370 2979 4424 mundo
3022 4369 3227 4437 ablato,
3278 4371 3419 4426 alius
3464 4374 3558 4444 qui

1963 4454 2078 4522 ejus
2109 4453 2227 4508 vice
2276 4453 2546 4526 fungatur,
2597 4455 2718 4509 loco
2767 4454 2912 4511 illius
2960 4457 3212 4513 Substitui
3237 4459 3419 4515 debet.
3453 4460 3559 4530 Qui

267 4548 561 4612 naculum,
581 4547 648 4601 in
676 4560 782 4618 quo
807 4544 982 4615 primo
1003 4548 1170 4600 erant
1191 4543 1552 4599 candelabra.
1570 4541 1715 4599 Licet
1738 4542 1861 4613 plu-
1891 4544 1944 4605 D
1964 4558 2132 4613 panes
2179 4557 2371 4597 omnes
2419 4543 2475 4596 in
2520 4543 2753 4598 Sabbato
2809 4545 3169 4601 absumuntur
3202 4565 3216 4601 :
3249 4547 3371 4619 quia
3400 4556 3557 4618 post-

261 4636 449 4692 raliter
475 4635 619 4691 dicat
667 4633 1015 4699 candelabra,
1050 4648 1216 4687 unum
1246 4640 1428 4688 tamen
1458 4639 1573 4687 erat
1601 4631 1862 4688 candela-

264 4726 438 4792 brum,
481 4723 695 4780 habens
742 4721 935 4777 hastile
977 4721 1033 4775 in
1073 4720 1274 4785 medio,
1308 4720 1365 4775 in
1410 4736 1518 4791 quo
1550 4719 1859 4774 inniteban-

266 4823 350 4869 tur
378 4831 476 4871 sex
507 4810 759 4877 brachia,
793 4810 894 4865 tria
921 4826 952 4865 a
983 4809 1203 4864 sinistra
1233 4809 1434 4877 (Exod.
1471 4824 1612 4876 xxv,
1645 4810 1777 4879 32);
1809 4815 1863 4863 et

264 4912 372 4962 erat
400 4903 457 4958 in
490 4902 590 4957 illo
619 4899 970 4956 tabernaculo
999 4915 1199 4955 mensa
1222 4898 1401 4953 statim
1421 4906 1543 4969 post
1562 4897 1859 4965 introitum,

260 4999 315 5051 et
342 5008 510 5065 super
558 4991 706 5044 hanc
753 5003 996 5042 mensam
1034 4994 1147 5043 erat
1187 4988 1491 5060 propositio
1532 5003 1772 5058 panum,
1805 4986 1861 5041 id

258 5092 334 5141 est
362 5078 668 5140 duodecim
712 5091 883 5147 panes
923 5077 1038 5132 Deo
1081 5092 1181 5147 per
1210 5074 1693 5131 sanctiﬁcationem
1723 5090 1860 5145 pro-

253 5174 430 5249 positi,
483 5170 560 5225 de
608 5164 809 5238 quibus
848 5164 895 5219 si
941 5164 1081 5221 forte
1127 5180 1227 5245 per
1248 5163 1632 5220 necessitatem
1664 5163 1861 5235 aliquis

248 5264 646 5324 absumeretur
673 5252 787 5324 (hic
835 5253 977 5308 enim
1028 5250 1396 5308 sanctiﬁcatus
1425 5252 1584 5323 panis
1613 5258 1730 5306 erat
1758 5267 1860 5307 ne-

242 5350 530 5415 cessarius
559 5343 635 5401 ad
682 5339 971 5413 sacriﬁcia)
1020 5349 1244 5412 paratus
1289 5348 1404 5397 erat
1432 5339 1587 5411 panis
1616 5338 1863 5396 similiter

234 5448 295 5504 de
328 5439 548 5503 simila,
585 5429 686 5505 qui
725 5429 907 5485 statim
949 5430 1073 5487 loco
1118 5428 1383 5500 assumpti
1411 5428 1860 5484 substituebatur.

228 5538 290 5597 lli
319 5540 525 5593 autem
582 5518 883 5578 duodecim
912 5534 1085 5591 panes
1115 5519 1170 5573 in
1201 5518 1439 5574 Sabbato
1472 5517 1812 5589 ponebantur
1843 5534 1857 5572 :

224 5628 427 5706 quibus
459 5619 527 5677 in
580 5609 845 5683 sequenti
886 5608 1126 5665 Sabbato
1173 5607 1386 5677 ablatis,
1432 5607 1523 5664 alii
1571 5605 1861 5663 duodecim

1964 4646 2128 4702 quam
2169 4631 2238 4686 ad
2268 4648 2412 4687 verae
2442 4631 2633 4702 gloriae
2675 4633 2914 4703 requiem
2944 4633 2999 4687 in
3029 4634 3116 4688 die
3138 4634 3328 4702 judicii
3355 4652 3558 4706 perve-

1961 4720 2159 4786 nietur,
2199 4720 2314 4790 jam
2381 4721 2590 4775 nullum
2657 4721 2900 4792 epiSCOpi
2962 4721 3195 4778 ofﬁcium
3239 4723 3327 4780 vel
3376 4724 3561 4781 eccle-

1964 4808 2195 4865 siastica:
2225 4825 2373 4864 curae
2411 4809 2774 4865 exercebitur.
2825 4811 2890 4865 Hi
2938 4827 3113 4882 panes
3159 4812 3231 4867 de
3258 4812 3438 4868 simila
3467 4814 3559 4869 di-

1963 4907 2157 4954 cuntur
2222 4897 2410 4966 fuisse,
2487 4899 2612 4970 quia
2678 4899 2731 4953 in
2797 4900 3060 4971 apostolis
3116 4900 3250 4955 nihil
3305 4901 3411 4957 nisi
3465 4901 3555 4957 in-

1962 4987 2229 5043 nocentiae
2275 4988 2483 5059 puritas
2522 4996 2573 5042 et
2620 4987 2880 5043 virtutum
2935 4989 3196 5060 perfectio
3226 4989 3345 5059 fuit,
3381 5006 3559 5064 neque

1962 5075 2018 5130 in
2051 5091 2240 5131 eorum
2264 5077 2679 5132 successoribus
2709 5078 2871 5133 debet
2897 5094 3038 5133 esse.
3072 5079 3221 5134 Thus
3251 5087 3433 5135 autem
3460 5096 3560 5135 su-

1961 5164 2318 5236 perpositum,
2350 5165 2502 5234 cujus
2532 5165 2669 5221 odor
2691 5166 2968 5234 jucundus
2994 5174 3095 5236 est,
3129 5168 3409 5223 orationes
3438 5176 3566 5224 sunt

1963 5269 2169 5320 eorum,
2202 5270 2323 5325 qua:
2353 5255 2469 5309 Deo
2498 5255 2861 5325 acceptabiles
2896 5262 3038 5321 sunt,
3074 5264 3127 5311 et
3158 5255 3272 5310 suis
3302 5256 3564 5325 subjectis

1956 5342 2211 5411 jucunda:
2241 5350 2295 5397 et
2323 5342 2501 5398 utiles.
2550 5343 2753 5398 Hastile
2800 5360 2933 5400 vero
2977 5344 3308 5414 candelabri,
3341 5344 3429 5400 cui
3457 5344 3565 5400 tria

1962 5430 2188 5487 brachia
2229 5447 2296 5486 ex
2338 5432 2563 5487 dextera
2608 5439 2762 5503 parte
2791 5433 3131 5489 inherebant
3160 5441 3214 5488 et
3242 5432 3467 5488 totidem
3496 5449 3565 5490 ex

1962 5519 2202 5587 sinistra,
2237 5520 2483 5575 Christus
2514 5528 2617 5588 est,
2650 5520 2737 5577 cui
2767 5521 2920 5593 quasi
2950 5519 3106 5576 ﬁrmo
3134 5521 3305 5593 stipiti
3336 5528 3449 5575 tam
3477 5537 3565 5577 vc-

1963 5607 2096 5665 teris
2116 5608 2377 5668 Ecclesiae
2405 5608 2595 5666 ﬁdeles
2616 5625 2778 5681 quam
2794 5625 2952 5667 novae
2965 5609 3253 5676 inhaerent,
3277 5615 3330 5664 ct
3350 5608 3456 5665 hoc
3475 5615 3559 5664 to-
