3928 6418
393 347 498 400 335

927 345 982 400 S.
1018 341 1370 400 BRUNONIS
1408 340 2057 400 CARTHUSIANORUM
2109 341 2593 399 INSTITUTORIS
2645 342 2796 398 OPP.
2857 341 3033 398 PARS
3062 341 3141 400 ΙΙ.

3577 341 3681 394 336

395 476 512 524 tum
541 469 688 540 quod
719 475 844 523 sunt
871 468 956 523 vel
987 467 1200 523 fuerunt
1230 484 1294 523 ex
1325 481 1392 524 eo
1415 468 1640 523 habent.
1672 469 1807 522 Tres
1836 467 1980 522 enim
2011 469 2066 530 Α
2086 466 2378 524 mundanis
2408 474 2460 522 et
2488 467 2557 522 de
2598 466 2912 522 cmlestibus
2951 465 3075 534 jure
3111 480 3313 521 aureus
3341 463 3510 520 fuisse
3539 462 3682 518 dici-

397 557 532 611 rami
563 557 654 628 qui
685 573 749 612 ex
775 558 995 612 dextera
1023 565 1179 627 parte
1211 564 1354 625 sunt,
1379 565 1490 612 tres
1510 557 1731 612 ordines
1748 555 1990 612 fidelium

397 645 556 714 hujus
584 645 846 700 Ecclesize
869 647 1010 716 (quae
1041 645 1262 717 dignior
1292 653 1373 699 est
1397 661 1562 716 quam
1593 645 1767 714 vetus)
1798 652 1988 700 osten-

401 733 551 799 dunt,
601 734 704 788 hos
747 733 917 788 babes
964 733 1019 786 in
1067 733 1365 805 Evangelio
1405 733 1498 786 ubi
1526 733 1725 788 dicitur
1759 747 1771 786 :
1810 753 1831 782 ι
1869 733 1988 786 Duo

401 828 557 876 erunt
584 820 638 874 in
670 820 812 876 lecto
846 837 858 874 :
892 837 1033 875 unus
1059 829 1382 889 assumatur,
1416 821 1552 874 alter
1572 821 1922 891 relinquetur.
1962 843 1984 867 ι»

397 910 516 964 Duo
556 909 613 963 in
656 925 808 980 agro,
850 925 990 964 unus
1032 919 1356 978 assumatur,
1407 909 1543 964 alter
1590 917 1771 964 autem
1819 907 1988 962 relin-

400 1005 616 1068 quetur.
652 998 773 1053 Duo
802 998 856 1052 in
886 998 1220 1064 molendino,
1252 1014 1392 1052 unus
1421 1006 1741 1063 assumatur,
1775 1004 1826 1052 et
1853 996 1989 1050 alter

397 1085 735 1156 relinquetur
764 1088 916 1155 (Luc.
950 1101 1090 1152 xvu,
1131 1089 1218 1151 34,
1254 1089 1364 1155 35).
1390 1086 1508 1140 Duo
1538 1085 1594 1140 in
1623 1085 1783 1152 lecto,
1816 1083 1988 1139 conti-

398 1181 610 1239 nentes,
648 1189 878 1244 quorum
909 1174 987 1228 illi
1033 1174 1406 1244 relinquentur
1437 1174 1528 1245 qui
1558 1173 1644 1229 vel
1673 1189 1771 1243 pro
1807 1172 1987 1227 favore

398 1261 588 1316 mundi
618 1262 970 1327 abstinentes,
1022 1263 1106 1316 vel
1156 1278 1252 1332 pro
1300 1263 1415 1316 Deo
1463 1262 1566 1317 hoc
1596 1260 1878 1325 facientes,
1910 1267 1988 1314 ta-

400 1365 528 1406 men
586 1349 863 1405 deficiunt.
915 1350 994 1404 Illi
1037 1358 1218 1404 autem
1265 1350 1356 1421 qui
1384 1366 1484 1420 pro
1515 1349 1729 1404 Christo
1760 1350 1862 1403 hoc
1900 1347 1985 1402 fa-

399 1439 546 1495 ciunt
587 1446 639 1494 et
690 1446 1060 1508 perseverant,
1093 1438 1146 1491 in
1177 1438 1350 1509 gloria
1381 1445 1763 1499 assumentur;
1796 1437 1904 1490 duo
1932 1435 1988 1489 in

397 1543 550 1599 agro,
585 1535 708 1580 sunt
737 1527 1050 1582 laborantes
1080 1527 1135 1579 in
1164 1526 1410 1581 Ecclesia
1442 1543 1562 1596 quae
1593 1525 1691 1580 Dei
1723 1541 1856 1596 ager
1883 1532 1983 1588 est,

397 1632 625 1686 quorum
654 1615 816 1684 (sicut
863 1615 930 1668 de
979 1615 1096 1668 aliis
1144 1615 1341 1668 dictum
1373 1621 1477 1683 est)
1517 1614 1732 1685 quidam
1762 1614 1830 1667 ad
1861 1612 1986 1684 glo-

398 1704 533 1758 riam
565 1710 932 1771 assumentur,
974 1703 1191 1773 quidam
1219 1704 1286 1756 ad
1317 1718 1532 1772 pmnam
1572 1702 1984 1772 relinquentur;

2088 564 2192 609 tur.
2226 557 2284 609 In
2315 570 2382 610 eo
2411 563 2593 610 autem
2642 555 2786 626 quod
2828 554 2956 626 igne
3005 553 3280 609 charitatis
3325 552 3383 607 in
3411 553 3587 606 Deum
3625 557 3682 605 et

2087 643 2142 698 in
2189 643 2494 714 proximum
2536 643 2731 714 plenus
2773 642 2892 708 fuit,
2938 650 2990 698 et
3033 641 3329 711 jucundum
3372 641 3683 696 orationum

2087 731 2313 787 odorem
2343 747 2444 802 pro
2473 731 2677 786 mundo
2705 731 2822 786 Deo
2853 729 3057 794 eﬂ'udit,
3091 729 3364 784 thuribulo
3386 729 3510 798 jure
3539 727 3683 782 assi-

2086 820 2306 875 milatur
2334 820 2520 892 ignem
2558 819 2876 889 continenti,
2924 827 2977 873 et
3023 818 3250 874 odorem
3298 817 3467 871 thuris
3495 816 3551 871 in
3581 832 3681 870 suo-

2086 909 2304 979 periora
2349 908 2634 963 emittenti.
2687 908 2836 962 Idem
2885 907 3047 962 etiam
3078 914 3162 962 est
3191 921 3321 962 arca
3349 903 3681 976 testamenti,

2087 997 2142 1050 id
2181 1005 2260 1051 est
2291 997 2344 1050 in
2375 1012 2482 1068 qua
2513 996 2893 1051 reservabatur
2940 1002 3324 1051 testamentum
3371 1001 3426 1049 et
3457 992 3681 1060 latebat,

2088 1084 2214 1155 quia
2243 1085 2298 1138 in
2324 1085 2589 1155 sapientia
2621 1083 2814 1153 Patris,
2859 1100 2982 1139 cum
3015 1099 3122 1154 qua
3153 1083 3296 1137 idem
3325 1080 3686 1152 personaliter

2087 1181 2226 1236 erat,
2259 1181 2527 1243 praecepta
2557 1172 2757 1226 veteris
2787 1172 2928 1244 legis
2959 1180 3008 1225 et
3038 1187 3193 1226 novae
3224 1171 3478 1236 latebant,
3502 1176 3556 1224 et
3565 1168 3684 1237 jam

2087 1277 2152 1316 ex
2181 1261 2298 1328 ejus
2329 1261 2690 1331 dispositione
2720 1260 3066 1330 pendebant;
3099 1259 3190 1329 qui
3213 1259 3373 1314 etiam
3395 1273 3461 1312 ea
3480 1256 3687 1313 claudit

2087 1357 2139 1404 et
2169 1365 2329 1404 nemo
2359 1349 2548 1419 aperit,
2583 1349 2755 1418 aperit
2786 1356 2837 1403 et
2855 1363 3015 1402 nemo
3037 1347 3238 1402 claudit
3275 1348 3462 1419 (Apoc.
3483 1361 3570 1414 ut,
3601 1347 3683 1413 7).

2087 1439 2214 1492 Ηερο
2243 1451 2371 1491 arca
2413 1436 2566 1491 omni
2604 1444 2758 1506 parte
2810 1445 2920 1490 tam
2968 1435 3193 1490 interius
3237 1451 3397 1506 quam
3442 1432 3686 1488 exterius

2086 1541 2219 1580 auro
2250 1532 2389 1580 tecta
2420 1533 2558 1590 erat,
2610 1525 2738 1595 quia
2766 1525 2882 1594 ipse
2913 1533 2965 1579 et
2993 1523 3175 1578 anima
3202 1530 3256 1577 et
3300 1537 3530 1592 corpore
3559 1536 3686 1575 om-

2087 1614 2237 1668 nium
2281 1613 2748 1668 consummatione
2796 1612 3055 1666 virtutum
3093 1611 3300 1679 enituit,
3339 1617 3393 1664 et
3438 1609 3587 1663 nulla
3633 1608 3685 1663 ei

2087 1701 2256 1756 defuit
2296 1701 2524 1770 justitia.
2573 1703 2632 1755 In
2661 1702 2763 1755 hac
2807 1716 2935 1756 arca
2982 1707 3097 1756 erat
3144 1716 3280 1754 urna
3322 1714 3507 1764 aurea,
3561 1697 3688 1769 quia

397 1793 506 1846 duo
537 1792 593 1845 in
621 1791 953 1856 molendino,
988 1791 1541 1859 demonstranthujus
1565 1790 1747 1845 szrculi
1768 1805 1987 1859 posses-
2015 1823 2069 1882 B
2091 1791 2142 1843 in
2174 1805 2407 1860 corpore
2456 1789 2658 1844 Christi
2707 1796 2824 1844 erat
2865 1805 2993 1843 vera
3033 1796 3086 1843 et
3133 1789 3368 1842 humana
3396 1786 3595 1854 anima,
3631 1793 3688 1840 et

396 1896 548 1935 sores
579 1880 634 1933 in
684 1880 1015 1934 volubilitate
1054 1880 1442 1933 mundanarum
1472 1895 1654 1932 rerum
1686 1886 1985 1935 manentes.

397 1969 491 2039 qui
518 1968 771 2022 laborant
821 1969 1093 2037 quomodo
1141 1968 1224 2023 vir
1279 1967 1489 2037 placeat
1518 1967 1748 2032 mulieri,
1783 1974 1836 2020 et
1866 1982 1990 2019 mu-

398 2056 500 2111 lier
522 2055 658 2112 viro.
681 2056 882 2110 Horum
913 2055 986 2108 illi
1019 2055 1409 2126 relinquentur,
1435 2055 1578 2126 quod
1609 2055 1776 2124 ipsius
1805 2052 1991 2107 mundi

400 2143 685 2200 delectatio
733 2143 789 2196 in
837 2142 1061 2198 crimina
1107 2151 1158 2197 et
1204 2143 1502 2213 perniciem
1533 2143 1709 2196 trahit.
1749 2140 1979 2197 391

407 2231 492 2286 Illi
521 2247 649 2287 vero
680 2240 1044 2298 assumantur,
1080 2233 1170 2303 qui
1199 2232 1253 2285 in
1274 2231 1498 2286 crimina
1527 2247 1636 2286 non
1655 2230 1917 2295 incidunt,
1937 2237 1991 2284 et

399 2321 469 2375 de
514 2335 824 2375 mammona
870 2319 1166 2390 iniquitatis
1205 2319 1410 2375 amicos
1454 2319 1558 2373 sibi
1603 2319 1804 2374 faciunt
1832 2319 1986 2388 (Luc.

400 2423 519 2475 xvr,
554 2408 629 2478 9).

471 2496 555 2552 Illi
581 2504 760 2552 autem
789 2503 900 2552 tres
934 2497 1088 2564 rami,
1141 2498 1232 2568 qui
1263 2497 1498 2552 sinistrae
1527 2496 1670 2567 parti
1702 2496 1986 2561 inhzerent,

397 2593 514 2642 tres
561 2585 783 2642 ordines
831 2584 1069 2640 fidelium
1108 2586 1207 2640 sub
1256 2586 1424 2640 veteri
1481 2585 1819 2641 ostendunt:
1855 2599 1991 2654 quos

400 2675 571 2730 habes
611 2690 712 2746 per
742 2674 1042 2741 Danielem,
1091 2691 1188 2745 per
1234 2676 1373 2740 Noe,
1407 2691 1503 2744 per
1528 2674 1649 2728 Job.
1684 2673 1874 2727 Daniel
1905 2680 1991 2727 et-

400 2762 545 2819 enim
563 2763 654 2834 qui
673 2763 982 2829 vixitcaste,
1010 2763 1348 2818 continentes
1371 2763 1468 2817 sub
1484 2762 1652 2818 veteri
1665 2762 1787 2832 lege
1809 2768 1992 2816 osten-

398 2851 496 2906 dit.
541 2852 662 2906 Noe
706 2867 836 2906 vero
882 2851 1176 2906 fabricator
1221 2859 1273 2905 et
1324 2851 1516 2906 artifex
1567 2865 1705 2906 arca:
1753 2849 1989 2914 Domini,

400 2940 650 2996 doctores
679 2939 819 3010 legis
849 2939 1221 3010 prasignavit.
1253 2940 1356 2993 Job
1385 2954 1512 2993 vero
1542 2938 1632 3009 qui
1661 2938 1715 2991 in
1737 2937 1992 3009 conjugio

402 3035 458 3084 et
503 3043 684 3082 rerum
721 3027 1071 3098 possessione
1110 3026 1226 3093 fuit,
1273 3027 1612 3082 demonstrat
1655 3026 1778 3080 illos
1816 3025 1908 3096 qui
1939 3025 1994 3078 in

401 3115 670 3187 conjugiis
717 3123 772 3169 et
831 3116 994 3170 rebus
1048 3115 1334 3170 mundanis
1381 3116 1496 3170 Deo
1544 3113 1874 3185 placuerint.
1934 3115 1995 3167 In

401 3202 655 3259 omnibus
699 3209 880 3258 autem
939 3204 1025 3258 his
1072 3203 1239 3258 ramis
1287 3210 1440 3258 erant
1489 3203 1804 3273 spbaarulaa,
1866 3200 1990 3273 quia
2026 3177 2070 3239 Ο

403 3291 706 3347 rotunditas
734 3291 1085 3363 perfectionis
1115 3299 1230 3346 erat
1275 3292 1329 3345 in
1369 3291 1646 3356 omnibus,
1682 3298 1735 3344 et
1762 3290 1990 3362 aequali-

404 3391 489 3437 tas
511 3380 754 3451 justitiaa.
786 3381 894 3435 Has
924 3387 1104 3435 autem
1134 3380 1433 3451 spharulas
1463 3379 1577 3435 lilia
1608 3380 1988 3450 sequebantur,

404 3471 532 3543 quia
577 3476 866 3542 postquam
913 3469 1106 3541 aliquis
1164 3469 1434 3540 perfectus
1491 3475 1572 3522 est
1621 3476 1811 3539 gratus
1857 3468 1992 3523 odor

401 3561 540 3627 Deo,
573 3566 626 3615 et
652 3559 709 3613 in
737 3558 985 3614 Ecclesia
1014 3557 1262 3628 exemplo
1292 3559 1556 3613 bonorum
1585 3573 1812 3626 operum
1836 3556 1993 3610 redo-

398 3649 520 3704 lens
559 3646 805 3703 efﬁcitur.
840 3648 967 3702 Post
987 3646 1098 3701 lilia
1114 3663 1241 3701 vero
1262 3647 1556 3702 succedunt
1575 3645 1840 3715 scyphuli,
1866 3645 1992 3716 quia

401 3752 527 3793 cum
555 3735 752 3806 aliquis
792 3735 1054 3805 probatur
1094 3734 1390 3805 perfectus,
1439 3742 1493 3788 et
1539 3732 1788 3804 exemplo
1834 3733 1992 3788 bona:

401 3824 736 3896 operationis
786 3832 1038 3894 tanquam
1081 3823 1252 3876 lilium
1291 3840 1386 3876 sua
1417 3823 1586 3877 odore
1617 3822 1986 3893 cognoscitur,

401 3919 568 3968 restat
594 3919 652 3966 ut
681 3910 942 3967 efficiatur
970 3911 1312 3980 prmdicator,
1347 3919 1396 3965 et
1427 3911 1707 3966 catholica:
1734 3909 1992 3965 doctrinae

402 3999 776 4071 indigentibus
805 3999 1140 4070 propinator.
1174 3999 1279 4066 Qui
1322 3999 1631 4069 operatione
1664 4006 1717 4051 et
1747 3999 1992 4053 doctrina

402 4089 526 4144 talis
573 4086 817 4156 effectus,
873 4095 923 4142 et
969 4087 1208 4157 seipsum
1249 4087 1376 4157 igne
1411 4087 1689 4142 charitatis
1719 4087 1988 4155 accendit,

404 4183 459 4232 et
485 4176 604 4231 aliis
633 4176 816 4230 lumen
863 4176 920 4229 in
963 4176 1205 4231 tenebris
1245 4176 1497 4230 ostendit.
1548 4177 1859 4231 Secundum
1889 4193 1990 4229 au-

402 4273 510 4320 tem
540 4265 948 4320 tabernaculum
995 4280 1027 4318 a
1056 4265 1230 4334 primo
1275 4265 1379 4318 veli
1411 4264 1818 4334 interpositione
1847 4264 1990 4318 divi-

401 4354 648 4421 debatur,
682 4354 737 4407 in
758 4354 899 4424 quod
920 4352 1156 4424 pontifex
1179 4352 1327 4408 solus
1349 4360 1400 4407 et
1427 4353 1595 4407 semel
1624 4353 1679 4406 in
1698 4368 1838 4408 anno
1868 4369 1990 4407 cum

401 4443 668 4516 sanguine
699 4441 1128 4515 ingrediebatur.

2091 1878 2284 1932 eadem
2327 1877 2473 1933 omni
2521 1878 2716 1932 virtute
2763 1885 2817 1932 et
2845 1877 3083 1947 perfecta
3115 1875 3379 1947 sapientia
3408 1875 3588 1946 plena.
3625 1875 3687 1927 In

2089 1982 2229 2021 urna
2293 1974 2412 2021 erat
2473 1981 2675 2020 manna
2729 1964 3124 2029 absconditum,
3188 1963 3317 2035 quia
3384 1963 3441 2017 in
3505 1961 3686 2016 anima

2091 2054 2288 2109 Christi
2331 2062 2412 2109 est
2455 2053 2576 2125 ipsa
2637 2053 2928 2120 divinitas;
2961 2069 3081 2125 quia
3125 2061 3207 2107 est
3248 2051 3406 2123 panis
3453 2059 3507 2106 et
3545 2049 3686 2105 refe-

2089 2143 2196 2198 ctio
2227 2143 2575 2214 angelorum.
2609 2143 2782 2196 Erant
2815 2141 2978 2197 etiam
3005 2142 3062 2196 in
3090 2157 3213 2196 arca
3240 2141 3394 2211 virga
3421 2143 3602 2194 Aaron
3631 2146 3688 2193 et

2091 2231 2287 2286 tabulae
2331 2231 2678 2286 Testamenti.
2735 2231 2900 2302 Virga
2948 2233 3126 2285 Aaron
3166 2245 3355 2284 verum
3402 2227 3683 2300 significa-

2090 2320 2165 2375 vit
2213 2319 2601 2376 sacerdotium.
2656 2319 2876 2373 Tabula:
2923 2317 3251 2373 Testamenti
3298 2317 3465 2372 corda
3493 2331 3685 2372 eorum

2091 2416 2234 2474 sunt,
2285 2408 2340 2461 in
2374 2408 2572 2479 quibus
2616 2407 2757 2478 legis
2805 2414 3084 2478 praecepta
3121 2405 3359 2461 insident
3402 2413 3456 2460 et
3495 2404 3686 2476 quies-

2089 2504 2243 2552 cunt.

2162 2586 2295 2640 Sunt
2326 2584 2508 2655 itaque
2533 2583 2589 2637 in
2616 2599 2746 2640 arca
2773 2582 2931 2654 virga
2959 2585 3140 2639 Aaron
3169 2590 3224 2639 et
3249 2581 3468 2638 Tabulae
3495 2583 3683 2636 Testa-

2091 2673 2276 2739 menti,
2311 2673 2437 2743 quia
2477 2671 2532 2726 in
2583 2672 2796 2727 Christo
2843 2689 3028 2727 verum
3074 2680 3156 2726 est
3204 2669 3587 2737 sacerdotium,
3629 2679 3684 2725 et

2091 2760 2464 2833 unusquisque
2487 2759 2664 2815 fidelis
2685 2780 2697 2825 ;
2722 2760 2866 2814 unde
2889 2760 2943 2814 in
2963 2759 3262 2832 Evangelio
3283 2759 3357 2814 ait
3381 2777 3394 2813 :
3421 2779 3444 2808 ι
3472 2759 3682 2814 Manete

2091 2850 2144 2903 in
2175 2866 2280 2915 me,
2314 2857 2364 2904 et
2395 2865 2500 2921 ego
2529 2849 2584 2902 in
2615 2849 2768 2904 vobis
2800 2850 2980 2919 (Joan.
3015 2864 3112 2914 xv,
3136 2849 3212 2918 4).
3252 2872 3272 2896 η
3305 2849 3477 2918 Super
3492 2863 3680 2903 arcam

2092 2946 2208 2992 erat
2254 2937 2435 2992 tabula
2475 2954 2596 3008 quae
2643 2937 2940 2993 vocabatur
2985 2936 3438 3008 propitiatorium,
3489 2935 3542 2989 in
3574 2951 3682 3007 qua

2092 3027 2239 3081 Deus
2268 3041 2540 3096 apparens
2576 3042 2675 3096 per
2717 3026 2971 3097 angelum
3019 3025 3411 3096 propitiabatur
3437 3025 3682 3096 peccatis

2093 3130 2299 3168 eorum.
2334 3114 2510 3184 Super
2536 3114 2993 3184 propitiatorium,
3027 3115 3135 3169 duo
3153 3113 3434 3170 cherubim
3463 3130 3682 3184 semper

2091 3203 2349 3258 inclinato
2407 3203 2554 3258 vultu
2612 3202 2741 3256 illud
2799 3203 3137 3274 aspicientia,
3204 3212 3255 3258 et
3302 3203 3684 3270 conjunctione

2092 3292 2296 3346 alarum
2329 3306 2549 3345 suarum
2580 3291 2815 3362 desuper
2844 3299 3188 3346 extensarum
3203 3291 3335 3346 illud
3351 3291 3681 3346 obumbran-

2091 3382 2184 3435 tia.
2232 3380 2383 3434 Idem
2421 3379 2665 3434 Christus
2711 3380 3140 3450 propitiatorium
3209 3388 3310 3448 est,
3381 3380 3681 3436 secundum

2093 3469 2237 3540 quod
2268 3473 2336 3522 ab
2367 3484 2431 3523 eo
2483 3485 2602 3539 quae
2641 3469 2910 3537 volumus,
2961 3469 3318 3539 postulamus,
3369 3476 3420 3524 et
3451 3485 3547 3523 sua
3577 3468 3681 3522 mi-

2093 3557 2386 3612 sericordia
2415 3557 2616 3611 nostris
2656 3558 2916 3627 peccatis,
2963 3557 3314 3628 prOpitiatur.
3352 3557 3525 3627 Super
3555 3574 3681 3611 eum

2093 3655 2218 3700 sunt
2265 3647 2374 3700 duo
2418 3646 2715 3714 cherubim,
2768 3646 2896 3717 quia
2944 3645 3104 3700 etiam
3147 3646 3367 3701 altiores
3415 3646 3681 3701 cwlorum

2092 3736 2318 3790 virtutes
2348 3735 2397 3788 ei
2446 3735 2760 3802 innituntur,
2812 3742 2863 3789 et
2911 3733 3296 3789 ﬁrmanentum
3326 3752 3438 3790 suae
3467 3733 3681 3789 stabili-

2095 3823 2218 3877 tatis
2246 3823 2444 3877 habent
2489 3823 2659 3876 illum.
2711 3823 2913 3877 Eadem
2946 3823 3224 3878 cherubim
3254 3822 3680 3893 propitiatorium

2092 3927 2310 3981 semper
2348 3911 2612 3980 aspiciunt
2645 3926 2656 3963 :
2697 3910 2935 3967 392
2970 3912 3066 3965 sed
3097 3912 3334 3982 desuper
3388 3911 3682 3976 obdurant,

2093 4001 2216 4070 quia
2246 3999 2498 4053 caelestes
2549 4000 2776 4054 virtutes
2825 4000 3255 4055 misericordiam
3309 4001 3408 4054 Dei
3462 4017 3684 4070 semper

2094 4088 2547 4158 contemplantur,
2609 4089 2727 4157 sed,
2777 4106 2882 4160 quo
2921 4089 3175 4143 intentius
3226 4105 3351 4143 eum
3390 4089 3678 4160 aspiciunt,

2092 4183 2242 4230 tanto
2265 4176 2552 4231 obscurior
2575 4186 2627 4231 et
2647 4179 2822 4250 magis
2842 4178 3062 4250 ignotus
3079 4175 3328 4248 efﬁcitur,
3364 4201 3386 4229 α
3424 4179 3682 4249 quoniam

2092 4265 2464 4321 misericordia
2485 4266 2699 4321 Domini
2720 4267 2950 4336 abyssus
2971 4266 3139 4321 multa
3161 4269 3335 4336 (Psal.
3359 4281 3542 4332 xxxv,
3557 4270 3632 4336 7).
3655 4292 3678 4316 ι)

2094 4353 2153 4406 In
2199 4368 2326 4408 arca
2392 4361 2570 4408 autem
2639 4362 2868 4424 quatuor
2928 4363 3085 4409 erant
3130 4355 3331 4420 annuli,
3383 4355 3438 4409 in
3483 4355 3682 4426 quibus

2094 4450 2276 4496 vectes
2320 4442 2766 4508 immittebantur,
2823 4450 2876 4497 et
2906 4444 2985 4499 sic
3015 4459 3142 4499 arca
3171 4460 3278 4515 quo
3308 4461 3396 4499 res
3425 4444 3684 4514 poscebat

467 4531 900 4586 Tabernaculum
945 4531 1079 4586 illud
1127 4530 1365 4586 cmlestis
1411 4529 1660 4585 Ecclesia
1697 4538 1798 4584 est.
1850 4529 1989 4584 Illud
2010 4532 2060 4590 D
2090 4529 2460 4585 deferebatur.
2483 4530 2728 4600 Quatuor
2744 4532 2948 4598 annuli,
2969 4540 3200 4603 quatuor
3217 4540 3338 4587 sunt
3358 4533 3679 4603 Evangelia;

396 4626 578 4675 autem
607 4619 880 4690 obtegitur
909 4619 1049 4686 velo,
1083 4619 1211 4690 quia
1240 4619 1369 4673 dum
1397 4635 1584 4672 sumus
1615 4619 1670 4671 in
1691 4619 1791 4672 hac
1813 4618 1992 4672 adhuc

397 4708 615 4763 mortali
643 4723 806 4764 carne
835 4707 921 4762 vel
952 4707 1216 4772 Ecclesia,
1252 4723 1371 4778 quae
1401 4715 1453 4761 et
1476 4714 1674 4778 quanta
1703 4707 1848 4760 Deus
1878 4706 1991 4760 suis

397 4803 665 4867 praeparet
711 4795 1032 4867 ignorantia
1060 4796 1300 4850 caecitate
1331 4810 1667 4865 cognoscere
1708 4811 1816 4848 non
1855 4810 1990 4864 pos-

397 4900 606 4940 sumus.
657 4882 903 4938 Pontifex
949 4890 1127 4936 autem
1173 4883 1262 4953 qui
1307 4883 1475 4938 semel
1503 4884 1558 4936 in
1589 4898 1750 4948 anno,
1787 4890 1992 4937 etcum

399 4971 668 5044 sanguine
699 4970 976 5039 introibat,
1015 4970 1263 5026 Christus
1294 4980 1393 5036 est,
1429 4971 1540 5042 qui,
1574 4971 1627 5024 in
1660 4969 1990 5040 perfectione

398 5065 708 5130 temporum
747 5059 918 5113 semel
969 5059 1295 5130 sanguinem
1342 5075 1500 5113 suum
1548 5057 1800 5125 offerens,
1852 5058 1990 5113 viam

400 5146 640 5202 cwlestis
668 5145 857 5216 patriae
890 5147 1047 5202 nobis
1077 5147 1326 5202 initiavit.
1354 5145 1513 5215 Quod
1537 5161 1664 5201 vero
1681 5146 1800 5216 ipsa
1817 5146 1990 5200 hostia

398 5249 509 5290 uno
569 5250 785 5306 quoque
858 5251 1001 5291 anno
1069 5236 1450 5301 reiterabatur,
1523 5233 1990 5304 imperfectionem

398 5323 568 5394 ipsius
600 5323 791 5378 hostia:
838 5324 1178 5389 ostendebat,
1223 5333 1276 5378 et
1321 5340 1387 5378 ex
1433 5323 1548 5393 ipsa
1582 5339 1675 5377 sua
1705 5323 1990 5378 iteratione

397 5411 563 5468 aliam
596 5412 826 5467 hostiam
871 5429 1032 5484 quam
1082 5411 1265 5466 iterari
1311 5427 1419 5464 non
1457 5419 1752 5481 oporteret,
1789 5428 1988 5482 exspe-

399 5499 533 5556 ctari
556 5501 926 5573 praecipiebat.
969 5499 1323 5554 Thuribulum
1354 5515 1574 5554 aureum
1607 5499 1854 5554 Christus
1884 5509 1985 5566 est,

399 5589 493 5664 qui
519 5589 577 5647 in
607 5605 672 5649 eo
718 5590 863 5664 quod
905 5588 1205 5660 perfectam
1245 5587 1567 5660 sapientiam
1598 5588 1805 5657 habuit,
1839 5597 1892 5645 et
1920 5590 1989 5646 de

2090 4626 2292 4683 vectes,
2327 4619 2498 4674 sancti
2529 4619 2916 4688 predicatores,
2951 4621 3061 4690 qui,
3095 4621 3150 4674 in
3176 4621 3476 4676 doctrinam
3500 4621 3684 4676 Evan-

2090 4706 2218 4778 gelii
2247 4707 2494 4775 immissi,
2529 4716 2582 4762 et
2625 4708 2898 4762 Christum
2940 4717 2989 4763 et
3020 4709 3138 4777 ejus
3188 4708 3351 4763 fidem
3394 4725 3501 4780 quo
3535 4710 3683 4763 Deus

2090 4795 2202 4850 vult
2234 4803 2284 4848 et
2320 4795 2645 4865 praeordinat
2692 4796 2959 4851 deferunt.
3012 4798 3127 4852 Hoc
3173 4807 3371 4863 autem,
3425 4797 3569 4868 quod
3613 4797 3684 4852 de

2088 4883 2252 4956 lignis
2284 4883 2436 4938 setim
2469 4884 2611 4954 (qua
2658 4884 3008 4954 imputribilia
3045 4886 3190 4955 sunt)
3239 4885 3378 4941 facta
3407 4895 3509 4952 est,
3556 4901 3681 4941 cor-

2088 4989 2191 5042 pus
2221 4971 2420 5026 Christi
2462 4980 2582 5041 post
2635 4973 2946 5042 passionem
2993 4974 3296 5030 immortale
3342 4981 3396 5029 et
3423 4974 3681 5045 impassi-

2089 5058 2198 5114 bile
2237 5059 2475 5113 futurum
2505 5061 2874 5132 praesignavit.
2909 5063 3036 5118 Haec
3064 5063 3118 5116 in
3149 5063 3326 5132 primo
3358 5071 3411 5117 et
3440 5063 3680 5118 secundo

2090 5155 2214 5201 sunt
2235 5148 2589 5203 tabernaculo
2604 5149 2692 5217 (de
2712 5150 2908 5220 quibus
2926 5165 3040 5204 non
3060 5155 3143 5206 est
3164 5151 3326 5205 modo
3359 5151 3682 5220 dicendum)

2089 5236 2267 5290 eundo
2286 5253 2385 5306 per
2413 5238 2637 5307 singula
2667 5252 2857 5291 eorum
2890 5237 3312 5308 interpretanda.
3341 5239 3419 5293 De
3451 5238 3682 5310 singulis

2090 5323 2310 5394 quidem
2355 5339 2466 5379 non
2503 5333 2584 5378 est
2615 5324 2964 5393 discendum,
2999 5328 3092 5381 sed
3121 5327 3190 5381 de
3219 5329 3306 5382 his
3337 5328 3424 5382 ita
3454 5343 3680 5399 compo-

2087 5414 2215 5467 sitis
2235 5420 2316 5466 est
2346 5413 2637 5467 dicendum
2663 5414 2784 5480 hoc,
2802 5414 3009 5469 scilicet
3031 5416 3174 5486 quod
3196 5416 3258 5470 in
3277 5417 3438 5487 prius
3459 5416 3681 5488 quidem

2091 5502 2524 5556 tabernaculum
2562 5518 2781 5574 semper
2811 5504 3128 5559 introibant
3170 5505 3487 5560 sacerdotes
3541 5520 3680 5561 con-

2093 5594 2441 5646 summantes
2473 5591 2663 5661 ofﬁcia
2692 5592 3125 5663 sacriﬁciorum,
3149 5592 3204 5648 id
3225 5601 3308 5649 est
3340 5591 3681 5665 perﬁcientes
