3928 6424
132 378 248 432 537

851 379 1234 438 EXPOSI'I'IO
1266 379 1342 436 IN
1367 377 1750 437 EPISTOLAS
1799 377 2024 435 PAULI.
2056 406 2126 420 —
2155 379 2230 436 IN
2261 380 2479 438 EPIST.
2513 381 2608 438 AD
2648 383 2806 440 HEB.

3384 383 3489 438 538

144 501 433 560 sacriﬁcia
464 505 784 562 secundum
824 506 987 562 ritum
1025 505 1187 562 ofﬁcii
1236 504 1324 561 sui
1355 505 1410 561 in
1441 505 1593 578 prius
1632 519 1778 560 sem—
1806 505 1859 566 A
1880 505 2269 572 correctionis,
2301 505 2355 561 id
2386 515 2464 563 est
2495 523 2668 580 usque
2697 508 2766 563 ad
2807 507 3100 576 Christum,
3151 506 3488 581 perfectione

142 608 272 663 per.

227 681 338 738 Sed
357 682 424 737 in
440 683 766 740 secundum
788 684 1221 741 tabernaculum
1244 684 1419 740 semel
1436 685 1498 739 in
1531 699 1683 739 anno
1703 681 1781 737 in-

150 769 356 826 troibat
385 773 542 828 solus
569 774 862 845 ponti/eae,
895 781 1077 830 etnon
1093 775 1216 829 sine
1237 775 1538 844 sanguine,
1563 787 1776 844 quoac-

153 866 341 929 cepto,
373 859 443 915 de
477 859 710 915 animali
771 860 906 917 foris
953 861 1252 927 immolato,
1301 861 1549 934 tingebat
1596 861 1665 918 de
1713 876 1779 917 eo

156 962 370 1003 cornua
397 947 588 1004 altaris
617 949 861 1017 incensi;
893 967 1056 1023 quem
1087 950 1406 1023 sanguinem
1463 951 1628 1022 oﬂ‘ert
1685 966 1776 1004 sa-

153 1037 362 1092 cerdos
391 1055 494 1110 pro
523 1039 856 1109 ignorantia
881 1055 1005 1105 sua,
1035 1043 1092 1095 et
1119 1054 1222 1110 pro
1251 1039 1562 1111 ignorantia
1576 1041 1778 1112 papuli

156 1125 510 1191 dimittenda,
533 1128 754 1200 Spiritu
781 1131 977 1184 sancto
1003 1129 1363 1200 signiﬁcante
1391 1144 1489 1200 per
1505 1129 1609 1184 hoc
1631 1129 1776 1199 quod

150 1214 210 1268 in
243 1215 400 1286 prius
433 1231 626 1270 omnes
655 1215 966 1282 introibant,
999 1217 1055 1270 in
1085 1217 1385 1273 secundum
1417 1217 1598 1271 nullus
1626 1234 1774 1288 pra:-

153 1310 248 1358 ter
283 1303 460 1358 solum
491 1304 819 1377 pontiﬁcem,
851 1307 1000 1361 viam
1022 1311 1352 1363 sanctorum
1382 1307 1636 1362 nondum
1655 1323 1774 1363 esse

151 1394 552 1466 propalatam,
586 1394 639 1448 id
687 1401 770 1449 est
819 1402 1034 1451 sanctos
1062 1411 1172 1450 non
1225 1411 1388 1466 posse
1441 1395 1660 1450 introire
1718 1395 1773 1449 in

156 1481 362 1547 caelos,
398 1498 520 1554 quae
548 1483 631 1537 vir
678 1483 1015 1554 propalanda
1063 1492 1174 1538 erat
1221 1484 1300 1538 eis
1330 1483 1385 1538 in
1438 1483 1648 1538 Christo
1706 1500 1772 1539 eo

157 1578 518 1642 resurgente.
569 1571 635 1624 Et
678 1571 854 1626 adhuc
911 1573 1130 1644 quando
1185 1573 1426 1627 nondum
1490 1571 1771 1643 propalata

154 1666 286 1714 erat
311 1659 401 1714 via
447 1667 780 1730 sanctorum,
827 1661 924 1715 sed
979 1661 1254 1716 Abraham
1277 1668 1328 1716 et
1358 1677 1548 1716 omnes
1598 1661 1770 1716 sancti

155 1747 497 1802 tenebantur
525 1748 580 1802 in
609 1749 871 1813 tenebris,
902 1758 1047 1815 tunc,
1081 1750 1304 1822 inquam
1350 1752 1539 1822 priore
1579 1751 1768 1805 taber—

1882 593 2188 648 testamenti
2263 596 2418 664 cujus
2470 597 2839 670 corrigeretur
2915 597 3256 670 impertectio
3332 603 3488 652 vete-

1881 681 1973 736 ris.
2008 683 2234 738 Munera
2263 691 2312 740 et
2343 684 2534 742 hostia
2565 685 2770 758 legales
2817 687 3092 743 neminem
3133 693 3361 758 possunt
3401 683 3489 740 fa-

1880 784 2002 826 cere
2032 770 2353 842 perfectum,
2397 773 2496 829 sed
2544 773 2791 829 Christus
2834 775 3038 831 invenit
3084 783 3346 831 aeternam
3395 789 3487 830 re-

1880 858 2272 931 demptionem,
2298 862 2443 934 quod
2475 870 2558 917 est
2593 862 2780 919 dicere
2838 863 3085 918 Christus
3130 862 3257 919 facit
3294 853 3486 934 perfe-

1879 955 2044 1002 ctum.
2065 948 2173 1005 Sed
2197 965 2296 1020 per
2324 951 2455 1022 quid
2476 959 2735 1007 aeternam
2768 952 3197 1024 redemptionem
3221 952 3487 1008 invenerit

1876 1037 2355 1107 praemittitdicens
2388 1054 2402 1094 :
2439 1039 2697 1096 Christus
2733 1044 3026 1106 assistens,
3074 1056 3184 1097 non
3230 1040 3487 1097 deterrui-

1876 1133 1969 1179 nat
1996 1126 2084 1182 cui
2119 1127 2353 1184 assistat.
2387 1129 2454 1182 Et
2482 1145 2780 1201 possumus
2836 1130 3021 1186 dicere
3051 1147 3064 1186 :
3097 1129 3340 1186 Christus
3395 1146 3485 1184 as-

1877 1213 2075 1269 sistens
2101 1215 2248 1271 Patri
2275 1219 2756 1288 repraasentatione
2795 1233 2914 1285 sua,
2965 1235 3185 1291 semper
3232 1218 3483 1290 interper

1875 1303 1994 1357 lans
2013 1319 2114 1374 pro
2143 1304 2322 1360 nobis.
2380 1307 2476 1361 Vel
2525 1307 2775 1362 Christus
2821 1307 3106 1374 assistens,
3166 1323 3268 1378 pro
3323 1306 3484 1363 nobis

1875 1391 2096 1464 erigens
2125 1392 2487 1450 infirmitatem
2519 1404 2761 1450 nostram
2791 1397 2859 1451 ad
2877 1396 3141 1464 cmlestia,
3174 1395 3480 1469 porigendo

1873 1480 2030 1534 nobis
2061 1496 2282 1536 manum
2323 1483 2528 1538 auxilii.
2582 1485 2847 1554 Christus,
2913 1485 3152 1557 inquam,
3215 1484 3478 1540 assistens

1869 1571 2139 1642 pontifex
2170 1587 2276 1627 non
2289 1573 2611 1642 carnalium,
2631 1574 2729 1629 sed
2754 1575 3025 1631 bonorum
3046 1577 3398 1645 futurorum,
3424 1572 3478 1627 id

1872 1665 1956 1712 est
2013 1659 2340 1716 caelestium.
2397 1662 2494 1716 Vel
2567 1663 2834 1718 bonorum
2897 1663 3224 1730 futurorum,
3281 1662 3337 1716 id
3395 1669 3480 1718 est

1868 1748 2151 1817 praesentis
2168 1749 2390 1817 justitias
2421 1759 2472 1806 et
2501 1759 2722 1808 aeterna:
2755 1752 3104 1807 beatitudinis
3134 1770 3147 1817 ;
3182 1768 3302 1824 qua:
3350 1767 3469 1806 om-

156 1838 379 1891 naculo
409 1836 647 1893 habente
674 1842 915 1893 statum.
937 1840 1124 1894 Donec
1141 1839 1284 1894 enim
1316 1839 1404 1894 via
1435 1847 1764 1908 sanctorum,
1789 1867 1841 1927 B
1869 1835 1960 1890 nia
1989 1844 2232 1908 tempore
2266 1839 2409 1911 legis
2451 1839 2624 1895 futura
2680 1849 2853 1896 erant.
2912 1840 3178 1907 Christus,
3229 1840 3474 1913 inquam,

158 1925 387 1980 Christo
432 1925 746 1982 celebrante
801 1943 1000 1983 novum
1044 1929 1279 1995 Pascha,
1337 1928 1610 2000 propalata
1649 1927 1766 1996 fuit,

160 2021 329 2069 vetus
366 2013 453 2069 lex
475 2023 676 2070 statum
708 2033 863 2071 suum
900 2033 963 2071 ex
995 2017 1112 2072 Deo
1141 2017 1347 2072 habuit.
1413 2017 1544 2084 Quae
1587 2017 1770 2072 omnia

155 2103 229 2158 de
254 2103 405 2158 omni
422 2103 658 2174 prioriet
678 2120 806 2160 vero
856 2105 1206 2161 tabernaculo
1255 2109 1339 2161 est
1365 2107 1633 2178 parabola
1686 2107 1770 2160 in-

152 2193 378 2248 stantis
404 2196 692 2266 temporis,
716 2193 768 2247 id
791 2201 876 2248 est
903 2193 1075 2266 figura
1105 2195 1387 2265 pertinens
1404 2195 1473 2250 ad
1504 2195 1608 2250 hoc
1637 2201 1768 2249 tem-

152 2297 262 2352 pus
293 2281 444 2353 quod
468 2297 611 2338 nunc
650 2281 830 2348 instat,
879 2284 1008 2355 quia
1059 2283 1317 2356 quidquid
1349 2283 1422 2339 ibi
1481 2281 1764 2354 ﬁguratum

153 2369 278 2436 fuit,
302 2386 448 2426 nunc
476 2370 532 2425 in
561 2371 778 2426 Christo
818 2371 1099 2443 impletum
1147 2379 1248 2427 est.
1309 2373 1368 2427 In
1398 2372 1550 2444 prius
1590 2372 1765 2426 taber-

149 2459 415 2514 naculum
436 2475 652 2530 semper
673 2460 964 2516 introibant
982 2462 1294 2517 sacerdotes
1324 2469 1764 2518 consummantes

152 2547 442 2616 sacriﬁcia,
489 2549 618 2622 quia
674 2549 728 2603 in
783 2558 1109 2622 praasentem
1160 2551 1465 2606 Ecclesiam
1523 2549 1762 2623 quotidie

154 2637 450 2692 introimus
544 2647 986 2695 consummantes
1082 2639 1361 2711 spirituale
1430 2639 1760 2696 sacrificium

153 2726 378 2780 Christi.
411 2727 471 2780 In
513 2727 809 2782 secundum
853 2737 1034 2784 autem
1075 2728 1486 2783 tabernaculum
1517 2729 1774 2804 pontifex.

154 2814 333 2870 semel
363 2815 778 2886 ingrediebatur
815 2817 869 2871 in
913 2832 1077 2884 anno,
1137 2817 1264 2889 quia
1303 2817 1550 2873 Christus
1594 2833 1759 2872 verus

149 2903 397 2976 pontifex
429 2905 716 2977 ingressus
743 2914 824 2961 est
852 2907 906 2961 in
937 2907 1213 2963 cmlestem
1245 2906 1548 2962 Ecclesium
1565 2908 1753 2977 semel,

148 3009 262 3048 non
291 2993 525 3048 ulterius
556 3011 879 3050 reversurus
907 3013 938 3050 a
969 2996 1157 3068 gloria.
1193 2996 1349 3065 Quod
1372 3013 1530 3052 verus
1563 3013 1754 3052 sacer-

148 3083 252 3137 dos
283 3082 519 3154 singulis
557 3083 716 3138 annis
775 3085 1052 3140 introitum
1105 3085 1255 3140 illum
1303 3087 1528 3142 secundi
1586 3087 1756 3142 taber-

143 3171 327 3228 naculi
354 3171 667 3235 reiterabat.
702 3189 888 3229 verum
926 3173 1240 3246 pontiﬁcem
1286 3174 1559 3229 Christum
1609 3191 1751 3231 non-

145 3261 278 3316 dum
321 3261 572 3316 introisse
603 3261 656 3315 in
687 3279 842 3317 suum
892 3263 1302 3319 tabernaculum
1333 3264 1388 3317 in
1446 3264 1619 3331 caelis,
1654 3265 1754 3320 sed

145 3350 330 3406 adhuc
360 3350 677 3405 intraturum
725 3353 1090 3424 exspectabat.
1124 3353 1340 3426 Legalis
1375 3353 1612 3424 pontifex
1643 3371 1754 3410 non

143 3439 407 3493 introibat
434 3440 551 3494 sine
600 3441 884 3513 sanguine,
937 3442 1061 3514 quia
1119 3442 1366 3496 Christus
1422 3458 1528 3498 non
1587 3459 1754 3514 pene-

143 3528 310 3583 travit
339 3527 531 3595 caelos,
556 3528 660 3583 nisi
690 3529 838 3600 prius
882 3531 1148 3603 sanguine
1192 3546 1292 3586 suo
1349 3530 1519 3587 effuso
1564 3532 1620 3586 in
1677 3549 1752 3588 re-

143 3617 517 3688 demptionem
565 3618 804 3673 omnium
852 3639 865 3682 ς
927 3637 1088 3691 quem
1127 3620 1446 3692 sanguinem
1503 3621 1751 3678 Christus

141 3706 339 3761 obtulit
379 3722 490 3761 non
537 3707 720 3779 utique
776 3725 874 3779 pro
916 3725 1030 3775 sua,
1065 3710 1163 3764 sed
1221 3726 1318 3780 pro
1349 3711 1512 3766 totius
1564 3711 1751 3782 populi

142 3795 380 3850 delenda
421 3795 749 3868 ignorantia.
811 3799 988 3854 Juxta
1017 3815 1185 3870 quam
1213 3799 1549 3870 parabolam,
1583 3801 1636 3854 id
1670 3809 1752 3856 est

147 3883 383 3957 ﬁguram
411 3885 732 3955 o/Teruntur
760 3885 815 3941 in
852 3887 1019 3942 veteri
1049 3887 1173 3960 lege
1202 3904 1463 3956 munera,
1483 3889 1538 3943 id
1555 3896 1634 3945 est
1649 3890 1750 3946 mi-

146 3989 313 4028 nores
342 3973 668 4028 oblationes.

217 4060 534 4117 Oﬂ'eruntur
581 4063 754 4118 etiam
811 4063 1008 4120 hostia:
1064 4065 1401 4120 animalium.
1443 4065 1532 4122 Sic
1563 4065 1616 4122 in
1647 4068 1749 4124 hac

147 4150 402 4221 praesenti
452 4150 698 4206 Ecclesia
775 4169 999 4208 munera
1048 4161 1232 4209 nostra
1290 4163 1414 4208 sunt
1471 4155 1748 4212 orationes

148 4239 200 4293 in
230 4239 458 4294 odorem
493 4240 770 4295 suavitatis
829 4242 962 4308 Deo,
1007 4251 1058 4297 et
1107 4243 1296 4298 hostia:
1355 4251 1479 4298 sunt
1532 4244 1608 4299 illi
1656 4246 1747 4317 qui

147 4343 244 4399 pro
299 4328 514 4382 Christo
563 4337 881 4396 mactantur,
931 4339 987 4386 ut
1044 4333 1378 4400 Laurentius,
1439 4333 1599 4388 etiam
1656 4335 1746 4407 qui

149 4417 358 4487 seipsos
389 4425 621 4472 mactant
645 4418 884 4487 jejuniis,
910 4419 1130 4492 vigiliis,
1183 4429 1234 4475 et
1281 4421 1616 4477 multimodis
1672 4423 1748 4479 af-

150 4504 494 4559 flictionibus.
535 4507 663 4574 Quae
692 4523 918 4562 munera
957 4516 1010 4563 et
1066 4509 1256 4564 hostiae
1297 4509 1352 4564 in
1399 4511 1567 4566 veteri
1623 4511 1744 4584 lege

1873 1924 2114 1995 pontifex
2159 1927 2277 1982 talis
2335 1928 2576 1984 introivit
2632 1929 3067 1996 tabernaculum,
3129 1929 3348 1986 nomine
3392 1929 3473 1984 si-

1872 2013 2182 2085 gniﬁcantis
2213 2016 2466 2088 designat
2497 2018 2884 2089 signiﬁcatum.

1947 2104 2396 2161 Tabernaculum
2417 2106 2541 2162 dico
2567 2109 2940 2180 peramplius,
2978 2107 3102 2180 quia
3133 2107 3179 2162 si
3206 2106 3340 2164 illud
3370 2122 3470 2162 ve-

1870 2197 1957 2244 tus
1986 2191 2133 2247 mille
2161 2193 2249 2248 vel
2277 2193 2438 2265 plura
2467 2194 2634 2250 millia
2662 2196 2940 2252 hominum
2983 2196 3255 2267 capiebat,
3297 2195 3469 2251 coale-

1869 2286 1950 2333 ste
1979 2280 2386 2338 tabernaculum
2418 2283 2582 2339 etiam
2607 2285 2944 2356 peramplius
2974 2292 3056 2341 est
3085 2285 3192 2340 late
3249 2283 3470 2355 capiens

1867 2367 2188 2425 infinitatem
2236 2372 2476 2427 omnium
2536 2372 2954 2445 ingredientium
2987 2374 3041 2428 in
3072 2373 3225 2428 illud.
3265 2373 3468 2428 Taber-

1864 2457 2115 2513 naculum
2145 2459 2460 2530 perfectius,
2495 2461 2622 2532 quia
2653 2463 2708 2516 in
2763 2462 2859 2517 illo
2906 2461 3259 2518 tabernaculo
3301 2461 3467 2517 totius

1863 2546 2214 2603 beatitudinis
2245 2550 2506 2620 accipitur
2531 2550 2817 2622 perfectio.
2878 2553 2936 2606 In
2984 2550 3150 2624 legali
3207 2551 3462 2606 taberna-

1863 2634 1984 2691 culo
2012 2636 2216 2709 ubique
2246 2646 2360 2694 erat
2401 2638 2763 2709 imperfectio.
2821 2640 3266 2696 Tabernaculum
3315 2639 3460 2704 dico,

1860 2741 1976 2779 non
1992 2742 2170 2781 manu
2187 2729 2451 2798 factum;
2481 2735 2533 2783 et
2562 2745 2630 2783 ne
2651 2729 2877 2800 quilibet
2905 2730 3012 2785 hoc
3042 2745 3300 2800 perverse
3321 2728 3468 2784 acci-

1856 2822 2032 2883 peret,
2066 2824 2263 2886 putans
2291 2833 2400 2872 non
2433 2833 2556 2872 esse
2598 2817 2800 2874 factum
2830 2834 3011 2886 manu,
3040 2817 3096 2873 id
3134 2827 3218 2874 est
3259 2833 3463 2888 opera-

1857 2903 2004 2958 tione
2049 2904 2168 2970 Dei,
2225 2905 2550 2962 determinat
2595 2906 2786 2962 dicens
2823 2923 2836 2962 :
2874 2909 2933 2963 Id
2974 2907 3118 2980 quod
3177 2907 3300 2964 dico
3350 2923 3462 2962 non

1856 2991 2246 3060 manufactum,
2279 2999 2362 3050 est
2386 2995 2572 3050 dicere
2617 2995 2744 3050 illud
2791 2996 3202 3052 tabernaculum
3232 3013 3349 3052 non
3379 3004 3462 3051 est

1857 3081 2046 3154 hujus,
2066 3082 2121 3136 id
2151 3090 2233 3137 est
2263 3083 2515 3140 humanae
2534 3087 2862 3151 creationis,
2896 3085 3033 3141 sicut
3060 3093 3238 3141 vetus.
3267 3087 3326 3139 In
3354 3101 3461 3158 quo

1853 3171 2106 3226 mulieres
2135 3172 2337 3227 nebant
2367 3173 2624 3237 cortinas,
2658 3173 2798 3228 fabri
2846 3173 2903 3228 in
2932 3191 3136 3247 genere
3193 3190 3294 3230 suo
3322 3189 3460 3247 ope-

1856 3258 2132 3327 rabantur,
2168 3268 2226 3314 et
2256 3260 2505 3317 similiter
2532 3263 2717 3318 cateri
2747 3262 3004 3319 artifices.
3037 3264 3301 3320 Introivit
3337 3263 3462 3337 qui-

1853 3347 1979 3402 dem
2009 3349 2112 3404 boc
2142 3349 2546 3405 tabernaculum
2579 3368 2758 3423 neque
2778 3368 2883 3424 per
2909 3355 3248 3423 sanguinem
3277 3349 3460 3410 hirco-

1853 3454 1982 3492 rum
2013 3442 2066 3493 et
2088 3440 2396 3495 vitulorum
2426 3438 2681 3506 effusum,
2719 3442 2866 3514 quod
2901 3443 3228 3513 opportebat
3258 3442 3376 3498 ﬁeri
3402 3443 3460 3497 in

1851 3525 2071 3581 introitu
2107 3527 2332 3583 secundi
2364 3528 2733 3595 tabernaculi,
2769 3531 2864 3586 sed
2904 3531 3145 3586 introivit
3179 3547 3282 3603 per
3319 3547 3458 3602 pro-

1846 3616 2041 3686 prium
2075 3619 2412 3688 sanguinem
2433 3615 2664 3672 eﬁusum
2686 3617 2742 3673 in
2763 3619 2986 3674 cceleste
3016 3619 3453 3686 tabernaculum,

1851 3703 2059 3760 scilicet
2086 3705 2141 3759 in
2159 3706 2355 3762 Sancta
2373 3713 2707 3762 sanctorum.
2732 3709 2998 3764 Introivit
3017 3709 3201 3782 utique
3225 3727 3238 3775 ;
3259 3711 3456 3776 semel,

1850 3801 1900 3848 et
1931 3810 2030 3864 per
2050 3795 2376 3867 sanguinem
2397 3796 2567 3852 semel
2597 3795 2848 3853 effusum.
2893 3797 3050 3867 Quod
3081 3798 3228 3854 enim
3285 3798 3455 3854 semel

1850 3881 2074 3938 introire
2089 3892 2142 3938 et
2173 3885 2498 3956 sanguinem
2519 3886 2688 3942 semel
2724 3886 3002 3944 effundere
3033 3887 3181 3956 dicit,
3241 3888 3457 3960 signifi-

1848 3979 1937 4026 cat
1967 3972 2357 4042 perfectionem
2390 3976 2505 4044 ejus
2547 3973 2796 4031 sacrificii
2828 3995 2842 4042 ;
2885 3977 3031 4048 quod
3068 3993 3178 4033 non
3217 3977 3460 4050 Oportuit

1849 4060 2050 4117 iterari.
2066 4061 2226 4131 Quod
2243 4072 2420 4120 autem
2444 4063 2768 4121 sacriﬁcium
2789 4073 2944 4121 vetus
2974 4066 3135 4122 toties
3162 4066 3453 4135 iterabant,

1848 4149 2187 4222 signiﬁcabat
2227 4152 2282 4206 in
2312 4153 2405 4207 illo
2439 4169 2549 4208 non
2578 4170 2700 4208 esse
2727 4171 2830 4211 nec
2862 4155 3042 4213 adhuc
3070 4158 3291 4212 venisse
3321 4174 3456 4229 per-

1848 4237 2157 4295 fectionem.
2186 4241 2430 4296 Introivit
2464 4242 2518 4295 in
2549 4243 2752 4299 Sancta
2779 4246 3017 4302 inventa
3044 4247 3452 4318 redemptione.

1846 4329 1967 4384 Non
1989 4329 2319 4386 determinat
2360 4347 2391 4385 a
2422 4347 2530 4403 quo
2557 4332 2774 4388 inventa
2801 4351 2871 4389 an
2900 4351 2980 4401 se,
3017 4350 3087 4390 an
3117 4337 3188 4390 ab
3236 4335 3365 4402 alio,
3401 4344 3454 4391 et

1845 4426 2129 4491 utrumque
2174 4419 2358 4475 dicere
2415 4437 2729 4492 possumus.
2785 4423 3180 4496 Redemptione
3237 4425 3453 4480 inventa

1844 4522 1876 4562 a
1907 4507 2138 4576 Christo,
2175 4509 2298 4580 quia
2328 4509 2415 4565 hic
2445 4510 2684 4580 pontifex
2714 4512 2769 4566 in
2798 4512 3070 4568 sacriﬁcio
3119 4529 3219 4568 suo
3246 4513 3454 4569 invenit

151 4611 261 4649 non
285 4599 522 4666 possunt
554 4597 742 4665 facere
762 4599 1080 4668 perfectum
1111 4600 1448 4654 servientem
1469 4600 1524 4654 in
1552 4601 1656 4655 his.
1677 4603 1742 4656 Et
1764 4593 1814 4653 D
1843 4597 2271 4667 redemptionem
2331 4599 2611 4654 hominum
2640 4617 2670 4654 a
2715 4601 2955 4671 peccatis
2988 4617 3001 4656 :
3036 4602 3090 4656 in
3123 4618 3231 4674 qua
3259 4602 3452 4658 inven-

149 4683 193 4738 si
220 4682 491 4754 perfectus
535 4692 616 4738 est
663 4685 960 4740 secundum
1005 4687 1398 4757 reputationem
1445 4689 1745 4757 hominum,

151 4788 255 4828 non
275 4780 449 4826 tamen
476 4772 749 4842 perfectus
779 4775 950 4841 iuxta
980 4777 1387 4832 conscientiam
1432 4795 1603 4848 suam,
1625 4779 1748 4851 quia

151 4877 206 4914 se
235 4877 384 4915 reum
416 4862 640 4917 sceleris
673 4862 891 4929 factum,
942 4872 992 4918 et
1035 4881 1142 4919 non
1173 4867 1488 4922 mundatum
1543 4884 1640 4939 per
1677 4869 1748 4924 le-

149 4949 298 5023 galia,
322 4951 654 5006 conscientia
683 4951 1344 5024 sibijugiterinsusurrat.
1402 4956 1516 5012 Nec
1547 4957 1746 5013 mirum

152 5038 193 5092 si
220 5055 320 5094 non
342 5039 664 5110 perfectum,
694 5040 822 5112 quia
844 5041 1174 5098 servientem
1205 5044 1327 5099 dico
1357 5045 1506 5100 illum
1534 5049 1746 5102 solum-

155 5124 297 5180 modo
319 5127 378 5180 in
400 5125 540 5181 cibis
571 5130 629 5179 et
656 5125 719 5179 in
746 5126 970 5196 potibus
1003 5141 1014 5180 :
1049 5127 1177 5198 quia
1207 5129 1428 5200 capiose
1454 5131 1745 5187 manducat

156 5220 201 5267 et
225 5220 385 5284 potat,
421 5217 479 5268 et
510 5213 565 5267 in
597 5215 772 5268 variis
802 5214 1260 5286 baptismalibus,
1292 5217 1345 5271 id
1385 5226 1469 5273 est
1519 5220 1747 5275 ablutio-

155 5300 294 5357 nibus
329 5301 486 5359 factis
542 5303 846 5357 secundum
900 5304 1035 5358 ritus
1081 5305 1380 5377 legalium;
1417 5309 1742 5366 servientem

155 5390 288 5446 etiam
319 5394 380 5447 in
399 5393 676 5464 justitiis,
711 5391 806 5446 sed
837 5395 1049 5455 carnis,
1075 5395 1199 5466 quia
1221 5397 1469 5452 carnales
1490 5407 1614 5453 sunt
1634 5399 1742 5456 illa;

144 5480 369 5550 justitias;
402 5497 610 5552 corpus
641 5479 862 5552 quidem
884 5496 916 5534 a
947 5497 1108 5551 pcena
1138 5483 1279 5556 legis
1310 5485 1621 5553 liberantes,
1643 5489 1741 5546 sed

147 5571 354 5626 animam
375 5572 431 5626 in
466 5567 704 5625 vinculis
714 5569 926 5640 peccati
938 5569 1277 5629 deserentes.
1295 5573 1521 5631 Justitiis
1537 5579 1737 5647 carnis,

152 5661 362 5722 393
389 5660 542 5729 dico,
560 5659 846 5733 impositis
865 5666 920 5714 ut
940 5659 1197 5718 durarent
1217 5679 1388 5738 usque
1414 5665 1486 5722 ad
1517 5670 1742 5740 tempus

1850 4685 1992 4740 tione
2011 4684 2219 4758 legales
2250 4702 2470 4758 semper
2497 4687 2746 4744 defecere
2786 4687 3093 4760 pontiﬁces,
3127 4691 3213 4746 vel
3234 4691 3450 4747 redem-

1847 4775 2031 4846 ptione
2052 4775 2268 4830 inventa
2298 4792 2328 4830 a
2350 4777 2528 4831 nobis.
2562 4779 2677 4833 Nos
2701 4779 2844 4834 enim
2875 4779 2930 4834 in
2960 4779 3176 4836 Christo
3235 4781 3451 4837 redem-

1846 4863 2087 4936 ptionem
2117 4873 2362 4920 nostram
2379 4866 2704 4922 invenimus.
2730 4868 3122 4940 Redemptione
3143 4869 3266 4926 dico
3285 4875 3450 4928 (eter-

1846 4970 1942 5018 na,
1977 4953 2102 5025 quia
2142 4969 2279 5026 quos
2308 4955 2525 5010 redimit
2590 4966 2824 5013 aeternos
2879 4957 3024 5014 facit.
3065 4959 3262 5014 Probat
3291 4960 3450 5017 hoca

1844 5040 2042 5096 minori
2070 5042 2259 5098 dicens
2293 5060 2306 5099 :
2341 5046 2482 5102 Vere
2510 5061 2610 5117 per
2637 5047 2958 5121 sanguinem
2989 5048 3187 5104 Christi
3229 5049 3451 5106 inventa

1845 5139 1924 5184 est
1938 5131 2257 5204 redemptio,
2273 5150 2404 5207 quia
2423 5135 2473 5189 si
2499 5138 2732 5208 sanguis
2750 5138 3039 5194 hircorum
3055 5143 3111 5194 et
3124 5143 3444 5207 taurorum,

1843 5224 1896 5275 et
1922 5219 1967 5274 si
1995 5221 2141 5277 cinis
2172 5223 2371 5278 vitula:
2391 5224 2690 5281 combusta:
2704 5243 2965 5299 aspersus
2983 5244 3150 5300 super
3163 5228 3444 5300 papulum,

1841 5310 2168 5379 sanctiﬁcat
2183 5311 2528 5383 inquinatos,
2554 5314 2608 5367 id
2639 5323 2722 5369 est
2737 5315 2961 5370 mundat
2980 5316 3308 5388 pollutiones
3324 5334 3448 5390 pec-

1843 5404 2086 5452 catorum
2113 5414 2125 5452 :
2151 5398 2466 5456 Sanctiﬁcat
2503 5401 2628 5457 dico
2667 5403 2854 5458 valens
2882 5405 2955 5460 ad
2987 5406 3446 5464 emendationem

1840 5501 1950 5540 non
1979 5485 2164 5558 utique
2221 5489 2437 5555 anima},
2491 5491 2588 5546 sed
2635 5494 2831 5548 carnis
2876 5501 3104 5560 tantum,
3166 5493 3294 5567 quia
3332 5511 3446 5550 car-

1839 5591 1965 5630 nem
1984 5574 2173 5630 liberat
2211 5593 2426 5650 aptans
2447 5579 2606 5653 legis,
2657 5581 2838 5638 anima
2882 5582 3090 5653 polluta
3149 5592 3442 5650 remanet;

1840 5662 1906 5734 si,
1935 5663 2179 5737 inquam,
2210 5666 2438 5740 sanguis
2459 5667 2675 5725 illorum
2716 5669 3028 5726 animalium
3056 5671 3240 5744 aliquo
3276 5671 3443 5730 modo
