3928 6412
461 344 567 400 539

1012 343 1069 400 S.
1108 343 1465 402 BRUNONIS
1501 343 2146 403 GARTHUSIANORUM
2181 344 2668 404 INSTITUTOBIS
2705 345 2866 404 OPP.
2912 344 3091 402 PARS
3126 345 3195 400 II.

3663 346 3766 401 διο

466 466 767 525 sanctiﬁcat
793 472 1005 542 quanto
1033 470 1217 540 magis
1242 471 1476 542 sanguis
1507 469 1717 527 Christi
1736 471 2062 527 emundabit
2081 473 2132 533 Α
2165 477 2512 537 stamentum,
2546 470 2674 543 quia
2703 470 3021 543 ubicunque
3039 470 3107 539 ﬁt
3146 472 3555 526 testamentum
3570 469 3635 524 in
3657 468 3762 523 hu-

471 560 611 613 nos?
639 559 735 629 qui
750 556 993 611 Christus
1022 557 1212 612 obtulit
1240 573 1352 614 non
1400 558 1633 625 hircum,
1674 574 1784 614 non
1830 567 2064 625 taurum,

471 644 569 700 sed
614 647 981 718 semetipsum
1004 646 1113 701 Deo
1144 663 1157 699 :
1183 662 1242 701 se
1275 645 1398 701 dico
1428 648 1883 714 immaculatum,
1925 647 2070 718 quod

472 731 680 787 nullum
726 732 1047 789 sacrificium
1099 733 1274 804 potuit
1319 750 1443 789 esse
1472 735 1529 789 in
1569 735 1711 807 lege.
1743 734 2069 790 immacula-

470 827 585 875 tum
607 820 731 876 dico
758 838 861 894 per
883 823 1163 894 Spiritum
1190 827 1475 889 sanctum,
1498 823 1703 877 unitum
1735 823 1838 878 sibi
1864 824 1920 878 in
1946 831 2070 878 ute-

469 924 533 963 ro
560 909 749 964 matris
777 910 846 964 de
875 925 984 982 quo
1022 918 1317 981 conceptus
1352 920 1454 981 est,
1489 910 1662 966 factus
1688 927 1784 982 per
1813 912 1918 967 hoc
1961 910 2065 966 im-

470 997 649 1052 munis
676 1013 708 1051 a
738 1006 982 1068 peccato.
1004 998 1101 1055 Vel
1114 998 1307 1054 obtulit
1330 1016 1389 1055 se
1411 1015 1508 1070 per
1519 999 1778 1070 Spiritum
1800 1007 2067 1065 sanctum,

472 1085 765 1141 dictantem
794 1086 900 1141 sibi
919 1094 977 1141 ut
1004 1087 1062 1142 in
1089 1087 1237 1143 omni
1266 1088 1521 1159 patientia
1553 1088 1802 1143 obediret
1834 1088 1996 1142 Patri.

546 1172 762 1243 Quanto
792 1176 989 1246 magis,
1018 1176 1256 1248 inquam,
1298 1176 1525 1247 sanguis
1552 1175 1755 1230 Christi
1800 1177 2073 1231 emunda-

472 1262 571 1329 bit,
605 1278 715 1318 non
737 1263 861 1319 dico
890 1280 1131 1329 carnem,
1165 1265 1263 1319 sed
1311 1265 1474 1320 etiam
1520 1266 1931 1321 conscientiam
1979 1282 2072 1319 no-

474 1352 854 1425 stram;quod
884 1368 985 1408 nec
1015 1353 1352 1425 relinquetur
1398 1354 1542 1408 unde
1594 1352 1925 1409 conscientia
1969 1353 2072 1407 sibi

472 1439 747 1495 formidet.
796 1441 1126 1496 Emundabit
1164 1442 1348 1513 utique
1396 1443 1464 1497 ab
1518 1442 1775 1514 aperibus
1805 1444 2068 1508 mortuis,

472 1527 527 1582 id
549 1536 631 1582 est
658 1543 692 1583 a
719 1529 959 1600 peccatis
1006 1539 1236 1585 mortem
1278 1530 1651 1600 operantibus,
1694 1530 1765 1584 ad
1819 1530 2070 1585 servien-

474 1615 602 1670 dum
633 1617 770 1672 Deo.
803 1619 932 1673 Hazc
962 1618 1106 1673 enim
1146 1619 1253 1673 duo
1310 1619 1539 1690 sanguis
1568 1618 1766 1673 Christi
1820 1617 1979 1673 eflicit
2016 1618 2071 1671 in

474 1704 655 1770 nobis,
688 1705 813 1776 quia
859 1713 910 1761 et
939 1707 1168 1761 mundat
1223 1721 1258 1762 a
1310 1707 1568 1777 peccatis,
1626 1715 1678 1761 et
1716 1706 1970 1761 virtutem
2016 1706 2074 1760 li-

2167 560 2341 614 manis
2357 560 2591 632 legibus,
2624 575 2847 615 necesse
2869 564 2953 614 est
2984 567 3041 612 ut
3071 557 3410 625 intercedat,
3429 557 3485 611 id
3515 565 3600 612 est
3629 557 3767 612 inter

2167 648 2580 718 dispositionem
2638 647 2949 703 testamenti
3008 655 3059 702 et
3112 646 3530 717 completionem
3585 645 3770 700 media

2169 737 2347 792 veniat
2376 752 2527 792 mors
2559 738 2866 801 testatoris,
2882 736 2934 789 id
2966 743 3043 789 est
3076 743 3460 789 testamentum
3491 732 3766 788 facientis.

2166 826 2295 880 Ideo
2324 840 2549 880 necesse
2580 833 2665 880 est
2695 832 2920 879 mortem
2947 822 3225 878 testatoris
3249 822 3603 884 intervenire,
3636 823 3771 895 quia

2168 929 2329 968 omne
2360 917 2771 969 testamentum
2784 913 3187 982 conﬁrmatum
3206 915 3292 967 est
3311 912 3373 966 in
3391 910 3636 967 mortuis
3659 917 3770 964 tes-

2170 1001 2450 1067 tatoribus,
2472 1001 2526 1055 id
2556 1010 2638 1055 est
2668 1017 2769 1071 per
2805 1008 3037 1055 mortem
3068 1014 3260 1054 eorum
3290 998 3380 1071 qui
3439 1006 3770 1053 testamenta

2169 1089 2482 1160 disponunt.
2514 1090 2795 1161 Alioquin,
2839 1089 2895 1143 id
2963 1097 3045 1143 est
3080 1087 3237 1143 aliter
3293 1086 3362 1141 sit
3416 1086 3565 1157 quod
3620 1101 3775 1141 mors

2171 1178 2441 1231 testatoris
2470 1193 2580 1232 non
2608 1176 2949 1242 interveniat,
2987 1176 3235 1232 nondum
3266 1177 3415 1230 valet
3445 1174 3777 1245 dispositum

2172 1273 2582 1330 testamentum,
2618 1266 2776 1333 dum,
2806 1265 2861 1319 id
2887 1272 2969 1318 est
3007 1263 3245 1335 quandiu
3278 1264 3411 1318 vivit
3445 1262 3536 1316 ille
3568 1263 3665 1334 qui
3699 1266 3778 1317 te-

2170 1359 2358 1409 status
2390 1358 2494 1409 est.
2530 1354 2585 1407 Si
2617 1353 2761 1408 enim
2792 1360 3014 1407 testator
3042 1360 3274 1407 mortem
3315 1350 3514 1420 evadit,
3574 1350 3777 1404 iterum

2171 1441 2217 1495 si
2245 1442 2420 1511 placet
2450 1449 2829 1496 testamentum
2858 1440 3108 1494 mutabit.
3153 1440 3301 1498 Unde
3331 1438 3455 1510 quia
3481 1453 3644 1493 omne
3684 1445 3773 1492 te--

2172 1538 2496 1585 stamentum
2526 1530 2795 1600 sanguine
2825 1536 2879 1584 et
2906 1537 3077 1583 morte
3107 1527 3477 1583 confirmatur.
3510 1528 3776 1582 Primum

2170 1620 2396 1691 quidem
2418 1622 2826 1674 testamentum
2858 1634 2973 1672 non
2990 1621 3075 1673 est
3092 1616 3434 1682 dedicatum,
3467 1614 3523 1669 id
3534 1621 3617 1669 est
3633 1630 3777 1669 con-

2172 1706 2441 1762 firmatum
2474 1708 2597 1762 sine
2628 1706 2924 1777 sanguine.
2956 1705 3148 1775 Utique
3179 1720 3289 1758 non
3326 1712 3410 1758 est
3464 1703 3779 1758 dedicatum

476 1792 595 1847 beri
627 1793 832 1848 arbitrii
862 1795 1110 1861 restituit,
1148 1799 1214 1851 ut
1230 1796 1347 1850 Deo
1363 1795 1570 1851 servire
1592 1796 1785 1866 possit.
1817 1796 1925 1849 Deo
1950 1795 2073 1850 dico
2100 1831 2151 1891 Β
2173 1795 2289 1850 sine
2311 1795 2614 1866 sanguine:
2643 1796 2782 1851 lecto
2813 1796 2969 1850 enim
2999 1794 3157 1848 omni
3176 1792 3441 1847 mandato
3474 1791 3780 1861 legiszom-

481 1881 695 1935 viventi
714 1881 951 1952 positum
980 1883 1051 1937 ad
1090 1899 1330 1952 causam,
1381 1883 1509 1955 quia
1563 1883 1924 1938 servientibus
1973 1883 2075 1937 sibi

476 1968 644 2023 vitam
675 1977 935 2024 aeternam
958 1971 1126 2025 dabit.
1154 1971 1361 2027 Obtulit
1381 1971 1763 2041 semetipsum:
1788 1976 1844 2026 et
1858 1976 1941 2027 est
1958 1988 2074 2027 me-

480 2056 686 2125 diator,
707 2056 761 2112 id
776 2065 857 2112 est
878 2058 1036 2113 dator
1048 2061 1183 2115 Novi
1211 2061 1580 2115 Testamenti.
1615 2058 2075 2115 394Medius

477 2144 617 2199 inter
646 2145 820 2200 Deum
852 2162 882 2200 a
926 2162 1035 2217 quo
1083 2148 1294 2218 accipit,
1330 2155 1383 2203 et
1421 2148 1697 2203 hominem
1728 2147 1816 2203 cui
1873 2148 2073 2216 tribuit,

479 2231 603 2288 ideo
632 2233 794 2288 dator
822 2234 1152 2290 Testamenti
1180 2235 1338 2301 Novi,
1364 2240 1429 2291 ut
1468 2240 1648 2291 morte
1678 2239 1801 2307 ejus
1834 2238 2075 2291 interce-

478 2321 669 2391 dente,
698 2322 754 2376 id
784 2331 866 2378 est
904 2324 1299 2379 interveniente
1356 2324 1538 2380 media
1582 2326 1724 2379 inter
1768 2325 2077 2395 dispositio-

475 2426 601 2465 nem
631 2419 682 2465 et
704 2412 1122 2483 completionem
1153 2414 1485 2468 testamenti.
1524 2414 1692 2467 Morte
1724 2414 1847 2468 dico
1886 2430 2079 2468 neces-

478 2499 622 2554 saria
651 2501 714 2555 in
738 2502 1142 2573 redemptione,
1179 2518 1289 2558 non
1306 2502 1427 2557 dico
1449 2502 1731 2574 gentilium
1764 2502 1833 2557 de
1884 2503 2078 2573 quibus

476 2596 710 2655 constat,
726 2590 824 2644 sed
840 2590 893 2644 in
911 2591 1285 2662 redemptione
1302 2606 1499 2646 earum
1518 2593 2075 2663 prazvaricationum,

477 2692 599 2747 qua:
629 2682 795 2733 erant
825 2679 925 2734 sub
950 2681 1133 2750 priori
1155 2679 1371 2752 [veleri]
1399 2682 1770 2737 Testamento.
1805 2680 1913 2734 Lex
1934 2679 2076 2733 enim

480 2763 570 2819 illa
598 2766 748 2836 prior
790 2767 1158 2839 praecipiendo
1217 2767 1691 2839 praevaricationes
1740 2768 2004 2836 addebat,
2048 2784 2080 2821 a

478 2854 677 2930 quibus
698 2855 845 2911 nullo
873 2857 1035 2911 modo
1056 2857 1273 2911 solvere
1294 2864 1523 2926 poterat.
1548 2860 1629 2922 Ut,
1650 2857 1892 2927 inquam,
1920 2857 2082 2911 inter-

480 2945 709 3001 cedente
747 2953 917 2999 morte
940 2987 955 3009 ,
996 2946 1288 3017 accipiant
1325 2948 1814 3017 repromissionem
1851 2950 2081 3000 (eterna:

482 3033 851 3098 hereditatis,
883 3033 937 3086 id
968 3042 1051 3087 est
1071 3042 1336 3088 aeternam
1358 3034 1729 3087 hzereditatem
1766 3032 2082 3104 frequenter

481 3120 586 3174 sibi
635 3121 1003 3191 promissam:
1061 3120 1350 3190 accipiant,
1411 3136 1518 3175 non
1569 3136 1780 3190 omnes,
1830 3122 1928 3175 sed
1983 3123 2079 3193 qui

2173 1883 2228 1937 ni
2258 1884 2381 1938 ideo
2434 1883 2562 1953 quia
2605 1882 2649 1936 si
2694 1882 2939 1954 quedam
2986 1881 3300 1949 dimitteret,
3351 1879 3629 1935 videretur
3685 1877 3780 1933 di-

2173 1972 2341 2026 missa
2371 1972 2681 2041 reprobare,
2716 1979 2769 2024 et
2798 1968 3169 2025 tantummodo
3219 1968 3362 2023 lecta
3414 1965 3775 2023 confirmare.

2174 2060 2358 2125 Lecto,
2390 2060 2632 2130 inquam,
2667 2058 2817 2113 omni
2844 2058 3103 2113 mandato
3131 2074 3166 2112 a
3196 2058 3389 2128 Moyse,
3427 2044 3572 2110 idem
3629 2056 3779 2110 enim

2176 2151 2391 2220 Moyses
2421 2148 2572 2218 legit,
2592 2148 2850 2203 universo
2869 2146 3070 2217 populo
3088 2145 3359 2200 audiente.
3387 2145 3538 2200 Tunc
3557 2145 3779 2215 Moyses

2176 2246 2467 2309 postquam
2491 2237 2713 2308 legerat,
2732 2237 3021 2306 accipiens
3040 2236 3378 2305 sanguinem
3391 2233 3702 2288 vitulorum
3724 2237 3781 2288 et

2179 2327 2463 2382 hircorum
2491 2341 2622 2381 cum
2651 2342 2795 2395 aqua
2813 2323 3066 2377 mistum:
3091 2330 3313 2393 accepta
3334 2322 3492 2376 etiam
3514 2323 3783 2377 coccinea

2181 2416 2314 2468 lana
2349 2418 2403 2469 et
2452 2414 2679 2483 hyssopo
2728 2412 2797 2465 de
2846 2411 3040 2482 quibus
3091 2408 3151 2464 fit
3191 2408 3558 2480 aspersorium
3588 2411 3781 2480 ipsum

2180 2502 2343 2555 etiam
2367 2501 2595 2566 librum,
2615 2508 2670 2555 et
2691 2516 2911 2555 omnem
2929 2500 3201 2571 populum
3220 2499 3461 2569 aspersit
3483 2496 3781 2569 sanguine,

2180 2590 2373 2644 dicens
2390 2589 2493 2642 ita:
2517 2590 2609 2643 Hic
2640 2589 2873 2659 sanguis
2904 2588 2973 2641 de
2992 2602 3097 2658 quo
3125 2602 3223 2641 vos
3246 2602 3481 2656 aspergo
3502 2593 3586 2639 est
3608 2589 3781 2641 testa~

2179 2677 2457 2742 menti,id
2488 2685 2568 2731 est
2600 2677 2669 2730 ad
2712 2675 3147 2732 confirmandum
3194 2681 3575 2729 testamentum
3632 2674 3783 2746 quod

2182 2768 2325 2822 Deus
2356 2765 2646 2821 mandavit
2666 2765 2737 2819 ad
2758 2782 2868 2819 vos.
2896 2764 3044 2819 Sicut
3065 2762 3282 2828 librum,
3317 2762 3397 2818 sic
3414 2762 3573 2818 etiam
3594 2763 3786 2819 taber-

2182 2856 2455 2910 naculum
2477 2858 2532 2908 εἰ
2554 2854 2744 2907 omnia
2776 2870 2907 2907 vasa
2928 2853 3243 2907 ministerii
3271 2850 3521 2906 similiter
3534 2853 3785 2922 aspersit

2183 2944 2251 2997 de
2273 2944 2465 2997 eodem
2496 2944 2796 3011 sanguine.
2830 2943 2899 2997 Et
2928 2942 3121 2995 omnia
3145 2956 3311 3012 pene,
3344 2940 3417 2993 ait
3435 2939 3652 3006 Paulus,
3685 2957 3784 2995 se-

2183 3032 2433 3086 cundum
2462 3038 2704 3084 veterem
2738 3032 2915 3099 legem
2963 3029 3321 3083 mundantur
3358 3029 3419 3083 in
3450 3030 3734 3099 sanguine
3768 3046 3784 3083 :

2184 3120 2251 3173 Et
2267 3118 2524 3189 quidquid
2546 3118 2614 3171 de
2636 3118 2755 3171 aliis
2769 3118 2836 3170 sit
2848 3116 3099 3171 remissio
3108 3118 3329 3189 peccati
3341 3132 3457 3171 non
3472 3117 3548 3170 sit
3561 3115 3617 3169 in
3639 3124 3787 3172 vete-

485 3212 669 3266 vocati
696 3213 832 3264 sunt
861 3225 892 3263 a
921 3210 1056 3278 Deo,
1077 3208 1317 3264 electiab
1345 3217 1575 3264 aeterno.
1606 3211 1896 3281 Postquam
1924 3184 2079 3264 Cliri-
2100 3184 2147 3244 Ο
2178 3208 2220 3261 ri
2243 3208 2364 3276 lege
2394 3208 2516 3261 sine
2538 3206 2806 3276 effusione
2829 3205 3147 3274 sanguinis,
3170 3204 3224 3258 id
3246 3212 3328 3258 est
3357 3204 3561 3258 nullum
3591 3220 3784 3275 pecca-

484 3306 600 3353 stus
630 3298 844 3352 Novum
873 3299 1278 3352 Testamentum
1317 3298 1601 3368 disposuit,
1652 3314 1752 3368 pro
1796 3297 2082 3353 confirma-

486 3387 634 3442 tione
662 3386 780 3455 ejus
810 3386 1120 3441 testamenti
1149 3402 1376 3441 necesse
1421 3387 1519 3440 fuit
1574 3402 1699 3440 eum
1749 3388 1890 3440 mori
1922 3402 1935 3439 :
1970 3395 2081 3440 tum

486 3470 611 3541 quia
641 3469 688 3524 si
715 3478 903 3539 captus
933 3485 961 3523 a
990 3469 1191 3524 Judaeis
1222 3478 1446 3541 negaret
1475 3469 1621 3540 quod
1651 3477 1811 3524 antea
1848 3470 2078 3536 dixerat,

483 3566 536 3613 et
582 3574 683 3630 pro
725 3558 1028 3613 assertione
1085 3573 1274 3612 eorum
1313 3557 1588 3630 refugeret
1642 3558 1782 3628 pati,
1832 3566 2082 3629 putarent

483 3646 735 3718 discipuli
764 3647 1036 3702 Christum
1081 3662 1188 3701 non
1234 3646 1570 3702 intellexisse
1614 3662 1743 3701 vera
1782 3662 1904 3701 esse
1961 3663 2083 3716 qua:

479 3736 757 3801 docuerat,
790 3735 919 3789 dum
948 3751 1015 3790 ea
1045 3735 1239 3790 timore
1276 3736 1466 3789 mortis
1521 3742 1767 3807 negaret.
1822 3736 2084 3789 Prmterea

485 3824 623 3878 mori
653 3823 889 3893 oportuit
916 3831 990 3888 ut,
1024 3838 1057 3877 a
1084 3832 1257 3878 morte
1288 3839 1583 3894 resurgens
1627 3840 1747 3894 qua:
1778 3840 1837 3878 se
1884 3824 2085 3893 prtedi-

486 3919 642 3966 xerat
671 3911 1012 3981 impleturum
1043 3920 1464 3977 consummaret,
1526 3911 1732 3967 scilicet
1767 3912 2085 3982 redemptio-

489 4014 617 4054 nem
644 3999 833 4053 Israel.
870 3998 1045 4054 Vitula
1073 3999 1140 4054 de
1174 4014 1282 4071 qua
1327 3999 1594 4069 superius,
1654 4000 1904 4067 diximus,
1965 3999 2086 4055 rufa

489 4094 620 4154 erat,
653 4095 841 4158 typum
870 4104 1070 4159 gerens
1116 4086 1399 4159 sanguinis
1429 4088 1643 4154 Christi,
1706 4097 1759 4143 et
1787 4097 1898 4143 tota
1937 4104 2085 4144 com-

488 4176 780 4231 burebatur
808 4175 861 4230 in
884 4176 1120 4231 cinerem
1153 4178 1391 4242 redacta,
1433 4185 1490 4230 ut
1516 4185 1660 4232 esset
1707 4178 2085 4233 holocaustum

488 4264 719 4321 Domino
749 4283 762 4320 :
796 4266 949 4335 cujus
979 4264 1115 4320 cinis
1142 4266 1533 4337 aspergebatur
1566 4282 1707 4338 aqua
1740 4284 1753 4321 :
1797 4267 1872 4321 ita
1928 4265 2087 4320 Chri-

490 4362 605 4409 stus
634 4353 816 4409 multis
853 4353 1286 4409 tribulationibus
1340 4355 1573 4422 attritus,
1634 4363 1687 4410 et
1740 4362 1916 4410 morte
1972 4362 2089 4409 tan-

493 4442 617 4498 dem
635 4443 789 4515 quasi
817 4442 872 4496 in
903 4443 1142 4498 cinerem
1173 4443 1418 4500 redactus
1446 4443 1560 4498 fuit.
1595 4443 1743 4499 Cinis
1775 4451 1955 4499 autem
2002 4443 2088 4499 vi-

2179 3303 2289 3349 tum
2314 3295 2702 3360 remittebatur,
2748 3292 2854 3347 nisi
2901 3293 3180 3364 quodlibet
3236 3291 3433 3346 animal
3464 3292 3519 3346 in
3566 3294 3788 3349 sacriﬁ-

2180 3385 2319 3440 cium
2351 3383 2707 3438 occideretur.
2740 3381 2996 3438 Similiter
3015 3381 3280 3449 Christus,
3314 3382 3404 3452 qui
3433 3398 3533 3451 per
3552 3384 3784 3453 Moysen

2182 3470 2519 3542 significatur
2546 3472 2686 3526 lecto
2715 3469 2862 3525 omni
2917 3469 3174 3523 mandato
3204 3485 3358 3524 novae
3384 3469 3526 3542 legis
3558 3487 3672 3525 suae
3734 3472 3790 3526 in

2181 3576 2355 3625 omna,
2386 3560 2641 3613 universo
2672 3558 2871 3630 populo
2892 3557 3283 3628 discipulorum
3305 3558 3559 3614 audiente
3591 3576 3605 3612 :
3632 3568 3792 3631 post-

2183 3665 2349 3720 quam
2406 3647 2591 3702 omnia
2647 3647 2800 3719 legit,
2872 3647 3031 3700 Jesus
3106 3645 3381 3716 accipiens
3456 3647 3785 3718 sanguinem

2183 3737 2474 3793 vitulorum
2532 3743 2585 3789 et
2650 3735 2940 3800 hircorum,
2992 3734 3047 3787 id
3098 3743 3177 3787 est
3233 3733 3512 3805 proprium
3560 3736 3784 3809 sangui-

2184 3842 2329 3889 nem,
2364 3824 2455 3895 qui
2487 3824 2739 3879 Chriaus
2767 3822 2965 3895 dicitur
3012 3822 3210 3875 vitulus
3264 3831 3488 3893 propter
3528 3823 3788 3880 virtutem

2190 3912 2425 3971 395
2461 3912 2641 3968 crucis
2688 3929 2701 3965 :
2743 3912 2897 3980 cujus
2927 3910 3185 3965 cornibus
3240 3910 3436 3981 impios
3483 3911 3787 3968 ventilavit.

2186 4002 2289 4070 Qui
2311 4002 2469 4056 etiam
2492 4000 2735 4055 Christus
2764 4000 2941 4054 dictus
2954 4007 3035 4053 est
3056 3998 3258 4063 hircus,
3283 4007 3504 4070 prepter
3529 3999 3785 4056 similitu-

2185 4090 2369 4144 dinem
2398 4088 2580 4144 carnis
2610 4087 2837 4159 peccati,
2872 4095 2924 4141 et
2954 4087 3080 4158 quia
3103 4086 3278 4141 hostia
3304 4102 3404 4157 pro
3419 4096 3643 4157 peccato
3665 4088 3789 4154 fuit,

2186 4178 2314 4232 dum
2343 4185 2568 4248 peccata
2598 4184 2784 4232 nostra
2838 4191 3008 4247 super
3056 4175 3264 4246 lignum
3318 4175 3580 4246 portavit.
3627 4177 3791 4233 Acci-

2186 4267 2361 4339 piens,
2395 4266 2636 4337 inquam,
2669 4264 2913 4319 Christus
2943 4264 3264 4334 sanguinem
3289 4280 3445 4318 suum
3474 4280 3599 4319 cum
3644 4281 3790 4338 aqua

2189 4371 2473 4425 egressum
2501 4354 2570 4409 de
2608 4354 2777 4408 latere
2806 4368 2906 4407 suo
2944 4351 3000 4406 in
3055 4368 3251 4408 cruce:
3283 4368 3381 4423 per
3424 4368 3624 4424 aquam
3668 4371 3791 4409 san-

2190 4443 2433 4499 ctificans
2467 4442 2757 4513 baptisma,
2788 4442 2966 4513 pretio
2996 4440 3275 4512 sanguinis
3314 4440 3591 4497 redimens
3628 4458 3735 4499 nos
3757 4459 3791 4498 a

491 4531 634 4598 tulte,
676 4531 768 4602 qui
838 4548 1002 4602 super
1055 4531 1303 4586 homines
1359 4533 1762 4603 projiciebatur,
1823 4531 2163 4604 significatD
2191 4532 2430 4602 peccatis
2466 4546 2478 4585 :
2512 4530 2789 4602 accipiens
2818 4530 2967 4585 illum
3016 4546 3139 4585 cum
3182 4527 3303 4585 lana
3355 4530 3660 4585 coccinea:
3696 4532 3791 4604 qui

491 4620 807 4675 memoriam
838 4620 1175 4676 contritionis
1204 4620 1423 4688 Christi,
1448 4639 1569 4693 quae
1591 4637 1810 4692 semper
1831 4621 2089 4694 ingeren-

494 4704 560 4759 da
590 4714 672 4759 est
702 4705 1031 4760 hominibus.
1068 4705 1175 4770 Sic,
1200 4704 1386 4771 frater,
1421 4714 1538 4760 esto
1569 4722 1777 4761 memor
1816 4706 2089 4761 Christum

493 4809 594 4864 pro
625 4801 676 4848 te
695 4809 917 4864 passum
948 4802 998 4848 et
1038 4794 1348 4862 contritum,
1382 4802 1433 4849 et
1474 4794 1754 4864 peccando
1804 4794 1916 4849 noli
1965 4810 2088 4848 eum

492 4897 821 4954 provocare.
863 4878 920 4937 Si
950 4889 1130 4937 autem
1173 4882 1310 4937 cinis
1355 4881 1535 4937 vitula:
1590 4881 1921 4936 emundabat
1977 4897 2094 4937 car-

495 4986 642 5035 nem,
672 4968 837 5043 longe
867 4970 1084 5042 dignius
1132 4969 1267 5026 cinis
1311 4970 1509 5025 Christi
1551 4970 1806 5024 emundat
1831 4970 2085 5026 animam.

562 5058 711 5112 Dixit
764 5060 1033 5130 superius,
1100 5058 1370 5114 Christum
1426 5058 1671 5112 datorem
1716 5058 1857 5113 Novi
1913 5060 2094 5113 Testa-

496 5147 664 5202 menti
693 5155 867 5202 morte
887 5147 1258 5203 intercedente
1293 5164 1305 5202 :
1339 5163 1481 5202 nunc
1514 5154 1695 5201 autem
1739 5146 1885 5217 quod
1935 5164 2095 5219 opor-

496 5236 654 5292 tuerit
682 5252 805 5292 eum
838 5237 977 5292 mori
1001 5252 1102 5307 pro
1132 5233 1539 5292 confirmatione
1576 5234 1717 5290 Novi
1737 5236 2089 5303 Testamenti,

494 5325 756 5396 approbat
783 5324 1176 5381 consuetudine
1207 5325 1457 5378 humana:
1486 5322 1645 5396 legis.
1677 5323 1845 5393 Quasi
1885 5324 2093 5381 diceret

494 5413 689 5486 aliquis
725 5432 737 5467 :
772 5413 913 5481 Quid
937 5428 1073 5484 Opus
1119 5412 1222 5466 fuit
1263 5420 1317 5465 ut
1346 5412 1415 5466 ad
1446 5410 1917 5467 confirmationem
1969 5415 2095 5469 Tes-

493 5502 716 5557 tamenti
746 5501 885 5556 Novi
942 5516 1091 5555 mors
1144 5500 1344 5554 Christi
1396 5500 1802 5557 intercederet?
1842 5501 2095 5574 Oportuit

496 5589 701 5667 utique,
729 5589 803 5643 ait
832 5588 1049 5656 Paulus,
1080 5595 1137 5645 ut
1179 5596 1351 5646 morte
1380 5589 1746 5648 intercedente
1791 5591 1948 5650 daret
1993 5593 2095 5648 Te-

2191 4621 2345 4675 color
2373 4621 2567 4691 igneus
2596 4627 2677 4673 est
2707 4627 2759 4673 et
2787 4635 2910 4675 cum
2938 4620 3199 4690 hyssopo.
3244 4618 3393 4673 Lana
3421 4618 3564 4673 enim
3614 4620 3788 4691 signi-

2191 4708 2652 4764 ficatcharitatem
2682 4707 2898 4774 Christi,
2942 4708 3091 4778 quod
3131 4707 3390 4763 coccinea
3435 4706 3533 4762 fuit
3590 4707 3787 4764 similis

2190 4797 2304 4870 igni
2333 4797 2604 4853 fervorem
2649 4796 2954 4852 dilectionis
3011 4796 3210 4851 Christi
3242 4813 3256 4849 :
3288 4796 3557 4867 hyssopus
3605 4806 3790 4852 autem

2191 4886 2285 4957 qui
2313 4885 2454 4941 valet
2481 4886 2556 4940 ad
2603 4884 2987 4956 depellendum
3019 4892 3289 4939 tumorem
3330 4883 3623 4954 pulmonis,
3681 4887 3789 4941 hu-

2191 4974 2469 5028 militatem
2517 4973 2731 5039 Christi,
2785 4973 2875 5045 qui
2932 4989 3033 5043 per
3080 4972 3348 5027 fervorem
3406 4972 3713 5028 dilectionis
3741 4983 3792 5030 et

2189 5062 2551 5117 humilitatem
2604 5078 2707 5133 pro
2772 5061 3147 5131 redemptione
3220 5068 3407 5116 nostra
3460 5062 3790 5134 sanguinem

2193 5166 2353 5205 suum
2380 5149 2588 5205 effudit.
2622 5151 2808 5220 Ipsum
2855 5150 3019 5204 etiam
3066 5148 3284 5215 librum,
3319 5148 3374 5203 id
3405 5157 3488 5205 est
3528 5149 3791 5222 Evange-

2192 5239 2320 5293 lium
2379 5254 2536 5293 suum
2575 5239 2718 5310 quod
2774 5238 3147 5293 intercedente
3203 5245 3381 5292 morte
3426 5236 3787 5307 confirmavit,

2194 5335 2247 5383 et
2275 5342 2494 5383 omnem
2521 5327 2782 5398 populum
2815 5326 3056 5381 fidelium
3096 5325 3350 5396 aspersit,
3381 5326 3436 5381 id
3467 5333 3549 5381 est
3596 5329 3793 5384 sancti-

2192 5414 2375 5471 ﬁcavit
2403 5415 2672 5488 sanguine
2712 5431 2812 5469 suo
2860 5415 3049 5471 dicens
3094 5432 3107 5468 :
3140 5414 3239 5468 llic
3269 5422 3351 5467 est
3382 5415 3606 5487 sanguis
3652 5416 3793 5472 Novi

2193 5505 2526 5558 Testamenti
2572 5503 2899 5574 affirmator,
2967 5503 3114 5575 quod
3182 5502 3585 5558 Testamentum
3646 5505 3794 5561 Deus

2194 5592 2472 5649 mandavit
2499 5592 2568 5647 ad
2599 5609 2716 5648 vos.
2765 5592 2863 5649 Hic
2892 5592 3107 5665 Moyses
3141 5590 3373 5658 multum
3400 5591 3632 5649 fideliter
3659 5611 3793 5667 pro-
