3928 6416
189 377 280 434 541

852 368 1232 428 EXPOSITIO
1272 369 1347 426 IN
1382 367 1764 427 EPISTOLAS
1803 369 2034 425 PAULI.
2073 398 2143 410 —
2172 368 2248 424 IN
2283 369 2499 426 EPIST.
2541 369 2636 425 AD
2674 367 2832 424 HEB.

3393 369 3499 424 δη

200 497 358 564 bavit,
389 495 594 553 dicens
623 494 815 552 eadem
867 494 1034 550 verba
1065 511 1186 566 quas
1217 493 1487 562 Christus,
1522 510 1646 550 cum
1674 499 1798 565 post
1827 495 1880 556 Α
1901 493 2059 548 etiam
2103 509 2215 550 non
2265 494 2428 549 debet
2475 493 2644 549 altera
2689 493 2810 550 vice
2856 491 2993 548 mori
3018 508 3030 547 :
3057 491 3185 564 quia
3205 491 3388 548 caeteri
3413 492 3505 548 ho-

201 602 399 642 coenam
432 585 666 641 calicem
712 584 795 639 sui
835 583 1119 654 sanguinis
1166 583 1388 638 tradidit
1424 583 1613 638 dicens
1650 600 1663 636 :
1695 582 1796 637 Hic

201 675 330 731 calix
355 673 495 729 Novi
526 672 860 728 Testamenti
888 679 972 727 est
1002 671 1056 726 in
1077 687 1201 728 meo
1231 671 1521 744 sanguine.
1547 670 1797 742 Aspersit

201 765 408 828 librum,
465 762 705 834 aspersit
751 760 913 816 etiam
943 760 1354 816 tabernaculum
1385 759 1634 814 similiter
1663 775 1794 813 san-

202 851 377 925 guine.
402 851 614 905 Eadem
643 849 907 920 allegoria
939 849 1204 919 accipitur
1232 865 1334 919 per
1362 848 1792 914 tabernaculum,

204 940 401 996 scilicet
429 939 742 995 Ecclesiam
763 937 963 992 Christi
993 936 1260 1010 sanguine
1290 937 1409 1005 ejus
1439 936 1794 1007 redemptam,

205 1044 317 1100 quae
399 1043 567 1098 supra
629 1042 730 1098 per
785 1041 1003 1081 omnem
1081 1025 1345 1097 populum
1412 1025 1794 1096 accipiebatur.

205 1115 438 1187 Aspersit
487 1115 653 1171 etiam
700 1115 883 1170 omnia
921 1130 1056 1171 vasa
1103 1115 1431 1184 ministerii,
1483 1114 1607 1186 quia
1637 1114 1796 1170 Chri-

205 1214 310 1260 stus
336 1205 594 1260 doctores
619 1203 883 1260 Ecclesiae
929 1203 986 1258 in
1028 1203 1224 1275 quibus
1256 1203 1604 1259 continentur
1631 1203 1797 1257 mini-

205 1293 359 1349 steria
390 1309 512 1359 sua,
546 1301 600 1348 et
646 1292 910 1364 sanguine
944 1292 1204 1357 redemit,
1241 1301 1294 1348 et
1322 1293 1618 1364 redemptis
1643 1293 1800 1362 spiri-

202 1391 309 1437 tum
339 1381 622 1453 sapientiaa
668 1389 721 1436 et
775 1381 1013 1437 scientiae
1041 1381 1246 1448 tribuit,
1277 1388 1330 1436 et
1365 1381 1543 1436 omnia
1595 1396 1794 1437 secun-

199 1471 322 1525 dum
367 1471 551 1542 legem
612 1469 811 1524 Christi
842 1469 1172 1524 mundantur
1217 1469 1273 1523 in
1335 1469 1601 1540 sanguine
1658 1470 1793 1537 ejus.

203 1559 330 1613 [llud
359 1574 502 1629 pene
531 1557 665 1612 nihil
692 1559 855 1612 habet
878 1558 932 1612 in
955 1557 1241 1629 allegoria.
1277 1559 1343 1612 Et
1371 1557 1488 1612 sine
1536 1556 1798 1612 effusione

201 1646 486 1720 sanguinis
515 1646 718 1701 Christi
747 1662 857 1701 non
889 1645 945 1701 fit
975 1646 1227 1702 remissio
1256 1647 1542 1715 cujuslibet
1562 1646 1793 1717 peccati.

199 1737 262 1791 Et
291 1737 414 1808 quia
445 1736 631 1791 omnia
663 1744 874 1805 oportet
902 1736 1151 1790 mundari
1181 1736 1235 1790 in
1267 1735 1555 1808 sanguine,
1589 1743 1641 1790 et
1681 1735 1798 1790 sine

199 1824 458 1881 effusione
492 1824 776 1894 sanguinis
804 1824 953 1878 nulla
990 1823 1048 1878 fit
1076 1824 1349 1880 remissio.

268 1915 406 1986 Ergo
429 1929 660 1969 necesse
693 1917 776 1968 est
810 1914 1166 1984 exemplaria
1209 1913 1432 1986 quidem
1462 1914 1795 1979 caelestium,

198 2001 250 2057 id
281 2009 360 2058 est
389 2001 596 2073 legalia
627 2017 750 2073 quae
778 2007 900 2056 sunt
933 2001 1110 2074 figura
1139 2001 1479 2072 spiritalium,
1529 2002 1801 2057 mandari

197 2091 279 2145 his
308 2106 480 2162 supra
508 2089 689 2159 dictis,
724 2089 926 2145 scilicet
955 2089 1246 2145 vitulorum
1276 2099 1328 2145 et
1357 2090 1651 2146 hircorum.
1690 2092 1800 2144 Ex-

198 2179 461 2250 emplaria
490 2195 741 2234 verorum
772 2194 1000 2234 necesse
1030 2177 1127 2233 fuit
1156 2179 1404 2233 mundari
1453 2180 1540 2234 his
1576 2180 1794 2245 hostiis,

200 2271 290 2324 sed
310 2272 432 2340 ipsa
453 2269 732 2333 caelestia,
757 2267 910 2336 cujus
927 2268 1044 2323 haec
1065 2275 1218 2323 erant
1233 2267 1404 2338 ﬁgura
1434 2283 1662 2323 necesse
1702 2267 1800 2323 fuit

199 2357 439 2413 mundari
483 2357 808 2414 melioribus
858 2355 1058 2414 hostiis
1118 2359 1281 2428 quam
1329 2357 1444 2412 istis
1503 2357 1793 2427 praEdictis,

198 2447 347 2502 hirco
379 2453 433 2501 et
466 2445 658 2500 vitulo.
691 2447 756 2499 Et
786 2461 912 2500 vere
936 2445 1130 2500 melior
1159 2445 1334 2500 hostia
1366 2444 1466 2500 fuit
1497 2461 1604 2516 qua
1632 2462 1796 2500 mun-

201 2536 318 2590 data
368 2542 491 2590 sunt
543 2534 793 2590 caelestia
825 2549 838 2588 :
873 2549 996 2588 nam
1020 2536 1200 2601 Jesus,
1247 2543 1301 2590 et
1347 2551 1476 2589 vere
1521 2535 1625 2589 ista
1672 2543 1798 2589 sunt

201 2624 455 2690 coalestia,
509 2639 641 2678 nam
687 2639 796 2677 non
835 2639 998 2678 manu
1045 2623 1204 2691 facta,
1239 2631 1342 2679 etc.
1376 2622 1534 2691 Quod
1571 2623 1646 2678 ita
1673 2624 1746 2678 ait
1777 2639 1792 2677 :

200 2715 350 2768 Iesus
369 2713 606 2768 introiit
626 2727 741 2767 non
761 2727 987 2766 manens
1020 2713 1084 2767 in
1113 2713 1331 2767 sanctis
1370 2730 1550 2768 manu
1598 2714 1790 2783 factis,

202 2819 316 2874 qua:
356 2817 528 2856 manu
580 2799 724 2856 facta
769 2809 962 2856 sancta
1010 2800 1231 2872 quidem
1261 2800 1409 2856 fuere
1440 2803 1794 2873 exemplaria

200 2907 450 2947 verorum
477 2934 490 2956 ,
548 2889 645 2943 sed
677 2889 879 2944 introiit
902 2891 962 2944 in
994 2891 1181 2961 ipsum
1209 2891 1432 2946 cretum.
1466 2891 1549 2944 Ad
1579 2891 1685 2946 hoc
1715 2890 1796 2944 in-

202 2980 358 3046 troiit,
379 2985 443 3036 ut
477 2995 638 3034 nunc
669 2987 958 3050 postquam
987 2987 1266 3033 ostensum
1299 2987 1399 3047 est,
1434 2979 1639 3034 inutilia
1669 2996 1795 3035 esse

201 3085 354 3123 manu
378 3068 526 3124 facta
549 3075 738 3123 sancta
757 3072 1029 3140 appareat
1047 3069 1253 3134 vultui,
1276 3067 1331 3122 id
1353 3075 1434 3123 est
1454 3069 1794 3139 beneplacito

200 3158 292 3212 Dei
307 3174 407 3230 pro
429 3158 591 3214 nobis
612 3156 666 3210 in
689 3156 905 3224 cmlum,
933 3173 1116 3212 secum
1134 3156 1567 3213 introducendis.
1587 3157 1795 3212 Introiit

202 3247 406 3318 quidem
437 3247 492 3300 in
524 3245 724 3301 coelum
748 3288 760 3312 ,
805 3245 902 3300 sed
935 3262 1111 3317 neque
1143 3246 1218 3299 ita
1265 3246 1494 3312 introiit,
1548 3254 1603 3301 ut
1652 3263 1796 3318 saepe

201 3334 319 3390 inde
347 3342 636 3391 revertens
666 3335 865 3389 iterum
897 3332 1086 3389 offerat
1116 3335 1468 3405 semetipsum
1501 3335 1658 3406 quasi
1687 3352 1798 3390 non

202 3425 467 3491 omnibus,
501 3432 556 3479 et
587 3422 736 3478 omni
767 3432 1008 3494 tempore
1037 3423 1266 3479 sufficiat
1289 3423 1616 3480 sacrificium
1639 3442 1797 3480 suum

203 3508 362 3563 semel
392 3508 658 3562 ablatum.
693 3508 812 3563 Non
843 3511 908 3562 ut
930 3524 1075 3580 saepe
1105 3509 1307 3580 offerat
1330 3508 1795 3581 quemadmodum

201 3600 455 3668 pontifex
477 3595 679 3668 legalis
701 3612 799 3666 per
817 3595 1064 3668 singulos
1087 3612 1259 3652 annos
1280 3597 1410 3668 quia
1436 3595 1542 3652 nOn
1576 3597 1792 3666 sufficit,

204 3685 518 3741 sacrificium
544 3701 700 3739 suum
721 3685 923 3739 iterans
940 3686 1124 3740 intrat
1140 3687 1201 3740 in
1223 3687 1433 3741 Sancta
1454 3694 1792 3742 sanctorum:

202 3790 303 3828 non
332 3775 386 3828 in
414 3791 514 3829 suo
549 3774 688 3829 sicut
717 3774 963 3828 Christus
987 3819 999 3840 ,
1052 3775 1149 3829 sed
1180 3777 1245 3830 in
1271 3777 1460 3830 alieno
1493 3778 1791 3847 sanguine.

205 3861 399 3930 Quare,
432 3863 564 3936 quia
594 3862 804 3918 alienus
835 3863 1058 3935 sanguis
1087 3871 1198 3932 est,
1228 3863 1519 3932 justificare
1548 3880 1658 3919 non
1691 3882 1789 3936 po-

202 3958 316 4006 test.
349 3954 407 4006 In
438 3955 549 4007 hoc
580 3959 632 4007 et
663 3950 985 4008 sacrificium
1017 3969 1176 4007 suum
1203 3951 1500 4022 sufﬁciens,
1536 3963 1588 4008 et
1615 3954 1794 4026 legale

204 4038 534 4096 insufficiens
567 4041 822 4094 ostendit.

264 4130 528 4200 Alioquin
547 4170 560 4196 ,
616 4128 672 4182 id
702 4136 785 4182 est
813 4129 858 4183 si
890 4129 1046 4184 aliter
1073 4129 1156 4184 vis
1182 4129 1398 4195 dicere,
1453 4138 1506 4185 ut
1545 4132 1793 4188 Christus

204 4231 336 4288 saepe
365 4219 563 4273 debeat
595 4234 656 4272 se
683 4217 896 4282 offerre,
922 4226 1049 4274 tunc
1076 4219 1269 4289 procul
1297 4219 1465 4274 dubio
1495 4221 1564 4291 (si
1595 4221 1664 4276 ita
1689 4224 1793 4292 est)

203 4309 478 4377 oportebat
498 4324 632 4363 eum
652 4310 981 4378 frequenter
996 4310 1138 4379 pati,
1165 4307 1475 4379 incipiendo
1496 4311 1562 4365 ab
1579 4312 1794 4382 origine

207 4396 416 4451 mundi.
439 4397 495 4452 Si
529 4395 676 4450 enim
698 4395 806 4449 illis
837 4403 1040 4450 tantum
1073 4397 1165 4468 qui
1193 4397 1248 4452 in
1270 4406 1516 4468 tempore
1547 4415 1647 4454 suo
1678 4399 1794 4455 fue-

206 4492 333 4549 runt,
368 4485 550 4555 passio
583 4485 700 4553 ejus
728 4484 947 4554 profuit,
983 4493 1035 4540 et
1061 4486 1292 4558 singulis
1323 4487 1515 4541 futuris
1546 4489 1792 4544 aetatibus

1899 583 2075 638 mines
2102 583 2271 638 semel
2300 590 2504 637 tantum
2554 582 2876 638 moriuntur.
2930 585 3000 639 Et
3030 581 3502 655 quemadmodum

1896 676 2184 727 statutum
2203 677 2288 728 est
2309 673 2629 728 hominibus
2649 674 2797 727 mori
2817 673 2989 728 semel
3003 691 3020 738 ;
3031 675 3162 742 post
3183 672 3283 727 hoc
3305 675 3502 727 autem

1897 761 2043 831 quod
2079 761 2272 816 mortui
2304 768 2449 824 sunt,
2502 767 2670 816 restat
2711 760 2780 814 de
2829 759 2936 814 illis
2968 759 3276 830 judicium.
3307 759 3397 815 Sic
3423 763 3503 818 .et

1904 848 2160 904 Christus
2188 851 2362 904 semel
2392 848 2611 920 quidem
2641 849 2864 905 oblatus
2903 851 3009 904 Deo
3039 864 3140 918 per
3170 855 3396 902 mortem
3426 848 3500 903 ad

1897 939 2370 1004 exhauriendam,
2391 938 2445 992 id
2467 945 2549 992 est
2569 937 2888 993 evacuanda
2907 939 3142 1009 peccata
3157 937 3493 991 multorum.

1900 1027 1959 1079 In
1990 1026 2093 1081 hoc
2121 1027 2340 1098 quidem
2386 1027 2530 1098 quod
2579 1025 2748 1081 semel
2795 1033 3041 1080 mortuus
3081 1033 3164 1079 est
3193 1023 3385 1078 similis
3416 1031 3501 1078 est

1898 1114 2104 1169 homini
2139 1132 2152 1169 :
2186 1116 2284 1170 sed
2316 1116 2371 1170 in
2401 1117 2505 1171 hoc
2534 1115 2680 1187 quod
2710 1116 2873 1170 homo
2913 1113 3145 1168 moritur
3168 1156 3180 1179 ,
3227 1113 3502 1181 judicetur

1899 1203 2162 1270 Christus,
2214 1213 2272 1258 ut
2313 1204 2518 1273 judicet
2565 1203 2866 1258 dissimilis.
2910 1202 3049 1271 Quia
3098 1202 3173 1256 ita
3217 1201 3293 1256 ait
3342 1219 3354 1255 :
3399 1203 3501 1258 Se-

1898 1293 2081 1349 cundo
2110 1293 2346 1348 adventu
2377 1293 2603 1349 veniens
2631 1293 2698 1346 ad
2723 1292 2989 1360 judicium
3017 1291 3311 1362 apparebit
3351 1289 3504 1345 Chri-

1901 1389 2048 1446 stus,
2083 1383 2208 1437 sine
2253 1386 2511 1454 peccato,
2559 1381 2612 1435 id
2661 1389 2742 1435 est
2788 1397 2897 1435 non
2937 1378 3288 1434 similitudine
3317 1379 3499 1434 carnis

1897 1471 2127 1540 peccati,
2165 1471 2262 1524 sed
2310 1470 2628 1541 glorificatae
2666 1486 2766 1540 per
2795 1470 3093 1524 claritatem
3124 1467 3500 1522 immortalita-

1899 1559 1967 1613 tis
2013 1567 2066 1614 et
2113 1559 2584 1629 impossibilitatis.
2619 1559 2715 1613 Vel
2746 1557 3025 1628 apparebit
3072 1557 3191 1612 sine
3237 1564 3495 1628 peccato,

1899 1648 1953 1702 id
1983 1656 2063 1703 est
2106 1664 2214 1702 non
2246 1648 2475 1702 veniens
2504 1655 2563 1701 ut
2603 1647 2741 1703 sicut
2766 1648 2919 1717 prius
2950 1647 3146 1701 iterum
3189 1645 3281 1700 fiat
3319 1644 3500 1700 hostia

1898 1753 2001 1808 pro
2031 1744 2280 1807 peccato.
2315 1736 2609 1806 Apparebit
2638 1735 2823 1807 utique
2853 1736 2907 1788 in
2939 1735 3199 1800 salutem,
3249 1750 3359 1788 non
3388 1733 3496 1787 im-

1825 1854 1879 1914 B
1898 1825 2023 1897 piis,
2053 1825 2149 1880 sed
2180 1825 2643 1896 exspectantibus
2673 1841 2730 1880 se
2776 1827 2838 1879 in
2873 1825 3113 1897 justitia
3143 1831 3197 1878 et
3225 1823 3440 1878 timore.

2543 2028 2769 2084 CAPUT
2797 2029 2872 2084 X.

1975 2211 1997 2240 «
2032 2189 2295 2246 Umbram
2327 2188 2472 2244 enim
2502 2189 2712 2244 habens
2743 2189 2828 2243 lex
2875 2189 3178 2244 futurorum
3208 2189 3495 2257 bonorum,

1904 2300 1926 2329 ι
1961 2294 2070 2332 non
2102 2278 2276 2349 ipsam
2305 2278 2599 2349 imaginem
2630 2294 2844 2344 rerum,
2898 2295 2999 2348 per
3031 2278 3278 2350 singulos
3324 2293 3498 2334 annos

1904 2389 1925 2417 α
1959 2367 2168 2422 eisdem
2216 2366 2351 2437 ipsis
2400 2367 2591 2421 hostiis
2640 2383 2774 2438 quas
2823 2365 3056 2421 offerunt
3101 2366 3492 2433 indesinenter,

1903 2477 1924 2506 ι
1961 2471 2237 2526 nunquam
2268 2463 2447 2525 potest
2477 2456 2800 2510 accedentes
2816 2455 3090 2525 perfectos
3111 2454 3308 2510 facere.
3342 2455 3498 2510 Alio-

1903 2566 1924 2594 ι
1955 2545 2087 2616 quin
2133 2551 2444 2599 cessassent
2491 2544 2716 2609 offerri,
2780 2545 2906 2598 ideo
2951 2544 3096 2615 quod
3144 2544 3345 2598 nullam
3391 2545 3498 2599 ha-

1901 2656 1923 2680 «
1961 2634 2154 2688 herent
2210 2633 2351 2687 ultra
2397 2632 2789 2688 conscientiam
2851 2633 3060 2703 peccati
3107 2633 3344 2689 cultores
3404 2650 3498 2690 se-

1903 2745 1923 2768 ‹‹
1958 2722 2066 2776 mel
2095 2721 2358 2776 mundati.
2413 2722 2519 2776 Sed
2558 2723 2612 2775 in
2650 2721 2784 2792 ipsis
2811 2723 3258 2777 commemoratio
3288 2739 3494 2794 pecca-

1901 2834 1922 2857 α
1956 2819 2134 2866 torum
2183 2827 2280 2882 per
2327 2810 2574 2882 singulos
2605 2826 2779 2866 annos
2830 2809 2903 2866 fit.
2959 2811 3298 2882 lmpossibile
3348 2813 3495 2868 enim

1899 2923 1920 2946 α
1957 2908 2037 2954 est
2086 2899 2349 2970 sanguine
2398 2908 2674 2954 taurorum
2706 2907 2760 2953 et
2808 2900 3083 2954 hircorum
3130 2899 3331 2955 auferri
3360 2918 3496 2972 pec-

1901 3011 1922 3035 ‹‹
1959 2996 2096 3044 cata.
2133 2989 2261 3042 Ideo
2291 2988 2606 3060 ingrediens
2653 2989 2916 3043 mundum
2945 2989 3077 3044 dicit
3111 3005 3122 3043 :
3158 2991 3398 3045 Hostiam
3447 2999 3502 3046 et

1901 3102 1922 3125 α
1959 3077 2291 3132 oblationem
2337 3078 2596 3143 noluisti,
2631 3093 2830 3148 corpus
2879 3087 3058 3133 autem
3115 3080 3314 3150 aptasti
3343 3080 3494 3137 mihi.

1902 3191 1923 3214 α
1960 3167 2432 3223 Ilolocaustomata
2483 3175 2536 3222 et
2565 3184 2665 3238 pro
2702 3177 2927 3238 peccato
2970 3184 3080 3223 non
3127 3168 3223 3223 tibi
3273 3169 3496 3239 placue-

1902 3279 1923 3303 ‹‹
1961 3264 2102 3311 runt.
2135 3257 2285 3312 Tunc
2317 3256 2426 3310 dixi
2474 3275 2487 3310 :
2514 3257 2657 3311 Ecce
2688 3257 2868 3311 venio.
2895 3259 2953 3310 In
2984 3258 3161 3327 capite
3207 3258 3331 3312 libri
3363 3259 3499 3314 scri-

1902 3369 1923 3392 ‹‹
1960 3353 2110 3416 ptum
2168 3354 2250 3400 est
2305 3347 2374 3400 de
2404 3362 2490 3400 me
2522 3364 2535 3400 :
2570 3346 2639 3400 Ut
2671 3346 2899 3412 faciam,
2949 3347 3097 3401 Deus
3120 3391 3132 3412 ,
3167 3347 3499 3402 voluntatem

1903 3455 1925 3485 ι
1960 3443 2122 3490 tuam.
2158 3435 2419 3505 Superius
2449 3435 2656 3501 dicens,
2693 3436 2820 3506 quia
2848 3437 3053 3490 hostias
3099 3443 3148 3490 et
3193 3437 3497 3492 oblationes

1902 3546 1921 3569 «
1961 3531 2014 3578 et
2070 3524 2531 3579 holocaustomata
2570 3532 2623 3578 et
2659 3541 2757 3594 pro
2815 3532 3042 3594 peccato
3080 3525 3334 3591 noluisti,
3392 3541 3497 3582 nec

1903 3635 1925 3664 ι
1960 3613 2158 3684 placita
2189 3621 2311 3667 sunt
2359 3613 2455 3666 tibi
2486 3629 2606 3684 quae
2638 3614 2935 3668 secundum
2965 3613 3146 3684 legem
3174 3613 3493 3672 offeruntur.

1902 3727 1922 3750 α
1959 3704 2109 3757 Tunc
2137 3702 2249 3756 dixi
2283 3717 2295 3755 :
2328 3703 2472 3758 Ecce
2504 3703 2683 3769 venio,
2718 3710 2776 3757 ut
2805 3702 3022 3768 faciam,
3055 3704 3222 3773 Deus,
3248 3704 3496 3760 volunta-

1901 3816 1922 3838 α
1956 3800 2062 3846 tem
2095 3800 2238 3846 tuam
2267 3809 2278 3846 :
2304 3791 2480 3846 aufert
2523 3792 2756 3862 primum
2777 3834 2792 3858 ,
2837 3800 2893 3846 ut
2923 3809 3160 3863 sequens
3189 3801 3405 3849 statuat.
3437 3796 3499 3849 In

1900 3902 1923 3931 α
1958 3897 2066 3953 qua
2113 3881 2386 3935 voluntate
2419 3880 2735 3936 sanctificati
2785 3899 2972 3936 sumus
3025 3899 3124 3953 per
3167 3883 3498 3938 oblationem

1901 3991 1922 4015 α
1958 3970 2206 4040 corporis
2235 3970 2364 4024 Jesu
2399 3971 2598 4024 Christi
2631 3970 2818 4026 semel.
2854 3973 2921 4026 Et
2951 3972 3127 4026 omnis
3160 3972 3378 4044 quidem
3410 3989 3500 4028 sa-

1901 4080 1922 4109 ¢
1959 4060 2156 4114 cerdos
2182 4067 2381 4128 praesto
2412 4067 2494 4114 est
2527 4060 2766 4131 quotidie
2795 4060 3113 4116 ministrans
3133 4104 3146 4130 ,
3193 4069 3246 4116 et
3275 4063 3498 4118 easdem

1899 4172 1920 4194 α
1957 4165 2102 4219 εωρθ
2135 4148 2371 4203 offerens
2403 4149 2630 4214 hostias,
2679 4167 2801 4221 quae
2830 4167 3104 4223 nunquam
3137 4160 3365 4222 possunt
3394 4169 3497 4208 au-

1899 4261 1920 4285 α
1958 4237 2101 4293 ferre
2132 4245 2375 4308 peccata.
2420 4239 2517 4293 llic
2545 4247 2724 4293 autem
2755 4255 2920 4294 unam
2952 4256 3050 4311 pro
3090 4242 3326 4310 peccatis
3356 4242 3498 4297 offe-

1899 4350 1919 4374 α
1959 4343 2086 4381 rens
2135 4327 2396 4396 hostiam,
2448 4327 2503 4380 in
2557 4328 2944 4398 sempiternum
2977 4329 3130 4383 sedet
3177 4330 3230 4383 in
3272 4331 3500 4386 dextera

1899 4435 1921 4466 α
1955 4415 2055 4470 Dei
2089 4431 2102 4470 :
2135 4415 2203 4469 de
2225 4423 2424 4470 caetero
2454 4424 2780 4487 exspectans
2807 4417 2982 4473 donec
3004 4426 3276 4487 ponantur
3295 4418 3500 4476 inimici

1899 4526 1922 4550 ‹‹
1956 4505 2074 4573 ejus
2119 4504 2418 4559 scabellum
2449 4506 2650 4576 pedum
2699 4506 2836 4574 ejus.
2886 4507 3005 4561 Una
3048 4507 3191 4561 enim
3222 4507 3496 4565 oblatione

204 4582 434 4642 oporteat
463 4590 590 4628 eum
624 4573 814 4628 iterato
842 4575 948 4644 pati
982 4592 995 4628 :
1031 4582 1159 4631 tunc
1189 4575 1376 4646 utique
1416 4592 1644 4632 necesse
1676 4587 1793 4634 erat

1901 4614 1922 4643 ι
1960 4594 2355 4648 consummavit
2401 4594 2455 4648 in
2485 4595 2877 4665 sempiternum
2910 4595 3295 4651 sanctiticatos.
3345 4597 3495 4653 Con-

205 4667 256 4712 ut
283 4661 592 4732 incipiendo
631 4677 664 4716 a
702 4662 896 4716 diebus
926 4663 1062 4718 Abel
1092 4663 1322 4735 singulis
1351 4665 1629 4736 aetatibus,
1675 4667 1793 4720 sin-

204 4749 347 4818 gulas
375 4767 566 4806 cruces
595 4758 857 4821 portaret,
891 4752 976 4805 vel
1007 4753 1282 4808 Abraham
1323 4761 1374 4808 et
1407 4756 1590 4810 caeteri
1622 4757 1795 4811 sancti

206 4853 302 4890 non
333 4848 486 4894 erunt
516 4839 807 4909 redempti.
829 4840 915 4894 Sic
938 4841 1157 4912 quidem
1187 4850 1477 4912 Oporteret.
1505 4845 1610 4901 Sed
1638 4862 1795 4902 nunc

206 4921 479 4999 posfquam
530 4936 811 4983 ostensum
857 4937 939 4983 est
971 4938 1177 4984 tantum
1226 4931 1618 4988 inconveniens
1668 4934 1794 4990 inde

207 5017 472 5088 consequi,
507 5016 802 5072 dicendum
833 5025 914 5072 est
945 5019 1089 5090 quod
1119 5022 1292 5075 semel
1336 5020 1581 5077 Christus
1627 5039 1794 5094 appa-

207 5103 300 5156 ruit
327 5106 386 5159 in
417 5107 908 5162 consummatione
936 5108 1293 5164 seculorum.
1327 5110 1564 5181 Tempus
1595 5112 1793 5168 Christi

208 5189 386 5247 dicitur
415 5193 821 5250 consummatio
851 5212 864 5248 :
899 5195 1023 5267 quia
1054 5195 1317 5266 Christus,
1352 5199 1618 5271 quidquid
1647 5217 1794 5271 prae-

209 5278 392 5335 dictum
424 5282 492 5336 de
544 5298 611 5336 eo
653 5281 848 5348 fuerat,
881 5286 1296 5341 consummavit.
1331 5287 1397 5342 Et
1429 5303 1553 5343 cum
1585 5297 1708 5344 ante
1739 5290 1794 5345 in

209 5367 342 5423 nullo
371 5369 530 5426 fuerit
561 5373 980 5438 consummatio,
1012 5373 1069 5428 id
1097 5382 1180 5428 est
1200 5391 1332 5430 vera
1361 5375 1642 5446 perfectio,
1676 5379 1794 5448 ipse

211 5458 432 5512 omnium
480 5459 877 5530 perfectionem
925 5461 1114 5515 attulit.
1176 5466 1483 5536 Apparuit,
1547 5467 1790 5538 inquam,

210 5543 273 5595 ad
287 5546 729 5613 destitutionem,
745 5548 797 5602 id
815 5556 896 5603 est
912 5551 978 5604 ad
1002 5551 1422 5608 destructionem
1431 5571 1534 5627 per
1549 5555 1794 5612 hostiam

217 5630 439 5691 396
463 5653 574 5692 non
593 5637 845 5704 alienam,
880 5639 976 5695 sed
1017 5656 1199 5696 suam.
1226 5641 1362 5710 Quia
1389 5643 1550 5715 plene
1588 5660 1792 5716 pecca-

210 5727 310 5776 tum
337 5724 601 5782 destruxit
630 5741 742 5783 non
761 5735 977 5799 oportet
1006 5727 1203 5786 iterum
1220 5731 1492 5788 Christum
1514 5733 1643 5804 pati,
1667 5732 1793 5791 ideo

1899 4704 1920 4732 ‹
1959 4691 2185 4737 testatur
2213 4680 2393 4738 autem
2453 4699 2553 4738 nos
2613 4684 2816 4754 (nobis)
2858 4692 2910 4739 et
2969 4685 3201 4754 Spiritus
3257 4694 3495 4742 sanctus.

1900 4793 1921 4820 α
1959 4771 2248 4843 Postquam
2304 4773 2448 4827 enim
2495 4773 2673 4827 dixit:
2707 4774 2821 4828 Hoc
2869 4782 3047 4829 autem
3093 4775 3497 4830 Testamentum

1899 4882 1920 4909 ι
1957 4861 2100 4931 quod
2125 4861 2366 4916 testabor
2396 4862 2467 4916 ad
2506 4861 2629 4916 illos
2660 4871 2780 4933 post
2809 4863 2926 4917 dies
2974 4863 3095 4918 illos
3143 4863 3272 4919 dicit
3303 4865 3497 4920 Domi-

1899 4971 1921 4996 «ι
1956 4966 2078 5003 nus.
2108 4951 2302 5006 Dando
2325 4951 2516 5023 tdabo)
2545 4951 2700 5024 leges
2729 4969 2884 5008 meas
2916 4953 2968 5006 in
2998 4953 3257 5008 cordibus
3279 4970 3491 5022 eorum,

1899 5060 1920 5090 ι
1957 5047 2010 5094 et
2049 5039 2101 5093 in
2146 5041 2417 5096 mentibus
2446 5057 2636 5096 eorum
2677 5043 3079 5114 superscribam
3119 5059 3247 5110 eas,
3291 5052 3343 5099 et
3368 5062 3499 5116 pec-

1899 5150 1920 5178 ι
1957 5136 2200 5184 calorum
2252 5137 2305 5184 et
2342 5130 2685 5202 iniquitatum
2737 5148 2922 5187 eorum
2946 5133 3058 5202 jam
3089 5149 3198 5187 non
3236 5135 3498 5191 recorda-

1899 5238 1920 5268 ‹
1958 5219 2059 5273 bor
2088 5219 2340 5290 amplius.
2393 5220 2497 5276 Ubi
2544 5229 2728 5275 autem
2757 5221 2950 5276 horum
2971 5222 3218 5278 remissio
3243 5223 3356 5293 jam
3389 5239 3498 5281 non

1899 5329 1920 5358 ι
1953 5316 2035 5362 est
2063 5307 2263 5363 oblatio
2293 5325 2390 5380 pro
2421 5317 2664 5380 peccato.
2719 5311 2992 5366 Habentes
3021 5311 3230 5383 itaque,
3272 5312 3488 5384 fratres,

1897 5419 1922 5443 α
1954 5395 2210 5453 fiduciam
2241 5398 2297 5452 in
2341 5398 2558 5454 introitu
2590 5408 2896 5454 sanctorum
2939 5400 2992 5454 in
3031 5402 3295 5474 sanguine
3327 5403 3490 5458 Chri-

1897 5508 1908 5532 ι
1959 5485 2060 5551 sti,
2095 5503 2258 5557 quam
2290 5486 2517 5542 initiavit
2547 5489 2705 5543 nobis
2737 5489 2879 5544 viam
2909 5505 3106 5545 novam
3137 5498 3190 5546 et
3219 5491 3491 5549 viventem

1899 5595 1921 5619 α
1954 5590 2055 5644 per
2083 5575 2351 5643 velamen,
2383 5576 2438 5631 id
2470 5585 2552 5631 est
2582 5593 2803 5632 carnem
2831 5595 2983 5633 suam
3020 5594 3032 5632 :
3065 5587 3117 5634 et
3146 5581 3493 5637 sacerdotem

1898 5683 1921 5714 ι
1955 5678 2216 5735 magnum
2249 5681 2415 5736 super
2443 5666 2666 5722 domum
2697 5667 2816 5735 Dei,
2849 5668 3171 5724 accedamus
3210 5683 3335 5724 cum
3365 5683 3497 5724 vero

1898 5774 1920 5799 α
1955 5753 2121 5810 corde
2158 5753 2212 5809 in
2243 5753 2580 5826 plenitudine
2601 5799 2618 5823 ,
2666 5754 2794 5813 fidei
2843 5756 3055 5828 aspersi
3101 5756 3324 5813 cordae
3354 5771 3492 5813 con-
