3928 6426
407 358 513 414 583

905 357 963 414 S.
1022 355 1380 414 BRUNONIS
1439 353 2088 414 CARTHUSIANORUM
2142 353 2633 413 INSTITUTORIS
2690 355 2842 413 OPP.
2903 357 3078 416 PARS
3135 360 3205 416 ΙΙ.

3613 365 3718 420 544

414 504 438 530 ιι
474 480 704 538 scientia
727 480 894 550 mala,
945 487 998 536 et
1041 480 1211 536 abluti
1243 496 1441 552 corpus
1489 496 1630 553 aqua
1659 482 1857 536 munda
1875 523 1889 548 ,
1920 488 2004 536 te-
2025 481 2083 541 Δ
2110 478 2428 535 memoriam
2449 479 2644 551 prioris
2670 480 2899 552 peccati,
2922 497 3021 554 pro
3043 499 3150 555 quo
3173 483 3286 554 jam
3306 483 3709 558 immolaverat,

415 591 438 617 α
472 585 702 626 neamus
729 569 847 640 spei
875 577 1076 626 nostrae
1107 568 1507 626 confessionem
1545 569 2000 626 indeclinabilem.

416 679 439 710 ι
475 657 675 714 Fidelis
703 658 847 713 enim
877 666 960 713 est
1007 658 1100 730 qui
1130 657 1459 729 repromisit.
1492 659 1561 713 Et
1591 659 2004 714 consideremus

415 768 438 794 α
473 747 708 803 invicem
751 747 806 800 in
850 747 1290 818 provocationem
1320 747 1595 803 charitatis
1641 756 1695 803 et
1736 747 2003 802 bonorum

413 857 436 882 α
469 851 722 906 operum,
769 850 879 891 non
934 835 1254 891 deserentes
1309 836 1687 892 collectionem
1735 844 1994 902 nostram,

413 946 436 971 α
473 922 612 978 sicut
637 923 1048 979 consuetudinis
1077 931 1159 978 est
1189 924 1535 995 quibusdam,
1569 924 1665 979 sed
1699 923 1994 980 consolan-

416 1033 438 1061 ι
472 1019 554 1066 tes
583 1019 636 1067 et
665 1019 814 1067 tanto
845 1013 1042 1084 magis,
1067 1021 1264 1084 quanto
1297 1012 1538 1067 videritis
1568 1012 2006 1084 appropinquan-

413 1121 436 1152 ι
468 1107 578 1155 tem
609 1099 774 1156 diem.
807 1100 1119 1156 Voluntaria
1149 1107 1294 1156 enim
1323 1100 1674 1171 peccantibus
1704 1100 1860 1155 nobis
1883 1108 2004 1170 post

413 1211 437 1237 α
471 1195 751 1259 acceptam
782 1188 1027 1244 notitiam
1059 1188 1328 1254 veritatis,
1367 1189 1477 1258 jam
1527 1205 1636 1244 non
1681 1188 2005 1260 relinquitur

413 1297 436 1328 ε
469 1292 571 1348 pro
599 1276 844 1347 peccatis
873 1277 1088 1343 hostia;
1121 1276 1377 1331 terribilis
1409 1285 1584 1332 autem
1617 1277 1866 1349 quaedam
1897 1292 2002 1332 ex-

412 1386 436 1416 «
471 1364 733 1436 spectatio
757 1365 946 1434 judicii
977 1373 1028 1420 et
1059 1365 1201 1437 ignis
1243 1365 1538 1432 aemulatio,
1592 1382 1713 1436 quae
1741 1382 2003 1420 consum-

413 1474 437 1504 α
469 1461 629 1524 ptura
665 1461 748 1508 est
793 1453 1163 1508 adversarios.
1199 1453 1403 1508 lrritam
1437 1453 1558 1525 quis
1589 1453 1794 1509 faciens
1823 1454 2003 1526 legem

413 1563 435 1587 ιι
469 1541 663 1612 Moysi,
689 1542 806 1597 sine
837 1541 947 1596 ulla
975 1541 1323 1597 miseratione
1351 1542 1566 1597 duobus
1597 1543 1682 1597 vel
1705 1543 1878 1596 tribus
1925 1551 2004 1597 te-

415 1651 438 1680 α
475 1629 645 1685 stibus
673 1630 918 1697 moritur,
943 1639 1144 1701 quanto
1173 1631 1348 1701 magis
1379 1631 1576 1701 putatis
1606 1631 1869 1686 deteriora
1898 1647 2003 1686 me-

415 1740 438 1765 α
472 1718 579 1773 reri
626 1719 890 1789 supplicia
915 1763 927 1784 ,
980 1719 1071 1790 qui
1116 1719 1311 1774 Filium
1363 1719 1462 1774 Dei
1493 1719 1916 1785 conculcaverit,
1951 1726 2003 1774 et

416 1828 438 1856 ι
473 1806 794 1878 sanguinem
841 1807 1166 1862 Testamenti
1198 1807 1460 1878 pollutum
1509 1807 1724 1862 duxerit
1780 1807 1835 1861 in
1894 1823 2002 1878 quo

416 1917 438 1940 «ι
474 1895 843 1950 sanctificatus
872 1903 952 1950 est
977 1937 990 1961 ,
1049 1903 1101 1950 et
1149 1895 1367 1965 Spiritui
1399 1895 1591 1968 gratiae
1622 1896 2001 1952 contumeliam

414 2005 437 2031 σι
475 1982 711 2039 fecerit?
755 1983 964 2039 Scimus
1011 1983 1153 2038 enim
1184 1984 1273 2055 qui
1301 1984 1433 2038 dixit
1475 2002 1487 2036 :
1526 1984 1653 2038 Mihi
1684 1984 1997 2051 vindictam,

417 2095 439 2118 ιι
475 2078 529 2127 et
559 2087 664 2144 ego
693 2072 1006 2126 retribuam.
1042 2073 1107 2126 Et
1137 2072 1329 2126 iterum
1375 2087 1386 2125 :
1431 2071 1568 2140 Quia
1592 2073 1858 2141 judicabit
1885 2073 2000 2127 Do-

415 2181 438 2211 ι
473 2159 656 2214 minus
706 2161 963 2230 populum
1007 2177 1159 2215 suum
1195 2175 1206 2214 :
1242 2161 1580 2214 Horrendum
1631 2169 1713 2214 est
1760 2161 2002 2216 incidere

414 2271 436 2296 σι
471 2247 526 2302 in
555 2263 749 2304 manus
770 2249 866 2302 Dei
899 2248 1148 2303 viventis.
1173 2248 1632 2305 Rememoramini
1663 2257 1842 2303 autem
1889 2249 2002 2320 pri-

410 2357 433 2388 ‹
468 2336 640 2390 stinos
669 2336 803 2403 dies,
828 2336 883 2390 in
905 2336 1100 2408 quibus
1121 2336 1406 2391 illuminati
1437 2353 1694 2409 magnum
1727 2345 1999 2392 certamen

410 2447 432 2472 α
471 2423 706 2481 397
729 2425 1060 2480 sustinuistis
1076 2425 1394 2495 passionum
1417 2443 1429 2479 :
1448 2433 1499 2480 et
1521 2425 1574 2478 in
1591 2426 1760 2480 altero
1782 2425 1999 2496 quidem

411 2535 434 2564 ι
469 2512 774 2584 opprobriis
803 2521 855 2568 et
885 2513 1322 2569 tribulationibus
1353 2513 1718 2585 spectaculum
1751 2513 1892 2578 facti,
1945 2515 2000 2568 in

411 2625 432 2649 α
468 2601 640 2656 altero
677 2609 858 2656 autem
899 2602 1034 2658 socii
1079 2602 1258 2656 taliter
1296 2603 1734 2657 conversantium
1804 2601 1999 2657 effecti.

407 2712 428 2738 α
463 2690 600 2745 Nam
629 2696 683 2745 et
726 2689 917 2746 vinctis
948 2691 1221 2762 compassi
1253 2691 1384 2745 estis
1404 2735 1416 2756 ,
1466 2699 1516 2746 et
1550 2691 1790 2762 rapinam
1822 2691 1998 2746 bono-

404 2801 426 2827 α
462 2795 581 2834 rum
609 2785 915 2834 vestrorum
957 2796 1081 2834 cum
1129 2780 1328 2851 gaudio
1375 2780 1728 2850 suscepistis;
1785 2795 1996 2852 cogno-

405 2890 426 2918 ι
463 2875 678 2923 scentes
723 2883 820 2922 vos
865 2869 1063 2923 habere
1100 2867 1383 2923 meliorem
1417 2876 1469 2922 et
1499 2876 1804 2922 manentem
1864 2868 1998 2922 sub-

401 2979 423 3003 α
459 2956 725 3010 stantiam.
758 2956 937 3010 Nolite
968 2956 1149 3027 itaque
1181 2957 1424 3010 amittere
1465 2955 1848 3011 confidentiam
1898 2972 1997 3010 ve-

403 3067 426 3093 ιι
461 3053 646 3109 stram,
699 3060 819 3115 quae
847 3060 1101 3115 magnam
1131 3044 1294 3099 habet
1341 3045 1854 3098 remunerationem.
1893 3045 1997 3098 Pa-

401 3152 422 3185 ι
459 3133 646 3188 tientia
693 3132 836 3187 enim
875 3133 1029 3187 vobis
1067 3132 1377 3188 necessaria
1408 3141 1522 3198 est,
1575 3140 1630 3186 ut
1659 3133 1992 3187 voluntatem

402 3244 424 3269 ‹‹
459 3221 560 3277 Dei
613 3220 869 3275 facientes
928 3221 1213 3290 reportetis
1289 3220 1727 3291 promissionem.
1799 3221 1992 3276 Adhuc

404 3333 426 3357 α
462 3309 606 3365 enim
654 3309 928 3364 modicum
976 3308 1517 3380 aliquantulumque,
1589 3307 1682 3380 qui
1734 3317 1995 3364 venturus

401 3421 422 3445 α
459 3405 542 3453 est
571 3397 768 3467 veniet,
801 3405 854 3452 et
883 3387 990 3452 non
1018 3397 1274 3451 tardabit.
1305 3399 1491 3451 Justus
1522 3405 1701 3452 autem
1741 3414 1894 3451 meus
1927 3414 1989 3451 ex

398 3509 420 3536 ιι
457 3487 563 3542 fide
611 3485 761 3542 vivit.
807 3485 964 3554 Quod
1015 3485 1061 3539 si
1105 3486 1433 3540 subtraxerit
1465 3502 1556 3553 se,
1601 3501 1709 3539 non
1759 3486 1994 3556 placebit

401 3597 423 3626 ι
457 3576 654 3631 animai
680 3591 837 3630 meae.
868 3576 982 3629 Nos
1029 3583 1208 3630 autem
1242 3591 1351 3630 non
1399 3576 1567 3629 simus
1610 3574 1993 3630 subtractionis

403 3685 427 3716 ι
462 3662 557 3719 filii
601 3664 656 3719 in
702 3663 1100 3735 perditionem,
1149 3664 1245 3717 sed
1295 3662 1417 3718 fidei
1466 3662 1521 3717 in
1577 3662 1991 3734 acquisitionem

403 3775 424 3801 u
457 3753 672 3809 animm.
704 3777 726 3801 n

1038 3833 1359 3876 EXPOSITIO.

467 3929 712 3985 Christus
737 3929 860 3984 ideo
891 3927 1104 3983 oblatus
1132 3935 1213 3982 est
1243 3928 1314 3982 ad
1345 3927 1708 3983 exhaurienda
1739 3937 1984 3999 peccata,

396 4018 525 4091 quia
553 4018 640 4073 lex
686 4034 795 4072 non
845 4025 1020 4088 potest
1066 4017 1248 4072 facere
1278 4016 1580 4088 perfectos,
1631 4017 1835 4073 scilicet
1881 4033 1989 4072 non

396 4106 683 4162 exhaurire
729 4113 972 4177 peccata.
1025 4106 1092 4160 Et
1121 4121 1290 4177 quare
1338 4105 1423 4160 lex
1472 4122 1577 4160 non
1610 4106 1781 4176 possit
1810 4106 1989 4161 facere

393 4195 665 4268 perfectos
707 4194 1014 4266 praemittit,
1064 4195 1253 4250 dicens
1287 4211 1299 4250 :
1333 4197 1450 4250 Lex
1483 4195 1690 4250 habens
1732 4196 1989 4251 umbram

391 4289 722 4357 futurorum
751 4286 1022 4340 bonorum
1041 4328 1055 4348 ,
1102 4283 1156 4337 id
1190 4291 1271 4338 est
1301 4282 1488 4338 futurae
1509 4284 1732 4352 justitiae
1763 4284 1817 4337 in
1846 4300 1986 4354 prae-

393 4374 531 4429 senti
560 4373 829 4439 Ecclesia,
891 4379 941 4428 et
990 4372 1306 4427 salvationis
1353 4372 1407 4426 in
1437 4371 1627 4427 futura.
1662 4374 1742 4427 Ita
1780 4372 1986 4427 habens

392 4463 640 4518 umbram
662 4463 808 4533 quod
825 4478 928 4518 nec
945 4463 1128 4534 ipsam
1148 4462 1457 4532 imaginem
1478 4478 1690 4527 rerum,
1717 4461 1860 4532 quod
1881 4477 1984 4516 nec

2105 568 2402 623 ostendens
2429 569 2899 639 imperfectionem
2929 570 3183 628 sacrificii
3211 572 3384 641 illius,
3431 591 3532 646 per
3562 577 3712 649 quod

2105 656 2149 710 si
2172 656 2500 726 justiﬁcatus
2531 666 2706 724 esset,
2758 658 2962 714 frustra
2989 669 3145 716 vetus
3175 671 3457 733 peccatum
3489 665 3711 736 recapi-

2104 745 2321 799 tularet.
2356 744 2515 814 Quod
2543 745 2618 801 ita
2644 746 2718 800 ait
2743 764 2756 801 :
2779 749 3063 821 Alioquin,
3088 749 3142 804 id
3168 757 3251 806 est
3272 751 3318 805 si
3348 753 3539 808 hostiae
3562 752 3707 826 legis

2102 833 2373 904 perfectos
2408 833 2680 904 facerent,
2721 836 2909 906 procul
2940 837 3107 894 dubio
3145 846 3458 896 cessassent
3484 841 3588 896 illae
3611 841 3710 898 ho-

2102 922 2228 976 stia:
2256 938 2356 992 pro
2386 923 2671 994 praeteritis
2702 925 2960 994 peccatis.
2995 926 3233 999 Ideoque
3265 927 3500 984 cultores
3531 931 3708 985 sacri-

2102 1008 2348 1064 ﬁciorum
2378 1011 2546 1066 semel
2576 1011 2850 1067 immolata
2882 1014 3077 1080 hostia,
3113 1016 3376 1083 mundati,
3402 1034 3517 1073 non
3539 1020 3704 1074 ultra

2104 1098 2373 1154 haberent
2404 1099 2570 1154 ullam
2601 1103 3009 1158 conscientiam
3041 1104 3301 1173 praeteriti
3317 1107 3559 1176 peccati.
3579 1107 3708 1162 Ces-

2104 1195 2315 1242 sassent
2345 1188 2562 1259 quidem
2594 1187 2810 1256 offerre,
2863 1191 2960 1245 sed
3006 1191 3199 1247 hostiae
3257 1208 3358 1264 pro
3413 1194 3706 1264 prmteritis

2102 1291 2211 1330 non
2249 1285 2530 1330 cessarent
2568 1276 2754 1331 offerri
2806 1295 2819 1331 :
2869 1280 2932 1333 in
2981 1280 3119 1350 ipsis
3164 1280 3306 1334 enim
3364 1281 3556 1336 hostiis
3599 1299 3704 1354 pro

2102 1363 2412 1418 recentibus
2443 1365 2616 1435 culpis
2645 1381 2745 1437 per
2763 1367 3015 1437 singulos
3037 1385 3216 1423 annos
3237 1367 3436 1423 oblatis
3462 1371 3536 1425 sit
3559 1388 3703 1426 com-

2103 1454 2434 1508 memoratio
2463 1453 2860 1524 praateritorum
2887 1460 3246 1526 peccatorum
3265 1498 3279 1523 ,
3314 1457 3480 1529 igitur
3507 1459 3702 1516 hostiae

2101 1539 2207 1594 illa;
2235 1539 2505 1611 perfectos
2533 1541 2715 1596 facere
2744 1558 2853 1596 non
2883 1552 3127 1614 possunt.
3176 1545 3246 1599 Et
3273 1561 3500 1602 necesse
3531 1556 3614 1602 est
3645 1556 3703 1603 ut

2101 1645 2202 1699 per
2230 1629 2477 1701 singulos
2520 1628 2612 1684 fiat
2645 1632 3088 1688 commemoratio
3119 1634 3533 1704 prateritorum,
3566 1637 3701 1708 quia

2101 1718 2440 1789 impossibile
2473 1723 2556 1774 est
2586 1721 2808 1789 auferri
2846 1725 3081 1792 peccata
3111 1724 3387 1793 sanguine
3409 1723 3701 1781 hircorum

2023 1833 2076 1893 Β
2105 1809 2159 1860 et
2215 1810 2526 1862 taurorum.
2580 1807 2706 1861 Ideo
2737 1807 2865 1879 quia
2907 1824 3007 1879 per
3063 1810 3382 1880 sanguinem
3413 1818 3699 1867 taurorum

2019 3184 2066 3245 0

2105 1903 2155 1950 et
2184 1894 2458 1949 hircorum
2526 1894 2731 1950 auferri
2791 1905 3033 1968 nequeut
3071 1906 3295 1967 peccata
3336 1917 3349 1953 :
3402 1905 3702 1972 propterea

2098 1984 2421 2055 ingrediens
2439 1985 2736 2050 mundum,
2755 1984 2806 2037 id
2829 1993 2910 2038 est
2930 1986 3199 2056 PrOpheta
3221 1987 3486 2043 inducens
3504 1989 3696 2045 Filium

2101 2071 2199 2126 Dei
2229 2072 2489 2126 mundum
2519 2072 2914 2142 ingredientem
2964 2089 3059 2144 per
3087 2075 3513 2145 assumptionem
3565 2093 3695 2132 car-

2100 2160 2211 2229 nis,
2246 2159 2372 2214 dicit
2419 2161 2474 2213 in
2524 2176 2658 2216 voce
2688 2159 2780 2214 filii
2810 2161 2880 2215 ad
2907 2169 3134 2231 patrem.
3171 2162 3216 2218 Ο
3248 2163 3476 2219 Domine
3512 2165 3691 2233 Pater,

2100 2256 2156 2302 tu
2174 2249 2412 2303 noluisti
2435 2250 2677 2304 hostiam
2699 2253 2754 2304 et
2776 2250 3120 2305 oblationem
3139 2252 3437 2306 secundum
3459 2252 3699 2324 legalem

2099 2336 2467 2391 traditionem.
2524 2336 2738 2391 Hostias
2769 2337 2837 2391 de
2868 2338 3212 2404 animalibus,
3265 2339 3596 2396 oblationem
3629 2342 3698 2398 de

2098 2424 2327 2495 panibus
2359 2433 2411 2478 et
2453 2425 2754 2479 luminariis
2781 2426 2928 2480 dicit.
2967 2426 3058 2480 [lla
3088 2428 3307 2498 quidem
3337 2429 3557 2484 noluisti
3601 2431 3698 2486 sed

2099 2515 2344 2584 optasti,
2396 2513 2451 2566 id
2499 2521 2578 2568 est
2629 2523 2815 2584 aptare
2847 2514 2976 2568 mihi
3009 2515 3222 2570 voluisti
3271 2533 3500 2588 corpus,
3542 2526 3596 2572 ut
3628 2519 3699 2575 de

2099 2617 2330 2670 corpore
2356 2617 2475 2655 meo
2497 2601 2669 2655 hostia
2703 2601 2796 2655 tibi
2839 2601 2991 2657 fieret
3011 2603 3376 2674 beneplacens
3397 2613 3448 2660 et
3469 2607 3695 2662 munda.

2100 2689 2305 2759 Corpus
2336 2689 2534 2742 Christi
2567 2697 2750 2760 aptum
2783 2689 2948 2745 fuisse
2979 2690 3194 2757 dicitur,
3223 2692 3345 2763 quia
3376 2702 3428 2747 et
3457 2693 3698 2750 immune

2097 2794 2127 2832 a
2158 2785 2398 2848 peccato,
2449 2785 2500 2831 et
2547 2777 2840 2848 passibile,
2891 2787 2944 2832 et
2992 2780 3219 2835 mortale
3251 2779 3364 2836 fuit.
3399 2781 3516 2836 Nisi
3547 2782 3698 2837 enim

2101 2865 2216 2919 sine
2247 2874 2470 2936 peccato
2503 2875 2665 2931 esset,
2699 2866 2877 2921 hostia
2907 2867 3111 2922 munda
3155 2883 3276 2923 esse
3324 2885 3433 2924 non
3473 2879 3688 2941 posset.

2099 2953 2155 3008 Si
2199 2961 2378 3008 autem
2430 2954 2763 3025 impassibile
2813 2962 2864 3010 et
2898 2955 3199 3010 immortale
3232 2954 3414 3022 ﬁeret,
3463 2967 3699 3015 mortem

2099 3056 2207 3095 non
2257 3042 2593 3106 destrueret,
2646 3058 2811 3114 quam
2840 3042 3163 3098 immortalis
3192 3053 3423 3100 mortem
3473 3055 3700 3118 gustare

2099 3145 2206 3184 non
2255 3139 2457 3200 posset.
2518 3131 2626 3185 Sed
2674 3132 2797 3202 quia
2847 3140 2896 3186 et
2941 3131 3196 3188 immunis
3253 3148 3287 3188 a
3337 3143 3584 3204 peccato,
3644 3145 3702 3192 et

2101 3218 2452 3289 impassibilis
2473 3261 2486 3288 ,
2537 3227 2588 3274 et
2619 3220 2938 3274 immortalis
2969 3220 3094 3286 fuit,
3145 3221 3268 3276 ideo
3308 3237 3547 3295 congrue
3576 3224 3651 3278 ait
3683 3243 3698 3278 :

2097 3307 2306 3376 Corpus
2335 3308 2531 3378 aptasti
2561 3308 2709 3373 mihi,
2740 3309 2973 3363 hostiam
3004 3317 3058 3364 et
3078 3309 3403 3364 oblationem
3436 3311 3653 3366 noluisti
3683 3331 3698 3380 ;

2097 3397 2582 3452 holocausta-mata
2613 3399 2818 3464 etiam,
2854 3397 2907 3452 id
2938 3406 3021 3454 est
3049 3397 3375 3455 sacrificium
3403 3407 3576 3454 totum
3605 3401 3698 3455 in-

2094 3500 2338 3551 censum,
2372 3493 2424 3540 et
2445 3502 2544 3558 pro
2560 3491 2813 3556 peccato,
2848 3485 2903 3540 id
2934 3495 3015 3540 est
3039 3487 3215 3541 hostia
3243 3505 3363 3558 qua:
3392 3490 3697 3544 vocabatur

2094 3582 2376 3643 peccatum
2397 3574 2481 3628 vel
2507 3590 2607 3644 pro
2630 3583 2869 3644 peccato.
2897 3575 3044 3642 Haec,
3072 3575 3309 3646 inquam,
3335 3593 3450 3630 non
3462 3579 3700 3648 placue-

2093 3666 2232 3716 runt
2265 3663 2382 3726 tibi,
2409 3672 2460 3717 et
2502 3667 2640 3717 tunc
2669 3672 2958 3734 postquam
2980 3663 3090 3717 vidi
3124 3664 3228 3719 hoc
3261 3663 3552 3735 displicere
3576 3666 3694 3731 tibi,

2093 3759 2151 3804 ut
2179 3751 2378 3806 munda
2407 3759 2458 3805 et
2490 3751 2710 3822 placens
2743 3751 2918 3805 hostia
2949 3750 3233 3806 offerretur
3261 3752 3395 3819 tibi;
3446 3754 3602 3817 dixi,
3637 3755 3696 3810 id

2093 3847 2174 3893 est
2202 3839 2500 3895 deliberavi
2530 3839 2675 3909 apud
2708 3856 2794 3893 me
2823 3841 2926 3894 hoc
2953 3855 2964 3893 :
2990 3841 3126 3895 Ecce
3170 3849 3476 3911 opportune
3509 3845 3693 3911 venio,

2093 3927 2220 3999 quia
2249 3945 2391 3983 nunc
2422 3928 2730 3998 reprobatis
2761 3927 2865 3982 illis
2894 3928 3187 4000 legabilus,
3223 3929 3398 3984 hostia
3427 3945 3570 3986 nova
3598 3947 3696 3986 ero

2092 4025 2144 4070 et
2175 4016 2541 4086 beneplacens
2577 4017 2710 4071 Deo.

2165 4105 2333 4160 Venio
2364 4105 2554 4160 adhoc
2585 4109 2646 4160 ut
2667 4106 2881 4175 faciam
2910 4105 3264 4161 voluntatem
3297 4110 3476 4172 tuam,
3511 4106 3563 4160 id
3607 4115 3694 4162 est

2091 4200 2144 4247 ut
2177 4209 2272 4263 pro
2324 4193 2486 4248 modo
2539 4192 2826 4247 voluntatis
2885 4202 2988 4248 tua:
3039 4192 3268 4248 offeram
3299 4193 3395 4248 tibi
3423 4195 3696 4266 meipsum

2091 4280 2415 4337 sacrificium
2445 4297 2645 4336 novum
2665 4323 2679 4346 ,
2728 4281 2779 4334 in
2813 4281 3037 4336 odorem
3069 4282 3367 4337 suavitatis.
3421 4281 3578 4351 Quod
3621 4283 3696 4338 ita

2090 4378 2403 4426 eonstruere
2423 4370 2718 4424 debeamus
2745 4384 2756 4422 :
2783 4369 2952 4424 Venio
2977 4377 3032 4424 ut
3053 4370 3266 4433 faciam,
3288 4369 3526 4427 39S
3545 4371 3695 4426 idem

2089 4460 2248 4514 docet
2306 4459 2359 4512 in
2416 4459 2768 4530 sequentibus
2801 4475 2815 4514 :
2853 4457 3071 4514 Faciam
3120 4458 3448 4513 voluntatem
3500 4467 3692 4527 tuam;

391 4551 553 4606 habet
602 4551 657 4604 in
691 4567 750 4606 se
779 4550 1017 4622 aliquam
1069 4558 1282 4620 partem
1331 4551 1590 4606 veritatis.
1625 4551 1812 4620 Imago
1844 4549 1988 4604 enim
2011 4541 2064 4600 D
2097 4547 2347 4602 sic'enim
2379 4549 2653 4618 scriptum
2684 4552 2771 4602 est
2809 4547 2875 4602 de
2905 4563 2994 4601 me
3026 4547 3088 4601 in
3119 4549 3304 4618 capite
3347 4548 3495 4602 libri.
3529 4547 3697 4603 Liber

393 4639 583 4695 saltem
611 4638 815 4712 figuras
844 4639 1218 4694 membrorum
1247 4639 1492 4709 singulas
1513 4638 1766 4704 ostendit,
1800 4638 1991 4692 umbra

390 4735 569 4783 autem
598 4727 822 4783 confuse
854 4728 1034 4782 omnia
1064 4728 1398 4784 commiscet.
1443 4727 1572 4796 Lex,
1608 4726 1851 4797 inquam,
1886 4727 1989 4780 ha-

390 4817 527 4872 bens
581 4816 834 4870 umbram
883 4817 1091 4871 eisdem
1157 4816 1288 4888 ipsis
1349 4814 1538 4869 hostiis
1595 4831 1715 4886 quae
1776 4830 1995 4884 semper

389 4905 554 4972 idem,
580 4904 635 4958 id
664 4911 747 4959 est
778 4904 1094 4976 imperfecte
1124 4913 1300 4972 erant,
1334 4919 1473 4976 quas
1505 4902 1716 4958 hostias
1745 4903 1993 4973 offerunt

391 5010 492 5066 per
521 4994 772 5064 singulos
801 5010 1000 5060 annos,
1054 5000 1106 5048 et
1136 4993 1238 5048 hoc
1268 4992 1675 5056 indesinenter,
1709 4990 1764 5045 id
1793 4998 1876 5045 est
1905 4990 1992 5046 vel

389 5080 622 5154 singulis
649 5081 949 5148 mensibus,
984 5082 1070 5136 vel
1101 5080 1330 5152 singulis
1361 5078 1819 5134 hebdomadibus.
1861 5080 1990 5146 Lex,

391 5169 633 5242 inquam,
658 5170 864 5226 eisdem
894 5169 1085 5225 hostiis
1116 5169 1274 5222 toties
1296 5167 1558 5238 repetitis,
1580 5183 1875 5239 nunquam
1901 5183 1992 5240 po-

394 5262 504 5315 test
552 5263 741 5330 lacere
771 5261 1053 5330 por/cetos
1098 5254 1428 5312 accedentes
1458 5255 1529 5310 ad
1568 5272 1654 5311 se.
1696 5254 1852 5324 Quod
1883 5271 1990 5311 non

389 5347 553 5403 faciat
581 5346 857 5418 perfectos
887 5347 1082 5417 probat
1111 5360 1211 5415 per
1241 5344 1363 5410 hoc,
1389 5344 1514 5415 quia
1545 5345 1590 5399 si
1612 5345 1775 5399 modo
1797 5345 1991 5402 immo-

391 5435 596 5490 lassent
619 5451 717 5506 pro
746 5434 929 5505 aliquo
969 5440 1216 5503 peccato,
1252 5441 1301 5488 et
1343 5435 1644 5488 secundum
1675 5433 1855 5507 legem
1888 5435 1991 5490 ah-

392 5524 757 5588 solverentur,
789 5521 857 5575 ab
909 5520 1001 5575 illo
1037 5537 1048 5576 :
1083 5538 1128 5574 sn
1177 5521 1369 5576 iterum
1423 5531 1735 5593 peccarent,
1792 5531 1844 5577 et
1891 5539 1990 5594 pro

393 5626 536 5670 novo
564 5616 791 5684 peccato
821 5608 1012 5665 iterum
1055 5608 1416 5680 immolarent,
1449 5609 1681 5670 faciebat
1728 5611 1992 5670 sacerdos

2095 4636 2288 4692 dicitur
2335 4635 2581 4690 Christus
2629 4637 2827 4701 homo,
2879 4635 2970 4706 qui
3017 4635 3072 4690 in
3122 4635 3427 4706 exemplum
3469 4636 3696 4704 justitiae

2093 4725 2370 4796 expositus
2399 4733 2483 4779 est
2531 4725 2800 4778 omnibus.
2838 4724 3006 4794 Caput
3038 4723 3162 4777 libri
3209 4722 3408 4779 dicitur
3440 4723 3695 4781 divinitas

2093 4813 2338 4867 habitans
2370 4812 2424 4866 in
2453 4813 2692 4878 Christo,
2742 4812 2882 4884 quod
2916 4812 3056 4883 regit
3088 4828 3211 4866 eum
3269 4812 3322 4865 in
3381 4812 3530 4866 omni
3559 4829 3694 4883 pcr—

2091 4901 2344 4957 fectione.
2407 4901 2502 4956 Vel
2563 4901 2617 4955 in
2655 4902 2831 4972 capite
2861 4900 3022 4965 libri,
3080 4900 3136 4954 id
3191 4912 3272 4954 est
3332 4899 3387 4953 in
3423 4900 3693 4971 principio

2093 4990 2325 5047 Genesis
2366 4990 2450 5046 vel
2500 4989 2742 5046 Psalterii
2786 4989 3045 5060 scriptum
3084 4996 3166 5044 est
3203 4988 3258 5042 in
3301 4988 3426 5060 lege
3474 4988 3695 5043 Domini

2092 5079 2342 5135 voluntas
2391 5079 2538 5148 ejus,
2591 5087 2695 5134 etc.
2745 5078 3032 5133 Prmmissa
3081 5077 3373 5134 auctoritas
3415 5078 3693 5149 quomodo

2090 5167 2444 5240 intelligenda
2491 5167 2596 5235 sit,
2649 5167 2847 5222 Paulus
2895 5166 3152 5237 exponit.
3211 5165 3286 5220 ita
3333 5166 3599 5236 Propheta
3636 5166 3693 5220 in

2090 5273 2224 5314 voce
2254 5257 2406 5324 Filii,
2457 5256 2646 5312 dicens
2677 5255 2925 5326 superius
2955 5255 3022 5310 ad
3055 5263 3362 5326 respectum
3390 5253 3691 5324 superioris

2088 5346 2272 5418 partis,
2305 5346 2380 5400 ait
2406 5345 2688 5417 superius.
2740 5343 2969 5409 Dicens,
3004 5343 3257 5414 inquam,
3293 5343 3416 5410 hoc,
3450 5342 3604 5414 quia,
3636 5342 3692 5396 id

2089 5444 2172 5490 est
2201 5435 2365 5506 quod,
2404 5443 2457 5488 tu
2490 5435 2663 5502 Pater,
2688 5434 2928 5489 noluisti
2949 5433 3260 5489 oblationes
3282 5435 3338 5487 et
3363 5432 3692 5486 holocausta

2089 5529 2144 5580 et
2172 5541 2276 5595 pro
2295 5527 2525 5596 peccato
2551 5565 2563 5588 ,
2613 5522 2667 5575 id
2700 5530 2782 5576 est
2803 5538 2918 5577 non
2933 5521 3246 5592 postulasti
3274 5521 3392 5574 haec
3424 5519 3495 5573 ab
3523 5518 3604 5573 eis
3635 5527 3696 5573 ut

2090 5612 2280 5668 fierent
2330 5611 2446 5679 tibi,
2497 5625 2598 5666 nec
2628 5609 2825 5682 (etiam
2856 5609 2901 5663 si
2937 5608 3140 5665 faciunt
3169 5606 3392 5678 injussi)
3423 5621 3533 5664 non
3564 5614 3694 5662 sunt
