3928 6414
202 352 310 406 545

829 351 1211 409 EXPOSITIO
1270 353 1344 408 IN
1396 351 1778 408 EPISTOLAS
1835 354 2058 410 PAULI.
2091 384 2160 396 --
2189 354 2265 410 IN
2319 353 2546 410 EPIST.
2609 354 2704 410 AD
2759 353 2923 409 HEB.

3427 353 3532 407 546

214 475 418 547 placita
448 476 575 532 tibi.
609 477 828 534 Diceret
869 476 1065 549 aliquis
1112 476 1344 533 fortasse
1379 493 1389 531 :
1417 479 1544 533 Ideo
1573 493 1680 532 non
1712 477 1833 548 pla-
1854 479 1910 539 Α
1939 477 2068 545 lem,
2103 479 2401 534 adhortans
2427 494 2521 534 eos
2542 478 2598 533 in
2628 477 2819 549 primis
2847 485 2906 532 ut
2932 492 3072 548 puro
3102 475 3270 533 corde
3297 475 3533 546 integri-

218 573 362 632 cent,
384 566 519 638 quia
546 582 660 622 non
689 565 822 621 fiunt
852 567 1230 622 ordinabiliter
1272 567 1570 622 secundum
1623 568 1827 639 legem.

227 654 309 708 Ad
339 654 447 710 hoc
478 655 877 710 removendum
908 655 983 708 ait
1020 670 1032 708 :
1066 657 1186 710 Non
1224 660 1361 710 sunt
1387 657 1605 728 placita
1639 658 1737 712 tibi
1767 673 1833 712 ea

226 758 348 814 qua:
373 742 702 814 offeruntur
743 744 1054 799 secundum
1088 745 1284 814 legem,
1317 743 1374 798 id
1414 753 1496 799 est
1540 745 1668 801 licet
1699 744 1832 799 ﬁant

230 831 533 887 secundum
564 831 704 904 legis
734 831 1120 886 institutionem
1144 839 1274 887 tunc
1316 833 1626 902 reprobatis
1673 833 1832 905 lega-

231 918 375 973 libus
404 919 600 974 hostiis
629 919 739 974 dixi
773 934 784 973 :
817 920 960 975 Ecce
991 919 1151 975 venio
1181 927 1236 974 ut
1269 918 1468 976 faciam
1499 921 1834 976 voluntatem

231 1016 401 1073 tuam,
434 1024 469 1062 ο
498 1009 668 1071 Deus,
701 1008 837 1073 haec,
889 1008 1133 1079 inquam,
1168 1009 1378 1064 dicens.
1409 1011 1469 1063 In
1519 1011 1601 1064 his
1650 1011 1834 1065 verbis

231 1098 427 1166 aufert
453 1097 709 1168 primum
739 1101 1171 1166 testamentum,
1207 1097 1276 1150 ita
1309 1102 1373 1152 ut
1402 1102 1648 1167 statuat,
1669 1098 1723 1152 id
1755 1107 1838 1153 est

227 1191 498 1254 perpetuo
520 1184 829 1238 durandum
869 1185 1108 1240 stabiliat
1149 1201 1404 1257 sequens,
1438 1187 1651 1241 Novum
1683 1187 1835 1242 scili-

226 1281 314 1328 cet
345 1273 770 1341 Testamentum,
814 1274 878 1328 in
919 1290 1029 1345 qua
1066 1275 1380 1340 voluntate,
1406 1274 1460 1328 id
1499 1283 1580 1330 est
1629 1275 1683 1328 in
1731 1289 1837 1346 quo

223 1361 384 1416 Novo
412 1362 760 1416 Testamento
791 1378 857 1416 ex
902 1361 1181 1417 voluntate
1242 1362 1344 1417 Dei
1393 1363 1702 1428 constituto,
1737 1380 1838 1418 nos

228 1466 429 1505 sumus
461 1450 829 1518 sanctiﬁcati,
865 1450 1135 1520 positione
1180 1450 1438 1505 virtutum
1469 1460 1593 1522 post
1641 1468 1837 1506 emun-

227 1537 508 1593 dationem
538 1537 826 1592 malorum.
847 1536 1177 1594 Sanctiﬁcati
1209 1539 1353 1605 dico,
1375 1556 1478 1610 per
1495 1540 1838 1596 oblationem

233 1628 447 1682 Christi
474 1628 640 1693 Jesu,
690 1626 745 1681 id
775 1635 856 1686 est
888 1643 988 1697 per
1018 1643 1217 1697 corpus
1249 1627 1446 1682 Christi
1477 1629 1719 1683 oblatum
1747 1646 1838 1685 se-

227 1716 365 1784 mel,
401 1715 454 1769 in
504 1731 614 1786 qua
645 1715 814 1770 semel
843 1715 986 1772 facta
1016 1716 1290 1771 oblatione
1321 1715 1601 1773 sufficiens
1639 1717 1738 1772 fuit
1772 1719 1838 1772 ad

232 1803 622 1875 purgationem
663 1803 904 1858 omnium
974 1804 1335 1859 macularum.

307 1891 624 1962 Opponeret
654 1892 851 1963 aliquis
884 1909 896 1947 :
934 1891 1271 1949 Sacrificium
1301 1893 1575 1964 pontiﬁcis
1607 1895 1730 1950 ideo
1762 1895 1840 1949 in-

231 1979 510 2035 sufficiens
531 1988 670 2049 erat,
695 1980 822 2052 quia
864 1981 1034 2036 semel
1076 1989 1282 2036 tantum
1332 1983 1386 2036 in
1443 1999 1587 2037 anno
1637 1982 1834 2049 fiebat;

232 2069 335 2124 sed
382 2068 700 2140 quotidiana
741 2068 1008 2126 sacriﬁcia
1059 2071 1357 2141 proderant
1401 2072 1470 2126 ad
1543 2071 1840 2128 auferenda

229 2166 481 2228 peccata.
516 2157 600 2212 Ad
659 2159 764 2214 hoc
807 2159 1199 2214 removendum
1239 2159 1313 2213 ait
1350 2178 1362 2214 :
1397 2160 1542 2214 Sicut
1603 2161 1844 2231 pontifex

231 2246 410 2302 semel
453 2245 596 2302 facto
643 2245 912 2302 sacriﬁcio
951 2245 1166 2302 auferre
1198 2257 1421 2318 peccata
1471 2265 1581 2303 non
1609 2258 1841 2320 poterat,

229 2335 318 2390 sic
347 2334 513 2390 etiam
553 2335 732 2389 omnis
781 2335 1004 2406 quidem
1051 2336 1248 2408 legalis
1306 2337 1569 2392 sacerdos
1599 2339 1850 2410 quotidie

232 2425 580 2480 ministrans
625 2428 831 2496 praesto
861 2428 944 2479 est
970 2439 982 2478 :
1017 2432 1068 2479 et
1097 2424 1214 2495 ipse
1245 2441 1394 2496 saepe
1436 2427 1736 2496 repetendo
1768 2445 1850 2482 re“

230 2511 424 2567 ferens
446 2513 673 2568 easdem
702 2513 912 2567 hostias
926 2513 1047 2567 heri
1073 2513 1306 2576 hircum,
1330 2514 1491 2569 hodie
1518 2514 1713 2569 iterum
1745 2514 1853 2569 hir-

240 2617 388 2666 cum,
424 2601 548 2672 quia
581 2601 720 2657 sicut
763 2616 872 2656 non
919 2600 1055 2667 heri,
1087 2601 1165 2657 sic
1212 2618 1316 2658 nec
1359 2603 1522 2658 hodie
1552 2603 1848 2674 proderat;

236 2687 501 2758 offerens,
561 2689 786 2761 inquam
817 2732 830 2756 ,
882 2690 1105 2744 easdem
1182 2691 1404 2759 hostias,
1460 2707 1580 2763 qum
1659 2692 1850 2747 hostize

241 2793 525 2848 nunquam
571 2785 800 2849 possunt
847 2777 1063 2834 auferre
1119 2788 1367 2850 peccata.
1447 2780 1693 2836 Pontifex
1754 2798 1850 2836 seu

237 2867 474 2938 quilibet
509 2867 768 2922 sacerdos
807 2866 1003 2938 legalis
1051 2877 1304 2937 repetens
1334 2868 1559 2936 hostias,
1621 2878 1849 2940 peccata

238 2955 430 3026 nequit
475 2955 690 3010 auferre
717 2998 729 3021 ,
763 2955 860 3010 sed
917 2955 1005 3011 hic
1049 2955 1290 3026 pontifex
1335 2957 1580 3012 Christus
1610 2958 1851 3029 offerens

243 3043 491 3099 hostiam
519 3060 630 3099 non
658 3043 958 3114 repetitam,
986 3045 1083 3099 sed
1121 3061 1297 3100 unam
1321 3045 1497 3101 solam
1524 3063 1627 3119 pro
1657 3064 1855 3118 pecca-

240 3132 318 3186 tis
349 3131 608 3200 omnium,
640 3133 813 3198 sedet,
850 3131 905 3186 id
937 3139 1018 3187 est
1047 3133 1278 3204 quiescit
1314 3141 1367 3188 et
1395 3142 1593 3207 regnat
1641 3135 1854 3206 positus

235 3221 306 3274 in
352 3219 609 3290 dextera,
636 3219 690 3275 id
721 3228 804 3275 est
833 3221 889 3275 in
918 3201 1230 3293 aequalitate
1260 3221 1360 3277 Dei
1389 3201 1560 3294 patris
1591 3201 1847 3279 sessurus
1885 3201 1930 3261 Ο

239 3307 320 3362 ibi
347 3310 411 3363 in
441 3310 874 3382 sempiternum.
899 3310 1017 3365 Nec
1046 3326 1364 3366 reversurus
1394 3320 1450 3366 ut
1479 3311 1675 3367 iterum
1706 3311 1846 3368 offe-

243 3404 346 3464 rat,
381 3397 534 3468 quasi
565 3397 745 3452 hostia
774 3397 890 3466 ejus
927 3396 1092 3453 fuerit
1129 3398 1480 3466 insufiiciens,
1515 3400 1615 3455 sed
1645 3401 1714 3456 de
1741 3419 1848 3456 cce-

245 3490 390 3551 tero,
441 3485 496 3540 id
525 3493 607 3541 est
638 3486 707 3541 de
735 3485 915 3542 futuro
945 3492 1285 3560 exspectans
1313 3487 1389 3542 ibi
1418 3489 1474 3543 in
1502 3489 1726 3544 dextera
1748 3491 1849 3546 Dei

241 3574 421 3629 donec
444 3574 666 3630 inimici
687 3576 809 3646 ejus
827 3579 1120 3646 ponantur
1147 3575 1454 3632 scabellum
1472 3579 1681 3649 pedum
1702 3580 1845 3650 ejus,

242 3663 302 3717 id
332 3671 415 3717 est
452 3661 599 3718 omni
628 3663 792 3718 modo
822 3664 1178 3733 subjectionis
1206 3664 1565 3734 subjiciantur
1596 3665 1669 3734 ei,
1701 3667 1850 3738 quod

243 3751 486 3806 futuram
507 3751 670 3807 estin
693 3751 781 3806 die
821 3751 1032 3821 judicii.
1098 3750 1346 3808 Of’ferens
1391 3753 1624 3809 hostiam
1665 3772 1845 3822 unam,

247 3839 377 3894 ideo
407 3855 588 3906 unam,
609 3842 742 3913 quia
765 3857 882 3896 una
909 3841 1024 3896 sola
1058 3841 1338 3899 oblatione
1359 3843 1765 3912 sanctiﬁcavit,
1800 3853 1852 3899 et

246 3929 639 3998 sanctiﬁcatos
698 3929 956 3984 virtutum
1018 3929 1355 4000 perfectione
1411 3934 1848 4001 consummavit,

246 4033 643 4088 permansuros
663 4018 727 4072 in
755 4019 1196 4089 sempiternum.
1234 4019 1350 4075 Nos
1371 4019 1591 4092 quidem
1621 4020 1852 4077 dicimus

250 4105 526 4161 Christum
555 4121 664 4161 una
711 4105 983 4162 oblatione
1015 4105 1384 4164 sanctiﬁcatos
1413 4125 1848 4166 consummasse.

250 4196 313 4249 In
352 4195 456 4250 hoc
513 4202 697 4250 autem
743 4199 1122 4262 contestatur,
1153 4195 1206 4250 id
1251 4204 1334 4252 est
1383 4195 1673 4254 confirmat
1718 4217 1852 4268 nos;

251 4283 398 4338 idem
428 4283 714 4340 nobiscum
762 4281 1043 4339 affirmans
1093 4283 1255 4340 etiam
1317 4286 1565 4358 Spiritus
1597 4292 1851 4358 sanctus,

253 4372 388 4445 quia
434 4376 733 4445 postquam
771 4371 923 4428 dixit
965 4372 1020 4426 in
1071 4373 1306 4428 Jeremia
1339 4391 1352 4428 :
1391 4375 1495 4430 Hoc
1543 4380 1736 4431 autem
1768 4380 1853 4432 est

253 4464 664 4516 testamentum
719 4461 863 4534 quod
915 4461 1161 4517 testabor
1188 4462 1262 4518 ad
1299 4463 1448 4530 illos,
1474 4467 1531 4520 et
1579 4463 1680 4520 hoc
1713 4465 1852 4520 dicit

1867 1835 1918 1895 B

1933 576 2098 623 tatem
2127 567 2253 622 fidei
2276 575 2495 623 teneant
2522 587 2536 634 ;
2568 576 2620 623 et
2649 567 2695 622 si
2724 567 3000 623 incumbat
3029 565 3308 638 persequi,
3333 565 3536 620 audac-

1934 664 2016 711 ter
2077 655 2458 726 conﬁteantur,
2493 657 2794 730 gaudentes
2822 655 2935 726 pati
2985 671 3086 726 pro
3116 655 3352 722 Christo,
3372 661 3424 709 et
3454 653 3536 710 sic

1935 745 1991 799 in
2020 743 2146 811 ﬁde,
2181 753 2232 800 et
2263 745 2609 801 confessione
2650 743 2866 798 ﬁrmam
2896 760 3047 814 spem
3078 743 3337 799 habeant.
3377 742 3536 798 Unde

1935 833 2013 888 sic
2043 833 2113 888 ait
2148 851 2160 887 :
2195 832 2336 902 Quia
2362 833 2611 905 pontifex
2641 833 2888 888 Christus
2919 833 3089 887 semel
3120 831 3358 887 offerens
3388 847 3538 886 sanc-

1937 922 2102 977 tificat
2159 931 2405 989 veteres,
2463 938 2566 978 nec
2611 921 2938 994 quotidianis
2970 919 3252 976 sacriﬁciis
3292 919 3534 976 399

1937 1011 2199 1082 prodesse
2228 1019 2476 1080 possunt.
2531 1012 2724 1083 Itaque
2752 1013 2987 1081 fratres,
3022 1024 3124 1065 nos
3165 1009 3433 1065 habentes
3469 1009 3536 1077 ﬁ-

1937 1101 2167 1155 duciam
2191 1102 2252 1154 in
2282 1101 2550 1165 introitu,
2583 1099 2638 1153 id
2669 1106 2750 1153 est
2794 1099 2862 1153 de
2918 1098 3137 1152 introitu
3183 1103 3534 1165 sanctorum,

1940 1187 2146 1242 scilicet
2175 1188 2320 1259 quod
2355 1204 2450 1242 nos
2469 1188 2670 1243 Sancta
2691 1195 3004 1242 sanctorum
3025 1202 3150 1242 vere
3171 1185 3533 1242 introibimus.

1940 1277 2236 1342 Habentes,
2262 1276 2405 1341 dico,
2443 1275 2698 1331 fiduciam
2727 1276 2790 1330 in
2820 1276 3095 1347 sanguine
3119 1275 3348 1342 Christi,
3375 1291 3537 1347 quem

1939 1365 2111 1420 semel
2142 1364 2378 1420 offerens
2400 1381 2496 1435 pro
2528 1373 2713 1420 nostra
2742 1364 3124 1419 emundatione
3156 1363 3292 1419 fudit
3325 1381 3339 1418 :
3373 1379 3536 1436 quem

1940 1453 2114 1517 viam,
2149 1453 2202 1508 id
2234 1461 2316 1508 est
2345 1453 2620 1508 introitum
2662 1460 2974 1508 sanctorum
3021 1454 3173 1507 viam
3219 1452 3343 1508 dico
3371 1469 3536 1521 nova,

1941 1541 1994 1596 id
2026 1551 2106 1596 est
2164 1541 2378 1597 noviter
2433 1543 2486 1596 in
2546 1541 2762 1596 Christo
2808 1549 3106 1597 reseratam
3165 1541 3348 1610 (nemo
3375 1541 3541 1596 etiam

1943 1638 2066 1685 ante
2097 1630 2374 1686 Christum
2404 1630 2704 1685 ambulavit
2729 1630 2868 1684 banc
2898 1629 3042 1685 viam
3070 1646 3239 1702 quam
3280 1630 3540 1685 initiavit

1942 1722 2099 1775 nobis
2129 1719 2431 1788 Christus.)
2454 1719 2608 1774 Viam
2625 1734 2820 1774 novam
2841 1722 2897 1773 et
2917 1721 3219 1786 viventem,
3243 1717 3296 1772 id
3324 1726 3406 1772 est
3421 1734 3543 1788 per-

1943 1808 2229 1862 durantem
2259 1807 2315 1861 in
2359 1816 2644 1862 aeternum.
2708 1806 2941 1862 lnitiavit
2965 1806 3088 1862 dico
3130 1824 3234 1878 per
3261 1808 3540 1873 velamen,

1941 1897 1997 1952 id
2028 1905 2109 1951 est
2138 1913 2239 1967 per
2270 1895 2634 1969 significatum
2690 1895 2835 1950 illius
2889 1895 3194 1960 velaminis,
3230 1895 3376 1968 quod
3434 1895 3542 1951 duo

1942 1985 2292 2041 tabernacula
2333 1985 2628 2050 dividebat,
2663 1984 2715 2038 id
2776 1992 2857 2038 est
2913 2000 3015 2054 per
3071 2000 3303 2040 carnem
3342 2001 3534 2040 suam.

1944 2074 2202 2129 Velamen
2236 2073 2380 2128 enim
2411 2073 2544 2127 illud
2575 2073 2721 2144 quod
2753 2073 2952 2129 Sancta
3000 2081 3311 2129 sanctorum
3353 2072 3545 2136 occul-

1944 2158 2115 2223 tabat,
2159 2173 2379 2213 carnem
2427 2157 2661 2222 Christi,
2697 2175 2818 2229 qum
2875 2158 3132 2213 deitatem
3193 2157 3295 2212 sibi
3339 2157 3546 2212 unitam

1945 2246 2181 2313 velabat,
2232 2245 2641 2318 praeﬁgurabat.
2676 2247 2852 2312 Unde,
2885 2247 3167 2317 expirante
3221 2245 3433 2302 Christo
3488 2245 3546 2300 in

1948 2351 2111 2390 cruce
2139 2335 2525 2390 consummatis
2557 2335 2828 2402 omnibus,
2850 2335 3084 2390 scissum
3108 2342 3189 2389 est
3210 2333 3390 2389 velum
3413 2341 3545 2390 tem-

1947 2423 2020 2493 pli
2054 2424 2273 2493 (Matth.
2310 2438 2472 2492 xxvr,
2507 2425 2567 2476 51
2601 2424 2801 2487 ςΜανι.
2834 2438 2926 2489 xv,
2951 2427 3053 2488 38;
3085 2425 3200 2478 Luc
3233 2437 3397 2491 xxm,
3429 2425 3542 2492 45),

1947 2510 2266 2584 significans
2297 2519 2542 2581 apertam
2578 2527 2700 2566 esse
2723 2512 2868 2566 viam
2896 2511 2952 2565 in
2983 2511 3193 2566 Christo
3221 2510 3460 2565 intrandi
3488 2509 3545 2565 in

1951 2601 2147 2656 Sancta
2177 2607 2516 2654 sanctorum.
2544 2600 2643 2655 Vel
2670 2600 2740 2654 ita
2769 2599 2994 2654 initiavit
3051 2599 3209 2655 nobis
3256 2599 3400 2654 viam
3448 2615 3547 2671 per

1949 2688 2217 2754 velamen,
2250 2688 2304 2742 id
2334 2697 2417 2742 est
2447 2705 2546 2758 per
2576 2703 2795 2743 carnem
2836 2704 3013 2754 suam,
3056 2689 3208 2757 cujus
3237 2703 3462 2744 carnem
3493 2695 3546 2743 et

1949 2777 2272 2848 sanguinem
2293 2776 2348 2830 in
2373 2791 2601 2832 accessu
2631 2776 2820 2832 mortis
2849 2776 3148 2848 accipimus
3190 2775 3447 2832 viaticum
3476 2775 3545 2832 ad

1949 2865 2198 2937 patriam.

2023 2954 2255 3009 Carnem
2288 2954 2410 3011 dico
2433 2962 2486 3009 et
2513 2953 2838 3024 sanguinem
2883 2954 3066 3025 specie
3103 2953 3261 3026 panis
3290 2953 3545 3009 velatam.

1951 3043 2184 3098 lnitiavit
2222 3043 2380 3098 nobis
2411 3060 2512 3114 per
2539 3059 2759 3099 carnem
2789 3059 2962 3109 suam,
2997 3051 3050 3098 et
3078 3059 3178 3114 per
3206 3059 3264 3098 se
3294 3045 3551 3101 sacerdo-

1955 3135 2069 3187 tem
2100 3132 2340 3203 quotidie
2371 3132 2585 3186 Patrem
2613 3147 2715 3202 pro
2753 3131 2913 3186 nobis
2947 3131 3403 3203 interpellantem.
3443 3131 3548 3186 Sa-

1948 3220 2227 3276 cerdotem
2254 3220 2378 3276 dico
2396 3235 2667 3292 magnum
2688 3219 2756 3274 ad
2775 3220 3242 3290 comparationem
3262 3219 3546 3292 legalium.

1950 3310 2209 3382 Magnum
2237 3309 2362 3365 dico
2392 3311 2773 3365 constitutum
2795 3325 2965 3380 super
2985 3311 3218 3365 Domum
3237 3310 3355 3374 Dei,
3381 3308 3437 3363 id
3467 3316 3552 3364 est

1951 3405 2277 3468 praesentem
2339 3404 2391 3452 et
2433 3397 2671 3451 futuram
2731 3395 3054 3452 Ecclesiam.
3113 3398 3247 3464 Nos,
3304 3397 3546 3468 inquam,

1950 3485 2168 3554 fratres,
2200 3485 2465 3540 habentes
2509 3485 2672 3540 talem
2702 3483 2953 3541 ﬁduciam
2995 3486 3348 3552 accedamus,
3381 3485 3438 3539 id
3467 3493 3553 3541 est

1950 3573 2391 3646 approximemus
2421 3573 2490 3628 ad
2543 3573 2834 3629 Dominum
2864 3590 2994 3629 cum
3014 3590 3141 3629 vero
3168 3573 3350 3639 corde,
3383 3573 3438 3627 id
3467 3581 3553 3629 est

1951 3679 2074 3720 cum
2124 3669 2276 3719 recta
2306 3662 2663 3734 intelligentia
2693 3663 2756 3717 in
2789 3662 3150 3734 plenitudine
3179 3662 3339 3730 ﬁdei,
3362 3661 3418 3716 id
3467 3669 3553 3718 est

1951 3752 2219 3808 habentes
2253 3749 2436 3817 ﬁdem,
2475 3767 2586 3806 non
2617 3751 2685 3804 de
2717 3750 3045 3822 quibusdam
3077 3757 3302 3820 tantum,
3353 3750 3451 3806 sed
3482 3750 3554 3806 de

1953 3839 2205 3896 omnibus
2237 3839 2528 3896 credendis
2554 3839 2876 3910 plenariam.
2911 3839 3274 3908 Accedamus,
3308 3837 3551 3911 inquam,

1952 3931 2173 4001 aspersi
2193 3929 2379 3996 corda,
2413 3929 2469 3983 id
2500 3936 2582 3983 est
2618 3929 2886 3983 habentes
2932 3927 3192 3983 mundata
3222 3928 3411 3998 corda,
3443 3943 3558 3984 non

1954 4013 2129 4069 solum
2159 4030 2189 4067 a
2206 4020 2452 4084 peccato,
2469 4012 2566 4067 sed
2588 4011 2754 4068 etiam
2774 4029 2808 4067 a
2829 4012 2986 4067 mala
3006 4013 3380 4079 conscientia,
3406 4011 3556 4083 quod

1954 4117 2057 4159 nec
2110 4101 2399 4171 cujuslibet
2451 4100 2577 4154 mali
2636 4099 2970 4157 conscientia
3018 4115 3120 4156 nos
3178 4099 3468 4167 mordeat;
3500 4104 3559 4156 et

1954 4191 2138 4247 abluti
2165 4207 2367 4263 corpus
2397 4205 2543 4262 aqua
2575 4189 2811 4257 munda,
2844 4188 2901 4244 id
2927 4197 3011 4244 est
3067 4188 3331 4244 habentes
3358 4187 3558 4260 puriﬁ-

1955 4287 2130 4335 catam
2168 4294 2391 4334 carnem
2438 4277 2708 4348 baptismo
2764 4277 3061 4332 mundante
3088 4293 3209 4342 nos,
3261 4281 3558 4334 teneamus

1954 4383 2123 4439 Opere
2136 4375 2188 4423 et
2207 4367 2370 4423 corde
2387 4367 2801 4437 confessionem
2824 4385 2842 4433 ;
2875 4365 3019 4438 quod
3042 4366 3088 4419 si
3108 4365 3368 4437 ingruant
3387 4365 3553 4436 mala,

1956 4456 2083 4511 inde
2113 4471 2223 4511 non
2253 4454 2610 4510 formidemus
2639 4454 2763 4510 ideo
2793 4453 3039 4509 conﬁteri
3085 4453 3378 4509 Christum.
3412 4453 3558 4509 Con-

254 4549 529 4605 Dominus
559 4569 578 4605 :
605 4553 734 4621 post
760 4549 878 4605 dies
900 4551 1029 4606 illos
1059 4550 1196 4606 dabo
1230 4550 1376 4622 leges
1403 4567 1557 4606 mea:
1585 4554 1649 4608 in
1680 4552 1854 4610 cordi-
1873 4559 1925 4618 D
1954 4545 2252 4600 fessionem
2281 4544 2403 4599 dico
2437 4541 2920 4608 indeclinabilem,
2963 4543 3108 4614 quod
3135 4557 3240 4598 nec
3267 4541 3324 4596 in
3362 4541 3559 4599 dexte-

257 4638 360 4694 bus
389 4653 606 4704 eorum,
640 4641 697 4693 et
725 4639 1138 4711 superscribam
1169 4655 1264 4695 eas
1295 4640 1360 4694 in
1398 4644 1591 4696 monte
1640 4657 1854 4698 eorum.

255 4728 554 4798 Postquam
586 4727 691 4782 hoc
729 4725 878 4797 dixit,
938 4727 1182 4797 adjunxit
1239 4727 1471 4799 Spiritus
1508 4737 1726 4786 sanctus
1759 4748 1772 4785 :
1807 4737 1861 4786 et

247 4815 366 4885 jam
395 4816 644 4888 amplius
669 4831 784 4873 non
819 4815 1151 4873 recordabar
1174 4820 1564 4889 peccatorum,
1597 4817 1858 4890 iniquita-

255 4913 372 4960 tum
399 4919 617 4960 eorum.
653 4903 715 4958 In
759 4903 843 4958 his
884 4911 1066 4960 autem
1094 4903 1277 4961 verbis
1317 4913 1651 4962 contestatur
1681 4907 1860 4978 Spiri-

251 5001 339 5049 tus
367 5001 591 5049 sanctus
616 5007 783 5048 unam
811 4991 1139 5049 oblationem
1189 5009 1604 5051 consummasse
1653 4996 1860 5053 sancti-

250 5082 440 5139 ﬁcatos
470 5100 484 5138 :
520 5081 649 5154 quia
678 5080 778 5137 ubi
797 5085 882 5138 est
898 5086 1263 5154 peccatorum
1283 5085 1563 5151 remissio,
1589 5085 1718 5156 jam
1743 5101 1863 5142 non

255 5178 337 5229 est
359 5170 687 5229 necessaria
714 5169 922 5226 oblatio
947 5187 1052 5244 pro
1079 5175 1332 5244 peccato.

318 5263 618 5334 Postquam
681 5274 780 5330 per
837 5257 1174 5330 pontificium
1230 5259 1470 5328 Christi,
1529 5259 1864 5318 sufficienter

249 5359 404 5408 vetus
433 5345 788 5424 pontiﬁcium
832 5347 1120 5418 destruxit,
1152 5355 1208 5403 et
1260 5357 1441 5404 vetera
1472 5349 1740 5406 sacriﬁcia
1771 5366 1863 5407 re-

239 5442 494 5515 probata,
531 5446 588 5494 et
621 5436 680 5491 in
711 5433 979 5492 sacriﬁcio
1017 5435 1220 5492 Christi
1274 5437 1445 5493 semel
1501 5433 1706 5506 oblato,
1738 5455 1863 5495 om-

234 5549 359 5590 nem
413 5523 884 5603 justificationem
941 5524 1243 5582 consistere
1300 5525 1594 5598 perhibuit,
1657 5526 1865 5584 faciens

233 5622 404 5683 ﬁnem
435 5620 512 5678 de
545 5613 890 5686 hujusmodi,
924 5613 1119 5672 transit
1146 5613 1215 5671 ad
1243 5613 1660 5674 instructionem
1686 5631 1867 5674 mora-

1957 4651 2072 4689 ram
2117 4633 2488 4701 declinemus,
2524 4646 2628 4688 nec
2664 4631 2734 4686 ad
2763 4630 3061 4698 sinistram,
3114 4646 3235 4702 quae
3281 4629 3558 4689 confessio

1959 4731 2042 4780 est
2063 4738 2233 4780 causa
2254 4725 2466 4778 nostra:
2487 4721 2626 4794 spei.
2651 4720 2708 4776 Si
2730 4719 2875 4776 enim
2905 4718 3070 4774 ﬁdem
3102 4717 3300 4775 Christi
3330 4718 3387 4774 in
3417 4734 3559 4776 con-

1959 4821 2150 4885 spectu
2169 4819 2582 4884 persecutorum
2613 4825 2724 4865 non
2753 4808 3092 4864 timuerimus
3130 4805 3398 4878 conﬁteri,
3431 4814 3561 4866 tunc

1959 4919 2062 4974 pro
2083 4909 2236 4957 certo
2255 4915 2481 4973 sperare
2502 4914 2794 4971 possumus
2813 4897 3052 4953 futuram
3081 4896 3316 4969 gloriam
3336 4897 3559 4954 sanctis.

1961 4992 2181 5048 Diceret
2210 4989 2301 5045 ille
2335 5005 2350 5046 :
2384 4988 2521 5059 Quis
2553 4987 2759 5056 tandiu,
2793 4995 2846 5043 et
2866 4995 3014 5042 tanta
3042 4985 3344 5054 tolerando,
3374 4994 3567 5058 posset

1961 5095 2179 5152 sperare
2204 5095 2322 5134 rem
2371 5078 2599 5134 fortasse
2652 5091 2930 5148 nunquam
2967 5075 3316 5131 habendam?
3343 5075 3430 5130 Ad
3455 5075 3565 5132 hoc

1961 5168 2160 5224 Paulus
2194 5185 2207 5222 :
2240 5167 2296 5222 Si
2329 5167 2589 5223 audacter
2616 5163 2972 5232 conﬁtemini,
3004 5163 3153 5221 salva
3197 5179 3325 5236 spes
3354 5170 3440 5220 est
3466 5178 3565 5221 vo-

1962 5257 2066 5329 bis,
2089 5257 2222 5330 quia
2251 5257 2400 5311 Deus
2429 5259 2514 5312 est
2546 5255 2732 5324 ﬁdelis
2759 5262 2813 5310 et
2841 5253 3060 5310 mentiri
3099 5267 3207 5309 non
3236 5259 3436 5324 potest,
3467 5254 3566 5326 qui

1963 5346 2288 5420 repromisit
2319 5343 2702 5400 conﬁtentibus
2739 5359 2799 5398 se
2846 5342 2988 5398 bona
3017 5357 3138 5415 quae
3165 5340 3416 5413 speratis.
3449 5341 3564 5398 Te-

1963 5451 2192 5492 neamus
2221 5433 2625 5491 confessionem
2654 5436 2712 5489 et
2756 5431 3176 5488 consideremus
3211 5431 3476 5498 invicem,
3506 5429 3566 5485 id

1965 5532 2048 5580 est
2076 5524 2213 5580 alter
2241 5522 2491 5590 alterum,
2523 5537 2633 5578 non
2663 5521 2719 5576 in
2760 5519 2934 5592 litigio
2973 5527 3028 5575 et
3055 5518 3388 5576 detractione
3420 5534 3434 5573 :
3464 5517 3566 5574 sed

1965 5614 2029 5671 in
2034 5615 2430 5687 provocatione
2445 5611 2750 5669 charitatis
2769 5613 2828 5668 et
2846 5610 3116 5668 bonorum
3135 5621 3387 5681 operum,
3411 5605 3469 5662 id
3480 5612 3564 5664 cst
