3928 6440
425 327 532 385 54⁵7

958 321 1015 378 8.
1055 320 1412 379 BRUNONIS
1441 320 2089 380 CARTHUSIANORUM
2132 321 2619 383 INSTITUTOBJS
2660 324 2814 384 OPP.
2862 326 3040 384 PARS
3084 328 3154 384 Il.

3612 330 3711 386 548

421 450 561 505 alter
588 447 837 519 exemplo
866 446 1084 501 alterius
1133 454 1460 518 provocetur
1488 447 1560 503 ad
1588 447 1933 505 dilectionem
1963 456 2017 505 et
2042 452 2098 513 Α
2118 448 2347 520 gratiam
2404 450 2597 521 attulit,
2640 450 2767 507 licet
2808 467 3100 523 peccemus
3126 496 3138 519 ,
3169 468 3279 507 non
3338 459 3543 507 tantum
3604 469 3712 508 non

427 539 498 595 ad
518 539 656 593 bene
677 534 1033 607 operandam.

492 628 626 691 Nos,
658 625 802 690 dico,
828 640 939 680 non
963 624 1282 680 deserentes
1311 625 1703 681 collectionem
1732 628 2010 689 nostram,

426 715 481 770 id
500 722 580 770 est
610 712 1095 785 congregationem
1141 713 1424 779 Ecclesiae,
1456 713 1655 769 timore
1709 712 2019 786 urgentium

424 810 834 875 persecutorum
865 800 1059 866 territi,
1093 802 1241 857 sicut
1261 806 1345 857 est
1361 802 1789 858 consuetudinis
1803 801 2023 873 quibus-

422 892 573 957 dam,
603 898 657 946 ut
693 912 714 936 α
751 890 821 944 ad
850 897 1063 960 tempus
1085 890 1323 956 credant,
1358 898 1411 945 et
1441 889 1496 943 in
1544 898 1789 961 tempore
1836 895 2018 944 tenta-

422 980 583 1035 tionis
638 978 899 1033 recedant
952 977 1109 1048 (Luc.
1144 993 1265 1045 vm,
1320 980 1427 1047 l3).
1467 998 1489 1027 ι
1522 979 1645 1033 Νοιι
1675 978 2013 1041 deserentes,

419 1070 512 1124 sed
541 1068 897 1124 consolantes
920 1065 1295 1121 collectionem
1317 1066 1611 1133 Ecclesiae;
1647 1070 1806 1122 tanto
1837 1067 2018 1136 magis

419 1156 736 1211 laborantes
767 1154 823 1208 in
852 1154 977 1221 hoc,
1011 1158 1220 1227 quanto
1252 1156 1500 1226 amplius
1530 1154 1786 1209 videritis
1815 1168 2017 1225 appro-

420 1248 795 1318 pinquantem
816 1243 962 1297 diem
1001 1243 1218 1297 mortis.
1258 1242 1357 1297 Vel
1386 1242 1461 1297 ita
1514 1258 1873 1313 provocemus
1903 1240 2015 1296 fra-

416 1342 525 1389 tres
556 1333 625 1387 ad
653 1332 995 1398 charitatem,
1029 1347 1137 1385 non
1169 1332 1484 1386 deserentes
1513 1330 1887 1386 collectionem
1910 1345 2014 1384 no-

420 1430 613 1489 stram,
646 1420 702 1475 id
732 1427 815 1474 est
847 1420 892 1473 si
929 1419 1277 1490 peccaverint
1314 1417 1508 1473 fratres
1534 1461 1547 1486 ,
1605 1434 1713 1473 non
1762 1418 1885 1473 ideo
1917 1434 2014 1472 su-

415 1510 587 1581 perbe
620 1508 967 1581 indignantes
998 1524 1310 1578 separemur
1347 1506 1418 1561 ab
1448 1506 1547 1575 eis,
1585 1506 1723 1560 sicut
1753 1508 1835 1560 est
1876 1521 2014 1561 con-

417 1597 720 1654 suetudinis
749 1595 1105 1668 quibusdam,
1132 1604 1190 1650 ut
1225 1594 1431 1650 labenti
1468 1593 1617 1649 fratri
1649 1594 2015 1666 dedignentur

420 1685 689 1757 compati;
722 1684 819 1738 sed
850 1683 1197 1739 consolantes
1242 1692 1483 1739 nostram
1523 1682 1926 1747 collectionem,
1960 1689 2014 1736 et

2122 538 2417 604 damnabit,
2454 540 2552 593 sed
2581 538 2903 612 indulgebit.
2938 542 3021 595 Ad
3049 542 3153 597 hoc
3175 541 3713 597 removendumPau-

2121 626 2207 681 lus
2238 627 2430 698 probat
2457 626 2730 682 Christum
2762 644 2885 683 esse
2908 629 3169 698 judicem,
3201 646 3304 685 nec
3362 639 3588 701 prOpter
3615 630 3714 685 mi-

2122 715 2474 771 sericordiam
2504 716 2813 772 deseruisse
2837 716 3121 786 judicium,
3156 717 3345 773 dicens
3378 734 3392 773 :
3425 719 3567 774 Vere
3587 734 3712 774 con-

2121 804 2344 859 culcans
2374 804 2566 859 Filium
2613 805 2733 870 Dei,
2782 805 3056 862 deteriora
3108 807 3359 878 patietur.
3421 807 3529 863 Nos
3561 809 3712 863 enim

2118 894 2327 948 scimus
2361 908 2482 947 eum
2512 894 2608 966 qui
2646 894 2802 950 dixit
2847 894 2953 950 hoc
2981 895 3036 948 in
3066 895 3493 950 Deuteronomio
3521 895 3708 966 (Deut.

2117 994 2296 1050 χχχιι,
2330 981 2423 1051 35)
2461 997 2473 1036 :
2507 982 2642 1037 Mihi
2674 990 2951 1038 reservate
2995 983 3327 1050 vindictam,
3360 983 3407 1037 si
3431 984 3712 1054 proximus

2116 1077 2327 1139 peccat,
2362 1084 2487 1124 mea
2541 1078 2623 1125 est
2657 1069 2789 1125 ultio
2843 1069 2899 1124 in
2949 1070 3274 1141 proximum,
3309 1074 3366 1127 et
3418 1087 3515 1143 ego
3544 1072 3713 1127 retri-

2117 1155 2285 1211 buam
2315 1159 2415 1224 eis,
2465 1158 2521 1212 in
2553 1164 2798 1228 tempore
2851 1173 2948 1229 pro
2996 1158 3160 1213 modo
3208 1158 3417 1214 delicti.
3477 1158 3637 1227 Quod
3667 1156 3711 1212 si

2114 1260 2344 1315 peccare
2372 1245 2429 1299 in
2484 1246 2791 1316 proximum
2839 1262 2950 1301 non
2986 1246 3191 1301 deserit
3218 1246 3478 1314 inultum,
3513 1254 3712 1318 quanto

2113 1333 2293 1405 magis
2340 1349 2571 1404 peccare
2621 1334 2677 1388 in
2733 1334 3012 1405 seipsum?
3042 1336 3111 1389 Et
3168 1337 3378 1391 iterum
3438 1334 3712 1404 Scriptura

2113 1421 2429 1492 approbans
2453 1422 2718 1491 judicium
2748 1422 2849 1477 Dei
2877 1422 2949 1476 ait
2985 1437 2997 1476 :
3038 1424 3179 1491 Quia
3214 1422 3497 1495 judicabit
3527 1423 3710 1478 Domi-

2118 1526 2228 1564 nus
2245 1512 2520 1582 populum
2550 1528 2739 1566 suum.
2772 1512 2844 1565 Et
2874 1510 2997 1583 quia
3027 1511 3290 1566 Dominus
3307 1510 3557 1581 judicans
3587 1509 3711 1564 red-

2112 1598 2205 1653 det
2223 1598 2515 1671 unicuique
2543 1599 2835 1655 vindictam
2884 1599 3115 1670 peccati,
3146 1599 3327 1655 videte
3355 1615 3425 1654 ne
3472 1597 3709 1670 peccetis

2112 1686 2181 1740 ait
2213 1686 2411 1741 Paulus
2431 1729 2445 1755 ,
2476 1687 2605 1760 quia
2640 1688 2985 1743 horrendum
3016 1692 3098 1743 est
3128 1688 3379 1743 incidere
3407 1689 3470 1743 in
3501 1702 3710 1743 manus

418 1782 567 1830 tanto
587 1773 764 1869 magis
792 1788 892 1869 per
921 1771 1357 1869 compassionem
1377 1778 1630 1869 revocate
1651 1786 1747 1826 eos
1768 1769 2007 1869 a'malis,
2041 1810 2094 1869 B
2114 1776 2212 1830 Dei
2241 1776 2516 1845 viventis,
2549 1774 2606 1830 id
2644 1784 2728 1830 est
2757 1791 3092 1848 quacunque
3121 1775 3234 1831 vult
3262 1775 3524 1846 potentis.

421 1869 621 1936 quanto
649 1860 895 1917 videritis
950 1860 1472 1931 appropinquantem
1516 1860 1660 1915 diem
1702 1858 2011 1914 retributio-

419 1951 526 2006 nis.
561 1948 714 2005 Malis
760 1949 923 2013 male,
960 1948 1115 2002 bonis
1146 1947 1311 2003 bene.
1359 1948 1489 2003 Ideo
1537 1956 1816 2003 teneamus
1846 1945 2010 2001 ﬁdem

415 2048 469 2095 et
489 2037 890 2096 confessionem
902 2053 1008 2092 non
1024 2037 1340 2092 deserentes
1352 2035 1727 2092 collectionem
1744 2043 2005 2090 nostram.

415 2128 547 2183 Haec
562 2126 742 2182 omnia
755 2124 1015 2197 praedicta
1035 2124 1158 2180 ideo
1176 2124 1452 2191 faciamus,
1468 2126 1564 2197 qui
1593 2125 1751 2180 nobis
1771 2140 2009 2196 peccan-

417 2215 564 2272 tibus
585 2216 926 2281 voluntarie,
949 2212 1004 2268 id
1026 2221 1108 2268 est
1153 2230 1219 2268 ex
1249 2212 1526 2269 voluntate
1556 2220 1609 2267 et
1656 2212 1877 2283 propria
1907 2211 2008 2266 de-

412 2304 736 2360 liberatione
765 2303 823 2357 in
868 2310 1094 2373 peccato
1149 2301 1513 2367 manentibus,
1542 2306 1671 2373 post
1717 2304 2009 2372 acceptam

415 2394 687 2449 notitiam
708 2392 991 2461 veritatis,
1023 2391 1078 2446 id
1108 2398 1191 2445 est
1211 2398 1500 2462 postquam
1522 2389 1790 2444 Christum
1812 2388 1901 2460 qui
1926 2394 2010 2443 est

410 2480 533 2553 ipsa
589 2481 789 2537 veritas
848 2479 1226 2550 cognovimus,
1294 2478 1567 2550 ﬁdemque
1619 2477 2005 2548 suscepimus:

407 2570 455 2624 si
484 2569 733 2624 voluntas
769 2568 1039 2639 peccandi
1068 2567 1328 2639 perdurat
1363 2567 1419 2621 in
1447 2567 1623 2635 nobis,
1642 2568 1769 2637 jam
1789 2582 1906 2620 non
1926 2580 2013 2621 re-

410 2658 711 2731 linquitur,
747 2656 881 2711 nihil
911 2655 1153 2726 proderit
1181 2654 1338 2710 nobis
1360 2655 1605 2709 Christus
1634 2653 1809 2710 factus
1829 2652 2008 2707 hostia

406 2761 509 2817 pro
533 2745 771 2816 peccatis
792 2743 1058 2799 delendis.
1088 2743 1184 2800 Vel
1217 2743 1293 2798 ita
1313 2744 1427 2813 jam
1485 2760 1601 2799 non
1634 2744 2002 2814 relinquitur,

403 2834 462 2889 id
490 2840 573 2889 est
602 2849 712 2889 non
739 2840 1051 2888 reservatur
1088 2832 1372 2899 Christus;
1406 2840 1461 2886 ut
1505 2847 1607 2903 pro
1635 2831 1834 2886 iterum
1875 2846 2006 2901 pec-

405 2922 668 2989 cantibus,
702 2920 899 2976 iterum
919 2919 1013 2975 ﬁat
1034 2920 1218 2976 hostia
1235 2936 1337 2992 pro
1363 2922 1633 2992 peccatis.
1658 2919 1762 2975 Sed
1776 2919 1882 2975 hoc
1909 2934 2005 2973 re-

402 3010 664 3082 linquitur
690 3008 873 3074 nobis,
907 3008 1134 3075 scilicet,
1167 3008 1422 3080 quaedam
1450 3006 1697 3062 400
1732 3006 2004 3062 terribilis

404 3098 758 3171 exspectatio
778 3096 990 3168 judicii
1012 3094 1175 3150 futuri
1200 3113 1213 3161 ;
1238 3104 1291 3150 et
1310 3094 1632 3167 relinquitur
1649 3094 1808 3149 nobis
1829 3110 2004 3149 aemu-

2184 1863 2480 1934 Postquam
2507 1863 2751 1934 asperius
2780 1863 3033 1934 corripuit
3062 1863 3204 1929 illos,
3238 1879 3383 1919 nunc
3438 1878 3709 1918 rememo-

2112 1951 2283 2006 rando
2326 1952 2513 2022 priora
2562 1952 2703 2007 bona
2762 1951 2997 2020 illorum,
3030 1951 3303 2007 blanditur
3346 1951 3428 2007 eis
3483 1958 3541 2006 ut
3569 1966 3707 2023 quos

2112 2046 2321 2094 terrore
2342 2039 2535 2108 judicii
2565 2040 2856 2109 concussit,
2891 2040 3217 2112 quibusdam
3279 2039 3556 2095 blanditiis
3583 2038 3708 2093 alli-

2112 2127 2235 2193 ciat,
2295 2127 2481 2182 dicens
2516 2145 2528 2182 :
2562 2128 2752 2183 Videte
2816 2145 2887 2183 ne
2942 2128 3195 2183 incidatis
3226 2128 3282 2182 in
3333 2143 3527 2182 manus
3583 2127 3704 2195 Dei,

2110 2216 2208 2271 sed
2234 2217 2697 2272 rememoramini
2725 2217 3004 2289 pristinos
3048 2216 3167 2272 dies
3196 2217 3260 2271 in
3289 2216 3487 2289 quibus
3512 2231 3612 2271 vos
3641 2216 3710 2272 il-

2113 2304 2387 2359 luminati
2412 2320 2511 2374 per
2538 2303 2725 2371 ﬁdem,
2748 2304 2931 2359 statim
2960 2312 3184 2375 accepta
3210 2302 3316 2359 ﬁde
3345 2304 3707 2360 sustinuistis

2109 2408 2380 2463 magnum
2428 2396 2718 2448 certamen
2763 2392 3333 2464 passionum;multa
3388 2391 3535 2446 enim
3574 2399 3707 2447 tunc

2105 2479 2256 2550 passi
2284 2480 2415 2534 estis
2443 2495 2477 2535 a
2505 2479 2905 2536 contribulibus
2934 2480 3150 2536 vestris.
3199 2478 3540 2535 Sustinuistis
3587 2477 3702 2533 uti-

2109 2584 2213 2639 que
2242 2568 2547 2638 passiones,
2572 2573 2629 2624 et
2660 2568 2804 2623 enim
2831 2569 2895 2625 in
2923 2569 3126 2635 altera,
3149 2568 3207 2624 id
3235 2576 3317 2623 est
3346 2568 3402 2623 in
3421 2583 3527 2622 una
3546 2574 3705 2638 parte

2109 2655 2329 2727 quidem
2358 2658 2504 2727 facti
2534 2657 2666 2711 estis
2689 2658 3075 2728 spectaculum
3103 2657 3329 2723 mundo,
3365 2654 3702 2729 opprobriis,

2106 2744 2162 2799 id
2193 2753 2276 2799 est
2305 2753 2527 2817 propter
2552 2745 2843 2816 opprobria
2872 2749 2929 2801 et
2961 2746 3359 2801 tribulationes
3388 2744 3562 2798 illatas
3594 2759 3704 2800 vo-

2108 2834 2210 2888 bis.
2239 2833 2302 2888 In
2339 2834 2520 2888 altero
2550 2837 2762 2902 autem,
2796 2832 2851 2887 id
2880 2840 2963 2887 est
2990 2849 3055 2888 ex
3086 2848 3195 2887 una
3223 2840 3378 2903 parte
3407 2832 3593 2902 effecti
3626 2848 3709 2887 es-

2108 2925 2184 2979 tis
2244 2922 2385 2977 socii
2426 2923 2886 2977 conversantium
2941 2920 3149 2991 taliter,
3182 2921 3321 2976 sicut
3376 2935 3501 2985 nos,
3532 2919 3588 2974 id
3621 2927 3707 2976 est

2104 3010 2342 3066 omnium
2363 3009 2577 3065 illorum
2608 3009 2701 3081 qui
2716 3009 2773 3064 in
2791 3009 3060 3082 religione
3082 3008 3210 3065 ﬁdei
3231 3007 3709 3065 conversabantur

2103 3098 2404 3156 vobiscum.
2444 3099 2584 3155 Vere
2614 3097 2768 3154 socii.
2828 3100 2969 3154 Nam
2997 3102 3055 3154 et
3081 3113 3182 3155 vos
3230 3097 3504 3169 compassi
3559 3099 3705 3152 estis

404 3188 566 3253 latio,
597 3186 655 3241 id
681 3193 765 3241 est
791 3184 997 3240 invidia
1026 3185 1197 3256 ignis,
1231 3200 1351 3256 qua:
1396 3183 1671 3240 aemulatio
1698 3199 2002 3255 consump-
2022 3164 2070 3225 θ
2098 3189 2328 3258 vinctis,
2344 3185 2699 3241 ministrando
2720 3186 2865 3242 eisin
2884 3186 3113 3242 vinculis
3125 3184 3439 3241 necessaria
3450 3185 3519 3240 de
3538 3183 3707 3240 bonis

406 3280 541 3332 tura
570 3278 655 3331 est
683 3274 1032 3330 adversarios
1081 3271 1350 3329 veritatis.

475 3363 675 3418 Probat
729 3377 764 3417 a
798 3360 992 3431 majori
1046 3360 1353 3433 puniendos
1410 3376 1535 3417 esse
1603 3370 1898 3432 peccantes
1942 3364 1994 3419 in

403 3452 698 3522 Christum,
731 3450 919 3507 dicens
955 3464 967 3504 :
1004 3450 1144 3505 Vere
1173 3449 1266 3521 qui
1325 3449 1625 3505 voluntarie
1681 3460 1889 3521 peccat,
1940 3453 1998 3507 in

399 3541 629 3599 veritate
655 3539 927 3612 punietur.
952 3539 1095 3595 Nam
1115 3539 1322 3611 aliquis
1342 3538 1753 3609 praevaricando
1775 3541 1995 3611 faciens

402 3631 635 3687 irritam
667 3630 843 3701 legem
872 3628 1061 3700 Moysi,
1095 3644 1217 3699 quae
1248 3642 1358 3682 non
1387 3634 1506 3682 erat
1533 3626 1640 3681 nisi
1681 3627 1873 3683 umbra
1901 3645 2001 3684 ve-

399 3718 593 3787 ritatis,
643 3718 892 3773 moritur
916 3718 1039 3772 sine
1070 3717 1176 3771 illa
1217 3716 1587 3771 miseratione
1614 3716 1897 3771 convictus
1926 3717 1996 3773 de

398 3814 629 3878 peccato
660 3805 762 3862 sub
792 3803 1004 3860 duobus
1027 3804 1114 3860 vel
1145 3802 1329 3859 tribus
1350 3803 1606 3859 testibus.
1632 3804 1699 3857 Et
1719 3804 1765 3858 si
1785 3820 1998 3875 praeva-

396 3894 579 3950 ricans
605 3894 664 3948 in
688 3892 813 3964 lege
841 3891 1016 3963 Moysi
1044 3891 1302 3957 moritur,
1334 3901 1544 3964 quanto
1564 3893 1746 3962 magis
1776 3896 1996 3965 putatis

397 3998 523 4037 eum
550 3983 761 4037 mereri
801 3980 1082 4037 deteriora
1119 3979 1419 4052 supplicia,
1452 3981 1550 4051 qui
1578 3982 1997 4038 conculcaverit

395 4071 608 4126 Filium
653 4069 783 4128 Dei?
822 4068 919 4124 Ille
974 4067 1404 4124 conculcabilem
1423 4076 1476 4123 et
1503 4067 1666 4125 nimis
1721 4069 1883 4125 vilem
1910 4069 1995 4124 in-

394 4158 592 4231 telligit
619 4158 812 4214 Filium
841 4156 960 4225 Dei,
998 4156 1092 4229 qui
1130 4156 1200 4212 ad
1242 4156 1570 4211 remittenda
1612 4166 1841 4228 peccata
1868 4174 1993 4214 eum

392 4248 748 4319 impotentem
795 4246 943 4312 dicit,
996 4245 1101 4301 nisi
1139 4245 1474 4319 adjungatur
1518 4246 1903 4316 circumcisio;
1935 4251 1993 4304 et

391 4338 489 4410 qui
507 4338 760 4403 duxerit,
776 4335 832 4391 id
852 4343 935 4391 est
954 4334 1277 4391 intellexerit
1298 4337 1636 4407 sanguinem
1658 4337 1995 4392 testamenti

392 4442 517 4482 esse
549 4427 836 4499 pollutum
861 4467 875 4492 ,
907 4424 964 4479 id
992 4432 1076 4480 est
1104 4423 1429 4497 sanguinem
1457 4423 1677 4489 Christi,
1713 4441 1822 4496 quo
1854 4440 1992 4480 con-

2097 3275 2310 3344 vestris,
2337 3282 2389 3331 et
2411 3274 2708 3345 opprobria
2728 3281 2782 3329 et
2820 3274 3200 3330 tribulationes
3228 3272 3377 3346 passi
3405 3273 3555 3329 estis.
3586 3274 3708 3328 Vos

2099 3364 2244 3419 enim
2274 3363 2602 3434 suscepistis
2632 3380 2762 3419 cum
2780 3363 2985 3434 gaudio
3004 3363 3270 3435 rapinam
3290 3362 3559 3417 bonorum
3578 3377 3708 3417 ves-

2100 3456 2340 3517 trorum,
2373 3455 2769 3521 cognoscentes
2801 3467 2893 3507 vos
2923 3451 3121 3507 habere
3151 3450 3209 3505 in
3248 3449 3403 3505 caelis
3431 3449 3707 3505 substan-

2100 3543 2242 3596 tiam
2260 3541 2572 3607 meliorem,
2598 3538 2720 3610 quia
2742 3539 3040 3610 spiritalem
3062 3543 3119 3595 et
3144 3541 3602 3612 permanentem.
3632 3538 3709 3593 Et

2099 3628 2318 3699 quando
2358 3627 2577 3699 quidem
2613 3625 2753 3681 tales
2775 3628 2831 3681 in
2853 3626 3124 3697 principio
3143 3624 3269 3681 ﬁdei
3288 3624 3483 3694 fuistis,
3502 3626 3707 3698 itaque

2096 3718 2276 3772 nolite
2298 3715 2687 3788 degenerando
2707 3718 2973 3772 amittere
2993 3714 3398 3785 conﬁdentiam
3423 3717 3703 3783 vestram,

2096 3805 2151 3859 id
2184 3813 2267 3861 est
2294 3804 2437 3859 bona
2466 3819 2655 3875 opera,
2678 3820 2778 3875 per
2808 3820 2929 3876 quae
2944 3803 3068 3859 licet
3084 3802 3356 3860 conﬁdere
3381 3817 3395 3856 :
3427 3818 3549 3875 quae
3564 3817 3709 3857 con-

2095 3892 2313 3949 ﬁdentia
2336 3892 2381 3947 si
2402 3900 2739 3964 perseverat,
2764 3909 3034 3963 magnam
3058 3892 3222 3948 habet
3267 3892 3706 3947 remuneratio-

2095 3998 2247 4037 nem.
2267 3980 2522 4036 Dicerent
2542 3980 2617 4035 illi
2641 3998 2654 4034 :
2674 3977 2906 4036 Difﬁcile
2927 3986 3009 4033 est
3028 3986 3104 4035 tot
3125 3978 3467 4045 vexationes,
3499 3985 3554 4033 et
3584 3986 3708 4032 tan-

2095 4069 2188 4125 diu
2215 4070 2345 4142 pati.
2368 4069 2453 4125 Ad
2474 4070 2577 4124 hoc
2618 4068 2842 4123 Paulus:
2860 4067 3041 4123 Nolite
3082 4067 3393 4139 patientiam
3418 4066 3703 4125 amittere.

2095 4158 2195 4213 sed
2235 4165 2407 4214 estote
2451 4156 2794 4229 longanimes
2823 4156 2879 4211 in
2915 4156 3192 4228 patiendo,
3236 4156 3368 4229 quia
3404 4156 3708 4228 patientia

2093 4245 2426 4319 longanimis
2447 4251 2534 4302 est
2562 4245 2712 4302 vobis
2746 4246 3085 4316 necessaria,
3104 4249 3171 4300 ut
3188 4243 3443 4315 patiendo
3463 4245 3704 4314 facien-

2097 4338 2181 4391 tes
2194 4336 2548 4390 voluntatem
2568 4335 2686 4403 Dei,
2707 4335 3009 4406 reportetis
3042 4334 3495 4406 promissionem,
3520 4330 3579 4386 id
3613 4339 3708 4387 est

2091 4422 2424 4495 promissam
2449 4422 2701 4495 gloriam.
2728 4422 2844 4477 Nec
2882 4437 3101 4493 semper
3118 4420 3391 4492 oportebit
3407 4418 3539 4491 pati,
3559 4422 3707 4492 quia

388 4513 664 4571 ﬁrmatum
684 4521 767 4571 est
786 4520 1168 4570 testamentum
1196 4528 1419 4569 novum.
1445 4512 1779 4584 Sanguinem
1796 4512 1993 4567 Christi
2010 4517 2065 4579 D
2094 4512 2279 4567 adhuc
2328 4511 2612 4567 modicum
2638 4509 2860 4587 quidem
2894 4510 3154 4580 temporis
3173 4512 3231 4564 et
3260 4509 3708 4580 aliquantulum

388 4603 519 4661 dicit
546 4603 639 4659 ille
668 4602 951 4675 pollutum,
985 4601 1079 4674 qui
1105 4601 1162 4657 in
1190 4616 1258 4657 eo
1303 4600 1433 4656 dicit
1460 4615 1570 4656 non
1624 4616 1789 4671 posse
1832 4618 1987 4657 mun-

388 4692 507 4750 dari
533 4706 695 4749 omne
724 4691 1002 4747 delictum.
1037 4690 1095 4747 Si
1111 4690 1257 4746 enim
1297 4688 1545 4744 Christus
1578 4688 1781 4745 munda
1808 4690 1990 4747 hostia

387 4781 505 4849 fuit,
537 4781 700 4836 etiam
729 4780 800 4837 ab
829 4779 976 4836 omni
1007 4778 1169 4849 culpa
1200 4776 1465 4833 mundare
1510 4777 1686 4848 potuit
1718 4792 1731 4832 :
1764 4778 1913 4850 quod
1941 4778 1988 4833 si

389 4869 660 4927 mundare
683 4884 794 4926 non
822 4868 1015 4940 potuit,
1060 4864 1305 4938 sequitur
1331 4872 1390 4919 ut
1416 4864 1620 4936 polluta
1649 4865 1832 4922 hostia
1887 4865 1987 4922 ite-

386 4958 477 5027 rit,
509 4958 574 5014 in
601 4974 725 5030 quo,
767 4956 1035 5030 sanguine
1093 4953 1489 5022 sanctiﬁcatus
1532 4957 1619 5010 est
1676 4953 1990 5026 quicunque

386 5046 711 5118 baptizatus.
761 5046 857 5102 Ille
887 5045 1050 5101 etiam
1090 5040 1366 5098 deteriora
1392 5049 1633 5097 meretur
1662 5042 1756 5113 qui
1782 5045 1987 5115 fecerit

386 5136 794 5193 contumeliam
818 5133 1064 5207 Spiritui
1092 5134 1310 5188 sancto.
1329 5127 1435 5199 Qui
1456 5129 1676 5185 aliunde
1698 5146 1861 5202 quam
1885 5147 1987 5202 per

386 5223 642 5296 Spiritum
695 5222 827 5279 dicit
872 5226 1099 5293 peccata
1140 5216 1356 5285 remitti,
1388 5217 1446 5273 in
1500 5217 1759 5290 Spiritum
1788 5228 1984 5277 contu-

382 5312 613 5369 meliose
644 5311 776 5383 agit.
810 5308 1054 5383 Spiritui
1073 5307 1195 5365 dico
1214 5308 1434 5379 gratim,
1461 5306 1554 5379 qui
1583 5307 1757 5381 gratis
1803 5310 1981 5376 datur,

382 5408 438 5457 et
465 5400 637 5474 gratis
673 5404 902 5470 peccata
957 5395 1198 5451 remittit.
1243 5395 1462 5451 Diceret
1499 5395 1592 5452 ille
1636 5397 1832 5454 :Licet
1894 5397 1984 5453 lex

380 5488 556 5561 Moysi
584 5502 707 5560 quia
736 5485 857 5542 sine
886 5483 1259 5541 misericordia
1288 5492 1423 5551 erat,
1459 5484 1740 5542 damnaret
1776 5502 1986 5558 praeva-

380 5576 649 5635 rioatores
675 5589 826 5644 suos,
875 5572 1123 5631 Christus
1149 5580 1330 5631 tamen
1364 5572 1457 5647 qui
1475 5574 1909 5634 misericordiam
1929 5582 1985 5632 et

2090 4599 2383 4673 passionis,
2419 4598 2518 4654 sed
2546 4598 2667 4655 leve
2698 4605 2751 4653 et
2780 4607 3221 4653 momentaneum
3246 4603 3431 4652 restat.
3463 4597 3535 4650 Et
3566 4603 3707 4667 post
3758 4614 3767 4623 ε

2090 4688 2197 4744 hoc
2227 4689 2415 4743 veniet
2444 4686 2599 4742 vobis
2626 4685 2718 4742 ille
2737 4688 2834 4759 qui
2861 4689 3139 4742 venturus
3164 4688 3268 4741 est.
3301 4684 3370 4739 Et
3398 4691 3704 4755 postquam

2092 4776 2320 4843 venerit,
2337 4773 2575 4832 401
2603 4792 2720 4831 non
2743 4775 3013 4842 tardabit,
3040 4774 3098 4829 id
3126 4781 3210 4829 est
3228 4788 3336 4829 non
3357 4771 3513 4827 tarde
3541 4772 3706 4828 dabit

2090 4864 2246 4921 vobis
2275 4863 2510 4938 gloriam
2567 4878 2733 4936 quam
2777 4862 3046 4935 promisit,
3077 4860 3406 4934 martyribus
3432 4874 3544 4915 non
3574 4868 3704 4915 tar-

2089 4953 2252 5008 datur
2280 4952 2481 5026 gloria,
2516 4952 2615 5007 sed
2643 4950 2825 5007 statim
2852 4950 3173 5007 exeuntibus
3194 4950 3263 5006 de
3282 4948 3485 5004 mundo
3506 4947 3704 5005 datur.

2088 5042 2185 5097 His
2213 5048 2393 5097 autem
2426 5038 2518 5113 qui
2555 5040 2611 5094 in
2638 5055 2775 5111 pace
2820 5039 3085 5096 Ecclesiae
3142 5038 3430 5111 quiescunt
3469 5037 3704 5094 tardare

2087 5130 2336 5196 videtur,
2366 5136 2663 5200 propterea
2702 5128 2830 5201 quia
2860 5128 2929 5183 de
2974 5127 3302 5200 quibusdam
3351 5140 3473 5198 quae
3499 5124 3705 5182 illicite

2087 5224 2489 5286 contraxerunt,
2523 5232 2754 5274 necesse
2778 5224 2866 5272 est
2911 5216 3063 5287 prius
3093 5214 3468 5287 pmnitentiam
3496 5229 3701 5283 agere.

2086 5305 2194 5376 Qui
2221 5314 2480 5361 venturus
2509 5313 2592 5361 est
2620 5306 2801 5362 veniet
2829 5312 2883 5360 et
2918 5319 3029 5361 non
3084 5302 3340 5373 tardabit,
3373 5309 3427 5358 et
3467 5301 3706 5359 interim

2085 5395 2217 5471 dum
2268 5394 2435 5462 venit,
2504 5409 2603 5450 vos
2656 5394 2789 5464 justi
2836 5409 2902 5449 ex
2950 5392 3058 5448 ﬁde
3107 5391 3323 5459 vivetis,
3374 5390 3503 5463 quia
3561 5391 3713 5446 dixit

2084 5483 2234 5538 Deus
2289 5498 2391 5553 per
2444 5482 2766 5554 praphetam
2798 5498 2813 5536 :
2846 5484 3042 5539 Justus
3101 5496 3262 5536 meus
3304 5496 3378 5536 ex
3406 5478 3518 5549 ﬁde
3546 5481 3705 5537 vivit

2086 5570 2311 5644 (Habac.
2345 5585 2405 5640 ιι,
2441 5569 2519 5643 4).
2549 5571 2610 5628 Si
2637 5586 2764 5629 vero
2785 5570 2971 5641 justus
2996 5568 3354 5627 subtraxerit
3380 5583 3437 5624 se
3464 5581 3500 5622 a
3554 5565 3704 5637 ﬁde,
