3928 6434
107 353 212 408 549

777 344 1158 402 EXPOSITIO
1198 345 1272 400 IN
1303 339 1692 400 EPISTOLAS
1729 339 1953 396 PAULI.
1987 373 2056 382 —
2086 343 2160 398 IN
2196 342 2420 398 EPIST.
2468 343 2562 397 AD
2602 341 2765 397 HEB.

3321 339 3427 393 550

105 493 224 532 non
253 473 507 547 placebit
549 473 784 538 animae,
818 471 870 525 id
901 479 982 525 est
1015 469 1275 524 voluntati
1307 486 1465 525 meae.
1500 469 1634 524 Dico
1665 466 1709 520 si
1729 466 1786 525 Α
1819 488 1841 515 α
1879 467 2094 538 Moyses
2125 467 2352 539 grandis
2384 467 2576 533 factus,
2609 464 2830 538 negavit
2861 479 2920 518 se
2953 479 3076 518 esse
3098 461 3268 517 ﬁlium
3299 461 3425 518 ﬁliae

111 562 440 618 subtraxerit
475 578 556 626 se,
575 561 669 616 sed
684 577 782 616 nos
813 577 923 615 non
944 576 1139 614 sumus
1154 560 1264 628 ﬁlii
1292 559 1717 626 subtractionis,

107 651 239 707 ituri
269 650 346 706 sic
378 652 441 706 in
474 650 868 723 perditionem,
907 649 1004 703 sed
1033 664 1219 701 sumus
1235 647 1369 716 ﬁdei
1397 648 1459 701 in
1473 649 1721 718 acquisi-

115 743 347 805 tionem,
368 739 426 793 id
457 747 544 794 est
575 739 644 793 ad
684 740 784 793 hoc
813 745 867 792 ut
895 753 996 808 per
1027 735 1188 792 ﬁdem
1241 736 1588 808 acquiramus
1627 751 1721 790 sa-

114 829 282 884 lutem
318 830 533 883 anima:
563 835 779 881 nostrae.

725 915 948 970 CAPUT
975 914 1080 967 XI.

188 1030 210 1053 ιε
245 1006 344 1062 Est
375 1013 558 1060 autem
590 1003 726 1058 ﬁdes
757 1002 1152 1073 spcrandarum
1184 1001 1485 1058 substantia
1515 1019 1716 1071 rerum,

120 1119 141 1142 α
176 1102 563 1168 argumentum
593 1109 702 1148 non
729 1091 1128 1162 apparentium.
1165 1092 1222 1144 ιη
1252 1092 1356 1146 hac
1389 1093 1533 1146 enim
1565 1092 1721 1146 testi-

119 1207 138 1230 a
173 1183 420 1239 monium
450 1181 730 1237 consecuti
777 1188 901 1234 sunt
948 1195 1128 1234 senes.
1181 1179 1312 1234 Fide
1368 1180 1722 1250 intelligimus

119 1297 138 1320 α
174 1280 360 1343 aptata
393 1287 518 1326 esse
549 1269 751 1325 saecula
781 1268 948 1323 verbo
979 1267 1098 1335 Dei,
1128 1275 1185 1321 ut
1233 1283 1301 1321 ex
1359 1269 1722 1323 invisibilibus

115 1384 136 1408 ι
172 1360 411 1415 visibilia
474 1357 688 1414 ﬁerent.
742 1358 870 1412 Fide
930 1356 1220 1427 plurimam
1287 1357 1519 1411 hostiam
1588 1358 1724 1412 Abel

119 1472 138 1495 σε
174 1465 335 1520 quam
370 1447 507 1504 Cain
557 1446 748 1501 obtulit
792 1447 926 1511 Deo,
980 1462 1080 1516 per
1136 1461 1297 1516 quam
1357 1446 1722 1500 testimonium

117 1561 136 1584 ιι
171 1545 507 1593 consecutus
539 1545 622 1590 est
650 1552 771 1590 esse
794 1535 992 1604 justus,
1015 1534 1382 1589 testimonium
1403 1535 1723 1604 perhibente

115 1651 134 1671 α
172 1626 502 1680 muneribus
536 1625 652 1694 ejus
671 1625 816 1688 Deo;
850 1631 901 1677 et
927 1639 1026 1692 per
1052 1623 1199 1676 illam
1231 1622 1517 1678 defunctus
1547 1625 1722 1680 adhuc

118 1740 138 1762 ιε
176 1714 440 1786 loquitur.
479 1713 610 1767 Fide
646 1712 868 1767 Henoch
918 1711 1212 1765 translatus
1256 1719 1354 1774 est,
1407 1729 1474 1765 ne
1515 1713 1722 1766 videret

1827 577 1849 606 ι
1886 556 2206 617 Pharaonis,
2241 557 2420 629 magis
2451 555 2662 626 eligens
2694 553 2861 626 aﬁligi
2917 569 3040 608 cum
3089 551 3291 622 populo
3322 551 3424 606 Dei

1826 667 1848 692 α
1886 661 2050 716 quam
2109 645 2426 716 temporalis
2494 644 2702 715 peccati
2761 643 2962 696 habere
3011 641 3420 710 jucunditatem,

1827 758 1848 780 α
1884 735 2120 802 majores
2152 733 2368 788 divitias
2412 733 2688 788 aestimans
2719 733 2972 785 thesauro
3021 729 3419 801 Egyptiorum,

1828 846 1848 870 α
1886 823 2279 894 improperium
2327 823 2545 878 Christi.
2583 821 2894 891 Aspiciebat
2927 819 3070 874 enim
3094 818 3148 871 in
3177 833 3427 873 remune-

1828 935 1848 958 ‹‹
1885 913 2168 966 rationem.
2230 911 2360 966 Fide
2417 911 2632 982 reliquit
2689 911 2997 979 Egyptum,
3059 923 3169 962 non
3214 907 3422 962 veritus

1825 1025 1845 1048 α
1883 1001 2277 1055 animositatem
2308 1001 2475 1071 regis.
2508 999 2838 1053 [nvisibilem
2871 998 3016 1052 enim
3044 1005 3299 1067 tanquam
3331 996 3417 1051 vi-

1824 1113 1845 1136 α
1881 1091 2016 1144 deus
2035 1089 2308 1143 sustinuit.
2335 1089 2466 1142 Fide
2509 1086 2804 1144 celebravit
2827 1087 3051 1150 Pascha,
3105 1093 3155 1140 et
3189 1085 3417 1157 sangui-

1827 1200 1848 1228 ‹‹
1883 1179 1964 1232 nis
1989 1177 2329 1243 effusionem,
2352 1193 2420 1231 ne
2440 1177 2532 1248 qui
2554 1177 2800 1232 vastabat
2817 1173 3094 1247 [vastaret]
3117 1173 3412 1243 primitiva,

1827 1275 2127 1336 «tangeret
2183 1283 2298 1320 eos.
2367 1266 2496 1320 Fide
2541 1265 2862 1319 transierunt
2917 1279 3064 1316 mare
3145 1262 3408 1328 Rubrum,

1829 1379 1849 1402 α
1885 1363 2142 1425 tanquam
2167 1372 2267 1425 per
2297 1355 2502 1409 aridam
2534 1364 2734 1408 terram
2769 1371 2781 1406 :
2829 1352 2972 1423 quod
3008 1351 3219 1421 experti
3250 1352 3420 1423 Egy-

1827 1468 1847 1490 ‹ι
1884 1444 1941 1498 tii
1963 1444 2204 1498 devorati
2242 1452 2387 1497 sunt.
2421 1442 2681 1498 402
2707 1442 2841 1495 Fide
2871 1440 3012 1494 muri
3041 1441 3262 1495 Iericho
3291 1457 3420 1495 cor-

1826 1555 1848 1582 ‹
1885 1542 2124 1597 ruerunt,
2159 1533 2442 1588 circumitu
2460 1533 2664 1586 dierum
2689 1539 2916 1600 septem.
2953 1529 3085 1584 Fide
3120 1530 3265 1584 Raab
3297 1547 3418 1585 me-

1829 1644 1849 1671 «
1887 1622 2056 1676 retrix
2107 1638 2214 1675 non
2255 1621 2412 1691 periit
2467 1637 2589 1675 cum
2635 1619 2949 1683 incredulis,
2985 1619 3262 1688 excipiens
3321 1636 3421 1673 ex-

1829 1732 1850 1760 «
1885 1711 2189 1782 ploratores
2223 1728 2345 1765 cum
2376 1726 2528 1780 pace.
2562 1710 2627 1762 Et
2659 1707 2789 1778 quid
2822 1708 2996 1762 adhuc
3024 1708 3242 1761 dicam?
3271 1707 3424 1762 Deﬁ-

120 1827 140 1848 α
171 1812 432 1866 mortem,
462 1808 515 1856 et
543 1817 651 1855 non
708 1799 1108 1863 inveniebatur,
1173 1799 1299 1871 quia
1346 1801 1620 1854 transtulit
1651 1801 1720 1855 il-
1741 1819 1795 1879 Β
1832 1825 1852 1848 »
1885 1801 1989 1856 ciet
2017 1800 2158 1855 enim
2189 1816 2277 1853 me
2307 1808 2519 1868 tempus
2551 1805 2899 1852 enarrantem
2933 1796 3000 1850 de
3045 1797 3292 1863 Gedeon,
3324 1798 3426 1852 Ba-

121 1914 140 1942 ι
175 1892 283 1946 lum
316 1893 492 1945 Deus.
525 1893 664 1944 Ante
695 1888 1102 1944 translationem
1134 1887 1278 1942 enim
1318 1889 1434 1956 ejus
1477 1891 1726 1945 testimo-

122 2004 141 2025 u
176 1981 326 2034 nium
359 1978 556 2032 habuit
587 1977 855 2048 placuisse
906 1979 1041 2032 Deo.
1077 1977 1205 2031 Sine
1246 1974 1353 2031 ﬁde
1398 1985 1578 2032 autem
1625 1979 1728 2032 im-

125 2093 144 2114 «
179 2067 449 2139 possibile
485 2075 568 2121 est
597 2066 810 2136 placere
855 2067 992 2120 Dco.
1045 2065 1284 2120 Credere
1315 2065 1457 2119 enim
1516 2076 1727 2136 Oportet

121 2178 141 2206 ‹
176 2157 536 2211 accedentem
566 2154 636 2208 ad
667 2155 840 2208 Deum
858 2154 980 2224 quia
1005 2161 1105 2218 est,
1140 2162 1192 2208 et
1222 2153 1622 2224 inquirentibus
1667 2173 1725 2210 se

122 2267 140 2289 ιι
174 2252 558 2300 remunerator
590 2243 676 2296 sit.
728 2242 856 2296 Fide
908 2243 1045 2306 Noe,
1099 2257 1362 2312 responso
1400 2251 1626 2312 accepto
1657 2245 1725 2300 de

121 2356 140 2378 ε
173 2334 253 2387 his
285 2350 411 2404 qum
472 2331 649 2386 adhuc
694 2345 801 2384 non
845 2330 1186 2396 videbantur,
1234 2339 1481 2386 metuens
1524 2333 1726 2402 aptavit

122 2444 140 2466 «ι
175 2419 436 2476 arcamin
473 2418 700 2473 salutem
732 2418 925 2472 domus
964 2434 1094 2484 suae,
1129 2433 1229 2487 per
1258 2434 1420 2489 quam
1450 2419 1725 2475 damnavit

126 2532 144 2553 ι
176 2509 468 2571 mundum,
502 2515 553 2561 et
569 2505 808 2574 justitize,
835 2522 954 2577 quae
984 2522 1084 2576 per
1113 2504 1277 2560 ﬁdem
1307 2514 1409 2574 est,
1444 2508 1620 2562 haeres
1642 2518 1726 2563 est

126 2620 143 2642 ιι
175 2597 449 2652 institutus
487 2593 724 2667 [factus].
760 2594 890 2649 Fide
920 2594 1012 2666 qui
1039 2602 1262 2650 vocatur
1291 2595 1724 2659 Abraham,obe-

129 2709 148 2731 α
181 2685 306 2740 divit
343 2685 399 2738 in
443 2683 634 2739 locum
682 2683 848 2751 exire,
897 2699 1058 2753 quem
1113 2691 1436 2754 accepturus
1484 2693 1602 2739 erat
1667 2686 1723 2740 in

129 2796 148 2819 ιι
180 2773 574 2838 haereditatem,
608 2779 660 2827 et
687 2771 814 2826 exiit
843 2771 1092 2826 nesciens
1142 2788 1250 2842 quo
1289 2772 1415 2826 iret.
1457 2774 1586 2827 Fide
1618 2774 1720 2829 de-

132 2885 151 2908 α
181 2871 421 2917 moratus
466 2869 554 2916 est
598 2861 829 2915 interra
869 2860 1326 2930 repromissionis,
1377 2869 1635 2933 tanquam
1665 2863 1720 2917 in

137 2974 155 2997 -
187 2950 378 3017 aliena,
421 2950 480 3004 in
513 2948 712 3005 casulis
752 2949 1048 3003 habitando
1092 2964 1212 3003 cum
1262 2951 1416 3005 Isaac
1446 2958 1496 3004 et
1527 2951 1714 3018 Iacob,

135 3062 153 3085 «ι
187 3039 561 3094 coheredibus
583 3037 1022 3108 repromissionis
1051 3038 1316 3106 ejusdem.
1351 3038 1718 3110 Exspectabat

135 3148 154 3177 ι
186 3129 320 3182 enim
349 3127 710 3182 fundamenta
745 3126 1036 3180 habentem
1094 3125 1389 3193 civitatem,
1448 3127 1602 3197 cujus
1633 3145 1722 3182 ar—

139 3237 158 3266 ι
189 3215 307 3271 tifex
340 3225 390 3271 et
421 3215 682 3272 conditor
714 3215 880 3269 Deus.
929 3214 1060 3268 Fide
1098 3222 1151 3269 et
1197 3215 1317 3286 ipsa
1367 3216 1499 3271 Sara
1529 3217 1726 3272 sterilis

139 3326 157 3348 ιι
188 3305 434 3360 virtutem
482 3304 542 3358 in
581 3303 937 3372 conceptione
997 3303 1220 3358 seminis
1263 3304 1491 3374 accepit,
1562 3306 1723 3360 etiam

140 3401 368 3464 cprzeter
396 3401 616 3462 tempus
663 3392 853 3458 aetatis,
915 3391 1172 3462 quoniam
1221 3390 1438 3447 ﬁdelem
1495 3394 1725 3449 credidit

139 3502 158 3526 ι
188 3497 300 3538 esse
329 3498 455 3537 eum
487 3480 584 3549 qui
638 3480 1044 3551 repromiserat.
1097 3481 1321 3551 Propter
1370 3482 1516 3552 quod
1575 3491 1627 3536 et
1656 3483 1725 3537 ab

138 3588 157 3618 ι
187 3586 286 3625 uno
314 3571 414 3625 orti
443 3577 605 3635 sunt;
665 3576 720 3623 et
756 3569 860 3623 hoc
905 3576 1172 3633 emortuo,
1235 3577 1489 3640 tanquam
1545 3571 1726 3625 sidera

139 3659 293 3712 usuali
329 3659 382 3713 in
413 3657 780 3722 multitudine,
831 3666 883 3711 et
938 3658 1077 3712 sicut
1129 3673 1297 3712 arena
1353 3675 1475 3730 quae
1523 3667 1604 3713 est
1657 3661 1722 3713 ad

138 3768 156 3790 ιι
189 3762 331 3802 oram
359 3748 532 3802 maris
580 3745 1012 3801 innumerabilis.
1069 3746 1225 3800 Juxta
1269 3745 1432 3802 ﬁdem
1484 3747 1725 3804 defuncti

140 3857 158 3877 ιι
191 3843 303 3889 sunt
331 3852 524 3892 omnes
572 3835 680 3901 isti,
740 3851 849 3890 non
896 3835 1134 3905 acceptis
1182 3835 1720 3905 repromissionibus,

141 3944 158 3965 ιι
190 3924 277 3978 sed
304 3939 334 3979 a
358 3925 526 3997 longe
566 3939 662 3978 eas
693 3923 1037 3993 aspicientes,
1071 3931 1122 3976 et
1145 3923 1463 3988 salutantes,
1493 3931 1545 3979 et
1562 3925 1727 3980 conﬁ-

146 4033 164 4056 ι
198 4019 357 4068 tentes
374 4014 501 4085 quia
533 4012 809 4084 peregrini
832 4020 884 4066 et
912 4012 1152 4082 hospites
1169 4021 1291 4066 sunt
1313 4029 1480 4083 super
1496 4021 1720 4069 terram.

147 4121 165 4143 «ι
194 4099 286 4169 Qui
309 4103 452 4157 enim
501 4102 621 4156 haec
678 4100 882 4166 dicunt,
937 4099 1244 4172 signiﬁcant
1274 4117 1334 4156 se
1374 4102 1606 4171 patriam
1635 4104 1725 4157 in-

149 4209 166 4231 ιι
195 4190 414 4259 quirere.
454 4190 588 4245 Etsi
623 4189 841 4260 quidem
871 4189 1016 4244 illius
1073 4189 1467 4253 meminissent,
1517 4191 1586 4246 de
1618 4207 1726 4262 qua

151 4294 170 4324 ι
197 4277 450 4344 exierunt,
531 4277 805 4332 habebant
867 4277 1050 4349 utique
1107 4287 1321 4349 tempus
1390 4280 1721 4335 revertendi.

152 4384 170 4408 ε
198 4365 337 4422 Nunc
379 4376 561 4423 autem
594 4366 877 4421 meliorem
909 4375 1190 4438 appetunt,
1224 4367 1277 4420 id
1307 4376 1390 4422 est
1420 4368 1720 4424 caelestem.

151 4474 168 4497 ε
198 4452 311 4509 Ideo
337 4472 445 4511 non
484 4453 839 4512 confunditur
886 4456 1032 4510 Deus
1079 4456 1264 4512 vocari
1313 4457 1462 4512 Deus
1510 4472 1719 4513 eorum.

1833 1913 1854 1936 α
1888 1906 2002 1954 rac,
2057 1889 2307 1954 Samson,
2340 1888 2554 1956 Iephte,
2597 1885 2790 1950 David,
2838 1885 3075 1949 Samuel,
3110 1893 3162 1939 et
3193 1887 3424 1956 praphe-

1839 1999 1858 2029 α
1889 1979 1976 2042 tis,
2012 1977 2103 2047 qui
2134 1994 2234 2046 per
2271 1975 2435 2030 ﬁdem
2492 1975 2736 2030 vicerunt
2790 1989 2972 2041 regna,
3035 1974 3241 2044 operati
3302 1983 3426 2029 sunt

1836 2066 2146 2135 «justitiam
2205 2065 2384 2134 adepti
2442 2071 2566 2117 sunt
2619 2062 3095 2132 repromissiones,
3147 2062 3427 2118 obturave-

1835 2180 1855 2202 «
1903 2163 2026 2208 runt
2092 2170 2184 2208 ora
2233 2154 2474 2216 leonum,
2534 2151 2912 2206 exstinxerunt
2970 2151 3228 2221 impetum
3257 2151 3422 2222 ignis.

1836 2268 1857 2291 ιι
1893 2243 2285 2315 Εῒΐιιςανρινιιηι
2314 2242 2485 2296 aciem
2517 2240 2704 2311 gladii,
2752 2239 3147 2295 convaluerunt
3177 2240 3244 2294 de
3273 2241 3426 2296 inﬁr-

1837 2357 1857 2382 α
1891 2333 2094 2400 mitate,
2131 2331 2302 2386 fortes
2335 2329 2458 2386 facti
2488 2337 2611 2383 sunt
2647 2329 2704 2382 in
2736 2328 2900 2383 bello.
2931 2328 3120 2382 Castra
3149 2338 3427 2386 verterunt

1835 2444 1857 2468 α
1893 2429 2200 2475 exterorum
2232 2426 2560 2490 acceperunt
2604 2418 2863 2472 mulieres
2913 2417 2980 2470 de
3026 2420 3425 2475 resurrectione

1837 2533 1857 2557 α
1894 2518 2138 2564 mortuos
2179 2525 2325 2563 suos.
2369 2507 2473 2562 Alii
2506 2516 2684 2560 autem
2731 2506 2950 2560 distenti
2981 2514 3122 2575 sunt,
3156 2523 3264 2561 non
3295 2525 3423 2562 sus-

1836 2621 1857 2644 «
1891 2598 2153 2669 cipientes
2186 2596 2634 2666 redemptionem,
2671 2601 2730 2649 ut
2779 2595 3058 2649 meliorem
3116 2595 3424 2652 invenirent

1836 2709 1858 2734 «
1894 2687 2362 2741 resurrectionem.
2395 2683 2500 2738 Alii
2528 2700 2661 2738 vero
2709 2683 2937 2737 ludibria
2966 2692 3016 2738 et
3073 2684 3303 2739 verbera
3331 2702 3425 2740 ex-

1837 2799 1858 2825 α
1895 2775 2055 2846 perti,
2117 2775 2338 2844 insuper
2388 2781 2440 2827 et
2489 2772 2702 2826 vincula
2756 2779 2809 2826 et
2849 2788 3140 2838 carceres,
3201 2773 3427 2844 lapidati

1836 2887 1858 2915 ι
1895 2873 2034 2932 sunt,
2071 2863 2203 2918 secti
2247 2870 2403 2931 sunt,
2446 2861 2636 2916 tentati
2683 2868 2838 2927 sunt,
2871 2860 2926 2914 in
2957 2861 3230 2917 occisione
3259 2863 3425 2932 gladii

1837 2953 2093 3007 «mortui
2150 2960 2293 3006 sunt.
2339 2949 2676 3006 Circuierunt
2724 2949 2778 3003 in
2826 2950 3060 3018 melotis,
3107 2949 3163 3003 in
3192 2952 3426 3022 pellibus

1836 3067 1856 3090 ιι
1892 3041 2150 3112 caprinis,
2182 3048 2428 3111 egentes,
2489 3038 2802 3109 angustiati,
2835 3038 3033 3105 aﬁlicti,
3083 3040 3280 3110 quibus
3334 3042 3424 3096 di-

1833 3154 1854 3178 ·
1891 3148 2032 3202 gnus
2061 3147 2171 3184 non
2201 3137 2316 3184 erat
2343 3128 2597 3192 mundus,
2630 3128 2684 3181 in
2717 3127 3097 3182 solitudinibus
3153 3138 3416 3200 errantes,

1830 3242 1851 3271 ι
1885 3220 1940 3274 in
1970 3219 2247 3274 montibus
2277 3225 2330 3272 et
2359 3216 2652 3288 speluncis,
2687 3224 2740 3270 et
2778 3217 2832 3270 in
2863 3217 3110 3272 cavernis
3146 3225 3324 3274 terrae.
3359 3221 3428 3275 Et

1829 3328 1850 3351 α
1887 3305 1941 3358 hi
1971 3320 2180 3369 omnes,
2243 3301 2552 3357 testimonio
2584 3300 2711 3355 ﬁdei
2757 3301 2992 3372 probati,
3038 3317 3147 3358 non
3193 3318 3426 3374 accepe-

1829 3419 1850 3441 «
1887 3401 2014 3448 runt
2044 3391 2547 3463 repromissionem,
2581 3391 2696 3445 Deo
2734 3406 2833 3461 pro
2859 3390 3018 3445 nobis
3069 3390 3265 3446 melius
3321 3393 3424 3447 ali-

1828 3507 1851 3531 α
1887 3483 2017 3555 quid
2048 3481 2392 3553 providente,
2425 3487 2482 3534 ut
2510 3495 2620 3534 non
2641 3478 2758 3534 sine
2788 3479 2946 3534 nobis
2984 3495 3426 3536 consummaren-

1831 3594 1853 3623 ι
1897 3580 2006 3626 tur.
2051 3596 2072 3620 η

2513 3654 2826 3694 ΒΧΡΟΒΙἸἸΟ.

1897 3749 2039 3818 Quia
2067 3749 2135 3803 de
2165 3747 2271 3804 ﬁde
2329 3762 2637 3803 sermonem
2666 3745 2906 3816 inccepit,
2940 3743 3127 3801 dicens
3161 3764 3174 3800 :
3207 3747 3314 3804 Νοε
3333 3765 3430 3805 su-

1825 3855 1952 3894 mus
1979 3839 2088 3907 ﬁlii
2115 3838 2268 3907 ﬁdei,
2303 3845 2443 3903 etc.,
2479 3835 2758 3908 subjungit
2797 3836 2953 3906 quasi
2976 3834 3351 3892 dit’ﬁnitionem
3375 3837 3430 3891 ﬁ-

1825 3928 1951 3994 dei;
1986 3945 2108 3999 quze
2138 3936 2320 3982 tamen
2369 3943 2478 3982 non
2536 3933 2620 3981 est
2673 3924 2939 3990 ditﬁnitio,
2975 3925 3074 3980 sed
3114 3925 3242 3981 ﬁdei
3271 3943 3428 3982 com-

1823 4016 2118 4071 mendatio.
2144 4017 2226 4070 Ad
2257 4017 2410 4086 cujus
2460 4013 2588 4070 ﬁdei
2633 4013 3168 4070 commendationem
3199 4015 3291 4070 diu
3319 4016 3428 4070 im-

1823 4106 2112 4171 morando,
2143 4105 2313 4160 multa
2343 4112 2590 4160 veterum
2622 4103 2872 4174 exempla
2901 4111 3190 4174 supponet.
3223 4105 3311 4160 Ait
3331 4121 3430 4160 au-

1826 4202 1932 4249 tem
1967 4211 1981 4248 :
2014 4194 2130 4248 Nos
2161 4209 2351 4248 sumus
2381 4191 2476 4247 ﬁlii
2522 4190 2649 4247 ﬁdei
2679 4206 2692 4246 :
2726 4192 2888 4248 Fide:
2935 4196 3131 4248 autem
3161 4198 3246 4248 est
3267 4195 3428 4251 sub:-

1827 4284 2039 4348 tantia,
2063 4282 2115 4336 id
2141 4289 2225 4337 est
2259 4281 2546 4336 existentia
2583 4288 2636 4336 et
2664 4280 2950 4352 acquisitio
2969 4295 3164 4337 rerum
3185 4298 3426 4354 speran-

1824 4372 2050 4436 darum,
2068 4371 2123 4425 id
2152 4377 2234 4426 est
2262 4369 2567 4424 futurorum
2601 4369 2891 4435 bonorum,
2927 4385 3048 4440 quas
3072 4369 3427 4440 singulariter

1825 4469 1877 4515 et
1899 4459 2173 4531 praecipue
2213 4459 2489 4529 speranda
2520 4465 2664 4512 sunt.
2726 4457 2908 4523 Fides,
2949 4457 3202 4530 inquam,
3233 4459 3315 4515 sic
3343 4469 3428 4514 est

153 4562 170 4583 -
202 4541 401 4598 Paravit
440 4544 589 4601 enim
631 4544 736 4598 illis
767 4543 1055 4599 civitatem.
1118 4545 1250 4600 Fide
1315 4545 1505 4600 obtulit
1553 4547 1722 4602 Abra-
1741 4534 1796 4596 D
1826 4549 2130 4604 substantia
2159 4547 2460 4602 futurorum
2486 4546 2775 4614 bonorum,
2800 4547 2924 4618 quia
2956 4562 3057 4602 nec
3091 4546 3209 4602 sine
3234 4546 3341 4602 ﬁde
3370 4548 3428 4603 in

153 4649 170 4676 ι
199 4631 308 4686 ham
327 4634 473 4690 Isaac
515 4649 645 4691 cum
693 4641 1006 4700 tentaretur,
1041 4641 1094 4689 et
1139 4634 1480 4705 unigenitum
1527 4634 1726 4692 oﬁ‘ere-

147 4741 171 4764 ι
203 4719 282 4774 bat
308 4722 358 4777 in
415 4739 524 4796 quo
569 4731 891 4794 susceperat
935 4723 1412 4794 repromissiones,
1446 4725 1514 4779 ad
1561 4742 1724 4797 quem

156 4828 173 4852 ι
202 4808 386 4866 dictum
411 4821 531 4868 est:
567 4811 712 4880 Quia
757 4812 812 4866 in
841 4813 994 4868 Isaac
1030 4812 1314 4869 vocabitur
1349 4813 1445 4868 tibi
1485 4830 1674 4869 semen
1707 4834 1721 4882 ;

155 4913 173 4942 ι
201 4898 448 4956 arbitrans
490 4899 786 4974 [cogitans]
844 4901 968 4972 quia
1017 4909 1070 4956 et
1116 4918 1148 4956 a
1185 4901 1414 4958 mortuis
1457 4902 1723 4959 suscitare

159 5002 177 5032 ι
207 4993 380 5054 potens
408 4997 488 5045 est
518 4991 691 5046 Deus.
724 4989 880 5045 Unde
907 5005 1028 5045 eum
1060 4997 1113 5045 et
1142 4990 1198 5044 in
1225 4990 1543 5061 parabolam
1568 5007 1726 5048 acce-

160 5092 178 5114 π
205 5073 288 5142 pit.
317 5077 440 5133 Fide
471 5086 525 5134 et
568 5078 638 5132 de
669 5076 860 5132 futuris
909 5078 1204 5134 benedixit.
1254 5080 1408 5135 Isaac
1427 5124 1443 5146 ,
1473 5080 1642 5136 Iacob
1671 5088 1724 5137 et

163 5177 181 5206 ι
205 5160 345 5221 Esau.
372 5166 501 5222 Fide
529 5167 702 5222 Iacob
720 5165 962 5222 moriens
997 5167 1245 5240 singulos
1266 5166 1498 5224 ﬁliorum
1517 5169 1722 5240 Ioseph

165 5264 184 5295 ι
211 5246 477 5320 benedixit,
511 5264 565 5311 et
593 5255 846 5310 adoravit
875 5255 1149 5329 fastigium
1197 5256 1371 5329 virga;
1399 5257 1538 5326 ejus.
1590 5257 1723 5314 Fide

169 5355 186 5378 υ
215 5337 391 5411 Ioseph
421 5344 662 5400 moriens
692 5344 761 5399 de
791 5343 1124 5414 profectione
1153 5344 1385 5400 ﬁliorum
1414 5346 1588 5402 Israel
1612 5362 1720 5400 me-

166 5442 178 5466 ι
215 5438 425 5486 moratus
457 5441 556 5501 est,
590 5432 738 5488 etde
782 5433 1000 5488 ossibus
1055 5433 1170 5488 suis
1225 5434 1530 5489 mandavit.
1588 5434 1722 5490 Fide

167 5529 186 5558 ι
212 5512 400 5586 Moyses
441 5529 597 5577 natus
653 5521 954 5577 occultatus
1009 5530 1093 5578 est
1146 5523 1426 5578 mensibus
1483 5523 1653 5578 tribus
1690 5539 1722 5578 a

166 5619 183 5643 ε
214 5608 496 5670 parentibus
517 5611 652 5678 suis,
685 5627 751 5667 eo
781 5611 925 5683 quod
956 5611 1223 5668 vidissent
1280 5613 1589 5684 elegantem
1645 5612 1724 5667 in-

166 5705 185 5735 ι
213 5688 404 5766 fantem,
458 5707 512 5756 et
565 5715 677 5757 non
727 5700 1021 5758 timuerunt
1064 5701 1212 5775 regis
1266 5701 1522 5760 edictum.
1590 5701 1722 5760 Fide

1826 4639 2069 4711 quolibet
2099 4636 2422 4703 subsistunt,
2453 4652 2558 4692 nec
2590 4635 2694 4690 nisi
2715 4651 2815 4706 per
2831 4634 2995 4690 ﬁdem
3047 4636 3423 4706 acquiruntur.

1823 4728 1924 4784 Vel
1973 4728 2050 4782 ita
2103 4727 2351 4782 dicamus
2385 4744 2398 4780 :
2432 4725 2593 4781 Fides
2623 4724 2680 4780 in
2736 4724 2995 4796 praesenti
3041 4724 3224 4780 habita
3258 4733 3342 4781 est
3372 4725 3430 4781 in

1824 4813 2007 4869 futuro
2036 4812 2337 4868 substantia
2367 4827 2569 4878 rerum,
2602 4810 2658 4864 id
2689 4817 2771 4865 est
2801 4810 3071 4865 bonorum
3098 4810 3423 4866 caelestium.

1822 4901 2019 4958 Merito
2046 4901 2192 4956 enim
2221 4901 2309 4957 hic
2339 4899 2540 4956 habitae
2569 4897 2698 4954 ﬁdei
2745 4907 2873 4954 tunc
2923 4898 3225 4954 subsistunt
3282 4899 3426 4956 bona

1824 4991 1916 5046 illa
1946 4991 2001 5046 in
2031 5006 2098 5047 eo
2147 4989 2240 5063 qui
2269 4988 2432 5046 ﬁdem
2485 4989 2542 5044 in
2597 4989 2703 5045 hoc
2757 4987 2962 5044 mundo
2991 4987 3208 5056 habuit;
3240 5005 3427 5046 rerum

1824 5081 1950 5137 dico
1979 5095 2123 5136 nunc
2150 5095 2252 5152 per
2278 5078 2443 5134 ﬁdem
2489 5077 2908 5150 sperandarum.
2942 5077 3104 5134 Fides
3132 5078 3298 5134 etiam
3344 5086 3430 5136 est

1824 5173 2248 5241 argumentum,
2273 5168 2329 5224 id
2359 5175 2442 5224 est
2458 5167 2776 5240 approbatio
2797 5183 2980 5223 rerum
3001 5184 3116 5224 non
3145 5184 3429 5242 apparen-

1828 5260 1995 5325 tium,
2030 5258 2086 5312 id
2117 5266 2198 5333 est
2219 5258 2508 5325 bonorum,
2533 5272 2655 5329 quae
2691 5257 2841 5325 (dum
2870 5256 2924 5311 in
2957 5257 3060 5313 hoc
3079 5255 3286 5313 mundo
3309 5272 3429 5313 ma-

1823 5350 2038 5417 nemus)
2061 5346 2248 5404 videre
2265 5361 2372 5402 non
2393 5361 2706 5418 possumus.
2732 5345 2787 5401 Si
2810 5345 2932 5416 quis
2951 5345 3097 5402 enim
3116 5345 3429 5402 considerat

1824 5435 2125 5504 Abraham,
2155 5436 2430 5508 quomodo
2476 5435 2670 5492 merito
2701 5433 2829 5490 ﬁdei
2874 5434 3121 5506 possedit
3167 5433 3423 5505 gloriam,

1823 5525 1967 5580 idem
1986 5525 2055 5581 de
2077 5541 2136 5581 se
2151 5532 2332 5597 potest
2343 5539 2568 5596 sperare
2585 5523 2748 5595 quod,
2766 5523 2812 5578 si
2824 5539 2925 5594 per
2943 5522 3107 5579 ﬁdem
3127 5522 3430 5579 imitabitur

1823 5614 2124 5681 Abraham,
2147 5614 2284 5670 sicut
2313 5614 2424 5680 ille,
2455 5628 2622 5685 quam
2649 5628 2762 5668 non
2788 5611 2941 5678 vidit,
2968 5627 3066 5682 per
3093 5609 3258 5667 ﬁdem
3286 5627 3426 5681 pos-

1824 5702 2022 5761 sidebit
2048 5702 2302 5776 gloriam.
2335 5702 2472 5760 Dico
2502 5701 2642 5760 ﬁdes
2671 5708 2755 5759 est
2797 5699 3097 5758 substantia
3124 5698 3428 5756 futurorum
