3928 6444
528 305 626 360 551

1071 309 1128 365 S.
1170 307 1526 366 BRUNONIS
1565 307 2214 365 CARTHUSIANORUM
2251 307 2737 366 lNSTlTUTORlS
2776 308 2928 367 OPP.
2987 312 3162 370 PARS
3204 311 3278 368 Il.
3705 318 3782 374 552

531 431 802 489 bonorum
831 441 883 490 et
911 442 1308 507 argumentum.
1364 436 1654 506 Propterea
1683 435 1761 490 sic
1808 434 2132 491 commendo
2151 437 2207 496 Α
2235 434 2368 490 Sine
2387 434 2495 503 ﬁde
2523 439 2717 492 autem
2737 436 3078 509 impossibile
3099 442 3183 495 est
3205 437 3438 510 aliquem
3449 439 3665 512 placere
3678 441 3777 496 Deo.

534 520 718 588 ﬁdem,
749 526 881 596 quia
911 525 974 579 in
1004 525 1126 590 hac,
1163 524 1217 578 id
1247 532 1331 579 est
1351 523 1407 578 in
1423 523 1551 590 ﬁde,
1573 541 1752 590 senes,
1788 523 1844 580 id
1868 531 1949 578 est
1983 523 2128 578 anti-

533 611 754 683 quiores
782 619 970 682 patres
999 615 1290 668 consecuti
1321 617 1456 668 sunt
1491 613 1692 668 bonum
1711 614 2126 669 testimonium.

534 700 703 755 Senes
735 699 866 756 dicit
904 717 1014 755 non
1060 709 1233 770 celate,
1269 702 1366 756 sed
1425 701 1685 772 temporis
1741 701 2125 773 prtecessione.

529 788 668 843 Abel
715 788 896 856 enim,
948 790 1050 844 etsi
1072 791 1256 859 junior
1307 790 1482 858 annis,
1528 790 1712 845 senior
1738 797 1920 844 tamen
1967 805 2130 861 quam

531 877 809 931 Abraham
836 878 1153 949 antiquitate
1184 879 1481 948 praeeuntis
1511 878 1792 948 temporis.
1814 878 1922 933 Sed
1953 893 2130 948 oppo-

533 977 689 1022 neret
747 967 946 1038 aliquis
981 983 993 1021 :
1029 967 1217 1022 Fidem
1247 967 1384 1022 dicis
1442 975 1826 1038 argumentum
1873 983 1995 1020 esse
2037 983 2130 1020 re—

533 1072 674 1122 rum,
707 1073 828 1127 quae
859 1072 967 1110 non
994 1064 1278 1126 apparent.
1314 1056 1424 1110 Sed
1473 1056 1746 1127 quomodo
1804 1055 1955 1110 credi
1991 1071 2128 1125 pos-

535 1152 659 1199 sunt
688 1161 810 1216 qua:
869 1144 1038 1199 videri
1068 1145 1387 1215 nequeunt?
1430 1145 1513 1198 Ad
1561 1145 1664 1199 hoc
1696 1143 1892 1198 Paulus
1925 1161 1937 1196 :
1973 1143 2132 1197 Fides

532 1233 718 1304 utique
772 1241 1152 1306 argumentum
1184 1242 1267 1287 est
1324 1249 1507 1288 rerum
1567 1249 1677 1287 non
1733 1232 2129 1302 apparentium.

536 1322 679 1376 Nam
707 1322 838 1390 ﬁde,
872 1321 927 1376 id
957 1329 1039 1376 est
1069 1338 1164 1392 per
1195 1319 1359 1376 ﬁdem
1389 1321 1769 1389 intelligimus
1788 1321 1998 1375 saecula
2026 1336 2131 1390 ap-

543 1415 689 1477 tata,
721 1410 776 1464 id
798 1419 880 1466 est
910 1419 1036 1481 apte
1056 1409 1282 1465 formata
1304 1426 1448 1464 esse.
1487 1411 1680 1479 Aptata
1722 1409 1846 1464 dico
1877 1410 2054 1470 verbo,
2080 1407 2132 1461 id

540 1508 624 1554 est
651 1500 786 1554 Filio
817 1499 903 1554 vel
924 1499 1151 1569 imperio
1171 1498 1292 1566 Dei,
1318 1497 1463 1570 quod
1487 1497 1630 1551 idem
1657 1505 1758 1551 est.
1792 1497 1855 1550 Et
1874 1497 1918 1550 si
1941 1496 2008 1550 de
2032 1512 2132 1551 sae-

539 1589 676 1644 culis
706 1587 1003 1655 credimus,
1045 1587 1192 1658 quod
1242 1603 1341 1656 per
1369 1586 1597 1640 verbum
1628 1585 1728 1638 Dei
1758 1584 1987 1639 formata
2031 1584 2136 1637 sint

541 1677 710 1747 (quod
752 1685 930 1731 tamen
960 1692 1122 1730 nemo
1179 1675 1313 1729 vidit
1336 1674 1639 1742 hominum)
1670 1673 1959 1728 credamus
1993 1672 2140 1725 simi-

2229 523 2371 578 Vere
2388 524 2504 578 sine
2522 523 2625 580 ﬁde
2638 541 2798 580 nemo
2815 526 3050 597 placebit
3066 527 3182 583 Deo
3202 547 3216 594 ;
3236 543 3359 583 nam
3373 529 3730 594 accedentem,
3743 529 3781 583 id

2229 619 2310 665 est
2342 612 2614 668 volentem
2635 615 3013 685 approximare
3033 617 3106 672 ad
3136 618 3332 684 Deum,
3357 622 3573 690 oportet
3601 618 3783 673 credere

2229 703 2362 772 quia
2391 702 2538 756 Deus
2569 719 2707 758 unus
2736 708 2844 769 est,
2885 710 2939 760 et
2983 705 3109 777 quia
3140 706 3288 761 Deus
3326 708 3402 762 sit
3432 711 3788 762 remuneratar

2230 791 2653 862 inquirentibus
2681 809 2758 847 se.
2811 793 2868 848 Si
2917 795 3022 850 hoc
3052 795 3227 849 solum
3258 795 3548 850 crederent
3576 795 3787 866 gentiles,

2231 879 2377 949 quod
2411 888 2627 934 creator
2684 897 2821 935 unus
2869 891 3034 949 esset,
3094 892 3146 937 et
3195 883 3427 956 singulis
3481 899 3583 954 pro
3633 899 3788 939 eorum

2230 967 2438 1022 actibus
2468 967 2806 1037 retribueret,
2855 971 2988 1026 satis
3021 979 3168 1027 esset
3203 971 3329 1026 illis.
3393 973 3503 1028 Noe
3531 971 3682 1027 etiam
3722 990 3792 1028 ac-

2231 1060 2392 1126 cepto
2422 1072 2686 1127 responso
2710 1059 2775 1112 de
2797 1059 2883 1113 his
2902 1077 3022 1132 qua:
3043 1077 3156 1115 non
3187 1061 3518 1116 videbantur
3547 1059 3730 1126 adhuc,
3750 1061 3791 1114 id

2233 1152 2314 1197 est
2344 1144 2411 1198 de
2442 1144 2643 1199 diluvio
2687 1144 2884 1212 futuro,
2933 1152 3193 1204 metuens
3237 1148 3370 1202 illud
3414 1148 3668 1202 diluvium
3716 1165 3795 1218 per

2233 1229 2396 1285 ﬁdem
2417 1247 2580 1303 quam
2612 1233 2799 1288 habuit
2821 1236 2874 1289 in
2896 1237 3077 1291 verbis
3120 1237 3356 1302 Domini,
3389 1239 3607 1310 aptavit
3631 1254 3795 1292 arcam

2231 1320 2294 1374 in
2325 1321 2571 1375 salutem
2601 1321 2798 1378 domus
2830 1341 2968 1390 suce,
3002 1325 3056 1378 id
3085 1333 3166 1379 est
3204 1325 3260 1379 in
3285 1341 3394 1396 qua
3422 1325 3648 1380 salvaret
3681 1324 3797 1380 ﬁlios

2233 1423 2359 1462 suos
2394 1417 2445 1462 et
2467 1407 2621 1462 ﬁlias.
2654 1412 2762 1466 Per
2795 1429 2960 1483 quam
2983 1411 3164 1480 ﬁdem,
3218 1413 3344 1484 quia
3371 1413 3660 1468 secundum
3699 1430 3797 1468 ver-

2233 1496 2360 1550 bum
2392 1496 2491 1550 Dei
2536 1495 2771 1552 futurum
2818 1501 3051 1555 credidit
3095 1501 3377 1567 diluvium,
3429 1502 3728 1566 damnavit,
3755 1502 3798 1555 id

2232 1593 2314 1639 est
2344 1584 2707 1640 damnabilem
2729 1587 2854 1643 fecit
2884 1585 3180 1645 mundum.
3205 1591 3344 1644 Dum
3373 1589 3516 1644 enim
3563 1592 3672 1646 Noe
3697 1605 3798 1644 cre-

2232 1673 2386 1738 didit,
2435 1681 2486 1726 et
2526 1674 2775 1730 homines
2830 1677 3048 1732 stultum
3103 1695 3227 1732 esse
3282 1677 3631 1733 crediderunt
3679 1677 3800 1749 quod

536 1765 660 1820 liter
688 1782 788 1836 per
818 1764 980 1819 ﬁdem
1014 1765 1083 1818 de
1111 1763 1279 1818 rebus
1310 1763 1553 1816 nondum
1582 1761 1990 1832 apparentibus.
2024 1761 2137 1814 Sae-
2165 1794 2217 1854 Β
2236 1760 2576 1831 prmparabat
2595 1779 2796 1834 arcam,
2840 1765 2894 1820 in
2951 1781 3061 1837 qua
3118 1765 3354 1822 salvaret
3386 1767 3607 1822 domum
3652 1781 3798 1831 suam,

540 1854 660 1910 cula
687 1897 699 1919 ,
742 1855 984 1925 inquam,
1044 1851 1320 1906 credimus
1374 1858 1556 1921 aptata
1606 1850 1774 1905 verbo
1817 1850 1938 1914 Dei,
1970 1849 2042 1903 ita
2073 1852 2136 1904 ut

538 1943 741 2012 ﬁerent
774 1942 1036 2007 visibilia,
1070 1941 1124 1994 id
1156 1947 1238 1994 est
1260 1955 1348 1994 res
1378 1939 1619 1994 visibiles
1651 1955 1724 1994 ex
1743 1939 2134 2005 inuisibilibus,

543 2031 760 2102 quando
791 2029 936 2085 enim
956 2029 1124 2084 chaos
1145 2035 1261 2083 erat
1289 2027 1426 2083 sicut
1454 2027 1714 2097 scriptum
1735 2035 1816 2081 est
1847 2041 1858 2079 :
1902 2045 1923 2077 ι
1958 2028 2136 2081 Tene-

542 2123 656 2175 brae
685 2127 835 2175 erant
877 2134 1043 2188 super
1088 2116 1280 2172 faciem
1311 2116 1494 2186 abyssi
1522 2117 1688 2186 (Gen.
1719 2132 1758 2181 ι,
1796 2116 1874 2185 2).
1903 2139 1924 2162 υ
1958 2116 2127 2169 Tene-

542 2210 654 2264 brm
685 2207 830 2273 ideo,
865 2206 989 2278 quia
1018 2206 1289 2261 elementa
1336 2204 1431 2258 illa
1485 2203 1660 2259 videri
1712 2219 1820 2257 non
1869 2210 2134 2273 poterant,

540 2297 755 2353 etiamsi
787 2305 916 2351 tunc
959 2303 1146 2361 esset,
1181 2294 1274 2365 qui
1325 2293 1501 2348 visum
1556 2294 1848 2347 humanum
1891 2292 2135 2346 haberet.

541 2387 648 2442 Sed
684 2393 972 2457 postquam
1023 2383 1302 2438 elementa
1329 2389 1580 2452 separata
1619 2389 1762 2449 sunt,
1796 2388 1849 2435 et
1878 2380 2141 2434 creaturis

539 2475 785 2532 formatis
836 2474 893 2528 in
943 2472 1233 2544 quamdam
1291 2471 1697 2541 spissitudinem
1781 2469 2138 2524 coalesccndo

538 2571 850 2632 creverunt,
884 2562 1154 2617 elementa
1201 2560 1351 2630 prius
1399 2558 1708 2628 invisibilia,
1727 2558 1842 2627 jam
1873 2557 2022 2612 fuere
2051 2557 2136 2612 vi-

539 2652 734 2708 sibilia.
767 2652 883 2706 Nec
916 2651 1110 2704 mirum
1152 2649 1198 2703 si
1229 2648 1402 2704 videri
1432 2663 1542 2702 non
1569 2654 1842 2718 poterant,
1894 2646 2018 2700 licet
2049 2662 2137 2699 res

538 2749 724 2798 essent
778 2755 1090 2810 corporeae,
1124 2753 1248 2794 cum
1299 2738 1583 2791 humorem
1629 2735 1781 2790 illum
1805 2777 1818 2800 ,
1853 2735 1944 2806 qui
1974 2741 2053 2788 est
2083 2734 2139 2786 in

541 2845 714 2903 grano
745 2828 987 2893 seminis,
1019 2826 1162 2882 unde
1192 2825 1402 2881 culmus
1432 2833 1485 2880 et
1507 2825 1655 2894 spica
1683 2823 1927 2894 pullulat,
1951 2822 2138 2877 videre

535 2934 638 2975 nec
657 2917 971 2973 discernere
1014 2914 1307 2985 possimus,
1337 2913 1465 2968 licet
1492 2912 1548 2967 in
1608 2911 1697 2966 illa
1757 2925 1934 2966 massa
1980 2910 2137 2980 grani

538 3006 896 3063 contineatur.
931 3003 1030 3058 Vel
1060 3003 1133 3057 ita
1161 3011 1285 3057 sunt
1305 3002 1472 3058 verbo
1504 3000 1603 3056 Dei
1630 3008 1689 3054 ut
1723 2999 1916 3054 ﬁerent
1945 2998 2136 3054 visibi-

537 3095 612 3150 lia
641 3111 707 3150 ex
737 3091 1119 3159 invisibilibus,
1150 3090 1210 3145 id
1241 3098 1323 3144 est
1348 3089 1650 3144 secundum
1679 3087 1972 3142 invisibilia
2015 3102 2136 3156 quae

537 3189 930 3255 praecesserant
946 3180 1001 3234 in
1016 3179 1241 3234 consilio
1253 3177 1415 3233 40
1427 3177 1496 3232 3
1515 3177 1634 3232 Dei.
1655 3176 1809 3230 Prius
1832 3175 1975 3230 enim
1989 3175 2136 3229 Deus

540 3272 611 3327 ab
640 3279 845 3326 aeterno
891 3268 946 3322 in
975 3266 1202 3324 consilio
1233 3282 1332 3321 suo
1363 3265 1604 3321 omnium
1627 3271 1998 3320 creaturarum
2019 3262 2136 3317 for-

539 3376 660 3416 mas
715 3356 999 3429 disposuit,
1033 3363 1086 3410 et
1114 3355 1412 3410 secundum
1443 3354 1589 3425 quod
1627 3352 1844 3425 singula
1871 3352 1925 3406 in
1959 3351 2138 3407 consi-

540 3449 614 3505 lio
643 3446 1006 3519 pmordinata
1033 3444 1267 3511 fuerant,
1299 3443 1590 3498 invisibilia
1620 3441 1797 3496 adhuc
1840 3441 2137 3496 secundum

541 3538 766 3594 modum
803 3535 956 3591 illum
997 3533 1137 3590 facta
1167 3541 1290 3588 sunt
1318 3531 1550 3588 visibilia
1580 3532 1637 3585 in
1664 3539 1908 3601 tempore
1930 3529 2137 3585 forma-

540 3627 702 3684 tionis
731 3625 1091 3696 singulorum.

612 3717 754 3771 Vere
812 3727 973 3768 senes
1001 3710 1281 3767 consecuti
1299 3717 1425 3764 sunt
1455 3707 1828 3763 testimonium
1851 3723 1949 3778 per
1977 3705 2138 3761 ﬁdem

543 3804 676 3861 Abel
707 3802 850 3858 enim
879 3801 1010 3870 ﬁde,
1033 3800 1090 3854 id
1113 3807 1196 3854 est
1215 3815 1314 3869 per
1335 3797 1500 3852 ﬁdem
1521 3797 1725 3852 obtulit
1749 3796 1992 3851 hostiam
2013 3796 2139 3867 plu-

543 3893 776 3957 rimam,
807 3890 864 3944 id
892 3897 975 3944 est
1003 3887 1180 3959 magis
1208 3885 1598 3956 acceptabilem
1635 3885 1750 3939 Deo
1785 3901 1953 3956 quam
1981 3882 2141 3937 fuerit

544 3979 724 4034 hostia
757 3979 915 4035 Cain.
950 3975 1139 4031 Hostia
1167 3974 1303 4029 Abel
1332 3980 1485 4045 grata
1516 3975 1630 4028 Deo
1660 3972 1829 4027 fuisse
1859 3971 2141 4044 cognosci-

543 4076 652 4137 tur,
683 4066 812 4138 quia
859 4081 1036 4137 agnus
1084 4079 1247 4136 quem
1277 4062 1469 4118 obtulit
1504 4062 1632 4132 igne
1664 4061 1846 4116 divino
1877 4076 2139 4116 consum-

544 4165 669 4228 ptus
698 4155 786 4210 sit.
825 4153 1015 4210 Hostia
1042 4153 1176 4208 Cain
1205 4151 1548 4222 reprobatur,
1584 4150 1707 4222 quia
1728 4192 1742 4217 ,
1775 4166 1885 4205 non
1940 4165 2138 4220 super-

543 4243 796 4302 veniente
878 4244 1027 4315 igne,
1103 4240 1411 4311 manipulus
1459 4239 1678 4310 frugum
1737 4255 1900 4310 quem
1946 4237 2141 4292 obtulit

541 4335 756 4405 integer
783 4331 999 4387 mansit.
1033 4333 1141 4386 Per
1169 4346 1338 4403 quam
1370 4328 1535 4384 ﬁdem
1564 4326 1705 4383 Abel
1726 4328 1908 4397 justus
1939 4342 2139 4382 conse-

540 4428 707 4481 cutus
736 4426 823 4479 est
851 4421 1244 4478 testimonium
1275 4419 1397 4484 hoc,
1432 4418 1659 4484 scilicet,
1679 4433 1739 4474 se
1759 4433 1878 4473 esse
1889 4417 2137 4486 justum.

2241 1849 2649 1919 comparatione
2705 1851 2831 1908 ﬁdei
2887 1855 3003 1922 ejus
3071 1855 3308 1910 damnati
3373 1863 3518 1909 sunt.
3591 1857 3654 1911 Et
3704 1857 3800 1926 ipse

2237 1939 2356 1994 Noe
2385 1941 2469 1992 est
2503 1937 2792 1997 institutis
2822 1944 2998 1999 haeres
3018 1945 3264 2014 justitiae
3294 1945 3418 2015 ejus
3453 1959 3578 2015 qua
3609 1947 3688 2000 est
3719 1959 3802 2015 per

2238 2033 2425 2101 ﬁdem.

2309 2125 2466 2179 Nunc
2498 2123 2568 2178 ad
2602 2130 2786 2193 patres
2832 2120 3141 2175 Iudaeorum
3192 2120 3490 2188 descendit,
3539 2119 3801 2176 ostendens

2239 2211 2294 2265 in
2326 2212 2405 2267 eis
2435 2221 2489 2266 et
2519 2211 2576 2265 in
2603 2209 2880 2281 prioribus
2919 2225 3136 2263 omnem
3160 2209 3421 2277 justitiam
3457 2225 3524 2263 ex
3579 2209 3679 2264 ﬁde
3720 2209 3802 2262 ha-

2241 2300 2423 2355 buisse
2454 2299 2743 2371 originem.
2788 2297 2882 2352 Ille
2922 2297 3086 2352 etiam
3127 2299 3223 2367 qui
3275 2297 3465 2352 merito
3526 2296 3649 2353 ﬁdei
3683 2308 3801 2350 nunc

2239 2393 2475 2445 vocatur
2512 2388 2815 2450 Abraham,
2851 2385 3001 2455 prius
3043 2385 3220 2440 dictus
3249 2385 3454 2439 Abram
3501 2402 3604 2456 per
3646 2384 3800 2449 ﬁdem,

2239 2478 2478 2532 obedivit
2502 2479 2613 2531 Deo
2638 2476 2799 2530 exire
2823 2474 2889 2530 de
2914 2475 2985 2530 Ur
3006 2473 3383 2529 Chaldmorum
3402 2476 3462 2528 in
3487 2475 3668 2529 locum
3681 2472 3806 2526 illum

2241 2582 2403 2636 quem
2425 2564 2620 2618 merito
2654 2562 2780 2616 ﬁdei
2810 2566 3146 2634 accepturus
3175 2566 3298 2617 erat
3328 2565 3390 2617 in
3421 2562 3803 2618 hereditatem.

2241 2652 2514 2721 Obedivit,
2550 2651 2792 2722 inquam,
2833 2655 2888 2706 et
2947 2650 3095 2705 exiit
3121 2651 3190 2704 de
3240 2658 3378 2704 terra
3413 2650 3645 2705 nationis
3694 2665 3804 2715 sum,

2239 2743 2498 2796 nesciens
2520 2756 2624 2812 quo
2645 2741 2772 2794 iret.
2801 2738 2950 2793 Idem
2972 2739 3246 2792 Abraham
3269 2755 3369 2810 per
3386 2739 3556 2807 ﬁdem
3579 2743 3806 2794 moratus

2240 2833 2326 2883 est
2346 2829 2407 2882 in
2433 2831 2585 2882 terra
2606 2827 3054 2897 repromissionis
3071 2829 3341 2897 tanquam
3361 2828 3422 2880 in
3443 2827 3656 2892 aliena,
3679 2826 3807 2880 habi-

2242 2915 2413 2970 tando
2445 2915 2645 2969 ibidem
2679 2917 2739 2968 in
2756 2915 2984 2978 casulis,
3009 2913 3064 2967 id
3092 2913 3243 2967 estin
3266 2914 3514 2968 tentoriis
3534 2931 3661 2970 cum
3677 2913 3808 2968 Isaac

2239 3008 2297 3059 et
2324 3005 2508 3069 Iacob,
2542 3018 2648 3057 non
2673 3001 2821 3072 quod
2849 3002 3019 3057 Jacob
3052 3002 3246 3056 eodem
3275 3010 3520 3072 tempore
3542 3019 3648 3074 quo
3666 3002 3815 3057 Abra-

2238 3092 2368 3146 ham
2415 3090 2591 3156 fuerit,
2641 3091 2738 3146 sed
2787 3089 2914 3161 quia
2940 3090 3108 3145 Jacob
3138 3090 3386 3146 eamdem
3441 3099 3640 3146 terram
3693 3090 3812 3145 sicut

2235 3179 2512 3234 Abraham
2577 3177 2857 3244 habitavit,
2917 3178 3193 3248 inquirens
3230 3194 3353 3233 cum
3409 3179 3655 3249 patribus
3716 3176 3810 3233 suis

2236 3285 2345 3322 non
2375 3267 2542 3333 illam,
2575 3266 2673 3322 sed
2702 3282 2886 3322 veram
2915 3274 3114 3321 terram
3169 3267 3630 3337 repromissionis.
3677 3267 3810 3320 Isaac

2236 3365 2289 3412 et
2314 3355 2478 3411 Iacob
2499 3355 2642 3421 dico,
2667 3355 3040 3411 coheredibus
3061 3356 3310 3426 ejusdem
3331 3357 3808 3428 repromissionis;

2237 3445 2343 3499 illis
2370 3444 2514 3499 enim
2564 3443 2882 3514 frequentur
2923 3444 3088 3502 Deus.
3153 3443 3290 3499 sicut
3318 3443 3572 3514 Abrahae,
3635 3457 3811 3514 repro-

2237 3533 2401 3589 misit.
2474 3533 2752 3587 Abraham
2823 3531 2946 3586 ideo
3004 3531 3279 3586 habitabat
3334 3532 3390 3586 in
3433 3533 3658 3599 casulis,
3697 3533 3811 3605 quia

2237 3621 2609 3693 exspectabat
2631 3621 2926 3676 civitatem
2946 3619 3242 3676 habentem
3253 3620 3656 3691 fundamenta,
3677 3621 3728 3676 id
3747 3625 3816 3674 est

2239 3710 2585 3765 stabilitatem
2616 3708 2953 3775 aeternitatis,
3005 3709 3306 3776 caelestem,
3360 3708 3588 3775 scilicet,
3643 3709 3814 3764 Hieru-

2240 3799 2431 3865 salem,
2452 3801 2614 3870 cujus
2640 3797 2870 3853 civitatis
2915 3799 3061 3853 Deus
3099 3802 3181 3854 est
3215 3799 3453 3868 artifem,
3514 3799 3573 3852 id
3603 3805 3685 3853 est
3717 3805 3814 3852 arte

2241 3904 2339 3942 sua
2375 3888 2672 3957 disponens
2728 3885 2831 3940 sibi
2889 3885 3102 3957 singula
3137 3905 3151 3952 ;
3193 3890 3250 3942 et
3291 3885 3436 3940 idem
3476 3901 3669 3942 eorum
3714 3900 3814 3956 quae

2239 3976 2478 4046 disponit
2504 3984 2587 4030 est
2617 3974 2875 4030 conditor
2892 3973 3124 4044 ipsemet
3138 3973 3411 4030 fabricans
3430 3974 3543 4029 illa.
3566 3974 3818 4029 Abraham

2239 4064 2493 4119 habitans
2522 4063 2575 4117 in
2607 4063 2808 4119 casulis
2854 4063 3174 4118 ostendebat
3203 4079 3263 4118 se
3307 4078 3414 4118 non
3472 4078 3667 4119 curare
3709 4063 3821 4116 Hie-

2241 4152 2482 4208 rusalem
2526 4160 2821 4220 terrenam,
2882 4151 2980 4206 sed
3036 4151 3311 4223 inquirere
3357 4150 3662 4208 caelestem.
3709 4153 3818 4223 Ipsa

2240 4241 2404 4296 etiam
2431 4242 2572 4296 Sara
2585 4241 2816 4307 sterilis,
2839 4247 2894 4294 et
2914 4240 3286 4311 nonagenaria
3302 4256 3406 4313 per
3434 4241 3606 4308 ﬁdem
3622 4240 3823 4310 accepit

2240 4332 2513 4386 virtutem
2541 4331 2604 4386 in
2625 4329 3011 4400 conceptione,
3046 4328 3101 4382 id
3115 4336 3198 4384 est
3219 4327 3564 4399 concipiendi
3581 4328 3817 4385 seminis.

2243 4419 2368 4489 Ipsa
2396 4417 2518 4473 dico
2547 4433 2658 4472 non
2685 4416 2862 4471 solum
2891 4416 3109 4481 sterilis,
3142 4433 3234 4473 sec
3253 4419 3430 4472 etiam
3452 4421 3671 4488 prceter
3697 4421 3821 4472 tem-

541 4513 630 4568 Ait
659 4510 804 4567 enim
825 4510 1067 4565 Christus
1097 4507 1154 4563 in
1189 4506 1508 4580 Evangelio.
1547 4529 1568 4552 α
1605 4509 1652 4561 A
1702 4504 1970 4577 sanguine
1997 4501 2136 4558 Abel
2157 4503 2210 4565 D
2237 4523 2343 4579 pus
2371 4504 2723 4577 (etatis,quia
2753 4504 2914 4573 (sicut
2941 4505 3145 4560 dictum
3161 4508 3265 4575 est)
3298 4506 3674 4578 nonagenaria
3703 4511 3820 4568 erat,

535 4600 666 4670 justi
697 4598 917 4669 (Matth.
951 4613 1118 4664 χχιιι,
1149 4596 1261 4668 35),
1301 4616 1323 4646 ι
1370 4603 1474 4651 etc.
1524 4596 1742 4666 Moyses
1771 4601 1966 4648 autem
1978 4590 2139 4661 justi-

540 4690 671 4745 tiam
697 4688 836 4744 Abel
862 4685 1228 4752 commendat,
1260 4692 1312 4740 et
1359 4683 1512 4740 multi
1546 4684 1955 4755 prophetarum.
1991 4681 2140 4736 Con-

541 4785 758 4836 secutus
787 4783 871 4832 est
892 4776 1027 4831 Abel
1059 4775 1458 4830 testimonium
1486 4773 1594 4828 Deo
1624 4771 1959 4845 perhibente
1989 4769 2143 4825 testi-

542 4867 783 4923 monium
811 4865 1143 4920 muneribus
1171 4863 1293 4932 ejus
1315 4861 1455 4917 sicut
1482 4859 1693 4931 praefati
1724 4875 1929 4926 sumus,
1961 4862 2019 4915 et
2037 4873 2142 4930 per

539 4957 706 5013 illam
736 4952 903 5008 ﬁdem
922 4950 1059 5007 Abel
1076 4950 1382 5021 defunctus
1406 4949 1661 5021 loquitur
1677 4947 1882 5016 adhuc,
1911 4946 2040 5019 quia
2055 4945 2128 5000 fa-

541 5044 615 5100 cit
643 5057 746 5098 nos
774 5041 1060 5112 loquentes
1096 5038 1166 5094 de
1192 5035 1301 5092 ﬁde
1333 5038 1469 5106 ejus.
1502 5036 1725 5092 Henoch
1755 5036 1918 5091 etiam
1943 5051 2046 5107 per
2064 5035 2140 5104 ﬁ-

541 5132 669 5188 dem
698 5144 862 5201 quam
890 5127 1078 5183 habuit
1111 5169 1123 5192 ,
1155 5127 1476 5182 translatus
1505 5128 1589 5181 est
1629 5125 1697 5180 ad
1743 5124 1879 5180 alias
1908 5122 2137 5194 patrias.

543 5219 669 5276 ideo
695 5233 770 5274 ne
798 5216 1011 5272 videret
1036 5219 1297 5280 mortem,
1323 5221 1377 5270 et
1406 5213 1700 5268 translatus
1728 5230 1846 5268 non
1877 5212 2140 5268 invenie-

547 5309 733 5372 batur,
752 5305 1039 5378 quiaDeus
1063 5304 1366 5360 transtulit
1395 5304 1605 5372 illum;
1636 5301 1729 5374 qui
1757 5301 1802 5356 si
1819 5301 1890 5356 ab
1918 5299 2140 5356 homine

548 5394 837 5451 translatus
876 5399 1050 5460 esset,
1080 5391 1240 5449 facile
1268 5391 1624 5448 inveniretur.
1650 5393 1798 5447 Deus
1827 5389 1952 5446 ideo
1983 5397 2140 5443 tran-

547 5483 691 5539 stulit
711 5499 833 5539 eum
855 5481 980 5554 quia
999 5486 1136 5538 ante
1155 5482 1598 5538 translationem
1624 5480 1860 5535 habebat
1888 5479 2142 5535 testimo—

542 5574 707 5631 nium
725 5572 1006 5646 placuisse
1023 5573 1153 5631 Deo.
1169 5571 1274 5628 Per
1283 5569 1450 5628 ﬁdem
1459 5571 1542 5627 sic
1557 5569 1647 5625 isti
1660 5569 1988 5641 placuerunt
1999 5566 2136 5622 Deo.

2241 4595 2454 4666 accepit
2481 4594 2625 4660 ideo,
2655 4594 2922 4667 quoniam
2960 4593 3203 4648 credidit
3230 4594 3404 4649 Deum
3438 4609 3558 4650 esse
3586 4594 3815 4664 ﬁdelem,

2239 4684 2294 4739 id
2324 4690 2408 4738 est
2436 4697 2687 4740 veracem
2709 4682 2804 4754 qui
2830 4681 2924 4736 illi
2949 4682 3289 4753 promiserat
3334 4697 3545 4752 semen,
3603 4684 3821 4756 prapter

2240 4771 2384 4845 quod
2411 4769 2540 4842 quia
2567 4771 2742 4826 Deum
2771 4768 3004 4825 credidit
3030 4767 3267 4837 ﬁdelem,
3301 4778 3356 4825 et
3385 4770 3454 4825 ab
3483 4786 3602 4826 uno
3649 4776 3818 4828 ventre

2239 4859 2328 4916 vel
2353 4859 2424 4914 ab
2443 4874 2550 4914 uno
2578 4867 2754 4929 patre,
2783 4862 2841 4912 et
2872 4859 2974 4914 hoc
3005 4873 3113 4914 uno
3139 4863 3392 4915 emortuo
3413 4858 3502 4914 vel
3517 4867 3723 4926 ventre,
3743 4855 3816 4910 vel

2238 4956 2412 5019 patre,
2446 4948 2561 5003 orti
2579 4951 2716 5004 sunt
2736 4945 2831 5001 ﬁlii
2849 4950 3122 5019 tanquam
3137 4947 3324 5003 sidera
3342 4948 3489 5012 caeli,
3513 4963 3619 5004 nec
3635 4961 3817 5002 secun-

2239 5034 2628 5092 dum404
2655 5034 2954 5090 claritatem
2965 5035 3223 5090 virtutum
3251 5051 3510 5107 comparo
3541 5034 3819 5096 sideribus,

2241 5123 2340 5180 sed
2373 5124 2551 5180 eundo
2577 5127 2641 5180 in
2670 5123 3105 5180 multitudinem
3125 5139 3334 5180 eorum.
3368 5123 3489 5179 Orti
3520 5133 3648 5180 sunt
3673 5123 3820 5179 etiam

2239 5212 2389 5269 sicut
2409 5229 2608 5279 arena,
2640 5228 2742 5268 nec
2761 5211 2956 5268 iterum
2983 5213 3285 5269 secundum
3333 5213 3674 5269 sterilitatem
3718 5221 3820 5266 tan-

2240 5309 2354 5356 tum
2383 5316 2562 5356 arenae
2580 5316 2834 5372 comparo
2858 5318 2872 5367 ;
2904 5300 3003 5356 sed
3031 5317 3153 5373 quae
3181 5305 3266 5356 est
3293 5302 3751 5365 innumerabilis,
3775 5296 3820 5352 id

2241 5397 2324 5445 est
2350 5388 2649 5445 secundum
2676 5389 3222 5445 innumerabilitatem
3244 5405 3434 5445 eorum
3470 5408 3485 5457 ;
3517 5407 3642 5462 qua:
3679 5402 3821 5443 arena

2241 5485 2324 5533 est
2353 5478 2425 5533 ad
2454 5494 2614 5534 oram
2645 5479 2839 5546 maris,
2884 5477 2940 5532 id
2988 5485 3072 5532 est
3118 5477 3269 5546 juxta
3323 5478 3470 5533 littus
3501 5475 3819 5551 gentilitatis.

2241 5567 2392 5623 Multi
2435 5567 2581 5623 enim
2617 5567 2687 5624 de
2739 5565 2864 5622 ﬁliis
2919 5567 3148 5624 Abrahae
3175 5567 3464 5624 virtutibus
3512 5568 3818 5630 micuerunt,
