3928 6428
200 339 326 394 553

891 343 1271 401 EXPOSITIO
1310 345 1387 402 IN
1422 345 1805 404 EPISTOLAS
1842 345 2070 404 PAULI.
2100 377 2170 389 ——
2197 347 2273 404 IN
2307 347 2524 405 EPIST.
2565 348 2661 405 AD
2692 349 2899 407 HEBR.

3455 353 3561 409 554

208 470 282 518 ut
343 463 566 534 sidera,
628 465 787 523 multi
841 467 1057 524 steriles
1105 476 1159 525 et
1229 468 1548 527 infructuosi
1608 471 1666 527 in
1707 471 1855 527 littus
1883 477 1938 538 Α
1960 469 2044 526 sui
2073 471 2250 544 (Psal.
2282 487 2437 545 xmv,
2466 473 2543 546 '7).
2574 475 2773 548 Ioseph
2804 474 3053 531 moriens
3098 474 3230 545 ﬁde,
3261 474 3318 531 id
3345 482 3430 532 est
3457 492 3560 548 per

216 550 342 626 [αι.
357 595 375 623 ,
406 554 569 628 ritus]
598 555 886 628 gentilium
916 565 1040 612 sunt
1059 557 1396 630 praecipitati.
1427 560 1494 614 Et
1513 576 1708 616 omnes
1734 561 1852 632 isti,

226 641 544 711 Abraham,
578 644 810 713 scilicet,
858 646 1014 702 Isaac
1073 654 1128 702 et
1171 647 1358 717 Iacob,
1400 648 1663 720 defuncti
1694 653 1852 720 sunt,

229 730 414 787 etiam
484 748 614 789 cum
658 742 1019 801 morerentur,
1082 735 1378 791 existentes
1426 739 1607 809 juxta
1661 738 1852 808 ﬁdem,

231 820 300 875 id
331 828 416 876 est
460 823 753 879 credentes
796 839 857 879 se
904 832 1225 896 accepturos
1267 825 1542 896 promissa
1586 826 1705 882 Dei.
1738 827 1854 883 De-

229 909 437 980 functi,
467 911 714 984 inquam,
745 919 887 979 sunt,
920 930 1037 968 non
1061 915 1311 987 acceptis
1332 916 1854 987 repromissionibus

231 998 299 1054 in
331 999 464 1068 vita,
495 1000 592 1057 sed
620 1002 963 1073 aspicientes
999 1019 1094 1059 eas
1130 1002 1587 1074 repromissiones
1644 1002 1853 1059 futuras

228 1104 276 1143 α
312 1088 501 1160 longe,
532 1088 591 1145 id
610 1097 694 1145 est
717 1088 773 1144 in
802 1088 995 1146 diebus
1016 1089 1235 1157 Christi,
1261 1092 1689 1159 etsalutantes,
1713 1091 1854 1149 sicut

227 1184 427 1232 nautae
455 1176 717 1248 patriam,
749 1192 913 1251 quam
955 1195 986 1234 a
1015 1178 1180 1252 longe
1218 1178 1464 1236 videntes
1492 1180 1718 1236 multum
1754 1181 1851 1237 de-

227 1264 512 1333 siderant,
544 1269 603 1323 et
641 1266 978 1336 conﬁtentes
1016 1266 1085 1323 de
1116 1284 1177 1323 se
1207 1269 1339 1340 quia
1367 1267 1472 1340 ipsi
1514 1273 1652 1326 sunt
1684 1285 1851 1342 super

230 1356 467 1409 terram
514 1355 820 1428 peregrini,
878 1372 1098 1428 semper
1126 1356 1194 1411 ad
1221 1355 1329 1412 alia
1377 1363 1742 1424 transeuntes,
1789 1361 1847 1414 et

231 1439 516 1514 hospites,
539 1442 596 1498 id
611 1450 695 1499 est
727 1443 945 1500 aliunde
974 1444 1275 1501 venientes.
1306 1444 1436 1501 Ideo
1474 1452 1527 1501 et
1558 1445 1638 1501 sic
1668 1443 1845 1502 conﬁ-

226 1536 455 1598 tentes;
488 1532 585 1604 qui
611 1534 767 1589 enim
796 1533 996 1590 dicunt
1014 1532 1152 1601 hac,
1175 1532 1404 1602 scilicet,
1429 1550 1488 1589 se
1517 1534 1844 1607 peregrinos

226 1634 371 1676 esse
409 1627 465 1675 et
507 1619 771 1691 hospites,
806 1620 892 1677 his
920 1621 1106 1678 verbis
1159 1622 1490 1693 signiﬁcant
1544 1638 1605 1678 se
1654 1638 1844 1679 veram

223 1710 499 1780 patriam
516 1708 804 1781 inquirere
816 1750 831 1765 .

305 1796 531 1852 Diceret
548 1797 744 1870 aliquis
777 1812 790 1852 :
822 1797 1176 1870 Inquirebant
1204 1797 1458 1866 alienam,
1492 1798 1621 1871 quia
1648 1796 1843 1854 fortas-

223 1884 313 1941 sis
344 1884 421 1940 ad
440 1901 593 1941 suam
620 1886 852 1957 patriam
882 1887 1082 1945 reverti
1122 1904 1232 1942 non
1278 1894 1555 1958 poterant.
1594 1886 1678 1941 Ad
1735 1887 1841 1942 hoc

226 1973 439 2029 Paulus
471 1991 485 2030 :
526 1976 655 2031 Haec
683 1975 955 2042 dicebant,
1015 1980 1071 2032 et
1114 1978 1163 2032 si
1193 1976 1415 2049 quidem
1443 1976 1844 2032 meminissent

222 2063 403 2119 illius
430 2063 637 2135 patriae,
668 2064 736 2119 de
764 2080 875 2137 qua
893 2066 1185 2132 exierunt,
1204 2064 1449 2121 volentes
1469 2063 1599 2120 illuc
1619 2063 1836 2134 reverti,

222 2152 435 2223 utique
466 2152 740 2209 habebant
772 2157 1013 2227 tempus,
1040 2153 1095 2207 id
1123 2161 1205 2208 est
1236 2153 1709 2224 opportunitatem,
1743 2169 1839 2209 re-

225 2242 518 2296 vertendi.
570 2241 681 2297 Sed
728 2258 902 2311 nunc,
936 2249 1226 2313 postquam
1266 2241 1409 2296 illius
1437 2257 1547 2296 non
1574 2241 1839 2297 memine-

227 2336 382 2398 rant,
415 2334 693 2403 appetunt
720 2332 1011 2387 meliorem
1031 2329 1282 2401 patriam,
1333 2330 1388 2384 id
1418 2337 1501 2385 est
1530 2331 1832 2386 cxlestem.

224 2418 304 2473 Et
331 2417 455 2489 quia
486 2418 764 2474 cmlestem
792 2426 1066 2490 appetunt,
1112 2419 1233 2474 ideo
1263 2418 1408 2474 Deus
1433 2436 1549 2476 non
1585 2421 1833 2490 confun-

228 2506 415 2575 ditur,
439 2505 495 2562 id
523 2515 605 2562 est
646 2522 757 2562 non
798 2507 1072 2562 erubescit
1100 2507 1287 2563 vocari
1314 2507 1460 2563 Deus
1502 2523 1695 2563 eorum
1727 2527 1746 2563 :
1777 2514 1835 2561 ut

224 2594 451 2651 dicatur
491 2596 636 2651 Deus
682 2596 976 2662 Abraham,
1007 2596 1159 2651 Isaac
1199 2603 1250 2650 et
1277 2596 1467 2651 Jacob.
1503 2595 1630 2650 Ideo
1686 2596 1834 2650 Deus

225 2698 423 2739 eorum
444 2692 685 2750 vocatur,
709 2683 837 2755 quia
850 2686 1076 2756 paravit
1091 2685 1209 2739 illis
1225 2683 1504 2740 caelestem
1521 2686 1829 2741 civitatem.

228 2771 517 2828 Abraham
556 2772 754 2827 iterum
778 2789 882 2845 per
914 2772 1082 2841 ﬁdem
1109 2772 1316 2828 obtulit
1341 2772 1519 2840 Isaac,
1551 2789 1681 2828 cum
1713 2776 1835 2827 ten-

232 2863 480 2927 taretur;
498 2861 645 2916 Deus
673 2876 784 2916 non
800 2861 1042 2916 tentabat
1059 2861 1354 2927 Abraham,
1376 2859 1534 2932 quasi
1555 2860 1647 2932 qui
1666 2859 1831 2915 ﬁdem

228 2948 354 3017 ejus
377 2948 673 3021 ignoraret,
689 2949 788 3005 sed
799 2957 857 3006 ut
883 2949 1001 3020 ipse
1030 2949 1299 3004 Abraham
1320 2956 1373 3004 et
1399 2949 1634 3004 mundus
1650 2948 1829 3004 virtu-

227 3044 344 3092 tem
356 3053 468 3093 sum
484 3035 611 3093 ﬁdei
633 3045 1013 3111 cognosceret.
1035 3038 1121 3103 Et,
1148 3054 1217 3093 ne
1245 3044 1527 3109 putaretur
1547 3039 1583 3093 A
1598 3037 1828 3092 braham

226 3125 360 3181 ideo
400 3125 682 3182 immolare
712 3128 865 3183 Isaac
883 3126 1009 3198 quia
1037 3125 1094 3181 in
1113 3125 1220 3181 alio
1254 3124 1364 3181 ﬁlio
1394 3125 1703 3197 implendas
1725 3142 1826 3181 ex-

1958 558 2141 627 ﬁdem,
2162 566 2512 619 memoratus
2560 562 2626 619 de
2662 563 3016 635 profectione
3060 564 3312 633 ﬁliorum
3358 564 3555 633 Israel,

1956 648 2100 721 quod
2123 648 2411 720 profecturi
2434 657 2619 706 essent
2649 651 2717 707 de
2746 652 2997 724 Egypto,
3024 657 3083 708 et
3097 653 3200 708 hoc
3220 668 3555 721 memorans,

1954 738 2254 794 mandavit
2279 740 2345 795 de
2375 741 2585 795 ossibus
2614 741 2752 808 suis,
2787 748 2844 795 ut
2873 740 3218 796 deferrentur
3264 742 3335 797 ad
3367 742 3557 813 sepul-

1952 832 2129 881 turam
2184 827 2417 883 Abrahae
2442 871 2456 895 ,
2512 827 2793 884 conﬁdens
2849 837 2904 885 et
2960 838 3368 885 resurrecturos
3431 846 3557 887 esse

1953 929 2078 970 cum
2107 915 2320 971 Christo
2347 916 2471 972 illos
2512 916 2711 989 quibus
2755 916 2899 973 facta
2939 925 3053 973 erat
3095 918 3474 990 repromissio,
3508 918 3557 974 si

1953 1017 2183 1074 corpora
2241 1019 2431 1060 eorum
2487 1004 2865 1062 invenirentur
2919 1005 2976 1060 in
3030 1013 3181 1061 terra
3253 1006 3554 1079 repromis-

1952 1090 2142 1147 sionis.

2026 1180 2231 1252 Moyses
2277 1184 2452 1238 natus
2494 1198 2599 1254 per
2645 1182 2837 1253 ﬁdem,
2892 1182 3021 1255 quia
3067 1183 3417 1239 crediderunt
3445 1199 3553 1255 pa-

1950 1274 2135 1323 rentes
2163 1269 2306 1325 hunc
2354 1286 2618 1342 magnum
2666 1270 2928 1339 futurum,
2977 1271 3227 1328 videntes
3274 1272 3391 1342 ejus
3433 1272 3554 1328 ele-

1948 1356 2545 1427 gantiam,occultatus
2565 1363 2651 1416 est
2668 1359 2849 1416 tribus
2870 1361 3157 1417 mensibus
3171 1378 3205 1416 a
3213 1362 3552 1432 parentibus

1951 1444 2195 1502 405
2212 1449 2420 1515 suis,eo
2442 1449 2585 1521 quod
2605 1450 2877 1505 vidissent
2896 1450 3187 1521 infantem
3208 1451 3547 1521 elegantem,

1946 1538 2005 1590 et
2021 1551 2137 1590 non
2161 1536 2482 1592 timuerunt
2503 1538 2755 1594 edictum
2793 1540 2960 1609 regis,
2982 1538 3074 1610 qui
3087 1554 3306 1594 omnem
3332 1554 3547 1594 mascu-

1943 1622 2057 1677 lum
2084 1622 2143 1677 in
2169 1623 2356 1696 pueris
2388 1625 2747 1681 Hebraeorum
2773 1626 3013 1696 jusserat
3051 1625 3307 1682 interﬁci.
3340 1628 3548 1699 Moyses

1943 1711 2108 1766 etiam
2139 1714 2371 1784 grandis
2419 1716 2631 1785 factus,
2664 1717 2891 1786 negavit
2920 1731 2980 1770 se
3009 1731 3125 1771 esse
3177 1715 3363 1784 ﬁlium
3408 1716 3548 1784 ﬁlice

1943 1799 2262 1856 Pharaonis
2282 1816 2385 1873 per
2401 1801 2810 1873 ﬁdem,eligens
2831 1804 3010 1874 magis
3030 1802 3209 1875 afﬂigi
3228 1819 3358 1858 cum
3377 1819 3550 1875 popu-

1946 1888 1997 1943 lo
2017 1888 2118 1944 Dei
2137 1904 2307 1962 quam
2325 1890 2526 1946 habere
2537 1890 2970 1961 jucunditatem
2994 1892 3325 1963 temporalis
3337 1907 3545 1962 pecca-

1944 1977 2009 2042 ti,
2034 1981 2091 2033 et
2127 1978 2537 2050 improperium
2579 1977 2809 2045 Christi,
2834 1978 2980 2050 quod
2998 1978 3056 2033 in
3093 1995 3153 2034 se
3172 1979 3412 2051 patiente
3441 1994 3544 2050 pro

1941 2064 2160 2122 Christo
2176 2065 2932 2139 praeﬁgurabat,existimans
2961 2083 3080 2123 esse
3116 2067 3346 2124 divitias
3364 2069 3546 2139 majo-

1939 2170 2031 2210 res
2050 2156 2206 2210 omni
2236 2154 2499 2211 thesauro
2529 2157 2944 2228 /Egyptiorum.
2969 2156 3097 2211 Ideo
3120 2156 3197 2212 sic
3223 2156 3542 2212 existirnans

1938 2242 2072 2314 quia
2099 2243 2408 2314 aspiciebat
2437 2245 2501 2298 in
2532 2246 3050 2300 remunerationem
3076 2243 3331 2312 futuram,
3348 2259 3457 2300 non
3482 2245 3541 2300 in

1936 2329 2185 2386 laborem
2225 2339 2553 2402 praesentem
2592 2332 2679 2387 vel
2710 2331 3125 2402 jucunditatem.
3176 2334 3395 2403 Moyses
3438 2350 3541 2405 per

1935 2417 2104 2487 ﬁdem
2146 2420 2383 2492 reliquit
2440 2423 2761 2493 /Egyptum,
2814 2422 3055 2477 educens
3092 2421 3221 2477 inde
3278 2420 3539 2492 pOpulum

1933 2506 2390 2574 Iudaeorummon
2412 2510 2627 2564 veritus
2644 2510 3070 2565 animositatem
3090 2512 3236 2580 regis
3258 2510 3539 2581 [Egyptia-

1934 2612 2085 2652 rum.
2111 2596 2239 2652 Ideo
2260 2612 2370 2652 non
2389 2596 2591 2653 veritus
2621 2599 2754 2670 quia
2788 2599 3067 2654 sustinuit
3104 2598 3537 2665 invisibilem,id

1935 2692 2017 2739 est
2030 2685 2436 2756 exspepectavit
2447 2686 2619 2741 Deum
2629 2702 2809 2757 ,quem
2822 2686 3009 2741 videre
3022 2702 3129 2740 non
3142 2694 3372 2757 poterat,
3400 2690 3535 2742 tan-

1932 2789 2101 2845 quam
2123 2773 2476 2844 corporaliter
2495 2789 2619 2829 eum
2633 2775 2844 2840 videns,
2861 2774 3127 2830 adhibens
3140 2772 3302 2830 ﬁdem
3317 2790 3534 2831 sermo-

1930 2861 2091 2915 nibus
2112 2861 2233 2916 Dei.
2256 2862 2408 2917 ldem
2429 2864 2646 2934 Moyses
2677 2864 2980 2919 celebravit
3010 2864 3229 2919 Pascha
3259 2864 3535 2936 effusione

1930 2951 2230 3020 sanguinis
2240 2951 2368 3023 agni
2377 2967 2480 3022 per
2498 2950 2917 3019 ﬁdem,ideo,ne
2938 2952 3034 3024 qui
3048 2952 3308 3007 vastabat
3325 2953 3535 3024 primo-

1926 3039 2122 3108 genita
2159 3038 2378 3110 zEgypti
2428 3042 2691 3111 tangeret
2740 3039 2979 3096 Iudaeos.
3032 3040 3223 3095 Fidem
3260 3040 3451 3095 habuit
3476 3040 3532 3095 in

1927 3125 2196 3197 sanguine
2218 3127 2349 3199 agni
2362 3168 2377 3194 ,
2403 3127 2548 3199 quod
2568 3143 2670 3198 per
2689 3127 2946 3184 virtutem
2963 3127 3093 3199 agni
3108 3128 3432 3184 innocentiae
3451 3128 3532 3200 (id

227 3222 503 3285 spectaret
522 3214 916 3286 promissiones
948 3215 1041 3270 ait.
1065 3216 1134 3271 Et
1161 3215 1276 3286 ipse
1296 3215 1573 3270 Abraham
1589 3216 1685 3288 qui
1704 3230 1828 3270 sus-
1860 3210 1907 3272 Ο
1927 3222 2010 3270 est
2038 3214 2239 3270 Christi
2268 3231 2429 3286 quem
2475 3214 2879 3288 praeﬁgurabat)
2920 3224 3107 3288 posset
3159 3216 3379 3273 salvari.
3412 3216 3533 3272 Filii

227 3306 461 3375 ceperat
480 3304 937 3375 repromissiones
975 3304 1048 3360 ad
1078 3320 1241 3376 quem
1271 3303 1486 3359 dictum
1522 3307 1608 3359 est
1631 3322 1650 3359 :
1686 3303 1828 3372 Quia

225 3392 297 3447 in
318 3393 474 3448 Isaac
493 3393 787 3449 vocabitur
817 3393 919 3449 tibi
956 3409 1168 3462 semen,
1208 3391 1327 3463 ipse
1367 3389 1636 3447 offerebat
1682 3391 1828 3451 hunc

220 3479 584 3553 unigenitum,
602 3482 892 3538 arbitrans
911 3481 1043 3554 quia
1061 3482 1208 3537 Deus
1227 3483 1425 3552 potens
1442 3484 1529 3536 est
1546 3496 1672 3535 eum
1703 3496 1827 3535 sus-

220 3569 410 3625 citare
428 3586 465 3624 a
491 3572 750 3640 mortuis,
782 3578 837 3625 et
865 3585 963 3641 per
981 3585 1105 3625 eum
1135 3568 1449 3625 suscitatum
1472 3568 1704 3624 Abrahae
1721 3584 1826 3625 vo-

222 3652 343 3710 cari
370 3670 576 3709 semen.
613 3654 761 3713 Unde
783 3652 907 3727 quia
932 3653 1006 3709 ita
1031 3653 1283 3721 credidit,
1332 3654 1549 3726 accepit
1595 3669 1726 3709 eum
1755 3650 1825 3707 ﬁ-

215 3741 376 3809 lium,
399 3750 451 3797 et
464 3742 520 3796 in
538 3742 1039 3813 multiplicationem
1056 3741 1299 3808 seminis,
1325 3746 1381 3797 et
1398 3744 1458 3797 in
1472 3741 1822 3813 parabolam,

221 3830 283 3886 id
310 3838 397 3887 est
427 3830 484 3885 in
510 3829 704 3904 ﬁguris
721 3829 937 3886 Christi.
970 3830 1127 3885 Aries
1157 3829 1321 3898 enim,
1347 3829 1439 3901 qui
1459 3829 1603 3884 inter
1629 3845 1825 3900 vepres

219 3919 483 3976 carnibus
509 3920 722 3975 haerens
749 3928 998 3991 repertus
1027 3926 1126 3986 est,
1159 3926 1213 3974 et
1243 3919 1411 3985 Isaac,
1448 3934 1617 3972 unum
1660 3916 1822 3973 Chri-

219 4015 369 4063 stum
396 4009 572 4063 Deum
600 4016 654 4064 et
683 4007 961 4064 hominem
989 4006 1390 4082 signiﬁcabant.
1422 4006 1525 4061 Per
1560 4006 1665 4062 hoc
1710 4005 1809 4079 igi-

220 4105 310 4152 tur
355 4096 501 4169 quod
553 4096 698 4153 aries
744 4096 962 4170 quidem
1010 4103 1092 4152 est
1128 4095 1457 4165 immolatus,
1494 4094 1649 4150 Isaac
1693 4110 1823 4151 vero

218 4185 383 4242 morti
417 4186 747 4254 subtractus,
778 4184 1153 4257 signiﬁcatum
1173 4192 1255 4240 est
1291 4183 1588 4250 Christum,
1627 4195 1825 4239 secun-

221 4273 355 4330 dum
381 4288 622 4341 carnem,
651 4290 962 4346 passurum,
982 4273 1284 4330 secundum
1312 4271 1648 4327 divinitatem
1668 4286 1816 4338 vero,

221 4361 417 4417 mortis
461 4361 757 4419 discrimen
801 4377 910 4418 non
950 4378 1073 4418 esse
1118 4376 1428 4417 sensurum.
1478 4359 1635 4415 Aries
1674 4359 1820 4414 enim

219 4450 530 4507 immolatus
550 4492 567 4520 ,
625 4465 851 4507 carnem
915 4449 1115 4506 Christi
1180 4448 1606 4514 immolandum";
1666 4448 1819 4503 Isaac

220 4556 357 4597 vero
386 4540 709 4608 subtractus,
739 4539 1073 4596 divinitatem
1120 4537 1320 4594 Christi
1364 4552 1477 4592 non
1513 4536 1817 4593 lsedendam

217 4646 319 4701 per
344 4628 660 4701 passionem
706 4627 1088 4701 praeﬁguravit.
1133 4627 1292 4683 Isaac
1329 4625 1494 4681 etiam
1528 4625 1821 4682 benedixit

218 4719 384 4776 Iacob
413 4722 469 4775 et
494 4719 662 4786 Esau,
694 4716 880 4772 habita
907 4714 1013 4772 ﬁde
1035 4723 1089 4772 et
1104 4715 1172 4771 de
1187 4714 1316 4782 illis,
1341 4713 1614 4786 quomodo
1642 4713 1821 4783 major

218 4807 448 4864 serviret
476 4806 696 4875 minori,
728 4813 783 4862 et
819 4805 888 4861 de
920 4804 1135 4871 futuris,
1169 4818 1398 4876 quorum
1436 4811 1623 4875 typum
1654 4815 1818 4875 gere-

218 4898 364 4964 bant,
397 4896 621 4965 scilicet,
656 4894 929 4967 quomodo
976 4890 1377 4965 primogenitus
1414 4890 1672 4946 Iudaicus
1712 4905 1819 4961 po-

219 4985 373 5063 pulus
419 4982 783 5057 primogenita
839 4996 941 5038 sua
978 4981 1203 5054 (cultum
1250 4979 1458 5036 scilicet
1484 4978 1608 5049 Dei)
1651 4978 1818 5034 dese-

220 5082 377 5146 reret,
427 5082 481 5131 et
538 5073 739 5140 minor,
792 5070 1011 5143 gentilis
1068 5068 1171 5124 sibi
1217 5066 1518 5141 usurparit.
1554 5067 1720 5124 Iacob
1761 5065 1820 5121 in

221 5164 439 5239 Egypto
458 5164 735 5228 moriens,
767 5175 867 5231 per
903 5159 1068 5215 ﬁdem
1088 5157 1380 5215 benedixit
1396 5155 1651 5227 singulos
1672 5155 1819 5225 ﬁlio-

222 5272 335 5311 rum
353 5252 574 5327 Ioseph,
611 5249 826 5308 scilicet
857 5248 1165 5304 Manassem
1203 5254 1257 5302 et
1285 5244 1567 5317 Ephraim,
1599 5247 1658 5299 et
1686 5242 1814 5300 ado-

219 5346 353 5402 ravit
379 5344 693 5418 fastigium
735 5337 905 5408 virgae
933 5339 1054 5406 eius
1101 5335 1325 5405 Ioseph,
1348 5333 1442 5406 qui
1480 5332 1752 5389 secundus
1780 5348 1813 5387 a

213 5451 327 5508 rege
353 5430 578 5508 liigypti
595 5434 880 5498 sceptrum
894 5424 1138 5497 gerebat,
1154 5423 1211 5478 in
1235 5421 1454 5495 signum
1484 5436 1596 5476 suae
1625 5419 1811 5493 digni-

213 5525 333 5595 tatis,
359 5518 620 5582 adoravit
640 5512 925 5587 fastigium
952 5514 1143 5584 virge,
1175 5511 1232 5567 id
1261 5519 1344 5567 est
1380 5509 1673 5576 Christum,
1710 5524 1813 5579 per

208 5616 386 5692 Ioseph
416 5611 753 5687 ﬁguratum,
776 5601 864 5660 cui
882 5602 1041 5674 virga
1058 5599 1330 5674 aequitatis
1359 5598 1519 5671 virga
1539 5604 1622 5654 est
1655 5596 1811 5669 regni

224 5704 227 5709 ’
323 5706 583 5773 Panos.
627 5700 818 5761 CLIII.
864 5720 865 5723 ‘
918 5706 922 5711 ’
1110 5710 1115 5715 '
1372 5714 1378 5720 ‘

1928 3303 2102 3359 Israel
2110 3319 2213 3375 per
2234 3304 2402 3373 ﬁdem
2425 3306 2789 3360 transierunt
2808 3322 2966 3362 mare
2987 3305 3234 3361 Rubrum
3257 3309 3533 3378 tanquam

1924 3408 2026 3463 per
2045 3392 2270 3447 aridam
2297 3396 2531 3448 terram.
2557 3394 2624 3447 Et
2638 3408 2707 3447 ne
2720 3392 2841 3464 quis
2861 3393 3006 3449 dicat
3023 3394 3127 3450 hoc
3139 3392 3308 3449 fuisse
3320 3409 3529 3462 casum,

1927 3479 2071 3552 quod
2091 3479 2299 3536 scilicet
2318 3480 2552 3535 transire
2562 3496 2710 3535 mare
2738 3482 2987 3554 {Egyptii
3014 3484 3258 3553 experti,
3274 3482 3532 3539 devorati

1926 3571 2081 3623 sunt.
2117 3568 2264 3624 Muri
2292 3569 2513 3624 Iericho
2538 3584 2643 3640 per
2669 3568 2840 3638 ﬁdem
2882 3573 3229 3627 corruerunt
3277 3572 3533 3627 circuitu

1926 3660 2143 3728 septem
2173 3656 2416 3712 dierum.
2449 3658 2599 3713 Raab
2625 3657 2909 3713 meretrix
2939 3659 3235 3731 excipiens
3265 3660 3534 3730 explora-

1928 3747 2076 3800 tores
2095 3744 2411 3800 Iudaeorum
2440 3761 2570 3801 cum
2587 3761 2747 3818 pace,
2771 3762 2885 3802 non
2905 3748 3082 3818 periit
3104 3762 3235 3802 cum
3264 3746 3531 3803 incredu-

1928 3833 2017 3901 lis,
2041 3841 2269 3905 propter
2315 3832 2480 3889 ﬁdem
2528 3850 2635 3906 qua
2662 3834 2889 3891 credidit
2919 3834 3067 3907 quod
3112 3835 3260 3891 Deus
3291 3835 3533 3892 traderet

1924 3922 2121 3977 urbem
2149 3922 2205 3977 in
2236 3938 2429 3977 manus
2455 3923 2793 3979 Iudaeorum.

1996 4010 2162 4065 Multa
2208 4011 2279 4066 de
2307 4010 2469 4066 laude
2518 4009 2647 4067 ﬁdei
2675 4011 2805 4079 dixi,
2838 4016 2895 4068 et
2922 4013 3055 4086 quid
3082 4013 3266 4070 adhuc
3296 4012 3529 4085 amplius

1923 4098 2110 4155 dicam
2135 4103 2158 4155 ἵ
2189 4106 2409 4170 tempus
2438 4100 2594 4156 enim
2614 4100 2683 4169 (si
2700 4116 2969 4172 exsequar
2988 4102 3173 4157 omnia
3192 4102 3262 4158 de
3284 4100 3413 4172 ﬁde)
3432 4103 3531 4159 de-

1920 4187 2097 4256 ﬁciet,
2130 4186 2184 4240 id
2216 4194 2298 4241 est
2317 4187 2538 4243 deseret
2557 4203 2644 4242 me
2674 4193 3044 4245 enarrantem
3073 4189 3139 4245 de
3171 4190 3406 4256 Gedeon,
3433 4191 3528 4261 qui

1921 4274 2095 4330 vellus
2123 4274 2179 4329 in
2209 4290 2334 4330 area
2380 4275 2597 4346 posuit;
2628 4276 2698 4331 de
2737 4278 2935 4343 Barac,
2970 4276 3062 4348 qui
3106 4275 3214 4334 ﬁde
3261 4278 3527 4349 pOpulum

1920 4361 2208 4430 liberavit;
2241 4362 2310 4417 de
2344 4363 2601 4431 Samson,
2632 4363 2724 4435 qui
2752 4380 2851 4435 per
2879 4364 3045 4420 ﬁdem
3073 4365 3243 4420 multa
3270 4373 3526 4436 operatus

1920 4459 2037 4519 est;
2069 4452 2137 4507 de
2179 4450 2395 4524 Iephte,
2430 4450 2523 4523 qui
2550 4451 2660 4507 dux
2704 4452 2890 4523 populi
2936 4453 3191 4509 liberavit
3236 4453 3522 4524 populum,

1844 4542 1904 4628 D‘
1920 4538 2047 4596 licet
2076 4538 2240 4595 stulto
2268 4546 2396 4595 voto
2434 4538 2603 4595 ﬁliam
2630 4540 3030 4608 immolaverit;
3063 4541 3134 4597 de
3161 4541 3247 4597 his
3291 4548 3525 4613 quatuor

1917 4628 1975 4683 in
2002 4628 2141 4683 libro
2167 4627 2420 4683 Iudicum
2450 4627 2665 4699 plenius
2693 4627 3003 4696 invenitur;
3033 4629 3103 4684 de
3132 4629 3307 4685 David
3336 4628 3521 4697 etiam,

1920 4716 2014 4788 qui
2039 4716 2211 4772 multa
2238 4732 2340 4787 per
2368 4714 2534 4771 ﬁdem
2580 4715 2726 4786 fecit,
2760 4724 2814 4772 et
2855 4716 2924 4771 de
2967 4718 3250 4786 Samuele,
3297 4720 3355 4773 et
3398 4716 3524 4774 aliis

1914 4805 2226 4879 prophetis,
2242 4805 2339 4877 qui
2367 4806 2629 4861 vicerunt
2654 4821 2849 4877 regna,
2864 4804 2919 4860 id
2939 4812 3023 4861 est
3043 4821 3207 4877 reges
3223 4819 3521 4875 superave-

1919 4899 2047 4948 runt
2071 4909 2174 4965 per
2199 4893 2388 4963 ﬁdem,
2404 4893 2497 4965 qui
2526 4893 2692 4949 etiam
2712 4895 2932 4966 aperati
2952 4898 3092 4950 sunt
3100 4894 3399 4966 justitiam
3418 4909 3522 4965 per

1918 4980 2121 5049 ﬁdem;
2153 4982 2345 5052 adepti
2371 4986 2507 5038 sunt
2526 4983 2897 5055 repromissas
2917 4982 3296 5039 beatitudines
3318 4998 3419 5053 per
3448 4980 3519 5035 ﬁ-

1917 5070 2074 5136 dem;
2101 5070 2512 5125 obturaverunt
2529 5087 2629 5127 ora
2650 5072 2879 5127 leonum
2897 5087 2999 5142 per
3010 5069 3192 5136 ﬁdem,
3206 5078 3266 5126 ut
3286 5069 3480 5126 Daniel
3501 5089 3517 5139 ;

1917 5159 2335 5214 exstinxerunt
2369 5159 2649 5230 impetum
2681 5159 2852 5230 ignis,
2870 5167 2929 5215 ut
2954 5167 3068 5216 tres
3083 5159 3238 5230 pueri
3261 5177 3276 5227 ;
3300 5158 3517 5231 effuga-

1913 5250 2057 5303 runt
2092 5248 2275 5303 aciem
2304 5244 2502 5317 gladii,
2526 5254 2583 5301 ut
2610 5246 2781 5302 Iudas
2810 5247 3181 5315 Machabaaus;
3211 5248 3515 5304 convalue-

1913 5338 2055 5391 runt
2085 5334 2154 5390 de
2183 5333 2543 5403 inﬁrmitate,
2573 5341 2633 5389 ut
2658 5334 2964 5402 Ezechias;
2996 5338 3177 5407 fortes
3204 5337 3349 5407 facti
3376 5339 3519 5393 sunt

1911 5424 1976 5479 in
2005 5422 2148 5480 bello
2177 5422 2529 5493 complures;
2558 5426 2890 5479 everterunt
2919 5427 3112 5480 castra
3159 5427 3512 5493 exterarum,

1912 5506 2020 5564 illis
2048 5508 2288 5582 fugatis;
2318 5510 2589 5566 mulieres
2632 5514 2977 5583 acceperunt
3007 5514 3260 5568 mortuos
3289 5526 3417 5567 suos
3447 5512 3514 5567 de

1909 5599 2325 5658 resurrectione
2342 5596 2646 5669 venientes,
2656 5606 2717 5656 ut
2730 5598 2894 5657 vidua
2909 5599 3206 5671 Sareptana
3219 5615 3320 5670 per
3334 5598 3515 5653 Eliam

3283 5698 3349 5749 18
