3928 6438
419 308 524 361 555

978 306 1033 361 S.
1074 304 1428 361 BRUNONIS
1466 302 2109 361 CARTHUSIANORUM
2144 303 2629 362 INSTITUTORIS
2667 303 2821 361 OPP.
2862 304 3039 362 PARS
3078 306 3147 363 II.

3611 304 3719 356 556

420 428 591 484 filium
606 429 1263 497 unicum,etSunanimitis
1280 446 1379 500 per
1394 428 1802 485 Elisaeum.Atii
1816 433 2009 485 autem
2028 434 2084 494 Α
2117 448 2140 480 ι
2174 428 2379 501 gaudii,
2412 429 2509 485 sed
2552 430 2845 497 maeroris;
2876 438 3069 502 postea
3106 437 3283 486 autem
3327 429 3566 487 fructum
3608 449 3717 504 pa-

420 518 656 574 distenti
672 523 806 573 sunt
831 518 884 571 in
906 517 1125 583 eculeis,
1146 525 1203 572 ut
1225 527 1431 587 septem
1450 518 1769 580 Macbabmi,
1783 534 1899 573 non
1920 534 2013 573 su-

419 608 723 678 scipientes
753 608 1217 677 redemptionem,
1241 605 1295 659 id
1319 614 1399 660 est
1414 605 1660 661 nolentes
1680 622 1713 661 a
1730 605 2012 661 tormentis

420 694 631 759 redimi,
647 698 710 749 ut
728 695 918 749 merito
931 694 1245 764 passionum
1262 696 1589 749 invenirent
1614 696 1903 750 meliorem
1924 710 2011 750 re-

417 784 847 838 surrectionem.
910 782 1123 849 Quanto
1180 783 1325 837 enim
1380 783 1557 853 magis
1611 783 1732 853 quis
1776 783 2008 853 patitur,

416 879 561 925 tanto
591 870 783 924 melius
806 870 1176 925 eoronabitur.
1203 872 1315 925 Alii
1346 886 1470 925 vero
1501 874 1636 925 sunt
1669 872 1893 941 experti
1926 871 2012 925 lu-

416 959 681 1023 dibria,et
707 959 951 1023 verbera,
974 961 1227 1029 insuper,
1245 963 1300 1013 et
1325 960 1552 1013 vincula
1570 963 1625 1013 et
1644 960 2012 1023 carceres,la-

414 1048 598 1117 pidati
627 1051 783 1112 sunt,
815 1048 956 1101 secti
985 1051 1143 1111 sunt,
1177 1054 1235 1100 ut
1264 1046 1468 1112 Isaias;
1505 1050 1716 1101 tentati
1754 1050 1908 1111 sunt,
1941 1062 2013 1100 an

412 1135 606 1190 timore
638 1151 813 1205 poena:
843 1143 1107 1206 negarent
1129 1133 1326 1199 fidem;
1360 1137 1570 1190 mortui
1603 1138 1737 1190 sunt
1766 1135 1831 1189 in
1860 1134 2010 1190 occi-

414 1224 571 1278 sione
591 1224 765 1293 gladii
787 1243 805 1289 ;
829 1224 1241 1278 circumierunt
1265 1222 1521 1294 fugiendo
1543 1224 1646 1277 hac
1668 1222 1789 1278 illac
1809 1224 1873 1277 in
1894 1238 2011 1278 me-

421 1312 570 1365 lotis.
603 1311 803 1365 Melota
830 1319 912 1365 cst
943 1312 1022 1380 (ut
1050 1311 1220 1379 aiunt)
1250 1311 1633 1364 vestimentum
1664 1310 1733 1365 de
1759 1310 1882 1380 pilis
1910 1326 2009 1366 ca-

411 1399 700 1454 melorum.
738 1399 836 1454 Vel
864 1399 1040 1453 melus
1085 1400 1282 1452 animal
1326 1407 1408 1453 est
1438 1399 1585 1470 quod
1632 1398 1831 1454 dicitur
1860 1406 2006 1466 taxo,

413 1494 464 1541 et
487 1503 519 1540 a
547 1487 689 1541 melo
719 1487 917 1541 melota
947 1486 1162 1541 dicitur.
1188 1486 1579 1542 Circumierunt
1600 1486 1761 1541 etiam
1792 1488 1856 1541 in
1878 1487 2009 1557 pel-

414 1576 558 1630 libus
586 1578 860 1646 caprinis,
881 1584 1105 1646 egentes
1128 1574 1532 1645 temporalibus,
1558 1575 1875 1646 angustiati
1894 1574 2008 1628 ani-

409 1678 518 1731 mo,
537 1664 739 1735 afﬂicti
769 1680 1019 1733 corpore,
1038 1664 1234 1735 quibus
1258 1663 1461 1718 sanctis
1482 1664 1728 1719 mundus
1749 1680 1862 1719 non
1882 1666 2007 1718 erat

2113 540 2135 563 ιι
2170 516 2507 572 catissimum
2556 518 2864 575 exercitatis
2909 535 3010 590 per
3056 534 3177 574 eam
3227 518 3415 575 reddet
3452 519 3707 589 justitiae.

2114 627 2137 652 α
2172 604 2399 676 Propter
2418 606 2565 677 quod
2594 606 2854 661 remissas
2886 622 3079 662 manus
3100 613 3153 662 et
3174 606 3353 662 soluta
3388 623 3566 679 genua
3606 608 3717 664 eri-

2115 715 2137 739 α
2174 693 2304 765 gite,
2339 703 2390 749 et
2419 711 2647 766 gressus
2694 703 2872 750 rectos
2902 694 3061 751 facite
3103 696 3336 767 pedibus
3384 696 3607 763 vestris,
3659 704 3718 751 ut

2113 801 2136 831 ι
2173 797 2280 835 non
2313 781 2626 837 claudicans
2656 782 2776 854 quis
2799 791 2980 850 erret;
3013 784 3189 855 magis
3231 791 3412 838 autem
3461 792 3709 839 sanetur.

2114 889 2137 919 ι
2172 870 2366 924 Pacem
2397 869 2685 941 sequimini
2715 887 2839 926 cum
2884 871 3140 926 omnibus
3169 879 3222 926 et
3269 871 3709 943 sanctimoniam,

2114 978 2136 1002 α
2171 955 2287 1011 sine
2317 972 2424 1028 qua
2453 973 2615 1012 nemo
2658 957 2861 1013 videbit
2907 960 3101 1014 Deum.
3153 957 3597 1029 Contemplantes
3641 975 3713 1015 ne

2114 1065 2136 1091 ιι
2171 1043 2292 1116 quis
2322 1045 2463 1100 desit
2491 1046 2677 1118 gratiae
2724 1046 2843 1111 Dei,
2876 1062 2947 1102 ne
2975 1062 3083 1119 qua
3126 1047 3279 1101 radix
3327 1048 3710 1103 amaritudinis

2114 1152 2137 1182 ι
2173 1149 2388 1187 sursum
2436 1135 2755 1206 germinans
2801 1134 3081 1205 impediat,
3113 1143 3165 1189 et
3211 1151 3312 1206 per
3340 1135 3488 1189 illam
3518 1136 3710 1207 inqui-

2114 1242 2136 1267 α
2166 1228 2361 1274 nentur
2388 1221 2562 1277 multi.
2594 1222 2676 1277 Ne
2706 1222 2826 1294 quis
2873 1221 3165 1277 fornicator
3195 1230 3287 1277 aut
3331 1222 3618 1293 profanus,
3651 1231 3714 1279 ut

2112 1330 2134 1354 ιι
2169 1308 2335 1376 Esau,
2387 1309 2479 1381 qui
2520 1318 2743 1381 propter
2783 1325 2947 1365 unam
2993 1326 3175 1365 escam
3218 1309 3461 1365 vendidit
3506 1311 3710 1381 primi-

2113 1418 2135 1443 u
2172 1396 2281 1451 tiva
2309 1394 2430 1469 [al.,
2466 1396 2849 1470 primogenita]
2880 1413 2998 1452 sua.
3034 1398 3237 1453 Scitote
3275 1398 3421 1453 enim
3449 1398 3712 1470 quoniam

2112 1505 2134 1531 ι
2170 1492 2223 1539 et
2251 1492 2444 1555 postea
2491 1486 2717 1556 cupiens
2747 1487 3071 1541 haereditare
3120 1486 3576 1552 benedictionem,
3610 1503 3711 1543 re-

2114 1594 2135 1620 ι
2173 1574 2437 1642 probatus
2467 1582 2567 1628 est.
2601 1574 2724 1629 Non
2756 1574 2899 1630 enim
2920 1574 3128 1629 invenit
3153 1573 3484 1644 paenitentiae
3499 1574 3705 1640 locum,

2112 1680 2135 1710 ι
2171 1677 2478 1733 quanquam
2526 1678 2649 1717 cum
2703 1661 2961 1733 lacrymis
3019 1662 3335 1733 inquisisset
3382 1678 3525 1717 eam.
3580 1664 3712 1718 Non

408 1750 635 1821 dignus,
654 1759 710 1805 ut
738 1751 873 1805 tales
905 1752 1149 1817 haberet,
1180 1751 1266 1805 vel
1296 1750 1489 1821 quibus
1518 1750 1718 1822 dignus
1748 1766 1858 1805 non
1887 1757 2005 1804 erat
2027 1787 2078 1846 Β
2112 1771 2133 1795 ι
2170 1748 2314 1803 enim
2344 1750 2650 1805 accessistis
2678 1750 2748 1806 ad
2779 1750 3114 1805 tractabilem
3143 1758 3404 1818 montem,
3437 1758 3488 1805 et
3517 1766 3711 1806 acces—

408 1839 661 1905 mundus,
696 1838 993 1893 secundum
1035 1839 1206 1893 verba
1250 1838 1535 1908 impiorum
1566 1838 1860 1893 dicentium
1894 1852 1906 1891 :
1941 1837 2007 1892 Hi

409 1927 543 1980 tales
574 1926 1036 1996 inquinamentum
1068 1926 1254 1979 mundi
1303 1933 1446 1990 sunt,
1476 1934 1738 1996 purgetur
1774 1926 2007 1980 mundus

408 2014 619 2068 abillis.
645 2015 912 2069 Errantes
939 2017 999 2069 in
1022 2014 1423 2069 solitudinibus
1446 2021 1502 2067 ut
1524 2015 1825 2082 Matathias,
1843 2021 1895 2069 et
1916 2012 2007 2085 qui

408 2118 531 2157 cum
563 2118 628 2156 eo
660 2110 833 2170 erant,
863 2110 916 2156 et
947 2105 1008 2157 in
1039 2103 1419 2170 montibus,et
1449 2104 1511 2156 in
1541 2103 1914 2172 speluncis,et
1943 2102 2005 2156 in

408 2192 666 2245 cauernis
700 2195 886 2246 terrae.
921 2189 1207 2261 Speluncae
1238 2189 1514 2244 naturales
1536 2188 1705 2244 foveae
1736 2196 1878 2243 sunt.
1902 2190 2007 2244 Ca-

406 2294 610 2343 vernze,
631 2286 748 2332 arte
780 2286 1002 2333 cavatae.
1022 2279 1093 2331 Et
1126 2277 1184 2332 hi
1215 2294 1406 2332 omnes
1432 2278 1652 2348 probati
1681 2277 2004 2333 testimonio

405 2367 555 2435 ﬁdei,
581 2383 694 2421 non
726 2369 1069 2438 acceperunt
1101 2366 1609 2438 repromissionem,
1626 2364 1680 2418 id
1702 2373 1785 2420 est
1812 2380 2004 2436 repro-

405 2453 628 2508 missam
647 2454 1164 2522 haereditatem,Deo
1192 2454 1519 2525 providente
1549 2453 1764 2524 aliquid
1794 2454 2001 2509 melius

392 2558 500 2614 pro
530 2543 707 2608 nobis,
732 2542 940 2597 scilicet
969 2546 1034 2596 ut
1065 2542 1279 2612 priores
1303 2540 1477 2597 sancti
1498 2558 1611 2597 non
1643 2556 2001 2597 consumma-

402 2636 532 2686 rent
542 2649 609 2686 ur
632 2631 686 2684 in
708 2630 1038 2701 perfectione
1053 2630 1405 2698 jucunditatis
1426 2630 1549 2685 sine
1578 2629 1753 2686 nobis.
1776 2629 1833 2684 Si
1854 2629 2001 2683 enim

401 2719 518 2773 sine
531 2718 789 2774 406
806 2718 1083 2773 incarnato
1096 2718 1313 2771 Christo
1329 2718 1636 2787 acciperent
1653 2716 1728 2771 illi
1742 2725 1998 2771 aeternam

400 2807 805 2861 beatitudinem.
840 2806 1087 2860 Christus
1136 2822 1244 2859 non
1274 2805 1669 2871 incarnaretur,
1703 2792 1833 2876 quia
1876 2803 1998 2860 fru-

400 2902 530 2961 stra,
565 2911 688 2950 cum
717 2894 821 2950 alio
850 2895 1014 2949 modo
1059 2894 1207 2948 salus
1255 2894 1530 2961 existeret,
1563 2900 1617 2948 et
1662 2892 1741 2948 sic
1787 2892 1999 2963 priores

400 2983 571 3037 sancti
601 2982 940 3038 salvarentur
972 2981 1089 3036 sine
1120 2981 1303 3036 nobis.

1011 3139 1234 3195 CAPUT
1263 3139 1384 3192 XII.

474 3297 496 3322 «ι
530 3274 769 3343 Ideoque
800 3279 854 3327 et
881 3286 1003 3335 nos,
1027 3278 1235 3326 tantam
1265 3270 1527 3325 habentes
1554 3269 1864 3340 impositam
1892 3285 1993 3324 nu-

403 3386 424 3411 u
460 3364 584 3417 hem
634 3361 865 3424 testium,
926 3360 1261 3429 deponentes
1310 3375 1471 3413 omne
1520 3358 1753 3429 pondus,
1786 3365 1840 3412 et
1881 3357 1993 3413 cir-

400 3476 421 3500 u
459 3458 737 3507 cumstans
775 3465 875 3503 nos
905 3456 1211 3519 peccatum,
1245 3465 1341 3518 per
1369 3446 1680 3518 patientiam
1708 3461 1992 3502 curramus

400 3561 422 3591 ι
458 3534 529 3594 ad
586 3537 924 3609 propositum
979 3537 1137 3591 nobis
1185 3544 1477 3600 certamen,
1535 3534 1891 3605 respicientes
1936 3534 1992 3588 in

399 3636 731 3684 «auctorem
787 3626 932 3696 ﬁdei,
984 3633 1038 3681 et
1093 3632 1584 3680 consummatorem
1630 3625 1838 3689 Jesum,
1899 3623 1994 3694 qui

399 3739 422 3768 α
457 3716 739 3788 pr0posito
768 3715 871 3769 sibi
902 3713 1099 3787 gaudio
1130 3712 1382 3767 sustinuit
1403 3728 1640 3777 crucem,
1673 3710 1993 3767 confusione

399 3828 421 3853 «ι
458 3811 785 3874 contempta,
817 3811 980 3874 atque
1005 3802 1061 3855 in
1089 3801 1315 3855 dextera
1344 3800 1490 3855 sedis
1536 3800 1637 3855 Dei
1668 3800 1839 3855 sedet.
1877 3800 1991 3855 Re-

399 3916 421 3941 a
456 3892 693 3964 cogitate
723 3891 866 3945 enim
911 3906 1033 3944 eum
1066 3889 1161 3959 qui
1189 3888 1353 3943 talem
1398 3887 1649 3942 sustinuit
1676 3904 1706 3942 a
1734 3895 1990 3958 peccato-

398 3981 605 4035 «ribus
657 3980 921 4034 adversus
977 3977 1326 4047 semetipsum
1376 3976 1882 4043 contradictionem,
1932 3982 1992 4031 ut

398 4092 420 4117 α
456 4084 568 4123 non
598 4066 899 4140 fatigemini
929 4065 1126 4121 animis
1156 4065 1354 4121 vestris
1376 4063 1711 4121 deﬁcientes.
1735 4064 1992 4120 Nondum

398 4179 421 4209 ι
456 4156 602 4213 enim
628 4172 802 4227 usque
823 4155 893 4210 ad
922 4154 1245 4226 sanguinem
1266 4153 1561 4221 restitistis,
1580 4154 1843 4209 adversus
1862 4168 1992 4224 pec-

398 4268 420 4297 «
456 4252 635 4302 catum
682 4251 1073 4316 repugnantes,
1108 4250 1161 4297 et
1200 4242 1354 4297 obliti
1397 4242 1530 4297 estis
1576 4240 1986 4308 consolationis,

398 4358 420 4383 ιι
457 4350 577 4405 quae
630 4333 786 4389 vobis
834 4340 1091 4402 tanquam
1136 4330 1262 4385 ﬁliis
1309 4330 1568 4402 loquitur,
1618 4330 1807 4386 dicens
1840 4346 1855 4384 :
1888 4328 1991 4385 Fili

401 4447 422 4471 ιι
454 4423 552 4488 mi,
576 4422 687 4478 noli
714 4421 1000 4493 negligere
1029 4419 1373 4490 disciplinam
1400 4417 1635 4484 Domini,
1659 4433 1839 4488 neque
1868 4415 1990 4472 fati-

2112 1858 2135 1883 «ι
2172 1836 2384 1890 sibilem
2416 1837 2619 1909 ignem,
2654 1846 2705 1891 et
2734 1838 3026 1903 turbinem,
3060 1845 3113 1893 et
3144 1837 3456 1909 caliginem,
3490 1846 3542 1895 et
3570 1853 3711 1909 pro-

2111 1947 2133 1971 α
2172 1924 2383 1994 cellam,
2405 1934 2457 1979 et
2488 1926 2631 1981 tubae
2648 1941 2863 1993 sonum,
2882 1934 2936 1980 et
2965 1940 3156 1981 vocem
3173 1927 3504 1993 verborum;
3536 1942 3709 1997 quam

2111 2033 2133 2062 ι
2168 2012 2260 2084 qui
2317 2013 2639 2081 audierunt,
2698 2021 3097 2070 excusaverunt
3152 2030 3251 2080 se,
3297 2030 3366 2069 ne
3416 2014 3495 2069 eis
3552 2013 3710 2069 ﬁeret

2110 2122 2133 2151 ι
2168 2101 2410 2156 verbum.
2462 2103 2584 2158 Non
2641 2102 2784 2157 enim
2829 2102 3121 2173 portabant
3169 2102 3316 2173 quod
3372 2102 3704 2159 dicebatur:

2108 2210 2131 2236 α
2169 2190 2235 2243 Et
2266 2189 2310 2243 si
2340 2190 2514 2244 bestia
2542 2190 2787 2263 tetigerit
2830 2198 3090 2261 montem,
3133 2189 3482 2260 lapidabitur.
3532 2192 3599 2244 Et
3625 2190 3709 2245 ita

2109 2296 2131 2326 ι
2167 2277 2399 2332 terribile
2431 2286 2549 2333 erat
2593 2279 2738 2350 quod
2768 2278 3072 2333 videbatur.
3126 2278 3342 2349 Moyses
3371 2278 3506 2332 dixit
3540 2293 3552 2332 :
3587 2279 3707 2333 Ex-

2107 2385 2131 2416 ι
2167 2364 2385 2420 territus
2431 2382 2549 2420 sum
2580 2372 2636 2421 et
2663 2366 3075 2421 tremebundus.
3125 2365 3232 2421 Sed
3277 2365 3585 2421 accessistis
3631 2366 3706 2421 ad

2107 2473 2129 2503 ι
2164 2452 2293 2508 Sion
2324 2462 2561 2509 montem
2592 2461 2645 2508 et
2672 2453 2941 2509 civitatem
2989 2453 3089 2508 Dei
3119 2453 3353 2509 viventis
3399 2453 3705 2509 Jerusalem

2106 2563 2129 2592 ι
2165 2542 2463 2608 ccelestem,
2497 2549 2550 2597 et
2590 2540 2886 2596 multorum
2932 2541 3161 2596 millium
3208 2540 3537 2614 angelorum
3584 2541 3708 2598 fre-

2106 2650 2128 2680 ι
2161 2629 2456 2700 quentiam,
2504 2637 2557 2684 et
2600 2629 2900 2685 Ecclesiam
2947 2629 3361 2700 primitivorum,
3417 2630 3511 2701 qui
3561 2644 3705 2686 con-

2104 2740 2126 2765 -
2161 2717 2348 2788 scripti
2376 2725 2501 2772 sunt
2532 2717 2586 2772 in
2633 2718 2805 2786 caelis,
2841 2726 2894 2773 et
2933 2717 3175 2788 judicem
3222 2717 3466 2773 omnium
3495 2718 3699 2787 Deum,

2104 2826 2127 2857 ι
2162 2813 2214 2860 et
2245 2806 2492 2877 spiritum
2523 2804 2765 2878 [spiritus
2794 2807 2881 2862 vel
2906 2805 3211 2878 spirituum]
3254 2806 3522 2875 justorum
3563 2822 3705 2878 per-

2104 2914 2126 2943 ι
2161 2892 2447 2963 fectorum,
2477 2900 2531 2948 et
2556 2894 2889 2948 Testamenti
2916 2893 3058 2948 Novi
3084 2893 3441 2948 mediatorem
3469 2894 3656 2949 Iesum
3682 2913 3699 2963 ;

2102 3004 2124 3029 ι
2162 2989 2215 3036 et
2244 2981 2527 3053 sanguinis
2557 2982 2934 3052 aspersionem
2962 2981 3159 3036 melius
3186 2981 3500 3053 loquentem
3530 2997 3702 3053 quam

2102 3090 2125 3120 ι
2161 3069 2318 3124 Abel.
2352 3069 2541 3124 Videte
2566 3085 2637 3125 ne
2665 3069 2927 3126 recusatis
2956 3069 3290 3142 loquentem.
3345 3069 3402 3125 Si
3431 3068 3575 3125 enim
3618 3070 3705 3125 illi

2027 3132 2074 3194 Ο
2098 3180 2119 3204 «ι
2152 3173 2262 3213 non
2292 3156 2604 3230 effugerunt
2648 3165 2967 3214 recusantes
2997 3173 3141 3224 eum,
3174 3157 3267 3229 qui
3297 3174 3465 3228 super
3492 3166 3695 3214 terram

2100 3270 2123 3294 ι
2154 3244 2495 3317 loquebatur,
2525 3245 2695 3301 multo
2724 3246 2904 3319 magis
2932 3261 3035 3301 nos
3064 3245 3156 3318 qui
3186 3244 3257 3301 de
3291 3244 3444 3302 cmlis
3473 3245 3706 3317 loquen-

2098 3353 2120 3383 ι
2157 3340 2265 3387 tem
2323 3333 2480 3388 nobis
2526 3333 2874 3400 advertimus,
2925 3334 3081 3403 cujus
3127 3348 3233 3389 vox
3276 3333 3447 3390 movit
3493 3341 3699 3389 terram

2096 3444 2118 3469 ιι
2153 3429 2319 3488 tunc;
2350 3437 2495 3477 nunc
2524 3430 2701 3476 autem
2732 3418 3079 3492 repromittit,
3114 3421 3301 3476 dicens
3334 3438 3349 3476 :
3382 3421 3576 3477 Adhuc
3606 3438 3700 3477 se-

2096 3532 2118 3557 u
2154 3509 2283 3575 mel,
2317 3516 2371 3565 et
2414 3525 2518 3581 ego
2564 3510 2799 3565 movebo
2848 3525 2959 3565 non
3006 3509 3180 3564 solum
3228 3516 3453 3579 terram,
3486 3509 3586 3564 sed
3633 3518 3691 3565 et

2096 3618 2119 3648 ι
2154 3598 2372 3653 coelum.
2408 3597 2570 3666 Quod
2612 3605 2794 3653 autem
2822 3597 3000 3653 adhuc
3048 3596 3220 3652 semel
3268 3596 3416 3666 dicit,
3452 3596 3701 3653 declarat

2095 3708 2118 3733 ιι
2152 3685 2431 3742 mobilium
2486 3685 2910 3755 translationem,
2960 3692 3215 3757 tanquam
3262 3683 3531 3741 factorum
3585 3684 3699 3757 [fa-

2095 3796 2118 3825 ι
2153 3773 2383 3847 cturam]
2412 3781 2469 3829 ut
2489 3781 2747 3830 maneant
2766 3789 2833 3829 ea
2863 3789 2983 3845 quae
3005 3780 3130 3828 sunt
3148 3772 3470 3828 immobilia.
3500 3773 3698 3844 Itaque

2093 3883 2117 3914 α
2151 3879 2378 3936 regnum
2408 3862 2685 3917 immobile
2729 3860 3108 3932 suscipientes,
3139 3860 3407 3916 habemus
3456 3859 3698 3933 [habea-

2095 3971 2117 4002 ι
2152 3950 2296 4023 mus]
2348 3951 2601 4024 gratiam,
2652 3967 2754 4022 per
2800 3965 2963 4022 quam
3020 3948 3343 4017 serviamus,
3405 3948 3692 4020 placentes

2095 4060 2118 4087 ι
2152 4038 2267 4094 Deo
2300 4054 2422 4094 cum
2451 4046 2598 4094 metu
2627 4045 2681 4093 et
2710 4036 3041 4094 reverentia.
3080 4036 3297 4093 Etenim
3324 4037 3475 4093 Deus
3500 4043 3697 4094 noster

2094 4148 2117 4173 α
2150 4125 2295 4198 ignis
2327 4141 2655 4184 consumens
2685 4132 2788 4182 est.
2823 4145 2847 4175 ι

2717 4308 3033 4351 ΕΧΡΟΒΠἹΟ.

2157 4407 2423 4464 Adductis
2482 4414 2559 4464 tot
2604 4404 3167 4464 commendationibus
3209 4403 3358 4475 ﬁdei,
3406 4404 3571 4464 infert
3621 4425 3694 4464 ex

398 4534 421 4559 ιι
458 4483 624 4581 geris,
676 4483 818 4565 dun;
854 4483 922 4563 ab
970 4524 1036 4564 eo
1081 4483 1351 4578 argueris.
1396 4506 1570 4574 Quem
1620 4483 1768 4560 enim
1813 4504 1992 4575 diligit
2016 4483 2339 4552 Domnibus
2369 4514 2383 4552 :
2418 4495 2873 4569 Quandoquidem
2902 4495 3040 4552 ﬁdes
3068 4504 3149 4552 tot
3176 4495 3500 4552 testimoniis
3528 4512 3690 4553 com-

398 4621 420 4647 a
458 4598 740 4662 Dominus,
774 4596 1041 4668 castigat;
1072 4594 1313 4666 ﬂagellat
1342 4602 1526 4648 autem
1573 4608 1791 4648 omnem
1819 4590 1989 4647 ﬁlium

397 4708 420 4733 «ι
455 4701 617 4757 quem
644 4685 857 4755 recipit.
890 4685 951 4738 In
981 4682 1272 4753 disciplina
1300 4688 1666 4752 perseverate.
1707 4681 1988 4751 Tanquam

396 4796 418 4821 «ι
455 4772 577 4828 filiis
605 4773 761 4829 vobis
791 4770 949 4827 offert
979 4786 1040 4825 se
1069 4771 1237 4825 Deus.
1288 4768 1422 4837 Quis
1452 4768 1597 4824 enim
1626 4766 1790 4836 ﬁlius,
1824 4783 1988 4838 quem

395 4884 418 4911 α
453 4877 564 4917 non
592 4860 818 4931 corripit
845 4865 1001 4929 pater
1019 4857 1046 4911 τ
1077 4856 1219 4925 Quia
1239 4856 1287 4911 si
1299 4863 1451 4912 extra
1468 4855 1812 4926 disciplinam
1831 4854 1982 4923 estis,

394 4973 416 4998 α
453 4950 605 5019 cujus
632 4947 921 5019 participes
950 4944 1076 5000 facti
1124 4950 1250 4998 sunt
1293 4959 1505 5013 omnes,
1548 4958 1681 5016 ergo
1728 4941 1982 5010 adulteri,

397 5060 419 5086 α
453 5046 506 5092 et
561 5052 672 5090 non
726 5033 822 5088 ﬁlii
879 5032 1029 5089 estis.
1074 5031 1285 5087 Deinde
1330 5039 1511 5101 patres
1541 5031 1759 5103 quidem
1806 5031 1986 5087 carnis

392 5149 415 5174 α
450 5132 650 5180 nostrae
679 5121 983 5179 eruditores
1012 5120 1321 5187 habuimus,
1356 5127 1409 5174 et
1451 5119 1836 5177 reverebamur
1864 5135 1981 5177 eos.

395 5235 416 5264 α
451 5215 596 5267 Num
651 5210 803 5283 [non]
857 5208 1027 5263 multo
1074 5208 1253 5280 magis
1301 5208 1797 5279 obtemperabimus
1841 5207 1985 5278 patri

393 5323 416 5347 «
452 5299 755 5370 spirituum,
790 5305 843 5352 et
872 5296 1117 5352 vivemus
1136 5297 1164 5350 ?
1193 5297 1262 5350 Et
1291 5296 1366 5351 illi
1398 5296 1616 5368 quidam
1654 5295 1712 5350 in
1740 5304 1984 5366 tempore

392 5402 743 5458 «paucorum
788 5385 1021 5453 dierum,
1076 5384 1372 5439 secundum
1421 5384 1756 5439 voluntatem
1801 5397 1978 5449 suam,

392 5499 414 5529 ι
449 5475 769 5531 erudiebant
796 5488 896 5528 nos
928 5487 941 5527 :
972 5472 1060 5528 hic
1089 5481 1268 5528 autem
1297 5472 1369 5528 ad
1393 5472 1449 5526 id
1478 5472 1624 5543 quod
1653 5470 1785 5526 utile
1815 5478 1898 5526 est
1925 5470 1983 5525 in

389 5562 761 5633 «recipiendo
815 5560 1291 5637 sanctiﬁcationem
1352 5560 1489 5629 ejus.
1563 5558 1757 5615 Omnis
1801 5565 1982 5615 autem

391 5673 413 5700 α
447 5650 733 5725 disciplina
767 5650 823 5707 in
868 5650 1127 5725 praesenti
1172 5649 1393 5722 quidem
1439 5647 1655 5704 videtur
1700 5662 1812 5703 non
1856 5661 1982 5704 esse

2088 4584 2414 4641 mendabilis
2443 4592 2546 4652 est,
2577 4586 2701 4642 ideo
2729 4585 2868 4641 sicut
2891 4584 3122 4656 priores,
3155 4585 3230 4640 ita
3253 4589 3311 4642 et
3337 4601 3440 4642 nos
3471 4585 3690 4640 haben-

2089 4678 2171 4730 tes
2202 4677 2427 4730 tantam
2469 4674 2674 4730 nubem
2703 4674 2957 4740 testium,
2992 4672 3489 4729 commendantium
3518 4670 3690 4728 ﬁdem

2085 4761 2395 4833 impositam
2422 4761 2601 4818 nobis.
2631 4762 2847 4818 Nubem
2875 4761 3000 4817 ideo
3028 4761 3176 4828 dicit,
3202 4760 3331 4833 quia
3356 4748 3495 4817 sicut
3512 4760 3691 4817 nubes

2084 4850 2152 4905 ab
2179 4858 2314 4906 aestu
2340 4849 2580 4923 protegit
2608 4858 2660 4906 et
2688 4849 2889 4922 pluvia,
2932 4849 3014 4906 sic
3040 4848 3415 4921 praefatorum
3461 4856 3690 4905 sancto-

2084 4955 2207 4994 rum
2235 4938 2485 5009 exempla
2512 4938 2762 4994 muniunt
2788 4954 2891 4994 nos
2920 4944 3114 4994 contra
3140 4937 3407 4993 irruentia
3432 4936 3683 4994 Διοτ

2082 5027 2245 5082 mala.
2277 5027 2392 5082 Nos
2423 5026 2588 5083 etiam
2616 5025 2757 5083 sicut
2786 5025 2863 5081 illi
2891 5025 3234 5098 deponentes
3261 5041 3360 5097 per
3406 5024 3687 5096 poeniten-

2082 5114 2208 5170 tiam
2237 5130 2404 5173 omne
2427 5114 2645 5181 pondus
2670 5114 2883 5186 peccati
2907 5113 3055 5185 quod
3083 5112 3541 5185 perpetravimus,
3574 5112 3683 5168 de-

2080 5211 2348 5275 ponentes
2367 5202 2528 5258 etiam
2552 5207 2852 5275 peccatum
2880 5219 2983 5259 nos
3012 5203 3391 5259 circumstans
3413 5200 3682 5273 undique,

2080 5291 2136 5346 id
2168 5298 2252 5346 est
2278 5306 2493 5347 omnem
2524 5307 2746 5363 pravam
2767 5289 3177 5363 suggestionem
3205 5305 3309 5361 per
3332 5288 3686 5361 patientiam

2080 5395 2397 5449 curramus,
2430 5394 2540 5434 non
2570 5378 2758 5435 reﬂexi
2776 5395 2809 5433 a
2827 5379 2971 5434 bono
3001 5381 3295 5435 certamen
3321 5376 3681 5449 propositum

2079 5467 2262 5535 nobis,
2292 5482 2404 5523 non
2432 5467 2577 5523 enim
2604 5467 2674 5522 ad
2702 5466 2998 5524 blanditias
3027 5465 3207 5523 vocati
3237 5480 3440 5531 sumus,
3477 5464 3577 5518 sed
3604 5464 3682 5520 ad

2077 5555 2394 5612 tolerandos
2450 5555 2687 5611 labores.
2748 5555 3065 5624 Curramus,
3118 5552 3363 5625 inquam,
3416 5550 3688 5609 imitando

2078 5644 2420 5717 aspicientes
2440 5645 2504 5700 in
2521 5644 2714 5702 Iesum
2731 5629 3023 5703 auctorem
3040 5642 3176 5713 ﬁdei
3183 5648 3404 5711 nostrae,
3421 5638 3479 5696 id
3490 5646 3578 5698 est
3588 5640 3688 5714 qui
