3928 6424
68 302 165 356 557

741 296 1115 356 EXPOSITIO
1145 297 1219 355 IN
1254 295 1638 355 EPISTOLAS
1684 296 1910 353 PAULI.
1942 324 2012 338 --
2041 295 2116 351 ΙΝ
2145 295 2364 351 EPIST.
2415 296 2510 351 AD
2558 295 2761 352 HEBR.

3292 299 3395 350 558

76 440 175 480 nos
204 424 629 481 consummabit
656 423 711 480 in
740 423 935 498 gloria,
968 424 1013 479 si
1040 423 1177 479 ﬁdes
1206 431 1396 479 nostra
1442 422 1704 495 perduret
1724 426 1776 485 Α
1805 420 1909 476 nisi
1937 428 2136 493 praesto
2164 420 2233 475 sit
2261 419 2437 492 gratia
2468 420 2588 476 Dei.
2623 418 2981 491 Disciplinam
3002 418 3126 476 dico
3142 435 3253 476 non
3274 435 3400 492 per-

83 514 319 587 integra.
351 514 465 583 Qui
482 514 650 570 Jesus
677 515 953 569 sustinuit
975 529 1221 581 crucem,
1245 516 1573 585 contempta
1590 527 1701 567 non

85 610 292 657 tantum
320 602 655 669 acerbitate,
681 602 778 657 sed
807 602 965 658 etiam
995 604 1347 673 confusione,
1370 601 1421 656 id
1453 608 1537 657 est
1569 617 1699 656 eru-

89 691 375 747 bescentia
403 691 477 747 de
507 690 876 762 ignominioso
905 706 1111 764 genere
1159 690 1367 745 mortis.
1412 688 1697 755 Sustinuit,

95 780 340 851 inquam,
373 780 585 852 gaudio
614 780 895 852 proposito
924 779 1031 834 sibi
1058 778 1114 834 in
1144 778 1325 851 gloria
1348 777 1540 835 merito
1568 792 1702 848 pas—

97 868 287 925 sionis.
323 868 444 933 Vel,
468 868 754 939 proposito
784 867 887 923 sibi
914 875 1130 923 terreno
1152 867 1373 938 gaudio,
1399 866 1567 935 idest
1594 874 1705 922 ter-

95 956 249 1012 renis
307 955 656 1012 facultatibus
730 956 1021 1027 propositis
1067 956 1169 1010 sibi
1216 971 1250 1011 a
1294 954 1705 1011 cruciﬁxoribus

97 1045 235 1113 suis,
268 1045 315 1100 si
343 1044 510 1100 vellet
540 1060 602 1100 se
628 1044 842 1100 difﬁteri
870 1043 1063 1099 Filium
1092 1044 1214 1099 Dei.
1247 1046 1421 1115 Atque
1438 1044 1561 1099 ideo
1582 1043 1707 1115 quia

97 1149 322 1189 crucem
353 1132 630 1199 sustinuit,
662 1132 1039 1189 confusionem
1086 1132 1430 1203 contempsit,
1461 1133 1615 1188 sedet
1644 1134 1707 1187 in

96 1222 347 1277 dextera
375 1221 544 1287 sedis,
577 1220 635 1275 id
662 1228 745 1275 est
773 1221 829 1275 in
856 1220 1168 1294 aequalitate
1197 1220 1438 1276 sedentis
1466 1219 1568 1275 Dei
1598 1221 1707 1276 Pa-

96 1311 223 1366 tris.
256 1310 552 1366 Curramus
602 1309 941 1381 pr0positum
984 1317 1265 1385 certamen
1311 1309 1584 1364 imitantes
1612 1309 1708 1363 Je-

97 1415 249 1465 sum,
283 1398 378 1471 qui
425 1405 737 1469 contempta
779 1397 1097 1454 confusione
1145 1398 1400 1453 sustinuit
1446 1412 1708 1464 crucem;

98 1503 252 1552 eum,
277 1486 522 1558 inquam,
547 1485 774 1557 aspicite
802 1501 1020 1541 crucem
1042 1486 1098 1540 in
1118 1494 1295 1542 morte
1315 1486 1670 1541 sustinentem
1694 1502 1709 1551 ;

97 1576 419 1645 recogitate
449 1575 612 1630 etiam
642 1575 902 1631 eumdem
929 1575 1115 1630 Jesum
1143 1576 1241 1647 qui
1271 1575 1550 1631 sustinuit
1580 1590 1713 1629 con-

100 1663 534 1731 tradictionem,
559 1670 618 1717 ut
648 1662 787 1719 sicut
814 1663 869 1717 in
899 1670 1095 1730 morte,
1131 1663 1211 1719 sic
1240 1663 1402 1718 etiam
1430 1662 1717 1718 imitemini

97 1768 229 1806 eum
260 1751 322 1807 in
349 1751 608 1823 patienda
638 1751 1085 1808 contradictione.
1135 1750 1411 1823 Quidquid
1458 1751 1713 1806 adversi-
1731 1787 1785 1848 Β

104 1840 237 1899 tatis
266 1840 393 1895 tulit
419 1841 580 1895 Jesus
609 1856 782 1911 usque
810 1840 879 1895 ad
924 1840 1115 1896 horam
1144 1840 1417 1911 passionis
1444 1838 1716 1912 significat

100 1929 195 1985 hic
242 1945 352 1999 per
398 1928 901 1984 contradictionem.
936 1928 1034 1984 Vel
1077 1929 1125 1983 si
1159 1929 1395 1991 habetur
1436 1929 1609 1996 enim,
1641 1928 1717 1983 ita

95 2018 389 2090 jungatur.
423 2016 646 2071 Debetis
676 2016 924 2087 aspicere
970 2017 1155 2071 Jesum
1188 2016 1543 2072 sustinentem
1589 2032 1716 2072 cru-

104 2120 255 2171 cem,
290 2120 416 2159 nam
445 2104 608 2159 etiam
638 2105 743 2160 hoc
772 2104 992 2175 quodin
1023 2104 1241 2160 Christo
1269 2104 1448 2159 minus
1477 2110 1578 2173 est,
1613 2104 1719 2160 sci-

104 2193 241 2248 licet
274 2191 767 2249 contradictionem
810 2208 976 2263 quam
1005 2192 1277 2259 sustinuit,
1312 2193 1631 2264 recogitate,
1664 2191 1720 2246 id

103 2289 194 2337 est
220 2281 548 2353 frequenter
576 2280 788 2335 debetis
814 2280 1072 2335 mandare
1105 2282 1405 2337 memoriae.
1440 2281 1599 2349 Quod
1645 2280 1722 2335 ita

105 2370 188 2424 ait
225 2385 239 2423 :
276 2369 597 2442 Recogitate
625 2370 809 2424 Jesum
837 2369 931 2440 qui
963 2369 1216 2425 sustinuit
1235 2370 1724 2427 contradictionem

105 2458 303 2523 talem,
359 2457 418 2511 id
473 2465 556 2511 est
612 2457 751 2512 adeo
808 2457 1268 2527 contemptibilem
1321 2465 1375 2513 et
1426 2456 1721 2527 difﬁcilem,

107 2546 383 2618 quodque
410 2545 591 2617 magis
622 2544 795 2615 potuit
824 2561 1056 2617 gravare
1084 2562 1227 2612 eum,
1262 2546 1380 2616 ipse
1410 2546 1502 2618 qui
1531 2562 1724 2616 pecca-

108 2642 235 2688 tum
266 2649 378 2689 non
406 2633 577 2699 novit,
610 2632 814 2688 illatam
843 2633 946 2687 sibi
972 2650 1003 2687 a
1031 2633 1411 2704 peccatoribus
1450 2633 1722 2701 sustinuit,

110 2738 232 2777 non
264 2722 534 2776 adversus
563 2721 801 2791 Petrum,
838 2722 926 2776 vel
954 2722 1254 2793 quemlibet
1308 2722 1724 2792 discipulorum,

114 2810 221 2865 sed
252 2810 523 2866 adversus
543 2812 933 2881 semetipsum.
957 2810 1295 2882 Recogitate,
1320 2810 1564 2882 inquam,
1588 2811 1730 2867 hanc

114 2894 633 2964 contradictionem,
656 2898 725 2952 ad
754 2899 878 2963 hoc,
902 2900 968 2952 ut
999 2914 1273 2955 memores
1301 2899 1415 2968 ejus
1443 2915 1559 2955 non
1588 2899 1730 2970 fati-

116 2987 368 3057 gemini,
400 2985 455 3040 id
486 2994 567 3041 est
596 3001 667 3041 ne
695 2985 813 3040 sitis
842 2985 972 3041 fessi
1001 2985 1257 3058 patiendo
1286 2987 1532 3053 adversa,
1564 2987 1653 3042 vel
1684 2986 1732 3041 si

116 3073 437 3147 fatigamini
464 3090 717 3145 corpore,
743 3090 812 3129 ne
832 3073 1149 3146 fatigemini.
1165 3076 1230 3130 in
1260 3076 1471 3131 animis
1502 3076 1728 3142 vestris,

118 3142 423 3219 sed‘carne
464 3142 679 3217 inﬁrma
724 3142 961 3232 spiritus'
991 3170 1173 3218 tamen
1217 3164 1451 3234 prompti
1499 3163 1623 3217 sint.
1677 3142 1802 3218 Sic

120 3252 282 3308 enim
311 3259 459 3305 tanta
486 3251 554 3306 sit
582 3250 942 3307 contradictio
978 3258 1037 3305 ut
1062 3250 1358 3322 fatigentur
1384 3251 1569 3318 animi,
1594 3252 1734 3307 sicut

118 3342 282 3395 idem
312 3338 508 3395 Paulus
536 3339 604 3395 de
635 3356 695 3394 se
721 3338 795 3394 ait
825 3357 839 3393 :
879 3362 901 3388 α
935 3339 1157 3395 Gravati
1196 3356 1385 3395 sumus
1414 3355 1581 3411 supra
1608 3355 1733 3396 mo-

121 3430 287 3494 dum,
317 3428 395 3482 ita
419 3436 477 3483 ut
506 3428 703 3484 taedeat
747 3444 848 3483 nos
878 3428 1064 3485 vivere
1091 3429 1173 3498 (II
1208 3428 1328 3486 Cor.
1362 3444 1401 3495 ι,
1436 3429 1528 3499 8);
1567 3449 1589 3480 ›
1622 3444 1735 3483 non

120 3527 320 3573 tamen
368 3514 703 3581 deﬁcientes,
755 3515 894 3572 sicut
934 3533 1036 3572 nec
1080 3517 1279 3571 Paulus
1342 3516 1557 3586 defecit,
1608 3516 1735 3573 licet

121 3606 395 3679 fatigatus
425 3614 569 3660 esset
614 3605 848 3660 animus.
882 3604 1207 3674 Deﬁcerent,
1241 3606 1287 3661 si
1317 3606 1513 3662 timore
1558 3606 1735 3661 tribu-

122 3696 403 3751 lationum
430 3694 595 3749 fidem
624 3702 910 3768 negarent,
943 3695 1154 3749 debetis
1183 3694 1367 3767 utique
1396 3694 1515 3751 sine
1545 3694 1737 3766 fatiga-

125 3784 287 3840 tione
324 3792 379 3838 et
420 3782 636 3839 defectu
665 3783 974 3852 sustinere,
1026 3785 1160 3855 quia
1207 3791 1262 3838 et
1318 3783 1364 3837 si
1408 3784 1732 3852 restitistis,

128 3872 399 3929 nondum
427 3879 606 3926 tamen
627 3887 799 3943 usque
828 3870 900 3927 ad
928 3873 1284 3943 sanguinem,
1316 3871 1372 3926 id
1392 3879 1476 3927 est
1495 3872 1738 3927 nondum

130 3960 350 4018 effusus
379 3967 461 4015 est
489 3959 712 4032 sanguis
740 3966 941 4028 vester,
975 3959 1122 4031 quod
1151 3959 1198 4014 si
1235 3967 1469 4031 Oportet,
1500 3974 1600 4031 pro
1630 3958 1739 4015 ﬁde

129 4049 455 4122 patiendum
483 4056 584 4104 est.

206 4138 467 4194 Nondum
494 4152 669 4208 usque
697 4136 766 4191 ad
794 4134 1183 4192 eﬂ‘undendum
1221 4135 1545 4209 sanguinem
1576 4135 1739 4193 resti-

135 4227 300 4295 tistis,
315 4242 415 4283 vos
427 4233 609 4281 tamen
628 4228 1015 4298 repugnantes
1031 4225 1299 4283 adversus
1313 4228 1615 4297 peccatum
1631 4244 1651 4293 ;
1667 4223 1742 4280 ita

135 4316 333 4372 dicens
361 4314 419 4370 in
445 4314 620 4370 altero
665 4314 850 4370 laudat
876 4329 972 4370 eos
1002 4313 1131 4386 quia
1174 4320 1633 4385 repugnaverunt.
1680 4314 1742 4369 In

136 4405 316 4460 altero
360 4402 597 4459 ostendit
636 4402 816 4459 adhuc
860 4417 1023 4474 posse
1069 4402 1392 4469 ascendere,
1433 4401 1644 4458 scilicet
1673 4400 1745 4457 ad

1802 518 2135 575 secutorum,
2188 509 2286 565 sed
2332 510 2607 576 Domini;
2637 509 2742 581 ipsi
2790 509 2932 565 enim
2982 508 3117 563 nihil
3170 516 3402 580 possunt

1800 599 1907 655 nisi
1937 616 2003 655 ex
2050 598 2416 670 permissione
2465 598 2586 666 Dei,
2628 600 2731 654 hoc
2777 599 2939 653 modo
2987 614 3229 671 purgare
3260 597 3401 654 ﬁlios

1802 704 1929 744 suos
1951 687 2204 744 volentis.
2238 687 2363 743 Noli
2395 687 2679 759 negligere
2708 686 3073 757 disciplinam,
3105 703 3282 759 neque
3313 689 3402 757 fa-

1807 778 2020 847 tigeris,
2053 777 2108 831 id
2139 784 2222 831 est
2247 792 2317 831 ne
2346 775 2524 831 fessus
2554 775 2796 846 refugias
2825 775 2933 846 pati
2962 776 3098 831 dum
3123 777 3400 846 argueris,

1804 865 1859 919 id
1889 873 1971 920 est
2000 881 2129 920 reus
2159 880 2281 919 esse
2312 864 2657 921 convinceris
2686 883 2721 919 a
2766 866 2874 920 Deo
2921 880 3022 935 per
3060 866 3203 919 hanc
3231 864 3404 920 disci-

1805 953 2013 1025 plinam
2040 952 2359 1026 indulgente
2389 952 2505 1007 tibi.
2541 954 2642 1007 Per
2672 954 2811 1008 hanc
2840 951 3003 1007 etiam
3036 952 3403 1023 disciplinam,

1805 1042 1969 1097 homo
1996 1050 2050 1098 et
2079 1041 2424 1113 fragilitatem
2448 1058 2603 1096 suam
2633 1042 2934 1112 cognoscit,
2969 1049 3021 1096 et
3042 1041 3112 1111 (si
3142 1041 3409 1112 patienter

1808 1131 2095 1202 sustineat)
2152 1131 2544 1203 indulgentiam
2606 1138 2952 1201 promeretur
3010 1130 3079 1185 de
3133 1130 3397 1201 peccatis.

1808 1219 2054 1275 408
2080 1220 2203 1275 Non
2230 1220 2399 1275 debes
2418 1218 2633 1292 fatigari
2660 1220 2786 1274 dum
2806 1218 3079 1291 argueris,
3108 1236 3237 1277 eum
3254 1219 3408 1275 enim

1810 1325 1973 1381 quem
2003 1308 2190 1379 diligit
2215 1310 2491 1365 Domznus
2518 1309 2780 1379 castigat,
2814 1308 2870 1363 id
2909 1308 3058 1363 estin
3085 1308 3328 1364 castitate
3356 1315 3411 1363 et

1810 1396 2138 1454 continentia
2198 1396 2452 1452 vitiorum
2510 1412 2608 1468 per
2675 1396 3018 1468 disciplinam
3068 1397 3227 1469 agit;
3259 1396 3410 1452 illum

1812 1502 1975 1557 quem
1995 1486 2189 1556 diligit,
2210 1485 2458 1556 castigat,
2483 1502 2706 1541 omnem
2728 1491 2922 1542 autem
2948 1487 3135 1555 ﬁlium
3152 1502 3316 1558 quem
3329 1502 3410 1541 re-

1812 1577 1973 1646 cipit,
2005 1573 2319 1645 priusquam
2349 1573 2595 1645 recipiat,
2618 1575 2894 1646 ﬂagellat.
2929 1574 3080 1630 Licet
3110 1574 3254 1629 enim
3281 1590 3411 1645 pec-

1815 1671 1931 1720 cata
1959 1662 2210 1730 dimittat,
2245 1662 2378 1717 nulli
2415 1671 2596 1718 tamen
2627 1679 2788 1734 poena
2810 1663 3123 1733 remittitur,
3165 1663 3295 1734 quin
3325 1662 3413 1718 vel

1813 1750 1870 1805 in
1896 1751 1998 1806 hac
2026 1750 2158 1818 vita,
2190 1750 2279 1807 vel
2308 1750 2363 1805 in
2410 1750 2593 1805 futura
2641 1750 2897 1821 solvatur,
2930 1752 3017 1806 vel
3061 1751 3129 1805 ab
3157 1751 3278 1821 ipso
3307 1752 3412 1807 ho-

1815 1839 1960 1895 mine
1992 1846 2297 1910 spontanea
2334 1838 2631 1905 voluntate,
2666 1839 2811 1909 quod
2839 1855 2978 1909 Opus
3005 1840 3280 1910 acceptius
3311 1847 3412 1905 est,

1816 1928 1903 1983 vel
1933 1927 2038 1983 alio
2068 1927 2171 1982 sibi
2218 1927 2503 1983 inferente.
2540 1927 2687 1982 Sicut
2731 1943 2833 1998 per
2881 1927 3148 2000 originale
3178 1927 3417 1998 probare

1818 2031 2129 2087 possumus,
2189 2016 2335 2087 quod
2393 2016 2613 2087 quidem
2669 2015 2725 2069 in
2780 2016 3054 2086 baptismo
3110 2015 3415 2081 dimittitur,

1818 2120 1980 2176 praua
2010 2112 2191 2159 tamen
2220 2104 2336 2173 ejus
2369 2104 2583 2175 peccati
2622 2103 2943 2175 (mortalitas
2973 2104 3179 2160 scilicet
3208 2113 3262 2160 et
3289 2120 3420 2176 pas-

1822 2193 2053 2248 sibilitas
2103 2192 2448 2264 relinquitur.
2509 2194 2579 2247 Et
2623 2193 2840 2263 quando
2884 2192 3103 2264 quidem
3133 2192 3424 2264 disciplina

1822 2281 2038 2336 Domini
2069 2282 2209 2336 adeo
2238 2280 2689 2336 commendabilis
2729 2289 2829 2347 est,
2862 2281 3032 2353 igitur
3066 2285 3425 2353 perseverate

1823 2372 1889 2425 in
1918 2370 2251 2441 disciplina,
2282 2369 2338 2423 id
2372 2376 2455 2424 est
2502 2369 2559 2423 in
2606 2369 2865 2439 patientia
2904 2370 3333 2439 tribulationum,
3368 2369 3426 2423 in

1826 2474 1936 2530 qua
1963 2458 2148 2529 utique
2178 2473 2532 2528 perseverare
2561 2458 2773 2513 debetis
2798 2476 2813 2525 ;
2848 2460 2993 2513 Deus
3011 2461 3163 2514 enim
3183 2459 3349 2529 oﬂert
3368 2473 3427 2514 se
3520 2458 3529 2469 “

1822 2548 1970 2603 vobis
2017 2546 2073 2600 in
2113 2546 2553 2601 tribulationibus
2612 2546 2917 2615 adjutorem
2952 2551 3225 2619 tanquam
3252 2548 3418 2615 ﬁliis.

1826 2637 1973 2691 Bene
2002 2635 2125 2689 dico
2156 2643 2412 2706 tanquam
2456 2633 2601 2701 ﬁliis,
2637 2634 2760 2705 quia
2792 2637 2917 2706 quis
2966 2643 3049 2690 est
3076 2636 3232 2704 ﬁlius
3260 2649 3430 2706 quam

1829 2741 1945 2778 non
1961 2723 2234 2795 corripiat
2262 2726 2470 2795 pater?
2492 2724 2639 2777 Deus
2668 2722 2859 2794 utique
2879 2722 3049 2777 ﬁlium
3078 2739 3188 2779 non
3207 2722 3427 2778 habebit

1829 2812 2219 2867 incorrectum.
2280 2809 2445 2864 Filius
2501 2826 2611 2865 non
2659 2811 2760 2865 erit
2809 2810 2915 2865 nisi
2973 2810 3064 2882 qui
3093 2811 3411 2882 corripitur.

1833 2900 1985 2967 Quod
2024 2901 2093 2965 si,
2128 2899 2183 2953 id
2211 2906 2293 2953 est
2323 2898 2369 2952 si
2399 2914 2528 2953 vero
2557 2913 2656 2954 vos
2686 2901 2824 2954 estis
2869 2904 3041 2955 extra
3070 2900 3427 2972 diciplinam,

1830 2988 1977 3060 quod
2006 2987 2330 3042 subtrahatis
2358 3002 2458 3042 vos
2482 3002 2516 3041 a
2555 2986 2845 3057 disciplina
2876 2987 3112 3057 Domini,
3145 2990 3310 3059 cujus
3352 2988 3434 3043 di-

1833 3076 2079 3147 sciplina:
2103 3078 2411 3147 participes
2438 3077 2586 3146 facti
2613 3080 2750 3130 sunt
2779 3091 2973 3132 omnes
2994 3076 3091 3130 ﬁlii
3110 3076 3229 3132 Dei.
3255 3076 3330 3143 Si,
3354 3076 3437 3131 in-

1833 3180 2016 3236 quam,
2050 3172 2204 3219 extra
2249 3163 2594 3234 disciplinam
2645 3164 2798 3231 estis,
2830 3181 2959 3235 ergo
3005 3181 3114 3220 non
3161 3165 3293 3220 estis
3342 3164 3441 3220 ﬁlii

1832 3253 2081 3326 legitimi,
2108 3253 2205 3308 sed
2236 3254 2370 3308 estis
2397 3251 2492 3306 ﬁlii
2518 3252 2790 3322 adulteri,
2817 3252 2870 3308 id
2901 3262 2983 3309 est
3003 3254 3295 3309 adulterini
3317 3254 3438 3326 qui-

1832 3342 1937 3397 bus
1967 3349 2120 3413 pater
2149 3358 2261 3397 non
2287 3341 2507 3396 adhibet
2532 3341 2888 3414 paedagogos,
2925 3343 3049 3414 quia
3080 3358 3175 3398 eos
3204 3358 3313 3398 non
3343 3359 3439 3398 cu-

1833 3438 1938 3485 rat.
1988 3430 2086 3485 Vel
2134 3430 2268 3486 estis
2315 3429 2411 3484 ﬁlii
2455 3428 2705 3499 adulteri,
2754 3430 2811 3486 id
2836 3439 2919 3486 est
2967 3431 3188 3498 diaboli,
3223 3431 3439 3487 adulte-

1834 3527 2017 3575 rantes
2046 3534 2165 3575 VOS.
2884 3526 2891 3531 ’

1906 3607 2161 3662 Probavit
2214 3624 2313 3679 per
2366 3609 2671 3665 testimonia
2721 3608 3039 3679 Scripturae,
3091 3608 3297 3664 debere
3343 3623 3440 3664 eos

1834 3712 2193 3767 perseverare
2222 3696 2278 3751 in
2307 3696 2591 3769 disciplina
2616 3717 2630 3764 ;
2666 3713 2811 3754 nunc
2859 3697 3158 3752 rationibus
3188 3697 3442 3753 humanae

1838 3785 2249 3841 consuetudinis
2290 3785 2437 3841 idem
2485 3787 2773 3858 approbat,
2809 3786 2963 3858 quasi
3013 3786 3220 3841 diceret
3255 3802 3268 3840 :
3302 3785 3444 3854 Quia

1836 3872 1894 3927 in
1921 3872 2211 3943 disciplina
2238 3875 2704 3944 perseverandum
2748 3874 2906 3930 nobis
2940 3874 3028 3942 sit,
3062 3891 3163 3946 per
3201 3875 3442 3930 auctori-

1838 3968 1974 4016 tates
2003 3962 2235 4028 ostendi,
2270 3963 2469 4018 deinde
2516 3972 2641 4035 post
2671 3962 2980 4019 testimonia
3012 3963 3440 4035 Scripturarum,

1839 4050 2093 4105 humanae
2148 4052 2557 4107 consuetudinis
2609 4052 2850 4109 rationes
2908 4052 3127 4117 induco,
3179 4052 3250 4107 ad
3298 4053 3446 4107 idem

1839 4138 2200 4208 probandum.
2233 4140 2348 4194 Nos
2377 4140 2603 4212 quidem
2630 4141 2921 4195 habuimus
2958 4145 3159 4212 patres
3182 4156 3291 4196 non
3320 4140 3443 4194 ani-

1839 4240 2075 4293 marum,
2110 4227 2210 4281 sed
2239 4229 2433 4283 carnis
2464 4231 2676 4285 nostra:
2707 4248 2726 4284 :
2756 4228 2956 4283 lineam
2989 4228 3133 4283 enim
3162 4229 3346 4283 carnis
3375 4230 3445 4284 ab

1840 4315 1976 4385 ipsis
2024 4314 2305 4382 traximus,
2357 4323 2410 4370 et
2452 4316 2603 4371 carni
2650 4324 2853 4372 nostra;
2880 4331 2914 4372 a
2945 4331 3108 4372 carne
3156 4324 3447 4387 parentum

1842 4402 2101 4458 derivata;
2129 4404 2278 4458 Deus
2306 4402 2544 4458 θηίωειιη
2586 4404 2831 4460 contulit.
2878 4405 2992 4460 Hos
3038 4411 3215 4459 autem
3266 4411 3454 4476 patres

138 4491 468 4548 effusionem
487 4490 793 4564 sanguinis.
830 4491 1240 4563 Repugnantes,
1275 4490 1519 4562 inquam,
1539 4490 1744 4546 adver—
1770 4499 1824 4562 1)
1847 4491 2147 4547 habuimus
2171 4491 2503 4560 eruditores,
2538 4497 2597 4547 et
2623 4492 3038 4563 reverebamur,
3072 4492 3339 4549 honorem
3369 4493 3451 4549 eis

142 4597 239 4637 sus
265 4588 555 4652 peccatum
583 4596 654 4635 ne
682 4579 863 4636 locum
888 4579 1116 4635 haberet
1134 4579 1191 4634 in
1219 4578 1395 4635 vobis.
1426 4579 1572 4635 Dum
1601 4578 1749 4635 enim

141 4669 327 4741 impiis
372 4667 686 4726 consentire
726 4667 974 4738 renuitis,
1005 4674 1195 4724 contra
1239 4674 1525 4739 peccatum
1573 4667 1748 4735 statis,

144 4758 344 4831 quibus
373 4757 422 4813 si
449 4755 853 4825 cunsentiretis,
879 4764 1166 4827 peccatum
1212 4754 1396 4811 statim
1424 4755 1609 4812 locum
1645 4757 1748 4810 ha-

147 4847 300 4903 beret
318 4846 376 4903 in
396 4844 577 4903 vobis.
608 4844 977 4917 Repugnastis
1004 4844 1139 4900 olim
1158 4843 1426 4900 adversus
1444 4850 1749 4915 peccatum,

147 4941 204 4993 et
230 4952 377 4993 nunc
389 4952 560 5009 quare
579 4934 744 4991 obliti
771 4934 909 4990 estis
935 4934 1364 4999 consolationis,
1387 4932 1445 4988 id
1461 4940 1545 4988 est
1559 4931 1758 4988 divini-

149 5025 270 5083 tatis
311 5041 413 5084 vos
458 5024 517 5080 in
564 5022 912 5079 tribulatione
976 5020 1359 5078 consolantis?
1402 5037 1527 5094 quia
1571 5021 1757 5077 divina

148 5114 447 5173 consolatio
480 5113 739 5186 loquitur
767 5110 928 5167 nobis
955 5125 1067 5167 non
1107 5113 1383 5183 tanquam
1412 5109 1625 5177 alienis,
1659 5109 1763 5165 sed-

149 5212 395 5279 tanquam
442 5203 608 5275 ﬁliis,
646 5215 787 5273 quos
831 5198 1019 5256 fovere
1064 5198 1295 5254 intendit
1337 5197 1527 5254 dicens
1564 5198 1621 5252 in
1650 5197 1753 5253 Sa-

144 5293 355 5353 lomone
378 5295 576 5365 (Prov.
611 5304 693 5359 tu,
714 5287 772 5358 4)
799 5304 813 5343 :
839 5285 885 5344 Ο
908 5295 964 5369 tu
985 5287 1073 5357 ﬁli
1099 5288 1201 5355 mi,
1224 5287 1346 5343 noli
1363 5286 1648 5358 negligere
1676 5286 1761 5342 di-

1848 4579 2155 4635 exhibendo
2185 4579 2508 4635 timebamus
2550 4596 2661 4636 eos.
2695 4581 2950 4637 Revereri
2999 4581 3145 4636 enim
3191 4589 3294 4649 est,
3327 4597 3455 4639 cum

1848 4667 2044 4723 timore
2073 4668 2338 4723 honorem
2367 4668 2707 4741 impendere.
2739 4670 2807 4725 Et
2835 4668 2883 4724 si
2911 4675 3097 4740 patres
3144 4669 3329 4726 carnis
3357 4685 3454 4726 re-

1849 4756 2195 4823 verebamur,
2218 4772 2409 4813 nonne
2425 4759 2607 4814 multo
2625 4759 2804 4831 magis
2823 4758 3334 4831 obtemperabimus
3346 4760 3458 4815 Pa-

1854 4847 1934 4901 tri
1960 4846 2294 4918 spirituum,
2319 4845 2373 4901 id
2402 4854 2486 4903 est
2513 4848 2631 4903 Deo
2652 4848 2746 4919 qui
2776 4848 2866 4903 dat
2916 4847 3128 4903 animas
3147 4847 3313 4921 longe
3334 4864 3461 4904 cor-

1852 4950 1986 5006 pore
2015 4933 2295 5007 digniores
2314 4934 2342 4990 7
2369 4935 2458 4992 cui
2488 4936 2926 5008 obtemperantes
2954 4938 3204 4993 vivemus
3229 4936 3285 4991 in
3322 4945 3457 4994 aete-

1854 5039 1987 5078 num
2015 5023 2160 5095 quod
2190 5031 2377 5094 patres
2408 5024 2592 5081 carnis
2623 5041 2727 5080 nec
2756 5025 2860 5080 sibi
2889 5041 2992 5081 nec
3021 5025 3180 5081 nobis
3200 5026 3462 5102 [conferre

1858 5111 2110 5183 queunt?
2136 5112 2285 5167 Patri
2313 5112 2498 5185 utique
2528 5113 2816 5185 spirituum
2862 5114 3043 5187 magis
3072 5114 3463 5187 obtemperan-

1858 5201 1991 5256 dum
2018 5208 2103 5255 est
2130 5200 2259 5273 quia
2284 5201 2378 5257 illi
2422 5202 2648 5274 quidem
2678 5210 2865 5274 patres
2908 5202 3088 5258 carnis
3121 5204 3184 5259 in
3215 5208 3466 5277 tempore

1859 5304 2173 5363 paucorum
2203 5290 2425 5346 dierum
2455 5290 2794 5347 erudiebant
2815 5307 2920 5347 nos
2938 5293 3253 5349 secundum
3269 5296 3469 5350 volun-

143 5386 469 5460 sciplinam,
494 5381 553 5436 id
583 5385 669 5435 est
696 5374 1114 5449 persecutiones
1146 5383 1200 5430 et
1228 5375 1456 5432 verbera
1486 5390 1608 5446 quae
1638 5381 1766 5429 sunt
1864 5382 2044 5434 tatem
2062 5378 2343 5445 suam,hic
2363 5379 2434 5434 ad
2452 5379 2992 5451 grammaticam,ille
3014 5380 3086 5436 ad
3106 5380 3357 5437 fabrilem
3381 5398 3470 5437 ar-

140 5474 449 5549 disciplina.
512 5470 579 5525 In
634 5465 722 5522 his
776 5464 923 5521 enim
960 5465 1126 5521 homo
1165 5463 1400 5519 addiscit
1447 5470 1652 5535 quanta
1695 5462 1766 5518 sit
1864 5472 1992 5531 tem,
2024 5465 2346 5538 plerumque
2376 5467 2447 5523 ad
2488 5466 2715 5523 inutilia.
2747 5470 2846 5525 Hic
2876 5473 3071 5525 autem
3116 5470 3276 5526 Pater
3303 5471 3469 5541 spiri-

138 5566 401 5642 fmgimas
454 5574 578 5625 sua,
615 5562 673 5613 et
709 5569 877 5628 quam
920 5569 1114 5625 parum
1161 5552 1369 5609 viribus
1410 5552 1524 5608 suis
1569 5550 1763 5623 possit,
1864 5562 2037 5621 tuum,
2060 5554 2134 5610 ad
2160 5554 2220 5611 id
2248 5554 2392 5627 quod
2420 5568 2524 5626 pro
2555 5563 2702 5613 certe
2730 5558 2878 5613 utile
2908 5560 3012 5624 est,
3038 5557 3211 5613 erudit
3240 5574 3341 5614 nos
3370 5574 3472 5631 per
