3928 6430
483 318 587 371 559

1039 315 1096 370 S.
1136 313 1489 370 BRUNONIS
1526 309 2175 371 CARTHUSIANORUM
2213 309 2701 368 INSTITUTORIS
2738 309 2892 368 OPP.
2935 309 3111 368 PARS
3147 310 3216 367 II.

3682 312 3779 365 560

485 440 825 511 disciplinam
860 440 922 494 in
956 440 1274 509 recipiendo
1314 439 1823 507 sanctiﬁcationem
1850 440 1986 509 ejus,
2021 436 2076 491 id
2100 443 2155 502 Α
2177 444 2259 491 tes
2297 451 2395 490 vos
2442 434 2770 492 infructuosa
2811 434 3127 506 pmnitentia
3173 434 3589 490 damnationem
3650 448 3776 490 eva-

489 538 571 583 est
600 528 911 598 patientiam
942 535 994 581 et
1022 535 1252 581 caeteras
1282 527 1524 591 virtutes,
1548 527 1818 597 positione
1846 542 2075 597 quarum

486 632 612 671 suos
644 614 961 671 sanctiﬁcat.
996 614 1136 682 Quia
1163 614 1239 668 illi
1261 623 1485 685 possent
1514 615 1772 683 objicere,
1788 615 2031 669 dicentes
2057 629 2071 666 :

486 703 621 772 Quis
649 711 826 774 potest
853 703 961 773 pati
990 703 1297 771 hujusmodi
1324 703 1683 773 disciplinam,
1715 702 1768 756 in
1799 719 1903 773 qua
1933 717 2076 756 sem-

483 808 583 862 per
610 808 834 854 mceror,
859 806 1135 862 nunquam
1166 791 1424 859 gaudium
1448 792 1476 845 ?
1504 791 1621 861 ipse
1653 790 1795 845 idem
1819 798 1875 843 ut
1905 789 2078 843 solvat

484 880 666 948 objicit
698 880 821 945 sibi,
855 878 1043 934 dicens
1076 897 1089 932 :
1122 880 1242 949 Ego
1285 879 1503 949 quidem
1552 878 1877 933 commendo
1921 877 2077 932 vobis

483 968 800 1039 patientiam
856 967 1178 1037 disciplinae,
1241 968 1338 1020 sed
1386 976 1565 1021 tamen
1612 965 1877 1021 conﬁteor
1932 963 2077 1036 quod

483 1057 666 1112 omnis
695 1056 1000 1127 disciplina
1021 1057 1082 1110 in
1111 1056 1385 1125 presenti
1409 1058 1657 1126 tempore
1689 1055 1910 1126 quidem
1932 1052 2080 1109 vide-

487 1149 599 1210 tur,
616 1144 701 1198 his
718 1145 810 1215 qui
829 1142 1174 1214 superficiem
1195 1143 1276 1197 rei
1298 1151 1501 1196 tantum
1522 1142 1808 1212 aspiciunt,
1825 1157 1942 1197 non
1962 1157 2081 1196 esse

486 1234 701 1303 gaudii,
732 1232 826 1287 sed
857 1232 1200 1287 solummodo
1248 1232 1520 1286 maeroris.
1556 1232 1758 1285 MCBI‘OI‘
1805 1230 1951 1285 enim
1994 1229 2083 1283 hic

487 1337 704 1391 semper
752 1328 852 1385 est,
904 1335 1181 1391 nunquam
1230 1318 1505 1389 gaudium.
1550 1320 1710 1374 Nunc
1758 1317 2082 1373 solutionem

487 1409 688 1475 subdit,
735 1409 948 1463 videtur
989 1408 1207 1478 quidem
1239 1407 1290 1460 in
1336 1407 1592 1477 prmsenti
1635 1422 1757 1460 esse
1805 1406 2079 1470 maeroris,

484 1496 581 1553 sed
599 1501 815 1569 postea,
840 1496 895 1551 id
916 1504 996 1550 est
1013 1496 1066 1549 in
1083 1495 1265 1549 futuro
1290 1496 1624 1550 exercitatis
1646 1511 1751 1566 per
1776 1510 1901 1549 eam
1922 1492 2085 1548 disci-

487 1586 714 1657 plinam,
777 1599 886 1639 non
936 1582 1257 1638 adulterinis
1300 1582 1647 1652 extrapositis
1692 1582 1886 1637 reddet
1939 1582 2086 1636 Deus

489 1676 745 1744 fructum
764 1673 1031 1743 justitice.
1055 1671 1306 1726 Fructum
1334 1671 1458 1724 dico
1487 1686 1596 1725 non
1620 1670 1757 1724 sicut
1777 1669 1983 1724 fructus
2006 1676 2089 1724 est

2174 525 2321 586 dere,
2347 524 2474 595 quia
2495 525 2697 579 scitote
2718 526 2817 579 hoc
2839 524 2907 578 de
2928 524 3092 589 Esau,
3118 525 3260 597 quod
3287 527 3344 579 et
3363 531 3489 578 ante
3507 521 3779 577 venditio-

2173 617 2382 677 nem,et
2395 616 2588 683 postea
2605 614 2837 683 cupiens
2855 612 3191 667 hmreditare
3209 610 3675 667 benedictionem
3685 610 3782 681 pri-

2175 700 2455 770 mogeniti,
2488 702 2815 772 reprobatus
2844 705 2946 765 est,
2981 708 3033 755 et
3063 700 3108 754 si
3139 715 3296 755 nona
3317 709 3493 770 patre,
3534 708 3725 754 tamen
3754 714 3786 752 a

2178 789 2312 843 Deo.
2333 789 2470 843 Vere
2491 788 2950 857 reprobatus,non
2973 790 3127 843 enim
3146 790 3367 844 invenit
3393 790 3590 844 locum
3608 788 3787 860 pani-

2180 878 2375 931 tentice
2396 896 2414 942 ,-
2444 876 2693 946 pmnituit
2714 875 2935 948 quidem
2950 892 3014 931 se
3031 876 3341 931 vendidisse
3360 876 3675 948 primitiva,
3694 875 3791 930 sed

2176 963 2293 1019 hinc
2349 963 2667 1035 poenitentia
2713 963 2892 1019 locum
2941 964 3352 1035 opportunitatis
3398 980 3512 1020 non
3574 962 3788 1029 habuit,

2178 1068 2501 1125 quanquam
2530 1052 2862 1124 inquisisset
2887 1068 3013 1108 eam
3039 1052 3412 1123 paenitentiam
3440 1067 3578 1108 cum
3612 1051 3793 1123 lacry—

2179 1140 2301 1195 mis.
2337 1140 2394 1195 Si
2424 1139 2569 1195 enim
2597 1139 2985 1211 lacrymaretur
3031 1139 3338 1196 conﬁtendo
3383 1148 3710 1212 peccatum,
3742 1147 3793 1193 et

2180 1227 2453 1298 puniendo
2481 1227 2821 1300 iniquitatem
2852 1243 3027 1294 suam,
3052 1228 3233 1285 locum
3258 1229 3485 1284 haberet
3517 1229 3646 1297 ejus
3677 1243 3793 1299 pos-

2181 1316 2420 1380 nitentia,
2455 1316 2549 1371 sed
2580 1316 2704 1388 quia
2731 1316 2787 1371 in
2816 1316 2950 1387 ipsis
2979 1316 3235 1389 lacrymis
3281 1317 3685 1390 indignabatur
3727 1315 3795 1370 de

2182 1403 2448 1459 electione
2479 1403 2679 1471 fratris,
2703 1404 2951 1475 cogitans
2982 1403 3292 1460 interﬁcere
3317 1404 3572 1470 fratrem,
3594 1404 3644 1459 si
3669 1420 3797 1475 pos-

2184 1500 2286 1559 set,
2318 1491 2442 1546 ideo
2473 1492 2627 1547 locus
2656 1492 2988 1563 paenitendas
3025 1493 3128 1564 ipsi
3160 1500 3390 1565 negatus
3420 1501 3529 1548 est.
3564 1492 3796 1547 Debetis

2184 1595 2376 1650 pacem
2409 1588 2462 1634 et
2492 1580 2909 1637 sanctimoniam
2955 1580 3127 1652 sequi.
3182 1581 3373 1636 Videte
3402 1598 3471 1636 ne
3524 1580 3795 1635 amaritu-

2185 1668 2327 1721 dinis
2354 1668 2508 1723 radix
2539 1668 2810 1739 germinet
2840 1669 2895 1724 in
2926 1668 3102 1737 vobis,
3134 1675 3262 1737 etc.,
3298 1668 3425 1741 quia
3453 1685 3570 1725 non
3598 1684 3795 1724 acces-

492 1761 698 1825 mundi,
720 1759 812 1831 qui
830 1774 1104 1830 nunquam
1137 1767 1219 1812 est
1238 1758 1293 1812 in
1313 1758 1717 1828 tranquillitate,
1735 1758 1830 1813 sed
1854 1757 2088 1813 fructum
2109 1793 2161 1854 B
2190 1756 2337 1810 sistis
2370 1758 2440 1810 ad
2468 1756 2649 1828 legem
2686 1756 3084 1827 importabilem
3117 1764 3169 1811 et
3199 1757 3501 1812 terribilem
3554 1772 3686 1811 eam
3716 1755 3796 1810 fa-

493 1850 944 1921 pacatissimum,
978 1848 1033 1901 id
1064 1855 1146 1901 est
1174 1846 1228 1900 in
1257 1846 1404 1900 omni
1449 1846 1628 1917 quiete
1674 1846 2084 1916 possidendum.

2189 1844 2351 1900 cienti
2380 1852 2431 1899 et
2461 1844 2721 1911 inutilem,
2756 1845 2892 1899 sicut
2930 1844 3083 1915 prior
3111 1844 3217 1912 lex,
3250 1845 3349 1900 sed
3378 1845 3702 1900 accessistis
3731 1844 3796 1898 ad

497 1940 736 2007 Propter
764 1934 926 2007 quod,
960 1934 1084 2005 quia
1110 1933 1413 1989 exercitatis
1441 1950 1541 2003 per
1584 1934 1922 2003 disciplinam
1952 1933 2090 1987 adeo
2189 1932 2369 2005 legem
2414 1933 2583 1987 multa
2627 1933 2884 1988 facilitate
2923 1933 3236 2001 jucundam,
3285 1933 3356 1987 ad
3401 1934 3646 2006 gratiam
3694 1931 3796 1987 ad-

499 2023 773 2078 fructuosa
802 2023 903 2076 erit
914 2021 1121 2090 justitia
1150 2037 1266 2088 sua,
1290 2024 1487 2091 erigite
1516 2021 1640 2075 ideo
1670 2023 1935 2076 remissas
1967 2038 2091 2075 ma-
2185 2021 2460 2090 jutricem,
2492 2021 2565 2075 ad
2595 2021 2896 2076 caelestium
2943 2021 3440 2091 repromissionem.
3486 2020 3659 2090 Quod
3688 2018 3794 2074 dif-

500 2112 698 2179 nus,id
719 2120 798 2165 est
818 2110 1162 2180 operationes
1184 2109 2093 2179 charitatis,priusintensas,modo
2192 2108 2309 2164 fuse
2338 2109 2408 2163 ait
2435 2108 2513 2165 sic
2542 2108 2809 2179 incipiens
2829 2124 2841 2163 :
2861 2127 2976 2167 non
3005 2112 3323 2166 accessistis
3352 2111 3424 2165 ad
3452 2112 3653 2182 ignem
3683 2113 3795 2163 tra-

501 2199 814 2254 dissolutas.
838 2197 1043 2268 Erigite
1074 2197 1236 2251 etiam
1262 2214 1448 2268 genua
1476 2198 1681 2262 soluta,
1699 2197 1753 2251 id
1784 2206 1865 2251 est
1885 2196 2095 2251 fortitu-

502 2288 683 2342 dinem
716 2287 865 2357 prius
893 2286 1152 2351 habitam,
1184 2301 1327 2339 nunc
1356 2285 1545 2339 timore
1590 2285 1889 2354 disciplinae
1936 2301 2094 2339 reso-

504 2375 693 2430 lutam.
726 2375 855 2429 Ideo
885 2390 985 2444 per
1013 2389 1189 2445 genua
1220 2372 1418 2438 soluta,
1479 2372 1831 2428 amissionem
1882 2372 2094 2428 virtutis

502 2463 776 2535 signiﬁcat
815 2462 939 2533 quia
968 2462 1021 2515 in
1052 2461 1285 2534 genibus
1327 2461 1478 2531 prius
1523 2469 1745 2532 apparet
1791 2469 2015 2527 tremor,
2050 2460 2097 2514 si

504 2552 703 2607 fuerint
732 2550 1033 2615 dissoluta;
1066 2550 1267 2604 erectio
1298 2549 1345 2602 si
1376 2548 1577 2603 fuerint
1615 2548 1934 2605 confortata.
1965 2549 2095 2603 Eri-

504 2640 616 2711 gite
646 2655 826 2711 genua
854 2643 909 2693 et
937 2640 1113 2709 facite
1139 2638 1391 2707 pedibus,
1411 2636 1466 2691 id
1497 2644 1579 2691 est
1601 2636 1978 2692 affectionibus
2003 2653 2097 2692 ve-

506 2736 632 2783 strae
664 2726 808 2792 ﬁdei,
841 2730 1022 2781 rectos
1050 2742 1291 2796 gressus.
1326 2725 1537 2779 Primus
1563 2741 1791 2797 gressus
1830 2724 1958 2779 ﬁdei
1989 2732 2093 2790 est,

502 2814 745 2870 conﬁteri
768 2833 783 2880 ;
802 2814 1018 2880 deinde,
1036 2814 1081 2867 si
1103 2830 1329 2867 necesse
1358 2813 1445 2876 sit,
1470 2813 1582 2883 pati
1605 2831 1619 2865 :
1644 2813 1719 2866 ita
1740 2820 1922 2868 rectos
1940 2811 2099 2867 facile

502 2908 567 2960 ut
593 2920 706 2959 non
729 2906 879 2958 erret
895 2904 1101 2973 aliquis
1123 2910 1367 2955 vestrum
1381 2901 1647 2956 recedens
1668 2919 1703 2955 a
1722 2903 1813 2957 via
1834 2899 1977 2965 ﬁdei,
1998 2916 2099 2955 nec

503 2993 695 3046 saltem
726 2991 794 3044 sit
824 2988 1157 3046 claudicans
1183 2990 1237 3042 in
1267 2989 1386 3055 via;
1418 2996 1605 3058 posset
1646 2990 1791 3043 enim
1820 2987 1984 3043 fidem
2012 2996 2099 3043 te-

503 3096 653 3146 nere,
679 3095 808 3132 sane
839 3077 1090 3141 credens,
1115 3076 1361 3132 409
1394 3084 1447 3131 et
1462 3076 1765 3131 claudicare
1786 3077 1842 3130 in
1857 3092 1940 3145 ea,
1960 3076 2005 3131 si
2027 3076 2100 3131 ti-

505 3174 680 3222 meret
709 3164 972 3221 conﬁteri.
999 3166 1065 3218 Et
1094 3180 1194 3234 pro
1215 3163 1517 3218 assertione
1545 3162 1672 3218 ﬁdei
1700 3179 1809 3219 non
1830 3171 1977 3219 erret
2000 3163 2099 3219 ali-
2125 3139 2172 3199 Ο

507 3255 650 3327 quis,
672 3254 768 3309 sed
796 3254 974 3324 magis
1003 3256 1242 3308 sanetur
1271 3252 1340 3306 ab
1369 3267 1566 3315 errore,
1585 3252 1630 3306 si
1657 3251 1795 3307 forte
1817 3253 2094 3308 erraverit.

506 3345 578 3400 Ut
605 3349 785 3397 autem
816 3341 951 3396 recti
978 3340 1084 3395 sint
1104 3356 1332 3413 gressus
1363 3340 1547 3405 vestri,
1573 3342 1877 3412 sequimini
1902 3357 2100 3412 pacem

508 3448 640 3487 cum
669 3430 948 3496 omnibus,
983 3429 1146 3483 etiam
1170 3444 1293 3484 cum
1329 3428 1582 3484 inimicis.
1612 3427 1908 3499 Sequimini
1938 3429 2103 3484 etiam

502 3520 963 3584 sanctimoniam,
996 3518 1050 3572 id
1083 3526 1163 3572 est
1193 3532 1407 3572 omnem
1447 3517 1808 3586 sanctitatem,
1842 3518 1965 3572 sine
1995 3534 2105 3589 qua

502 3626 638 3681 pace
671 3616 724 3662 et
754 3605 1113 3661 sanctimonia
1142 3622 1306 3661 nemo
1337 3606 1543 3661 videbit
1571 3608 1767 3661 Deum.

578 3696 867 3764 Quomodo
898 3693 1255 3750 sanctimonia
1295 3694 1572 3764 sequenda
1605 3693 1694 3759 sit,
1727 3691 1985 3760 insinuat,
2015 3692 2105 3747 di-

506 3801 638 3841 cens
672 3799 684 3838 :
720 3782 1019 3854 Sequimini
1061 3780 1496 3847 sanctimoniam,
1540 3782 1991 3852 contemplantes
2033 3796 2106 3836 ne

508 3875 634 3945 quis
661 3878 902 3926 vestrum
933 3870 1079 3925 desit
1109 3871 1311 3940 gratia:
1340 3870 1479 3934 Dei;
1509 3868 1689 3940 gratia
1718 3868 1862 3923 enim
1886 3868 1980 3923 Dei
2009 3884 2108 3940 pa-

509 3967 629 4014 rata
646 3966 729 4013 est
759 3957 934 4023 vobis,
954 3957 1131 4012 videte
1162 3972 1231 4011 ne
1254 3956 1528 4026 repellatis
1549 3972 1665 4011 eam
1691 3974 1706 4022 ;
1738 3956 2110 4027 contemplan-

512 4056 595 4102 tes
624 4047 786 4102 etiam
811 4062 882 4100 ne
913 4047 1104 4117 aliqua
1136 4044 1326 4113 radix,
1358 4044 1413 4098 id
1445 4052 1526 4098 est
1556 4045 1836 4115 suggestio
1878 4044 2106 4115 peccati,

514 4134 685 4190 Radix
714 4134 837 4189 dico
886 4133 1314 4198 amaritudinis,
1346 4132 1474 4187 licet
1520 4132 1737 4203 quidam
1767 4140 1956 4203 putent
1986 4148 2110 4188 esse

512 4222 839 4289 dulcedinis,
872 4221 1070 4287 videte,
1105 4221 1348 4292 inquam,
1383 4237 1451 4275 ne
1480 4220 1630 4275 radix
1658 4221 1967 4290 hujusmodi
1995 4223 2111 4276 im-

511 4312 706 4383 pediat
737 4327 853 4377 vos,
877 4311 1207 4381 germinans
1229 4325 1474 4375 sursum,
1497 4308 1552 4363 id
1572 4317 1656 4363 est
1674 4325 2036 4379 prorumpens
2056 4307 2113 4363 in

513 4408 691 4456 actum
721 4397 948 4470 peccati.
986 4397 1133 4453 Tunc
1162 4397 1306 4452 enim
1346 4397 1625 4469 suggestio
1655 4414 1871 4451 sursum
1900 4399 2113 4470 germi-

2193 2198 2459 2252 ctabilem
2486 2202 2544 2252 et
2570 2199 2967 2253 aceessibilem.
3002 2198 3062 2252 In
3081 2198 3301 2253 datione
3316 2198 3460 2253 enim
3482 2197 3694 2253 veteris
3714 2196 3793 2251 le-

2195 2285 2280 2357 gis
2310 2285 2453 2357 ignis
2482 2284 2579 2339 fuit
2609 2301 2923 2355 corporeus,
2960 2285 3007 2339 si
3033 2294 3310 2356 pateretur
3354 2287 3502 2341 Deus
3532 2286 3633 2357 qui
3664 2300 3794 2356 pos-

2196 2380 2279 2427 set
2309 2373 2529 2427 tractari
2570 2373 2819 2427 humanis
2846 2373 3120 2438 manibus,
3152 2382 3205 2429 et
3232 2374 3300 2428 ad
3330 2390 3493 2445 quem
3530 2372 3794 2446 possibile

2197 2468 2344 2515 esset
2361 2461 2643 2516 accedere.
2669 2462 2777 2516 Nec
2798 2461 3109 2516 accessistis
3138 2462 3210 2516 ad
3240 2463 3546 2528 turbinem,
3568 2466 3631 2517 et
3659 2461 3796 2515 cali-

2197 2550 2405 2618 ginem,
2441 2552 2497 2604 et
2525 2550 2853 2619 procellam.
2887 2548 3069 2604 Turbo
3112 2549 3277 2615 enim,
3309 2550 3365 2604 id
3397 2558 3478 2605 est
3508 2558 3794 2606 ventorum

2196 2636 2487 2691 commotio
2516 2636 2590 2690 ibi
2635 2635 2751 2702 fuit,
2782 2644 2836 2691 et
2867 2637 3152 2691 tenebrosa
3204 2637 3380 2709 caligo
3428 2645 3482 2693 et
3529 2635 3793 2708 procella.

2200 2724 2386 2778 Ventis
2416 2724 2558 2779 enim
2588 2724 3008 2795 percellentibus
3038 2742 3098 2780 se
3118 2726 3371 2793 invicem,
3398 2725 3656 2782 contusio
3686 2729 3800 2779 erat

2198 2812 2501 2884 grandinis.
2525 2813 2632 2868 Nec
2655 2813 2726 2867 ad
2753 2829 2957 2868 sonum
2977 2814 3145 2880 tuba,
3169 2818 3228 2870 et
3255 2830 3442 2871 vocem
3461 2815 3797 2878 verborum;

2199 2902 2427 2971 clangor
2457 2900 2600 2955 enim
2642 2901 2896 2957 tubarum
2926 2909 2979 2956 et
3006 2902 3215 2957 vocalia
3262 2902 3429 2958 verba
3459 2902 3671 2957 ibidem
3698 2915 3796 2955 au-

2200 2988 2310 3042 dita
2326 2996 2468 3055 sunt,
2491 3004 2660 3060 quam
2679 3004 2872 3044 vocem
2891 2989 3061 3045 Judaei
3081 2992 3177 3062 qui
3192 2991 3524 3059 audierunt,
3548 3005 3793 3047 excusa-

2202 3080 2407 3131 verunt
2436 3092 2514 3142 se,
2546 3076 2906 3132 obtendentes
2948 3077 3297 3151 fragilitatem
3326 3094 3500 3146 suam,
3532 3095 3610 3135 ne
3637 3078 3796 3147 ﬁeret

2200 3166 2280 3220 eis
2310 3163 2554 3229 verbum,
2588 3165 2643 3219 id
2668 3173 2752 3220 est
2781 3180 2850 3221 ne
2894 3166 3156 3221 Dominus
3200 3167 3519 3239 loqueretur
3565 3167 3671 3235 eis,
3701 3163 3793 3220 sed

2201 3253 2393 3321 Moysi,
2419 3260 2472 3307 et
2498 3253 2714 3323 Moyses
2743 3253 2848 3308 illis
2872 3271 2886 3308 :
2909 3254 3034 3309 ideo
3050 3254 3131 3310 sic
3159 3271 3218 3309 se
3240 3262 3643 3312 excusaverunt
3671 3254 3797 3326 quia

2200 3357 2317 3395 non
2362 3342 2686 3412 portabant,
2718 3341 2773 3395 id
2817 3350 2902 3396 est
2947 3358 3058 3398 non
3105 3350 3352 3413 poterant
3395 3352 3620 3415 portare
3666 3338 3794 3397 illud

2202 3428 2345 3500 quod
2375 3429 2667 3484 dicebatur
2692 3429 2793 3484 eis.
2823 3430 2969 3485 Deus
2990 3430 3114 3486 ideo
3143 3430 3199 3485 in
3219 3439 3363 3486 tanta
3392 3432 3689 3505 asperitate
3718 3437 3797 3482 ter

2202 3516 2347 3570 roris
2377 3516 2560 3589 legem
2587 3516 2750 3571 dabat
2781 3517 2880 3587 eis,
2905 3518 3031 3589 quia
3053 3518 3256 3574 sciebat
3283 3536 3384 3591 per
3412 3519 3697 3576 lenitatem
3727 3515 3796 3571 di-

2203 3604 2453 3660 lectionis
2482 3604 2557 3659 nil
2586 3604 2715 3660 boni
2743 3620 2839 3661 eos
2866 3615 3204 3676 operaturos,
3238 3616 3291 3662 et
3319 3608 3444 3664 ideo
3493 3606 3654 3679 quasi
3681 3620 3795 3660 ser-

2204 3707 2303 3748 vos
2328 3708 2429 3763 per
2457 3692 2723 3764 supplicia
2751 3695 3051 3767 cogendos.
3084 3695 3523 3769 Praesignabatur
3550 3697 3717 3752 etiam
3744 3692 3795 3746 in

2204 3786 2352 3834 tanta
2400 3779 2793 3850 multiplicitate
2861 3789 3131 3838 terrorum
3175 3798 3271 3839 eos
3314 3800 3592 3857 nunquam
3638 3793 3795 3856 posse

2206 3876 2425 3938 portare
2455 3868 2635 3939 legem
2666 3869 2834 3925 illam.

2277 3956 2346 4010 Et
2373 3956 2575 4013 dictum
2592 3958 2775 4012 eratin
2796 3958 3112 4029 acceptione
3129 3958 3289 4032 legis,
3313 3960 3439 4031 quia
3455 3960 3501 4015 si
3522 3960 3705 4016 bestia
3723 3964 3795 4011 te-

2206 4044 2392 4115 tigerit
2422 4052 2660 4100 montem
2695 4044 2864 4113 illum,
2899 4046 2955 4100 in
2983 4063 3089 4119 quo
3138 4048 3368 4103 dabatur
3396 4049 3502 4118 lex,
3531 4043 3796 4119 lapidabi-

2208 4139 2297 4185 tur
2340 4132 2540 4203 (Exod.
2597 4148 2720 4201 xxx,
2771 4134 2881 4205 12).
2930 4135 3029 4190 Vel
3076 4135 3375 4192 secundum
3423 4137 3689 4208 quosdam
3735 4146 3795 4187 ex

2203 4218 2427 4289 judicio,
2452 4221 2540 4276 vel
2569 4222 2866 4277 secundum
2895 4222 3031 4278 alios
3051 4239 3117 4279 ex
3147 4224 3432 4297 grandinis
3459 4224 3792 4281 confusione.

2211 4308 2341 4363 Haec
2365 4307 2545 4363 omnia
2575 4325 2676 4380 per
2703 4310 3009 4381 oppositum
3055 4310 3363 4385 ﬁgurabant
3391 4312 3668 4369 dationem
3696 4323 3793 4364 no-

2210 4410 2293 4450 vae
2320 4395 2480 4466 legis.
2510 4397 2626 4452 Nos
2653 4398 2800 4454 enim
2826 4398 3143 4470 accipiendo
3179 4401 3432 4472 gratiam,
3465 4400 3791 4458 accessimus

515 4497 627 4553 nat,
657 4504 779 4543 cum
817 4486 963 4557 quod
992 4486 1134 4540 male
1166 4486 1359 4540 suadet
1386 4502 1487 4555 per
1535 4493 1719 4540 actum
1744 4491 2107 4541 consummat.
2138 4488 2193 4549 D
2212 4483 2282 4540 ad
2330 4484 2536 4556 ignem,
2567 4484 2624 4540 id
2655 4493 2738 4541 est
2783 4487 2854 4542 ad
2898 4487 3154 4543 ardorem
3203 4488 3431 4559 Spiritus
3479 4488 3671 4557 sancti,
3703 4496 3797 4539 nec

518 4575 707 4632 Videte
737 4592 804 4630 ne
830 4590 933 4646 qua
963 4574 1116 4628 radix
1146 4573 1223 4628 sic
1255 4589 1352 4628 vos
1391 4573 1667 4643 impediat,
1698 4577 1755 4629 et
1803 4588 1913 4644 per
1948 4574 2116 4628 illam

520 4680 736 4718 sursum
768 4661 1167 4735 germinantem
1198 4663 1576 4733 inquinentur
1604 4662 1798 4728 multi,
1831 4659 2118 4731 proniores

518 4752 587 4807 ad
620 4752 975 4806 imitationem
1020 4750 1385 4821 turpitudinis,
1422 4765 1586 4820 quam
1617 4748 1935 4803 honestatis.
1969 4748 2118 4804 Con-

521 4840 845 4910 templantes
876 4840 1034 4894 etiam
1063 4855 1135 4894 ne
1164 4840 1288 4910 quis
1318 4845 1556 4893 vestrum
1576 4836 1645 4891 sit
1672 4838 1990 4906 fornicator
2016 4840 2123 4892 aut

520 4930 817 5000 profanus,
843 4926 1046 4982 cultum
1075 4926 1176 4981 Dei
1203 4926 1486 4991 deserens,
1510 4926 1661 4980 sicut
1691 4922 1789 4977 fuit
1818 4924 1988 4989 Esau,
2023 4926 2120 4996 qui

521 5018 752 5088 propter
780 5033 955 5071 unam
978 5013 1557 5071 escamlenticularum
1576 5011 1827 5068 vendidit
1847 5013 2121 5082 primoge-

524 5104 653 5158 nita
680 5120 786 5160 sua
814 5102 968 5157 fratri
998 5118 1095 5157 suo
1127 5102 1315 5156 Jacob.
1351 5101 1430 5154 De
1452 5098 1807 5154 fornicatione
1835 5099 1984 5153 Esau
2011 5114 2122 5153 non

524 5190 652 5246 alibi
697 5190 1022 5246 invenimus.
1077 5189 1173 5245 Vel
1203 5188 1249 5242 si
1295 5186 1576 5259 allegoriae
1618 5185 1935 5252 insistimus,
1967 5185 2121 5241 dica-

523 5295 645 5333 mus
674 5279 743 5333 ita
772 5295 842 5333 ne
873 5280 943 5333 sit
971 5276 1092 5349 quis
1131 5275 1431 5331 fornicator
1459 5274 1514 5327 in
1561 5274 1708 5330 cultu
1756 5272 1875 5329 Dei.
1927 5274 2121 5329 Forni-

525 5375 734 5423 catores
765 5374 917 5421 erant
945 5365 1038 5436 qui
1066 5363 1193 5418 ﬁdei
1223 5361 1422 5417 Christi
1454 5360 1819 5416 necessariam
1857 5376 1981 5417 esse
2008 5361 2121 5418 cir-

524 5454 913 5510 cumcisionem
954 5451 1285 5515 credebant;
1316 5458 1427 5515 aut,
1476 5466 1543 5504 ne
1574 5449 1694 5521 quis
1744 5449 1814 5504 sit
1839 5448 2119 5521 profanus,

530 5542 694 5597 ﬁdem
725 5540 939 5611 penitus
971 5539 1251 5594 deserens.
1280 5538 1363 5593 Ne
1408 5537 1524 5592 sitis
1554 5537 1693 5594 sicut
1719 5538 1887 5607 Esau,
1919 5545 2122 5609 putan-

2217 4572 2574 4639 tractabilem,
2607 4589 2710 4629 nec
2737 4575 3136 4643 accessibilem,
3167 4577 3267 4632 sed
3311 4576 3668 4648 spiritualem.
3698 4574 3795 4629 So-

2217 4675 2320 4714 nus
2338 4660 2484 4716 tubae
2505 4661 2598 4732 qui
2615 4661 2697 4718 4
2708 4662 2770 4719 1
2783 4662 2862 4719 ο
2882 4662 2980 4718 fuit
2994 4663 3088 4732 ibi,
3102 4665 3516 4738 suggestionem
3537 4661 3795 4737 signiﬁca-

2216 4747 2312 4812 vit,
2363 4764 2484 4819 quae
2511 4748 2592 4804 sic
2620 4749 2688 4804 ad
2717 4759 2899 4806 actum
2950 4752 3183 4822 peccati,
3213 4760 3273 4808 ut
3301 4753 3425 4809 tuba
3452 4758 3713 4824 provocat
3735 4744 3795 4802 ad

2222 4834 2442 4890 bellum.
2476 4836 2691 4905 Quanto
2736 4838 2915 4910 magis
2959 4839 3103 4895 enim
3146 4840 3350 4896 Judmis
3396 4840 3791 4911 prohibebatur,

2220 4930 2370 4978 tanto
2417 4924 2693 4980 ardentius
2735 4927 2966 4982 ruebant
2992 4927 3049 4983 in
3077 4928 3321 4984 vetitum.
3356 4928 3437 4984 Ibi
3478 4929 3669 4985 iterum
3710 4920 3795 4980 fuit

2219 5011 2402 5077 turbo,
2437 5011 2491 5066 id
2516 5022 2599 5068 est
2627 5015 2918 5071 commotio
2947 5016 3383 5089 suggestionum,
3415 5025 3565 5073 actus
3608 5013 3794 5073 scilicet

2220 5099 2452 5170 peccati.
2488 5102 2546 5156 In
2574 5116 2714 5159 nova
2742 5104 2912 5176 gratia
2941 5111 2995 5159 et
3022 5105 3325 5178 suggestio,
3350 5113 3403 5161 et
3423 5113 3577 5161 actus
3605 5096 3793 5177 peccati

2222 5196 2544 5244 removetur.
2590 5190 2669 5245 Ibi
2696 5190 2891 5247 iterum
2917 5191 3018 5247 fuit
3058 5192 3315 5263 procella,
3348 5193 3406 5248 id
3433 5200 3519 5250 est
3563 5187 3793 5251 contusio

2221 5276 2525 5348 grandinis,
2558 5278 2763 5336 scilicet
2790 5281 3128 5337 consuetudo
3153 5281 3439 5352 peccandi.
3470 5282 3592 5338 Fuit
3620 5282 3793 5337 iterum

2223 5364 2425 5435 caligo,
2456 5365 2510 5419 id
2541 5374 2625 5422 est
2661 5368 2976 5437 excecatic,
3009 5385 3076 5424 ex
3118 5369 3509 5426 consuetudine
3552 5358 3796 5441 peccandi

2221 5452 2544 5522 procedens.
2577 5455 2639 5512 In
2658 5457 2833 5529 gratia
2861 5456 2964 5512 ista
2992 5458 3399 5513 etconsuetudo
3427 5457 3690 5530 peccandi
3715 5467 3793 5508 re-

2222 5546 2372 5594 mota
2414 5550 2499 5597 est
2525 5550 2580 5598 et
2605 5543 2785 5600 omnis
2811 5544 3026 5601 cacitas
3070 5545 3410 5614 illuminata;
3440 5545 3518 5602 ibi
3564 5545 3663 5603 fuit
3704 5553 3791 5600 vox
