3928 6444
526 378 629 432 563

1059 379 1116 434 S.
1166 375 1520 435 BRUNONIS
1564 373 2212 433 CARTHUSIANORUM
2252 373 2737 433 INSTITUTORIS
2773 373 2933 432 OPP.
2979 375 3160 434 PARS
3205 376 3273 433 ΙΙ.

3728 381 3817 435 564

532 519 555 549 ι
589 515 779 556 omnes
808 500 1131 573 praepositos
1160 508 1390 567 vestros,
1424 507 1475 556 et
1503 515 1695 555 omnes
1743 506 1977 555 sanctos.
2012 498 2194 559 εει-Α
2224 504 2339 552 tum
2384 497 2451 551 ad
2498 496 2641 563 illos,
2701 498 2863 554 hodie
2911 496 3075 554 etiam
3119 505 3203 555 est
3246 506 3467 570 paratus
3517 499 3580 555 in
3638 501 3817 557 eodem

530 612 551 636 «
586 589 759 645 lutant
786 605 885 645 vos
914 590 983 645 de
1027 589 1182 645 Italia
1221 588 1441 645 fratres.
1473 588 1652 643 Gratia
1702 604 1827 645 cum
1869 588 2120 643 omnibus

532 700 553 723 ιι
587 678 761 734 vobis.
794 680 987 734 Amen.
1026 698 1049 729 ι

1167 762 1485 804 ΕΧΡΟΒῙΤΙΟ.

595 853 730 908 Cum
775 861 924 910 metu
965 862 1019 909 et
1064 854 1371 910 reverentia
1427 854 1627 909 servile
1674 853 1810 908 Deo.
1862 851 2124 906 Charitas

525 942 688 998 etiam
716 951 1135 1013 perseveranter
1163 947 1396 998 maneat
1434 945 1496 997 in
1526 944 1691 997 vobis.
1726 941 1968 996 Charitas
1998 940 2121 995 dico

523 1033 934 1100 fraternitatis,
969 1048 1132 1102 quam
1179 1031 1486 1086 fraternitas
1532 1030 1787 1100 reposcit.
1819 1031 1932 1083 Hoc
1976 1027 2123 1083 enim

522 1119 669 1189 quod
699 1118 895 1174 fratres
925 1121 1056 1174 estis
1086 1120 1252 1190 exigit
1280 1127 1338 1173 ut
1367 1135 1464 1173 vos
1492 1118 1726 1173 invicem
1758 1116 2031 1188 diligatis;
2068 1120 2125 1171 et

524 1207 701 1261 nolite
722 1208 972 1262 oblivisci
994 1208 1467 1279 hospitalitatem,
1486 1223 1604 1277 quae
1622 1214 1703 1259 est
1727 1221 1857 1275 pars
1877 1203 2122 1259 charita-

522 1293 612 1359 tis,
643 1294 700 1348 in
731 1311 835 1365 qua
864 1295 992 1349 olim
1031 1295 1293 1349 valuistis.
1330 1296 1434 1349 Per
1481 1295 1585 1349 hoc
1634 1294 1781 1365 quod
1829 1293 1922 1358 ait,
1955 1291 2123 1346 nolite

525 1382 793 1452 oblivisci,
827 1383 1008 1455 signat
1038 1399 1133 1438 eos
1180 1383 1333 1453 prius
1383 1383 1612 1437 devotos
1642 1382 1698 1435 in
1738 1380 2119 1450 hospitalitate,

523 1486 670 1526 nunc
700 1471 958 1526 remissos
989 1488 1130 1526 esse.
1168 1471 1295 1525 Ideo
1346 1471 1603 1525 sectanda
1633 1477 1713 1523 est
1762 1468 2123 1538 hospitalitas,

524 1562 657 1632 quia
683 1576 785 1630 per
822 1561 969 1615 hanc
997 1560 1247 1615 virtutem
1276 1562 1621 1631 placuerunt
1652 1561 1880 1630 quidam
1908 1560 2043 1623 Deo,
2065 1563 2123 1610 ut

525 1648 798 1702 Abraham
837 1656 889 1703 et
935 1648 1051 1713 Lot,
1105 1664 1243 1719 quos
1286 1648 1434 1701 Deus
1481 1636 1608 1701 inde
1651 1644 1977 1715 signiﬁcavit
2019 1644 2123 1698 sibi

525 1736 817 1806 placuisse,
851 1736 1063 1807 angelis
1111 1736 1344 1806 receptis
1379 1735 1636 1805 hospitio.
1670 1735 1797 1788 Ideo
1846 1733 1988 1788 enim
2018 1749 2121 1787 an-

525 1825 681 1894 gelos
728 1840 857 1879 suos
903 1824 1143 1894 immisit,
1176 1823 1330 1895 quasi
1374 1824 1637 1893 hospites,
1670 1830 1723 1876 ut
1756 1839 1854 1892 per
1881 1824 1986 1877 hoc
2015 1823 2121 1876 ho-

530 1912 880 1981 spitalitatem
908 1921 1119 1983 gratam
1152 1912 1254 1966 sibi
1276 1928 1399 1967 esse
1426 1918 1841 1982 cognoscerent.
1876 1910 2123 1964 Charitas

528 2005 747 2054 maneat
767 2000 823 2054 in
843 2000 1017 2055 vobis.
1046 2002 1382 2055 Mementote
1402 1999 1566 2053 etiam
1596 2001 1935 2061 vinctorum,
1956 1998 2012 2051 id
2043 2004 2125 2052 est

530 2087 616 2141 his
662 2088 983 2155 ministrate,
1018 2088 1110 2159 qui
1165 2088 1220 2142 in
1274 2087 1507 2143 vinculis
1554 2086 1952 2157 Opprimuntur,
1989 2090 2123 2140 tan-

528 2193 696 2249 quam
727 2178 900 2232 simul
930 2179 1126 2243 vincti,
1159 2176 1216 2231 id
1247 2184 1329 2231 est
1359 2191 1633 2230 memores
1664 2191 1761 2230 vos
1794 2173 1953 2227 simul
2000 2190 2122 2228 esse

530 2266 761 2331 vinctos,
796 2264 925 2336 quia
974 2265 1019 2319 si
1047 2265 1123 2318 illi
1153 2265 1208 2318 in
1238 2280 1485 2330 carcere,
1516 2279 1613 2318 vos
1660 2263 1826 2318 vincti
1876 2262 2125 2316 molestia

530 2354 734 2409 carnis.
768 2354 866 2409 Vel
893 2354 970 2408 ita
1004 2371 1018 2408 :
1048 2353 1377 2408 Mementote
1404 2352 1710 2407 vinctorum
1759 2359 2015 2421 tanquam
2046 2350 2123 2404 si-

528 2443 642 2497 mul
675 2442 859 2507 vincti,
893 2442 949 2496 id
978 2451 1060 2497 est
1090 2442 1228 2497 sicut
1272 2441 1483 2497 velletis
1533 2440 1811 2494 reminisci
1859 2439 2045 2505 vestri,
2078 2439 2125 2493 si

531 2531 779 2587 similiter
807 2531 863 2585 in
893 2531 1124 2587 vinculis
1163 2530 1375 2585 essetis.
1408 2531 1733 2584 Mementote
1779 2529 1939 2583 etiam
1972 2530 2124 2583 labo-

528 2621 791 2677 rantium
820 2636 1145 2691 quocunque
1174 2636 1376 2690 genere
1405 2619 1694 2672 mundanae
1723 2616 1957 2671 miseriae
1990 2622 2124 2671 tan-

530 2727 699 2783 quam
728 2714 784 2764 et
813 2711 923 2779 ipsi
951 2709 1264 2763 laborantes
1285 2708 1399 2762 sitis
1422 2726 1436 2774 ;
1462 2707 1606 2789 quod
1627 2706 1771 2761 idem
1787 2705 1858 2759 ait
1877 2705 1957 2760 4
1971 2704 2030 2760 1
2048 2703 2123 2760 2

533 2806 787 2869 tanquam
806 2801 1096 2853 morantes
1124 2800 1189 2852 in
1218 2812 1467 2868 corpore.
1491 2794 1814 2865 Quicunque
1836 2794 1980 2848 enim
2001 2809 2124 2863 pre-

532 2887 694 2941 mitur
720 2902 887 2942 onere
916 2886 1116 2951 carnis,
1142 2901 1419 2955 nunquam
1450 2900 1649 2953 expers
1677 2891 1760 2937 est
1789 2898 2045 2937 aerumnae
2074 2889 2128 2937 et

528 2974 751 3030 laboris.
786 2974 879 3030 Sit-
895 2975 1054 3030 etiam
1084 2975 1147 3029 in
1178 2973 1437 3029 omnibus
1463 2971 1617 3027 vobis
1648 2971 1970 3026 honorabile
1996 2987 2127 3026 con-

528 3065 808 3131 nubium;
836 3062 926 3118 hic
974 3068 1216 3117 removet
1261 3060 1693 3115 fornicationem.
1742 3060 1811 3113 Et
1860 3058 2128 3129 conjugiis

531 3151 823 3208 celebratis
871 3150 940 3205 sit
988 3155 1144 3206 torus
1191 3149 1634 3214 immaculatus;
1667 3147 1755 3202 hic
1801 3147 2127 3202 adulterium

2225 593 2484 657 quantum
2512 585 2583 640 ad
2612 602 2711 641 vos
2735 605 2749 652 ;
2781 587 2899 659 ipse
2938 589 3114 643 etiam
3141 602 3387 658 praesens
3415 588 3526 644 erit
3556 591 3625 645 in
3652 589 3821 644 omnia

2222 676 2432 730 stecula
2479 675 2825 745 sperantibus
2870 675 2926 730 in
2961 692 3042 743 se,
3078 676 3274 748 quibus
3312 677 3386 732 ait
3417 695 3431 732 :
3465 699 3489 729 ι
3526 679 3684 735 Ecce
3727 695 3818 734 vo.

2224 762 2434 818 hiscum
2491 780 2611 818 sum
2684 779 2856 835 usque
2910 763 2979 818 ad
3035 765 3571 822 consummationem
3646 768 3822 822 saeculi

2225 851 2448 921 (Matth.
2471 866 2675 917 xxvm,
2698 854 2811 923 20).
2836 872 2860 902 ι
2885 851 3175 908 Imitamini
3194 853 3359 909 ﬁdem
3377 854 3821 925 praepositam,

2224 947 2517 1009 sequentes
2560 940 2863 995 doctrinam
2910 955 3120 996 eorum.
3178 942 3248 996 Et
3299 943 3585 998 doctrinis
3634 946 3821 1011 variis,

2225 1043 2346 1099 quae
2375 1043 2517 1082 nunc
2546 1044 2713 1082 unum
2740 1043 2885 1084 nunc
2914 1028 3066 1083 aliud
3095 1040 3365 1096 asserunt,
3399 1036 3455 1086 et
3481 1032 3821 1103 peregrinis,

2223 1115 2279 1169 id
2310 1124 2391 1170 est
2423 1116 2697 1170 extraneis
2741 1116 2957 1171 aliunde
3007 1132 3173 1189 quam
3199 1134 3230 1172 a
3259 1119 3420 1173 nobis
3462 1120 3824 1190 procedenti-

2224 1203 2327 1257 bus
2351 1222 2365 1269 ;
2388 1203 2492 1269 his,
2516 1204 2759 1274 inquam,
2783 1204 3045 1261 doctrinis
3066 1207 3247 1262 nolite
3271 1207 3475 1263 abduci
3495 1208 3574 1261 ab
3598 1223 3668 1263 eo
3689 1208 3824 1279 quod

2224 1306 2255 1344 a
2283 1292 2441 1345 nobis
2471 1292 2777 1361 accepistis.
2809 1292 2978 1348 Erant
3021 1293 3166 1348 enim
3214 1294 3431 1366 quidam
3475 1296 3818 1361 seductores,

2224 1379 2317 1451 qui
2346 1380 2803 1450 dogmatizabant,
2838 1398 2903 1437 ex
2936 1397 3001 1436 eo
3032 1383 3178 1453 quod
3217 1384 3416 1438 Paulus
3444 1400 3648 1440 omnes
3679 1384 3823 1440 cibos

2223 1468 2457 1523 mundos
2515 1484 2637 1523 esse
2694 1476 2747 1523 et
2804 1468 3167 1526 sanctiﬁcatos
3220 1487 3254 1526 a
3311 1473 3426 1527 Deo
3470 1473 3727 1538 dixerat,
3772 1482 3823 1527 ut

2224 1564 2427 1627 quanto
2455 1557 2631 1628 magis
2657 1556 3057 1629 ingurgitarent
3083 1567 3330 1615 ventrem
3365 1560 3650 1630 opulentia
3680 1577 3822 1615 esca-

2224 1660 2365 1710 rum,
2400 1652 2547 1699 tanto
2577 1646 2755 1717 magis
2786 1654 2969 1701 essent
2997 1647 3132 1719 grati
3161 1648 3297 1713 Deo,
3331 1649 3424 1720 qui
3443 1664 3646 1704 omnes
3675 1650 3819 1705 cibos

2225 1732 2657 1789 sanctiﬁcaverat
2705 1734 2775 1789 ad
2821 1736 3111 1790 edendum.
3157 1737 3289 1791 Inde
3335 1738 3453 1793 ait:
3487 1738 3677 1794 Nolite
3721 1740 3818 1792 hu-

2149 1821 2457 1909 Bjusmodi
2495 1822 2757 1876 doctrinis
2803 1823 3019 1893 abduci,
3054 1826 3187 1896 quia
3227 1828 3508 1896 optimum
3558 1832 3669 1891 est,
3718 1843 3818 1881 non

2224 1924 2441 1980 corpus,
2476 1910 2573 1965 sed
2604 1926 2699 1966 cor
2729 1912 2959 1965 stabiliri
2990 1920 3043 1967 et
3071 1913 3376 1968 conﬁrmari
3412 1917 3626 1987 gratia,
3662 1915 3718 1969 id
3747 1924 3820 1969 est

2223 2014 2287 2053 ex
2316 1998 2567 2053 libertate
2597 2015 2757 2070 quam
2788 2000 2935 2054 Deus
2955 2000 3132 2055 intulit
3159 2002 3318 2056 nobis
3348 2002 3402 2056 in
3433 2020 3536 2058 usu
3555 2003 3813 2068 omnium,

2222 2104 2390 2158 quam
2424 2086 2651 2140 stabiliri
2682 2090 2842 2151 escis,
2874 2087 2929 2142 id
2960 2097 3042 2142 est
3069 2089 3521 2161 multiplicatione
3569 2092 3816 2162 volupta-

2220 2175 2309 2241 tis,
2329 2192 2450 2246 qux
2471 2190 2613 2230 escae
2634 2192 2751 2231 non
2769 2180 3111 2247 profuerunt
3131 2178 3563 2235 ambulantibus
3584 2181 3650 2236 in
3672 2180 3814 2235 volu-

2222 2263 2479 2331 ptatibus,
2513 2271 2565 2317 et
2595 2279 2762 2333 supra
2789 2265 3013 2319 modum
3042 2265 3223 2321 locum
3244 2266 3500 2321 dantibus
3530 2270 3635 2324 eis.
3668 2268 3813 2323 Escis

2221 2351 2407 2421 utique
2455 2366 2563 2406 non
2611 2352 2875 2406 debemus
2924 2368 3020 2408 cor
3067 2354 3328 2419 stabilire,
3378 2355 3506 2426 quia
3558 2356 3815 2412 habemus

2223 2438 2427 2505 altare,
2462 2439 2518 2493 id
2548 2448 2630 2493 est
2660 2456 2857 2510 corpus
2904 2441 3118 2507 Christi,
3153 2443 3297 2512 quod
3327 2443 3384 2497 in
3413 2444 3575 2499 altari
3624 2460 3814 2500 conse-

2224 2534 2448 2593 cratur;
2493 2544 2658 2597 supra
2712 2529 2858 2599 quod
2904 2528 3265 2600 principatum
3312 2548 3344 2585 a
3389 2532 3548 2586 nobis
3597 2541 3727 2587 vota
3770 2540 3815 2586 et

2224 2614 2499 2669 orationes
2529 2616 2644 2670 Deo
2691 2616 2989 2672 offerimus.
3020 2620 3098 2673 De
3127 2635 3232 2691 quo
3281 2619 3454 2690 altari,
3490 2622 3548 2677 id
3581 2629 3667 2677 est
3695 2637 3813 2676 cor-

2223 2719 2357 2772 pore
2379 2704 2578 2758 Christi
2596 2722 2714 2759 non
2737 2706 2945 2761 habent
2964 2711 3301 2777 potestatem
3321 2709 3480 2764 edere
3501 2710 3813 2781 quicunque

2225 2792 2547 2847 deserviunt
2573 2792 2959 2860 tabernaculo,
2979 2794 3031 2848 id
3047 2802 3130 2849 est
3150 2796 3398 2867 corporis
3415 2797 3782 2868 voluptatibus
3799 2816 3810 2861 ;

2226 2880 2305 2934 sic
2344 2880 2491 2933 enim
2538 2881 2728 2935 horam
2776 2882 3023 2936 mansuri
3071 2899 3258 2938 sumus
3297 2884 3354 2938 in
3402 2901 3654 2955 corpore,
3688 2886 3815 2940 sicut

2225 2966 2383 3021 miles
2411 2966 2466 3020 in
2512 2968 2860 3024 tabernaculo
2890 2970 3126 3024 militari.
3160 2972 3361 3027 Probat
3389 2973 3595 3043 duplici
3631 2982 3812 3029 aucto-

2227 3055 2386 3109 ritate
2416 3056 2617 3111 veteris
2655 3058 2910 3127 primum,
2943 3058 3141 3114 deinde
3189 3075 3344 3116 novas
3373 3061 3533 3133 legis,
3570 3062 3813 3118 eumdem

2229 3159 2449 3199 sensum
2476 3144 2532 3198 in
2560 3152 2784 3217 utraque
2835 3146 3101 3219 colligens
3148 3149 3467 3205 auctoritate
3513 3151 3665 3222 quod
3694 3165 3813 3222 pro—

532 3240 763 3296 abdicat.
798 3239 927 3295 Ideo
955 3254 1153 3294 moneo
1203 3237 1495 3302 connubia,
1529 3236 1835 3292 castitatem
1882 3236 1998 3301 tori,
2033 3253 2127 3291 re-
2159 3205 2205 3266 0
2226 3232 2389 3299 misit,
2422 3233 2611 3287 dicens
2645 3250 2657 3288 :
2690 3235 2831 3290 Vere
2861 3234 2952 3305 qui
2982 3235 3295 3292 deserviunt
3323 3238 3682 3295 tabernaculo
3720 3254 3811 3294 vo—

530 3324 803 3380 movendo
848 3322 1265 3379 fornicationem
1305 3329 1358 3377 et
1406 3320 1751 3386 adulterium,
1803 3323 1934 3393 quia
1982 3322 2128 3377 Deus

523 3412 828 3485 judicabit,
851 3412 909 3468 id
929 3418 1011 3467 est
1031 3410 1308 3466 damnabit
1327 3412 1701 3482 fornicatores
1723 3414 1778 3465 et
1798 3410 2086 3465 adulteros
2106 3430 2125 3479 ;

529 3518 642 3559 non
687 3502 831 3574 quod
879 3500 1174 3557 homicidia
1202 3508 1256 3555 et
1283 3500 1495 3570 reliqua
1538 3498 1685 3554 mala
1725 3498 1971 3567 judicare
2018 3515 2127 3553 non

530 3592 743 3660 debeat,
778 3591 875 3646 sed
902 3606 1049 3647 nunc
1078 3590 1147 3645 de
1175 3589 1260 3644 his
1290 3589 1504 3644 duobus
1540 3596 1747 3643 tantum
1779 3603 1956 3642 sermo
1987 3594 2121 3641 erat.

532 3682 703 3737 Mores
729 3681 891 3736 etiam
920 3681 1098 3737 vestri
1126 3681 1245 3735 sint
1275 3679 1397 3734 sine
1426 3678 1688 3745 avaritia,
1712 3684 1767 3731 ut
1786 3691 1895 3732 non
1917 3691 2125 3731 concu-

531 3769 754 3839 piscatis
784 3768 1079 3839 superﬂua.
1112 3768 1224 3822 Vos
1254 3767 1379 3822 dico
1410 3767 1670 3820 contenti
1711 3766 2124 3835 praesentibus;

533 3857 635 3911 Dei
665 3856 809 3912 enim
839 3864 922 3911 est
967 3855 1251 3926 providere
1301 3855 1371 3909 de
1412 3853 1685 3909 crastinis.
1735 3853 1957 3907 Debetis
2004 3869 2125 3907 esse

538 3945 656 4000 sine
684 3944 923 3998 avaritia.
958 3944 1077 4016 Ipse
1106 3947 1261 3999 enim
1286 3943 1434 3997 Deus
1461 3942 1613 3996 dixit
1633 3942 1702 3996 ad
1730 3942 1913 4008 Josue,
1949 3950 1999 3997 et
2027 3959 2127 4012 per

536 4049 662 4089 eum
691 4032 759 4087 ad
787 4048 1005 4087 omnem
1033 4031 1270 4087 ﬁdelem.
1303 4030 1349 4086 Ο
1381 4039 1438 4084 tu
1464 4030 1648 4097 Josue,
1678 4047 1773 4085 seu
1820 4030 2126 4102 quicunque

533 4121 733 4187 ﬁdelis,
758 4137 863 4192 ego
883 4138 997 4177 non
1038 4122 1292 4176 deseram
1325 4124 1379 4174 te
1411 4118 1623 4189 penitus
1646 4119 1925 4187 abjectum,
1950 4136 2127 4191 neque

535 4210 727 4266 saltem
758 4210 940 4280 aliqua
968 4210 1098 4263 hora
1127 4210 1517 4280 derelinquam
1549 4215 1598 4261 te
1619 4207 1916 4276 inadjutum
1941 4227 1956 4275 ;
1981 4210 2126 4263 Deus

534 4300 638 4355 hoc
666 4298 798 4353 dixit
828 4299 932 4364 ita,
958 4302 1022 4353 ut
1053 4312 1221 4368 supra
1250 4297 1353 4351 hoc
1382 4297 1525 4367 quod
1556 4296 1707 4366 prius
1729 4296 1964 4350 diximus
1990 4311 2001 4349 :
2024 4312 2127 4351 nos

533 4388 739 4444 scilicet
770 4394 1053 4457 contentos
1085 4402 1208 4441 esse
1238 4385 1613 4455 praesentibus,
1647 4402 1788 4439 nunc
1836 4386 2125 4453 conﬁden-

535 4481 623 4532 ter
643 4478 897 4533 dicamus
921 4495 938 4531 :
962 4477 1234 4532 Dominus
1255 4478 1337 4529 est
1358 4474 1503 4528 mihi
1526 4475 1596 4528 ad
1591 4476 1770 4544 jutor,
1794 4479 1849 4529 et
1870 4474 1991 4530 ideo
2012 4489 2127 4529 non

2225 3319 2465 3390 luptatis,
2499 3337 2609 3375 non
2637 3322 2841 3377 habent
2868 3322 3178 3379 facultatem
3216 3326 3379 3381 edere
3407 3327 3477 3381 de
3505 3328 3617 3384 hoc
3645 3327 3809 3395 altari,

2227 3409 2319 3479 qui
2365 3425 2475 3464 non
2524 3417 2648 3465 sunt
2692 3419 2843 3469 extra
2899 3420 3093 3479 castra,
3130 3413 3186 3467 id
3231 3421 3313 3469 est
3353 3415 3479 3486 quia
3524 3416 3811 3473 secundum

2225 3497 2571 3553 dimissiones
2629 3499 2967 3571 voluptatum
3007 3517 3118 3556 non
3167 3512 3365 3557 exeunt
3412 3519 3651 3575 corpora
3705 3520 3806 3559 sua.

2226 3585 2386 3654 Quod
2406 3586 2482 3642 ita
2500 3587 2571 3641 ait
2596 3603 2609 3641 :
2628 3590 2836 3645 Eorum
2862 3590 3205 3646 animalium
3226 3607 3464 3663 quorum
3483 3595 3718 3664 sanguis
3732 3595 3812 3648 in-

2225 3677 2416 3744 fertur
2458 3692 2557 3747 per
2620 3678 2948 3748 pontiﬁcem
2994 3680 3058 3734 in
3107 3680 3318 3735 Sancta
3373 3689 3687 3737 sanctorum
3720 3696 3810 3754 pro

2220 3768 2451 3834 peccato
2473 3764 2658 3834 pepuli
2673 3765 2925 3833 delendo,
2943 3774 2996 3821 et
3016 3768 3121 3822 hoc
3140 3768 3309 3823 semel
3330 3768 3383 3823 in
3408 3784 3573 3825 anno.
3616 3773 3808 3827 Horum

2225 3851 2537 3906 animalium
2552 3870 2783 3925 corpora
2806 3860 3140 3911 cremantur
3159 3860 3328 3912 extra
3349 3861 3562 3913 castra.
3580 3860 3699 3913 Mos
3709 3864 3809 3913 erat

2226 3939 2388 4007 (sicut
2415 3957 2559 4010 saepe
2591 3940 2684 3995 fati
2718 3943 2929 4012 sumus)
2958 3951 3017 3997 ut
3043 3944 3282 4013 pontifex
3326 3945 3519 4017 legalis
3568 3946 3736 4002 semel
3761 3944 3810 3998 in

2226 4042 2369 4083 anno
2400 4029 2723 4100 sanguinem
2764 4030 2988 4085 inferret
3014 4031 3068 4085 in
3100 4032 3297 4088 Sancta
3341 4042 3676 4090 sanctorum.
3724 4032 3810 4087 Hic

2227 4124 2409 4171 autem
2440 4119 2666 4189 sanguis
2696 4119 3076 4173 assumebatur
3104 4120 3172 4175 de
3196 4120 3350 4178 41
3368 4122 3438 4178 3
3471 4123 3802 4185 animalibus,

2228 4212 2380 4260 extra
2405 4214 2583 4261 castra
2612 4208 2890 4262 crematis.
2924 4208 3169 4263 Pontifex
3213 4217 3391 4264 autem
3437 4211 3531 4267 ille
3579 4212 3807 4268 Christus

2227 4302 2328 4359 est,
2376 4295 2468 4365 qui
2514 4311 2615 4365 pro
2663 4304 2885 4365 peccato
2927 4297 3167 4352 omnium
3215 4298 3449 4354 delendo
3497 4301 3805 4374 sanguinem

2229 4398 2385 4437 suum
2416 4382 2470 4437 in
2500 4398 2663 4439 cruce
2708 4383 2886 4438 fusum
2934 4385 3110 4439 intulit
3158 4386 3213 4440 in
3242 4388 3438 4442 Sancta
3475 4398 3797 4446 sanctorum.

2227 4469 2387 4538 Quod
2415 4479 2597 4525 autem
2626 4472 2758 4527 illud
2787 4473 2989 4528 animal
3017 4475 3362 4530 cremebatur
3388 4484 3447 4531 ut
3476 4476 3615 4533 cinis
3646 4477 3800 4538 ﬁeret,

536 4567 735 4627 timebo
764 4564 896 4638 quid
923 4555 1281 4635 faciat‘mihi
1311 4564 1488 4631 homo,
1525 4562 1684 4617 etiam
1715 4561 1761 4616 si
1806 4562 1958 4617 tollat
1985 4578 2127 4633 praz—
2156 4563 2208 4623 D
2230 4559 2447 4631 signum
2505 4568 2624 4615 erat
2671 4562 3015 4617 contritionis
3064 4562 3284 4631 Christi,
3329 4580 3494 4635 quam
3552 4564 3804 4626 sustinuit,

534 4666 729 4710 sentia.

607 4744 937 4799 Mementote
957 4743 1133 4798 etiam
1150 4741 1581 4813 praepositorum
1601 4740 2128 4809 vestrorum,utejus

531 4830 968 4899 conformemini,
994 4832 1090 4902 qui
1113 4831 1289 4885 locuti
1310 4834 1445 4884 sunt
1466 4830 1612 4883 vobis
1630 4829 1854 4884 verbum
1877 4830 1978 4883 Dei
1997 4846 2129 4900 quo-

531 4936 661 4977 rum
684 4922 928 4985 exitum,
949 4918 1005 4972 id
1022 4926 1104 4973 est
1120 4917 1283 4973 ﬁnem
1303 4918 1507 4972 bonum
1527 4933 1649 4972 esse
1665 4917 1981 4972 intuentes.
2006 4917 2127 4971 Exi-

530 5016 643 5064 tum
673 5007 797 5063 dico
828 5007 1290 5073 conversationis,
1324 5006 1378 5059 id
1410 5014 1492 5061 est
1520 5005 1678 5060 bonae
1715 5004 2045 5075 operationis
2072 5005 2128 5061 in

531 5111 636 5168 qua
666 5102 1074 5151 conversantur.
1107 5096 1426 5151 Imitamini
1452 5093 1687 5164 primum
1717 5092 1885 5162 ﬁdem
1916 5108 2125 5159 eorum,

530 5192 590 5238 ut
619 5183 699 5239 sic
727 5183 868 5238 bona
897 5184 1241 5240 conversatio
1274 5191 1326 5237 et
1355 5182 1531 5236 bonus
1560 5180 1736 5236 exitus
1785 5180 2033 5236 similiter
2062 5181 2131 5236 sit

530 5272 585 5327 in
616 5271 793 5328 vobis.
827 5272 1081 5329 Dicerent
1104 5272 1179 5326 illi
1210 5289 1223 5325 :
1256 5271 1379 5326 Non
1418 5285 1709 5340 possumus
1737 5268 2129 5340 perfectionem

531 5376 723 5416 eorum
751 5361 923 5433 sequi,
961 5360 1089 5432 quia
1126 5359 1248 5430 ipsi,
1282 5358 1350 5412 ab
1379 5358 1499 5428 ipso
1531 5357 1746 5412 Christo
1791 5357 1989 5425 edocti,
2024 5359 2129 5412 ha-

530 5449 701 5505 buere
730 5449 987 5518 majorem
1018 5447 1350 5502 afﬂuentiam
1395 5445 1585 5518 gratias
1626 5461 1788 5516 quam
1816 5462 1917 5501 nos
1946 5447 2127 5517 possi-

529 5554 652 5593 mus
698 5537 921 5593 habere.
955 5536 1039 5591 Ad
1070 5536 1173 5590 hoc
1215 5533 1413 5588 Paulus
1448 5549 1461 5586 :
1493 5534 1658 5600 Bene,
1691 5534 1881 5607 inquit,
1930 5534 2130 5590 imitari

530 5625 796 5697 potestis;
830 5628 988 5681 Iesus
1036 5622 1289 5679 Christus
1337 5620 1481 5678 enim
1512 5621 1603 5695 qui
1650 5621 1749 5679 fuit
1778 5623 1918 5690 heri,
1953 5639 2128 5695 quan-

2231 4648 2367 4704 einis
2410 4649 2583 4718 cujus,
2616 4649 2670 4703 id
2700 4658 2783 4704 est
2811 4650 3077 4705 memoria
3106 4652 3380 4721 passionis
3419 4654 3581 4708 debet
3609 4650 3805 4725 aspergi

2229 4752 2392 4807 super
2420 4736 2615 4807 capita,
2646 4738 2702 4792 id
2733 4746 2815 4792 est
2845 4738 2902 4793 in
2944 4739 3217 4794 mentibus
3258 4740 3616 4814 singulorum.
3668 4739 3802 4810 Quod

2228 4833 2383 4881 extra
2409 4834 2593 4881 castra
2620 4827 2983 4894 cremabatur,
3023 4827 3367 4899 signiﬁcabat
3396 4846 3614 4886 omnem
3636 4830 3806 4887 volen—

2228 4922 2338 4969 tem
2366 4915 2618 4970 mundari
2647 4923 2919 4985 oportere,
2951 4924 3011 4970 ut
3040 4926 3196 4972 exeat
3238 4926 3390 4973 extra
3437 4927 3621 4975 castra
3649 4918 3702 4974 id
3738 4921 3805 4971 est

2228 5002 2481 5058 carnales
2511 5004 2836 5075 voluptates.

2298 5092 2457 5147 Nunc
2528 5093 2808 5166 subjungit
2862 5094 3002 5148 Novi
3058 5095 3388 5150 Testamenti
3453 5097 3803 5153 auctoritatem

2226 5179 2373 5234 idem
2402 5195 2526 5236 cum
2558 5182 2741 5236 Veteri
2773 5182 3095 5237 sentientem
3130 5183 3321 5239 dicens
3357 5198 3369 5237 :
3404 5186 3645 5256 Propter
3688 5179 3806 5257 quod

2228 5269 2693 5338 comprobandum
2732 5270 2957 5340 scilicet,
2992 5271 3137 5342 quod
3187 5271 3279 5342 qui
3330 5272 3681 5330 tabernaculo
3722 5272 3802 5325 dc-

2229 5357 2492 5426 serviunt,
2525 5373 2634 5412 non
2681 5359 2884 5413 habent
2930 5359 3093 5415 edere
3125 5360 3194 5415 de
3224 5361 3329 5416 hoc
3365 5361 3544 5428 altari,
3578 5364 3667 5418 vel
3694 5374 3804 5433 pro-

2226 5452 2351 5515 pter
2379 5446 2521 5517 quod
2550 5444 2956 5518 prmﬁguratum
2987 5448 3041 5501 in
3074 5448 3274 5515 Veteri,
3294 5465 3438 5504 nunc
3464 5450 3797 5520 implendum.

2227 5535 2385 5590 Iesus
2408 5534 2568 5589 etiam
2581 5552 2785 5607 passus
2806 5541 2890 5592 est
2910 5541 3080 5592 extra
3098 5542 3347 5609 portam,
3364 5537 3682 5611 signiﬁcans
3700 5552 3802 5611 par-

2228 5621 2511 5694 ticipantes
2540 5623 2694 5679 altari
2745 5640 2843 5680 suo
2887 5625 3091 5681 debere
3137 5624 3258 5681 ﬁeri
3303 5634 3456 5683 extra
3502 5638 3731 5700 portam,
3758 5624 3800 5682 id
