3928 6482
363 366 471 420 567

926 361 983 416 S.
1024 353 1378 415 BRUNONIS
1414 343 2066 410 CAR'I’HUSIANORUM
2101 339 2586 400 INSTITUTORIS
2624 336 2778 395 OPP.
2818 335 2996 394 PARS
3031 336 3100 392 II.

3556 331 3666 388 568

366 491 588 552 εαηειο.
612 486 724 541 sive
745 500 845 557 per
864 485 1081 557 vitam-
1111 482 1223 557 nive
1251 495 1351 557 per
1394 481 1656 557 πιοηιετη·
1685 477 1781 557 ξεί
1811 472 1964 557 est"!
1990 472 2048 532 Α
2069 470 2245 557 LW,-
2292 455 3664 557 ίῖἶπῗέεξὲίῖίέξείέίίέθὲἰξ..υέξίξίῗκνίῖεαῖξέξῖξίῗ

369 543 514 614 mihi
544 543 756 618 vivere...
778 557 897 610 vita
926 556 988 609 in
1022 543 1263 627 Christo;
1296 555 1353 627 et
1380 550 1525 627 mori
1554 543 1961 627 gaudiumfvet

370 628 639 697 lucrum).
698 614 767 679 Et
813 626 933 697 ipse
966 626 1044 697 in
1091 614 1257 697 vobis
1284 622 1459 697 faciet
1511 614 1962 697 misericordiam

366 714 551 763 suam,
574 689 642 752 iit
672 689 920 750 eamdem
943 689 1301 767 dilectionem
1324 690 1573 767 habeatis
1594 691 1649 743 et
1669 689 1799 741 sitis
1817 701 1963 767 tina-

367 760 572 824 nimes.
606 768 764 836 Ergo,
798 766 1172 831 dilectissimi,
1207 768 1274 837 ut
1305 762 1551 837 audistis
1594 760 1961 837 prce-sentiam.

366 840 613 900 Domini,
638 828 721 891 ito
751 828 995 891 retinete
1026 840 1082 890 et
1111 828 1285 900 facile
1316 835 1379 887 in
1402 828 1607 886 timore
1624 829 1743 892 Dei,
1768 830 1822 881 et
1853 828 1964 900 erit

368 910 516 964 vobis
548 899 663 962 vita
692 907 754 960 in
776 911 1076 961 aeternum.
1102 899 1199 959 Est
1221 906 1374 959 enim
1405 904 1549 957 Deus
1578 901 1673 970 qui
1694 899 1964 969 operatur

368 982 433 1035 in
462 978 692 1051 vobis,et
710 978 889 1051 facile
908 974 1432 1051 sineretroctupel
1446 973 1675 1051 peccato
1694 982 1963 1051 quotcun-

368 1064 471 1122 que
501 1041 861 1122 facitislhlit
908 1047 1053 1122 quod
1110 1050 1196 1101 est
1245 1041 1561 1122 Optimum,
1587 1041 1965 1122 dilectissimi,

365 1111 604 1191 gaudete
634 1119 699 1173 in
732 1111 971 1184 Christo,
994 1121 1051 1173 et
1078 1111 1390 1188 prwcaoete
1410 1111 1660 1171 sordidos
1692 1111 1970 1165 amnesin

2068 542 2265 604 Deum,
2297 542 2352 593 et
2383 541 2557 592 estote
2585 529 2741 605 ﬁrmi
2769 536 2833 611 in
2861 548 3029 611 sensu
3061 529 3289 611 Christi,
3314 532 3531 611 etquo:
3561 529 3663 611 in:

2072 600 2262 680 ἰθέῃ-α(
2294 612 2352 662 et
2397 623 2548 671 vera,
2585 600 2656 680 et
2694 605 2921 680 pudica,
2955 606 3013 657 et
3060 605 3239 680 casto,
3272 603 3329 680 et
3366 600 3667 680 justonet

2069 671 2339 736 amabilia
2366 682 2524 743 sunt,
2542 671 2736 747 facite.
2760 678 2831 730 Et
2849 690 2970 747 qum
2989 672 3231 747 audistis
3247 674 3302 747 et
3331 671 3661 747 accepistis,

2069 754 2131 807 in
2160 751 2327 823 corde
2352 742 2615 823 retinete,
2636 751 2692 802 et
2714 748 2824 823 erit
2846 742 2999 823 potis
3010 759 3149 823 past.
3186 742 3443 823 Salutate
3464 752 3666 794 omnes

2068 824 2279 893 fratres
2309 821 2371 893 in
2392 819 2577 893 osculo
2598 820 2815 893 sancto.
2838 815 3106 893 Salutalit
3127 814 3424 893 amsancti
3442 823 3664 893 omnes.

2072 881 2267 947 'Gratia
2325 890 2550 963 Domini
2603 887 2968 963 nostrilesu
3011 882 3237 963 Christi
3291 881 3670 963 curuispiritu

2068 966 2272 1017 vestro.
2328 962 2399 1015 Et
2472 960 2617 1014 hanc
2676 958 2853 1029 facite
2915 955 3027 1025 tegi
3100 950 3533 1014 Cotossensibus,
3606 952 3669 1005 et

2073 1032 2485 1091 Catanensium
2516 1029 2681 1084 vobis.

2283 1116 2432 1157 PINIS
2459 1110 2843 1155 EPISTOLARUH
2871 1112 2925 1151 Β.
2955 1108 3117 1151 PAULI
3143 1107 3433 1148 APOSTOLI.

371 1252 2424 1291 _________________________.

506 1388 750 1447 41⁵
793 1392 1613 1489 HEGATOSTIGHON
1673 1382 2401 1480 APOLOGETIGUM
2457 1383 2546 1470 D-
2600 1380 2932 1471 JAGOBI
2970 1377 3532 1468 HIERONYMI

1239 1556 1741 1623 CARTHUSIzE
1796 1551 2306 1615 PARISIENSIS
2353 1550 2668 1613 ALUMNI
2688 1595 2702 1624 ,
2884 1544 2891 1547 ’

378 1710 514 1783 Quo
543 1708 811 1771 Phrasin
839 1708 915 1770 B.
950 1708 1282 1782 Bnurvoms,
1317 1723 1456 1786 quae
1486 1704 1727 1786 nasutis
1756 1701 2053 1786 humilior
2080 1701 2367 1764 videatur
2396 1718 2432 1760 a
2456 1699 2769 1786 calumnia
2799 1697 3096 1773 defendit,
3130 1702 3192 1758 et
3221 1695 3675 1759 sententiarum

1489 1783 1769 1863 pondera
1797 1782 1973 1843 lance
2012 1781 2185 1859 justa
2228 1780 2546 1861 appendit.

376 2074 515 2144 Quis
543 2088 720 2130 novus
746 2069 1065 2127 harmoniae
1093 2067 1338 2124 mulcens
1368 2065 1605 2122 stridore
1634 2063 1854 2137 lyristes

445 2162 808 2234 Allobrogum
836 2158 989 2232 longi
1020 2173 1151 2213 saxa
1178 2156 1371 2212 nivosa
1392 2154 1513 2226 jugi

375 2250 717 2309 Transiliens
743 2248 932 2314 colles,
968 2246 1169 2302 saliens
1198 2246 1255 2299 in
1280 2243 1554 2300 montibus
1572 2242 1600 2296 ?
1629 2241 1676 2298 O
1703 2256 1867 2314 quam

448 2341 555 2395 Per
582 2337 779 2395 coelum
808 2336 1011 2392 auritas
1040 2350 1202 2391 omne
1231 2340 1474 2388 moratur
1501 2347 1653 2401 aves,

379 2427 491 2485 Ore
523 2442 731 2493 senem,
763 2426 911 2482 cultu
940 2424 1221 2496 macieque
1250 2421 1529 2494 professus
1558 2435 1823 2486 eremum,

449 2516 521 2571 Et
550 2514 683 2569 nihil
715 2513 923 2588 agresti
954 2512 1168 2584 pectine
1198 2518 1417 2583 agreste
1447 2525 1647 2566 sonans
1671 2508 1683 2565 Ι

378 2606 552 2661 Frons
590 2611 777 2660 erecta
803 2601 934 2673 polo
979 2608 1079 2667 est,
1111 2600 1343 2672 pedibus
1390 2599 1670 2656 calcantur
1717 2598 1977 2665 honores,

455 2693 750 2763 Septenum
779 2691 836 2745 in
865 2690 1057 2762 capitis
1086 2689 1288 2747 vertice
1318 2688 1469 2744 sidus
1495 2688 1656 2744 inest.

384 2781 610 2840 Deliciis
636 2780 897 2852 mollique
925 2787 1046 2835 toro
1075 2795 1236 2835 nemo
1263 2784 1456 2849 arguet
1482 2792 1660 2844 usum,

455 2871 573 2926 Nec
601 2866 897 2942 quidquam
926 2882 958 2923 a
988 2868 1181 2923 studiis
1211 2874 1265 2923 et
1289 2867 1490 2938 pietate
1519 2880 1741 2921 vacans.

383 2959 509 3016 Non
537 2973 731 3014 aurum
762 2956 935 3028 digiti,
969 2972 1070 3012 nec
1098 2956 1261 3010 habet
1287 2955 1402 3026 lyra
1430 2953 1522 3009 dia
1553 2952 1898 3024 smaragdos,

455 3046 573 3103 Nec
602 3045 784 3102 fucum
813 3044 1150 3115 allophylum
1181 3049 1365 3098 sancta
1395 3056 1624 3098 camena
1652 3042 1804 3112 petit.
1894 3068 1909 3077 ο

387 3135 506 3192 Nec
534 3134 638 3189 sibi
665 3133 935 3189 calvitiem
965 3147 1126 3188 sacra
1154 3130 1511 3188 veridicentia
1537 3129 1688 3195 texit,

459 3222 579 3278 Nec
605 3220 804 3277 calami
833 3227 1028 3276 stratas
1057 3226 1235 3291 captat
1264 3219 1331 3275 ab
1362 3225 1476 3274 arte
1506 3233 1711 3274 comas.

390 3310 546 3368 Alter
574 3325 645 3364 an
675 3307 967 3379 Amphion,
999 3308 1274 3365 redivivus
1314 3322 1389 3362 an
1434 3305 1667 3377 inclytus
1714 3304 1988 3379 Orpheus,

465 3396 744 3454 lllecebraa
772 3396 958 3454 nervis
986 3396 1155 3452 surda
1186 3396 1458 3452 elementa
1485 3395 1726 3462 trahens,

395 3485 706 3544 Restituens
738 3501 981 3552 sensum,
1017 3485 1214 3557 quibus
1242 3486 1389 3542 hunc
1421 3492 1613 3539 natura
1639 3484 1910 3558 negavit?

468 3577 553 3631 Au
583 3574 698 3646 lyra
727 3582 931 3631 natura
961 3573 1160 3631 robore
1187 3574 1362 3643 majus
1389 3574 1604 3630 habet?

399 3662 616 3736 Oppida
638 3663 752 3733 jam
779 3670 969 3735 putent
995 3662 1221 3729 inculta,
1252 3661 1450 3718 arridet
1478 3678 1715 3719 eremus.

469 3753 614 3808 Dum
638 3751 819 3807 fremit
848 3766 1127 3807 armorum
1153 3750 1365 3806 turbine
1394 3751 1631 3806 mundus
1658 3751 1848 3807 hebes.

400 3837 544 3892 Dum
568 3844 676 3892 tam
707 3842 865 3908 grata
893 3843 1091 3892 canunt
1121 3835 1337 3906 superis
1367 3835 1614 3906 epinicea
1644 3835 1814 3903 silvae,

472 3923 860 3995 Angelicisque
887 3923 1111 3995 opplent
1139 3923 1285 3979 invia
1312 3924 1487 3979 lustra
1513 3924 1715 3992 choris,

400 4013 590 4070 Militet
619 4019 677 4067 ut
708 4019 893 4068 sancto
916 4014 1031 4082 jam
1059 4013 1237 4069 omnis
1264 4013 1510 4070 doctrina
1536 4014 1751 4085 parenti

475 4100 721 4171 Spiritui,
754 4108 975 4157 vertens
1006 4100 1161 4172 signa
1190 4102 1427 4173 aquilina
1455 4102 1621 4159 cruci.

403 4189 451 4246 Ο
483 4188 697 4245 videam
725 4189 962 4245 charites
993 4189 1177 4245 Chisto
1206 4190 1479 4246 connubia
1507 4198 1711 4260 pactas,

475 4279 653 4348 Atque
682 4277 873 4333 eadem
901 4285 1080 4334 castas
1111 4277 1320 4333 {cedere
1348 4278 1668 4333 Castalides.

403 4364 518 4421 Imo
547 4364 684 4421 adeo
714 4373 934 4421 cunctas
963 4366 1181 4421 deserto
1210 4365 1469 4422 Helicone
1499 4365 1714 4436 videbo,

476 4453 693 4509 Deserti
722 4452 987 4511 fabricam
1010 4455 1233 4526 jamque
1262 4454 1442 4511 levare
1470 4454 1617 4510 novi.

402 4541 690 4598 Alternum
717 4542 951 4599 miscere
979 4542 1154 4598 melos
1184 4542 1285 4597 sub
1314 4542 1534 4598 nomine
1565 4542 1786 4613 Christi,

476 4631 581 4685 Per
611 4630 872 4702 templum
900 4629 1082 4686 hifidis
1110 4646 1142 4687 e
1169 4630 1398 4703 regione
1426 4631 1624 4689 choris.

403 4718 521 4775 Nec
548 4717 725 4774 tacitis
753 4718 907 4775 cellis
936 4718 1108 4775 deerit
1136 4718 1460 4791 symphonia
1487 4720 1728 4791 psallens

478 4806 702 4877 Spiritu,
736 4813 789 4861 et
817 4806 1042 4862 alterum
1070 4806 1232 4863 lectio
1254 4809 1440 4876 juncta
1464 4809 1632 4880 preci.

404 4894 626 4950 Hiccine
657 4893 926 4960 Carthusi,
960 4894 1161 4965 Bruno,
1194 4903 1355 4968 caput
1382 4896 1609 4964 ordinis,
1642 4897 1771 4954 olim

479 4981 698 5038 Clarum
728 4981 1102 5053 agiographiae
1130 4999 1329 5040 nomen
1356 4984 1413 5039 in
1438 4986 1572 5042 orbe
1602 5001 1824 5059 gerens,

410 5069 534 5139 Quo
564 5067 751 5124 schola
783 5069 1120 5125 Francorum
1148 5087 1489 5145 nequaquam
1536 5073 1730 5130 invidit
1756 5072 2002 5145 Athenis,

480 5157 789 5227 Rostraque
818 5157 1060 5214 Romano
1089 5160 1166 5215 nil
1195 5161 1466 5218 theodoxa
1494 5160 1615 5218 foro
1632 5161 1661 5215 ?

409 5245 558 5301 Ecce
584 5252 768 5300 movet
791 5243 1046 5315 citharas,
1079 5255 1133 5303 et
1159 5249 1320 5304 naula
1348 5248 1671 5319 prophetica
1695 5249 1886 5306 ductor

483 5330 703 5388 Ordinis
735 5340 788 5389 et
816 5334 941 5390 vita:
970 5350 1211 5391 consona
1236 5336 1443 5406 plectra
1473 5352 1604 5391 suae.

410 5419 738 5491 Exemplum
766 5421 1095 5496 signumque
1124 5423 1240 5479 suis
1268 5423 1480 5479 illustre
1510 5422 1768 5496 relinquit

483 5508 699 5576 Vivere,
735 5518 787 5565 et
813 5512 1051 5567 aathereo
1080 5510 1331 5581 Principe
1359 5511 1525 5582 digna
1554 5512 1720 5585 loqui.

413 5596 752 5668 Compellare
782 5598 956 5654 virum
986 5598 1354 5669 propriusque
1379 5598 1570 5656 audire
1592 5600 1821 5669 juvabit.

481 5684 691 5759 Nempe
721 5685 850 5759 (nisi
877 5686 1060 5742 auditu
1085 5684 1262 5757 fallor)
1292 5694 1346 5741 et
1371 5686 1489 5760 ipse
1513 5696 1691 5746 vocat.

2015 3423 2063 3486 Ο

2000 2064 2054 2125 Β
2073 2062 2310 2133 Aﬁluite,
2343 2069 2588 2118 errantes
2616 2060 2736 2133 (ait)
2766 2067 2928 2133 atque
2952 2059 3151 2128 audite,
3184 2059 3388 2131 tenelli,

2148 2152 2283 2208 Cum
2310 2150 2481 2223 lyrico
2511 2149 2729 2206 Domini
2760 2166 2893 2221 rege
2922 2150 3132 2207 docebo
3158 2157 3384 2206 metum.

2077 2241 2173 2297 Ille
2202 2256 2306 2311 ego
2337 2240 2430 2312 qui
2456 2239 2665 2294 malens
2694 2238 2994 2294 inhonorus
3023 2238 3323 2295 honoribus
3348 2238 3480 2295 illuc

2149 2329 2375 2395 Cedere,
2410 2343 2517 2400 quo
2545 2328 2771 2400 puppim
2796 2327 3033 2384 numinis
3066 2342 3199 2383 aura
3228 2336 3404 2383 vocat.

2079 2416 2271 2474 Parisii
2296 2417 2501 2472 mundo
2530 2415 2821 2489 profugum
2851 2433 3011 2489 quem
3039 2415 3271 2487 perpulit
3302 2416 3500 2473 horror

2150 2505 2233 2564 4
2244 2505 2306 2564 1
2320 2505 2396 2562 6
2412 2505 2658 2574 Funeris,
2677 2512 2735 2560 ut
2756 2504 2881 2561 coeli
2894 2506 3013 2561 haec
3024 2504 3285 2576 septimus
3295 2513 3441 2561 astra
3451 2521 3681 2580 sequar.

2080 2596 2241 2653 Astra
2270 2594 2470 2650 dedere
2497 2594 2660 2661 viam,
2695 2593 2806 2649 divi
2834 2593 3072 2649 arrisere
3103 2601 3181 2649 tot
3209 2609 3333 2653 esse

2152 2683 2339 2754 Millia,
2372 2682 2451 2740 sic
2478 2682 2658 2751 hamis
2686 2682 3028 2754 illaqueanda
3055 2682 3211 2738 meis.

2084 2772 2180 2829 His
2207 2788 2345 2845 agor
2372 2771 2649 2842 auspiciis.
2684 2771 2796 2827 Ceu
2825 2786 2930 2828 vox
2963 2770 3247 2829 clamantis
3274 2787 3480 2842 eremo,

2157 2860 2380 2916 Pertaasi
2408 2859 2669 2916 mundum
2699 2867 2882 2915 sterno
2911 2859 3167 2915 Tonantis
3194 2859 3318 2917 iter.

2085 2949 2338 3021 Baptistae
2367 2948 2677 3019 reparando
2706 2947 2823 3004 vias
2852 2948 3188 3020 disjectaque
3214 2949 3485 3018 membra,

2158 3038 2352 3093 Castra
2378 3036 2797 3108 monoptolemis
2827 3036 3038 3110 singula
3065 3037 3243 3093 condo
3272 3037 3429 3094 meis.

2087 3127 2319 3184 Deserto
2348 3126 2565 3181 deserta
2591 3125 2771 3197 placet
2799 3124 3085 3180 Carthusia
3112 3125 3346 3193 Christo,

2158 3214 2387 3271 Tuscala
2413 3214 2502 3270 cui
2529 3213 2751 3269 laudum
2781 3221 2942 3270 nocte
2972 3214 3168 3287 dieque
3194 3216 3387 3273 calent.

2088 3303 2241 3362 Invia
2270 3302 2604 3376 Psalmologi
2632 3302 2851 3359 deserta
2879 3301 3255 3376 inaquosaque
3284 3312 3433 3362 terra
3456 3314 3564 3377 est,

2163 3392 2281 3462 Qua
2308 3399 2491 3463 pateat
2518 3392 2689 3448 virtus
2719 3391 3002 3464 gloriaque
3031 3391 3173 3448 alma
3202 3393 3324 3450 Dei.

2092 3482 2246 3539 Unde
2276 3480 2601 3537 columbinis
2631 3480 2789 3537 avide
2818 3480 2994 3537 latera
3019 3481 3239 3537 instruit
3265 3482 3385 3552 alis,

2164 3570 2351 3627 Discat
2373 3577 2434 3625 ut
2456 3570 2563 3626 huc
2592 3568 2809 3643 fugiens
2836 3585 3006 3642 seque
3032 3571 3258 3643 Deoque
3287 3571 3414 3627 frui.

2094 3658 2385 3730 Discipulis
2414 3658 2607 3715 eadem
2635 3658 2808 3715 tribus
2837 3659 2957 3715 haec
2980 3658 3038 3714 in
3066 3667 3251 3716 monte
3280 3659 3494 3718 refulsit

2166 3748 2372 3814 Gloria,
2404 3763 2512 3819 quo
2539 3746 2654 3803 fieri
2684 3748 2795 3803 vult
2821 3747 2926 3803 tria
2953 3756 3138 3804 castra
3164 3750 3377 3805 Petrus.

2094 3837 2333 3893 Cernere
2361 3837 2652 3893 Zacchaaus
2678 3852 2780 3907 per
2809 3836 3024 3891 turbam
3050 3837 3224 3894 nescit
3250 3839 3471 3894 Iesum:

2168 3925 2286 3992 Cui,
2314 3924 2493 3980 Turba
2521 3925 2864 3996 opprimeris,
2896 3925 3258 3998 discipulique
3287 3935 3510 3983 canunt.

2097 4013 2206 4078 Sic,
2240 4014 2525 4081 monacho,
2559 4012 2741 4068 infesti
2766 4012 2982 4084 fugiens
3010 4015 3282 4070 contraria
3309 4016 3519 4084 mundi,

2167 4102 2389 4158 Naviter
2418 4100 2668 4158 effectum
2697 4102 2933 4157 nominis
2959 4102 3119 4171 hujus
3147 4102 3310 4160 habe.

2098 4192 2274 4247 Hasce
2299 4190 2463 4261 igitur
2491 4198 2677 4262 partes
2704 4190 2837 4245 mihi
2865 4190 3143 4263 delegavit
3169 4193 3351 4259 Iesus,

2169 4278 2435 4350 Asperula
2463 4279 2520 4333 in
2548 4279 2741 4350 planas
2772 4288 3019 4336 sternere
3047 4280 3221 4336 lustra
3250 4281 3383 4337 vias.

2098 4367 2339 4439 Laeviget
2360 4374 2416 4422 ut
2445 4366 2659 4423 Christo
2689 4367 2894 4441 rigidos
2923 4368 3237 4425 citharaedia
3265 4369 3435 4426 saltus
3465 4386 3478 4425 :

2172 4455 2376 4512 Militia
2404 4455 2602 4511 tollens
2627 4456 2719 4512 hic
2747 4472 2888 4512 nova
2919 4457 3078 4528 signa
3105 4457 3229 4528 piae.

2100 4544 2264 4600 Nulla
2292 4543 2669 4599 Madaurensis
2697 4545 2908 4601 Milesia
2938 4545 3202 4601 habemus
3231 4546 3408 4603 aselli.

2171 4632 2335 4688 Nulla
2361 4632 2698 4704 Lyc’ambaeae
2726 4632 2948 4689 conscia
2975 4634 3087 4690 tela
3113 4634 3284 4690 necis.

2106 4720 2328 4777 Semina
2358 4720 2556 4778 divina
2583 4721 2716 4776 mihi
2745 4730 2868 4776 sunt
2897 4722 3176 4778 uberrima
3205 4722 3454 4792 ﬂammai,

2021 4781 2075 4842 D
2175 4810 2382 4865 Devoto
2410 4809 2545 4864 nihil
2574 4817 2657 4865 est
2684 4809 2901 4881 dignius
2931 4811 3118 4868 otiolo.

2102 4899 2305 4966 Exuro,
2336 4898 2550 4971 gelidos
2581 4914 2879 4971 exsurgere
2907 4914 3049 4973 cogo
3072 4900 3321 4969 jacentes
3345 4920 3360 4969 ;

2173 4988 2245 5042 Et
2273 5002 2415 5043 nunc
2445 4986 2754 5053 illecebras,
2787 5003 2932 5044 nunc
2961 5004 3179 5061 quoque
3208 4989 3317 5045 vim
3346 4989 3507 5046 facio.

2102 5076 2260 5131 Nunc
2287 5075 2404 5146 lyra
2436 5075 2676 5144 Davidis,
2708 5092 2852 5132 nunc
2885 5076 3035 5132 Pauli
3063 5077 3295 5134 buccina
3322 5078 3487 5149 pleno

2176 5161 2285 5219 Ore
2313 5162 2530 5234 quidem
2558 5164 2694 5233 haec,
2726 5163 2912 5236 digitis
2940 5173 3235 5236 concrepat
3264 5166 3356 5221 illa
3386 5166 3546 5222 meis.

2108 5252 2253 5319 Haec,
2290 5251 2571 5318 Carthuse,
2605 5251 2700 5306 tibi
2729 5252 2865 5308 ratio
2896 5261 2979 5307 est
3008 5254 3329 5325 praescripta
3357 5253 3555 5310 silendi
3579 5274 3594 5322 ;

2176 5341 2265 5406 Ut,
2297 5338 2552 5395 claudens
2579 5340 2785 5395 homini
2813 5340 2989 5408 labra,
3021 5342 3248 5413 loquare
3278 5343 3413 5399 Deo.

2107 5426 2322 5498 Quippe
2339 5428 2410 5483 ad
2440 5444 2583 5493 eum,
2607 5428 2774 5484 Paulo
2802 5437 2893 5483 aut
2921 5429 3128 5485 Davide
3148 5430 3464 5502 interprete,
3486 5430 3592 5488 fari
3621 5441 3708 5489 est

2175 5517 2245 5571 Et
2268 5516 2476 5585 jactura
2505 5524 2653 5572 tuum
2682 5516 2826 5571 nulla
2856 5516 3019 5573 silere
3049 5519 3238 5589 quatit.

2106 5605 2224 5661 Nec
2250 5605 2412 5661 Latia:
2440 5604 2679 5660 oﬂ‘endat
2707 5605 2910 5677 linguae
2939 5606 3237 5678 neglectior
3264 5624 3414 5676 usus,

2179 5692 2354 5750 Dictio
2383 5692 2430 5748 si
2459 5693 2599 5750 tritae
2625 5702 2709 5751 est
2735 5695 2984 5766 corporis
3014 5711 3174 5768 aequa
3201 5703 3361 5768 togae.
