3928 6428
159 386 256 438 569

159 505 424 561 Sublimes
455 501 654 558 humili
684 517 876 557 sensus
923 507 1223 570 attempero
1266 497 1509 569 linguae:

226 595 338 649 Nec
365 593 506 647 mihi
537 592 609 647 ab
638 606 732 646 ore
763 589 860 646 sed
885 605 952 644 ex
979 596 1198 660 pectore
1227 587 1395 642 verba
1425 585 1616 640 ﬂuunt.

157 682 372 739 Niliacis
405 689 605 737 ornate
637 679 730 734 alii
760 677 990 734 delubra
1020 677 1261 747 tropaeis,

228 770 409 825 Laudo
433 789 450 835 ;
486 768 585 823 sed
615 768 671 822 in
700 782 944 838 praesens
973 781 1136 820 causa
1168 764 1348 819 aliena
1377 761 1510 817 mihi
1551 769 1653 818 est.

159 860 410 915 Humana:
440 856 628 913 verbis
658 855 862 926 sophia
888 855 1250 910 inclarescere
1279 851 1473 907 nolens
1495 891 1510 916 ,

226 947 422 1003 Paulus
455 946 616 1000 adest
643 943 818 1000 doctis
847 942 1063 998 debitor
1092 949 1146 997 et
1191 940 1440 996 rudibus.

160 1037 284 1092 Cum
315 1034 497 1091 David
527 1034 730 1098 cinere,
764 1039 816 1087 et
843 1031 1057 1087 cilicino
1087 1031 1371 1086 horrescat
1399 1027 1617 1094 amictu,

225 1123 538 1182 Rhetoricis
567 1129 784 1194 compta
810 1120 934 1193 quis
961 1119 1109 1176 volet
1138 1134 1261 1175 esse
1288 1117 1430 1174 rosis
1451 1119 1480 1172 ?

1147 372 1384 431 SERMO
1423 373 1518 427 DE
1557 370 1984 429 CONTEMPTU
2038 372 2472 429 DIVITIARUM.

1780 498 1836 558 A
1863 497 1985 552 Jam
2014 496 2146 551 mihi
2174 513 2347 568 purga
2378 511 2541 552 aures
2573 503 2736 568 atque
2766 505 2956 552 excute
2986 495 3120 552 face
3167 495 3430 568 palatum,

3363 373 3466 426 570

1936 585 2036 642 Vel
2063 585 2239 658 magis
2271 585 2412 640 intra
2441 585 2606 640 animi
2638 595 2790 656 septa
2819 586 2993 641 redito
3024 585 3120 640 tui.

1863 675 1986 730 Non
2017 674 2238 746 lingua,
2273 674 2372 729 sed
2400 674 2582 730 cordis
2611 675 2679 728 ad
2708 675 2822 729 haec
2851 675 3097 730 delectus
3140 673 3424 729 habendus
3452 688 3465 729 :

1936 763 2074 816 Nam
2107 762 2239 817 mihi
2271 778 2395 817 cum
2425 763 2590 816 rebus
2619 770 2728 816 tota
2768 763 3016 832 palaestra
3064 761 3178 816 fuit.

1864 851 1947 906 Ne
1976 867 2142 905 sensu
2193 851 2309 906 haec
2342 850 2560 920 sapias,
2615 851 2710 905 sed
2742 867 2848 922 quo
2879 859 2998 904 sunt
3031 851 3247 921 prodita
3278 858 3467 924 gustes

1937 938 2161 1010 Spiritu,
2197 947 2248 994 et
2278 940 2383 994 hoc
2414 939 2607 994 animae
2638 939 2852 995 viscera
2880 955 3042 1010 pasce
3085 939 3248 995 bono.

1865 1027 2183 1082 Consultum
2215 1028 2416 1098 pariter
2464 1028 2692 1082 summis
2739 1027 3086 1100 minimisque
3115 1029 3385 1096 volebam,

1935 1117 2004 1172 Et
2031 1116 2169 1172 ratio
2199 1124 2390 1188 captus
2421 1117 2598 1172 omnis
2626 1117 2877 1173 habenda
2919 1117 3034 1172 fuit.

214 1436 485 1508 Sequitur
513 1436 578 1489 in
605 1433 852 1508 editione
880 1429 1205 1508 Coloniensi
1237 1433 1421 1508 tomus
1451 1445 1550 1508 seu
1573 1444 1709 1501 pars
1739 1427 1816 1508 _III
1832 1429 2084 1508 yperum
2123 1429 2191 1508 S._
2229 1430 2531 1484 Brunonis.
2589 1430 2869 1508 (fontinet,
2896 1433 3128 1508 praeter
3177 1447 3461 1508 sermones

156 1499 438 1577 quosdam,
474 1505 747 1577 opuscula
771 1505 841 1558 De
875 1502 1137 1577 laudibus
1160 1501 1457 1577 Eccles_iw,_
1476 1499 1796 1577 Ile—ornatu
1823 1499 2116 1577 Ecclesiae,
2154 1501 2228 1554 De
2259 1515 2396 1577 novo
2419 1501 2658 1577 mundo,
2687 1503 2766 1577 _De
2793 1499 3460 1577 festivitatibusfesti_vi-

157 1571 366 1633 tatu-m.
403 1571 540 1643 Quae
576 1579 768 1630 tamen
794 1589 908 1628 non
935 1575 1072 1628 sunt
1103 1572 1388 1644 Brunonis
1420 1571 1788 1644 Carthusiani
1811 1611 1852 1644 ,_
1877 1571 1973 1625 sed
2018 1571 2301 1644 Brunonis
2331 1572 2582 1644 Astcnsis
2611 1573 2884 1643 episcopi,
2927 1576 2984 1626 et
3031 1574 3152 1643 ejus
3194 1571 3460 1644 operibus

153 1640 654 1704 annumerantur.
692 1644 850 1713 (Vide
874 1645 1034 1713 infra
1053 1643 1124 1698 ad
1143 1658 1364 1697 annum
1396 1640 1580 1714 1125.)
1607 1641 1891 1714 quscula
1917 1641 2248 1714 supradicta
2277 1643 2576 1714 excipiunt
2600 1640 2653 1698 SI
2691 1640 2977 1698 Brunonis
3006 1640 3260 1714 epistolae
3290 1643 3456 1714 binae,

152 1721 339 1776 Sermo
367 1720 449 1774 De
481 1711 816 1788 contemptu
843 1711 1176 1770 divitiarum
1197 1716 1253 1769 et
1285 1712 1577 1785 appendix
1607 1712 1684 1768 De
1713 1712 1930 1782 origine
1959 1714 2108 1767 sacri
2141 1711 2556 1769 Carthusiensis
2586 1714 2817 1769 ordinis.

993 1948 2624 2263 "Nuceriam

155 2355 322 2429 Quas
353 2349 620 2431 scripsit
653 2365 732 2409 ex
759 2363 967 2408 eremo
998 2343 1303 2409 Calabriae
1333 2361 1475 2404 cum
1506 2360 1583 2403 ex
1611 2341 1769 2402 urbe
1800 2341 2000 2403 Roma
2044 2344 2124 2404 ad
2175 2362 2315 2406 eam
2365 2363 2434 2407 se
2481 2349 2902 2425 solitudinem,
2938 2351 2999 2410 in
3036 2369 3160 2431 qua
3189 2356 3250 2413 et
3285 2350 3455 2425 obiit,

1353 2449 1736 2530 postliminio
1781 2466 1851 2509 se
1898 2451 2268 2529 recepisset.

1778 2664 1828 2718 Ι.

152 2792 231 2848 Ad
247 2794 621 2868 Radulphum
656 2791 917 2868 Viridem,
939 2789 1199 2868 Ecclesia:
1231 2788 1517 2868 Demensis
1544 2788 1936 2868 praepositum,
1970 2787 2043 2843 ad
2058 2792 2474 2868 fontemptum
2489 2794 2713 2865 mundi,
2749 2798 2925 2852 vitam
2953 2799 3308 2856 eremiticam
3328 2817 3460 2858 con-

515 2863 913 2937 templativam
942 2864 1213 2936 Optimam
1244 2860 1433 2914 Maria:
1450 2859 1700 2930 partem,
1733 2861 1969 2931 insuper
1999 2859 2070 2914 ad
2104 2861 2218 2914 voti
2246 2859 2661 2934 implelionem,
2695 2859 3108 2925 exhortatoria.

898 2961 1057 3032 (Vide
1085 2961 1224 3016 inter
1247 2959 1386 3014 Acta
1417 2958 1473 3013 S.
1507 2957 1796 3025 Brunonis,
1829 2973 1893 3012 n.
1933 2959 2056 3025 683,
2091 2959 2251 3028 hujus
2283 2962 2415 3017 tomi
2445 2964 2549 3020 col.
2595 2966 2747 3036 420,)

1785 3116 1853 3172 II.

1294 3240 1375 3298 Ad
1401 3240 1553 3309 ﬁlios
1579 3256 1710 3297 suos
1742 3241 1966 3312 Majoris
1998 3237 2332 3295 Carthusiae.

1418 3338 1579 3410 (Vide
1609 3338 1702 3394 ubi
1734 3353 1900 3410 supra
1929 3336 2034 3394 col.
2065 3335 2214 3406 418.)

853 3621 1194 3710 SERMO
1257 3625 1390 3710 DE
1455 3623 2080 3712 CONTEMPTU
2139 3620 2766 3710 DlVITIABUM.

210 3788 472 3844 Facilius
503 3788 594 3842 est
611 3787 896 3843 camelum
908 3803 1016 3859 per
1036 3790 1298 3858 foramen
1319 3805 1456 3846 acus
1489 3791 1759 3862 transire,
1789 3796 1843 3857 Β
1865 3791 2132 3862 scripturn
2155 3797 2236 3845 est
2261 3806 2278 3844 :
2299 3789 2566 3844 Pecunia:
2586 3789 2854 3844 obediunt
2875 3787 3069 3844 omnia
3083 3787 3254 3857 (Eccl.
3279 3791 3458 3857 κ,19).

143 3892 309 3946 quam
339 3876 586 3931 divitem
613 3874 836 3931 intrare
863 3876 926 3931 in
956 3892 1194 3948 regnum
1225 3878 1494 3934 caelorum
1535 3878 1757 3950 (Matth.

142 3979 262 4032 xxx,
303 3964 422 4034 24).
472 3963 598 4018 Hoc
627 3971 809 4019 autem
857 3959 1202 4036 signiﬁcabat
1244 3965 1334 4020 illa
1364 3968 1654 4037 amphora,
1707 3967 1761 4022 in

143 4068 248 4123 qua
275 4053 544 4123 impietas
574 4051 761 4107 clausa
790 4061 907 4107 erat
928 4095 943 4120 ,
994 4054 1062 4109 de
1095 4070 1199 4125 qua
1229 4071 1297 4109 ne
1328 4056 1519 4128 egredi
1549 4065 1758 4127 posset,

138 4157 316 4196 massa
346 4140 620 4213 plumbea
649 4156 712 4195 os
740 4142 1019 4213 amphorae
1048 4142 1334 4198 claudebat
1386 4143 1576 4215 (Zach.
1612 4161 1666 4212 v,
1705 4150 1757 4213 6,

141 4232 214 4298 7).
264 4230 388 4300 Qua
427 4230 490 4285 in
555 4245 618 4284 re
656 4229 818 4285 datur
845 4231 1075 4303 intelligi
1129 4247 1292 4304 quam
1319 4232 1539 4289 difﬁcile
1587 4234 1656 4289 sit
1691 4234 1760 4290 de

139 4328 326 4376 ventre
358 4317 617 4374 avaritiae
644 4318 920 4374 hominem
953 4335 1178 4375 avarum
1202 4321 1288 4376 vel
1316 4322 1529 4378 extrahi
1559 4323 1647 4378 vel
1675 4339 1763 4378 se-

139 4409 317 4479 parari
364 4423 563 4479 posse.
614 4407 816 4462 Narrat
861 4408 1006 4463 enim
1053 4410 1342 4466 Zacharias
1388 4411 1655 4483 propheta
1699 4429 1762 4468 se

139 4497 338 4554 vidisse
371 4497 704 4568 amphoram
734 4497 1139 4569 egredientem,
1192 4499 1261 4554 de
1293 4516 1398 4571 qua
1429 4516 1554 4557 cum
1585 4501 1759 4556 inter-

141 4596 366 4659 rogaret
383 4586 526 4658 quid
560 4594 729 4652 esset,
749 4586 951 4642 dictum
984 4595 1067 4642 est
1096 4587 1146 4644 ei
1179 4604 1192 4643 :
1225 4590 1350 4645 Haec
1372 4594 1458 4645 est
1487 4593 1762 4662 amphora

139 4677 455 4746 egrediens,
476 4679 537 4730 ct
559 4675 652 4730 hic
673 4679 760 4730 est
773 4677 969 4731 oculus
987 4693 1179 4732 eorum
1191 4678 1254 4732 in
1271 4679 1538 4735 universa
1561 4683 1715 4736 terra
1739 4699 1758 4745 ,-

139 4769 191 4819 et
207 4781 334 4821 ecce
352 4765 654 4820 talentum
669 4764 892 4834 plumbi
907 4765 1250 4836 portabatur
1273 4786 1290 4821 :
1307 4771 1368 4822 et
1394 4783 1519 4823 ecce
1549 4770 1760 4823 mulier

139 4869 252 4911 una
272 4854 483 4910 sedens
511 4853 578 4907 in
603 4853 788 4908 medio
817 4853 1106 4924 amphora:
1153 4855 1354 4927 (ibid).
1393 4855 1475 4912 De
1505 4873 1613 4929 qua
1633 4873 1758 4912 cum

137 4942 512 5015 interrogaret
543 4956 669 5011 qua!
696 4949 861 5009 esset,
894 4941 1100 4998 dictum
1129 4951 1212 4999 est
1243 4944 1293 4999 ei
1316 4945 1464 5016 quod
1491 4954 1640 5001 esset
1659 4946 1760 5001 im-

140 5030 332 5100 pietas.
381 5030 465 5086 Os
495 5035 683 5083 autem
710 5030 987 5100 amphorae
1016 5047 1197 5086 massa
1227 5033 1484 5102 plumbea
1513 5033 1758 5090 clausum

139 5128 272 5175 erat.
289 5121 358 5174 Et
376 5134 512 5175 ecce
529 5119 658 5172 dua:
676 5118 945 5174 mulieres
958 5120 1219 5190 egredicn
1228 5126 1328 5180 tes.
1345 5139 1466 5194 quae
1481 5123 1760 5179 habebant

140 5207 252 5262 alas
268 5207 433 5281 quasi
455 5205 633 5271 milvi,
662 5207 995 5262 levaverunt
1015 5209 1347 5281 amphoram
1370 5213 1526 5267 inter
1546 5217 1760 5268 terram

142 5302 192 5351 et
226 5299 435 5352 celum
454 5299 525 5352 ut
550 5294 869 5364 aediﬁcetur
889 5298 942 5352 ei
969 5295 1168 5353 domus
1193 5299 1254 5353 in
1290 5304 1444 5356 terra
1477 5301 1757 5368 Sennaar,

140 5389 193 5438 et
221 5387 586 5449 stabiliatur,
612 5387 669 5438 et
688 5387 941 5455 ponatur
960 5386 1037 5439 ibi
1055 5402 1228 5456 super
1248 5387 1427 5442 basim
1443 5405 1627 5454 suam,
1649 5398 1752 5445 etc.

140 5473 277 5542 Quid
308 5475 458 5530 enim
494 5487 600 5543 per
630 5473 954 5542 amphoram
979 5473 1082 5528 nisi
1115 5475 1340 5530 avaritia
1372 5475 1710 5549 signiﬁcatur
1730 5480 1759 5533 ?

139 5563 233 5617 Hic
254 5564 461 5618 oculus
484 5575 707 5617 eorum.
736 5559 979 5628 Quorum
1001 5577 1192 5617 eorum
1212 5565 1240 5618 ?
1268 5566 1472 5620 Eorum
1505 5565 1759 5622 videlicet

136 5651 225 5722 qui
255 5667 377 5708 eam
409 5650 657 5720 diligunt
705 5648 763 5703 in
790 5649 1051 5706 universa
1081 5658 1244 5706 terra.
1280 5653 1486 5710 Omnes
1515 5654 1659 5710 enim
1685 5656 1759 5712 ad

136 5755 251 5795 eam
281 5746 564 5812 spectant,
594 5753 789 5795 omnes
816 5739 882 5793 ad
915 5754 1040 5796 eam
1068 5740 1312 5808 tendunt,
1339 5742 1600 5815 quoniam
1619 5743 1758 5802 sicut

1861 3883 1920 3936 1n
1969 3881 2068 3935 hac
2119 3886 2304 3934 autem
2351 3877 2506 3933 sedet
2553 3877 2832 3948 impietas,
2882 3877 3141 3948 quoniam
3187 3876 3382 3933 divites
3412 3884 3465 3933 et

1862 3969 2045 4035 avari,
2107 3968 2234 4040 quia
2265 3966 2694 4022 misericordiam
2727 3974 2780 4021 et
2806 3965 3061 4037 pietatem
3090 3982 3200 4021 non
3239 3967 3462 4033 habent,

1863 4073 1973 4112 non
2004 4057 2182 4112 solum
2210 4055 2380 4126 impii,
2405 4071 2598 4111 verum
2628 4054 2788 4110 etiam
2817 4055 3069 4126 impietas
3089 4062 3238 4111 recte
3265 4071 3466 4110 vocan-

1863 4153 1964 4201 tur.
2016 4146 2125 4202 Sed
2173 4145 2302 4216 quid
2351 4143 2546 4199 melius
2576 4160 2676 4214 per
2707 4143 2842 4198 duas
2889 4144 3008 4198 illas
3054 4143 3313 4200 mulieres
3343 4160 3464 4217 quae

1863 4235 2183 4305 amphoram
2232 4232 2440 4299 ferunt,
2484 4248 2649 4304 quam
2678 4232 2986 4288 sollicitudo
3017 4241 3068 4288 et
3097 4232 3347 4303 deceptio
3375 4232 3464 4287 in-

1860 4323 2033 4396 telligi
2086 4321 2310 4393 potest?
2357 4322 2587 4391 Semper
2617 4321 2763 4375 enim
2791 4321 2944 4376 avari
2977 4320 3192 4376 solliciti
3237 4329 3360 4376 sunt
3408 4321 3466 4376 in

1861 4411 2218 4483 acquirendo,
2272 4417 2324 4464 et
2367 4409 2689 4480 deceptores
2735 4408 2914 4463 alieno
2962 4408 3143 4464 aliena
3179 4409 3462 4480 rapiendo.

1863 4501 2020 4557 Unde
2069 4508 2122 4556 et
2169 4499 2285 4554 alas
2330 4497 2482 4554 milvi
2529 4498 2614 4552 hae
2661 4497 2919 4553 mulieres
2951 4497 3156 4554 habere
3186 4497 3460 4568 dicuntur,

1863 4588 2124 4662 quoniam
2177 4587 2376 4643 milvus
2405 4586 2548 4641 inter
2579 4586 2715 4640 alias
2745 4602 2878 4642 aves
2907 4585 3298 4656 rapacissimus
3343 4597 3462 4644 est:

1862 4678 1952 4751 qui
1983 4693 2204 4748 semper
2231 4676 2445 4747 pusillis
2495 4683 2547 4730 et
2595 4675 2900 4730 mansuetis
2928 4675 3119 4729 avibus
3155 4675 3459 4733 insidiatur.

1862 4769 2063 4823 Ferunt
2092 4774 2274 4821 autem
2302 4767 2386 4820 ha:
2414 4764 2693 4830 mulieres,
2725 4764 2781 4818 id
2809 4772 2892 4819 est
2923 4764 3170 4835 deceptio
3211 4773 3265 4821 et
3295 4781 3466 4837 prava

1861 4856 2184 4923 sollicitudo,
2218 4855 2543 4927 amphoram
2570 4853 2625 4908 in
2655 4861 2859 4909 terram
2889 4853 3162 4922 Sennaar,
3207 4855 3321 4911 sive
3351 4856 3461 4911 Ba-

1861 4945 2109 5017 bylonis,
2161 4945 2284 5016 quia
2333 4944 2418 4999 his
2460 4943 2675 4999 duobus
2723 4942 2867 4998 vitiis
2896 4942 3092 4998 divites
3139 4951 3194 4999 et
3236 4945 3383 5000 avari
3407 4945 3464 5000 in

1859 5033 2216 5106 perditionem
2249 5033 2556 5104 rapiuntur.
2599 5033 2679 5087 De
2710 5033 2814 5087 hac
2843 5031 2987 5087 enim
3025 5032 3296 5104 Babylone
3328 5034 3466 5089 scri-

1860 5130 2011 5194 ptum
2043 5131 2125 5178 est
2151 5140 2163 5176 :
2190 5121 2422 5189 Cecidit,
2445 5121 2648 5177 cecidit
2667 5121 2912 5192 Babylon
2939 5122 3047 5176 illa
3065 5123 3344 5177 meretrix
3367 5142 3385 5178 :
3407 5127 3466 5180 et

1859 5213 2017 5282 facta
2034 5215 2118 5267 est
2138 5211 2415 5266 habitatio
2451 5211 2858 5267 dcemom'orum
2884 5210 3073 5282 (Apoc.
3104 5225 3223 5277 xxv,
3249 5211 3323 5277 8).
3356 5211 3461 5267 Mi-

1860 5300 1968 5354 seri
2016 5299 2184 5372 igitur
2231 5307 2284 5354 et
2331 5315 2432 5369 per
2477 5297 2656 5354 omnia
2702 5297 2987 5366 infelices,
3042 5297 3132 5369 qui
3174 5299 3314 5354 inter
3343 5301 3461 5356 dae-

1858 5387 2040 5443 monia
2088 5387 2382 5443 habitaturi
2415 5386 2517 5441 sibi
2565 5388 2619 5440 in
2669 5395 2817 5442 terra
2848 5386 3091 5441 Sennaar
3119 5387 3340 5442 domum
3371 5389 3459 5444 in-

1859 5484 2142 5532 venerunt.
2214 5479 2259 5531 Α
2318 5491 2427 5548 qua
2475 5491 2574 5530 nos
2619 5484 2774 5530 eruat
2820 5475 3136 5530 mitissimus
3195 5476 3460 5534 Dominus

1858 5573 2042 5620 noster
2096 5566 2294 5632 Jesus,
2357 5564 2449 5635 qui
2503 5580 2628 5619 cum
2686 5565 2842 5620 Patre
2900 5572 2954 5618 et
3010 5563 3212 5635 Spiritu
3269 5573 3458 5621 sancto

1858 5653 1989 5711 vivit
2019 5661 2072 5713 et
2101 5662 2295 5726 regnat
2325 5655 2472 5710 Deus
2501 5669 2604 5726 per
2630 5661 2835 5714 aeterna
2861 5651 3081 5710 saecula.
3113 5654 3307 5709 Amen.
