  <div class='ocr_page' id='page_1' title='image "/cluster/home/n/w/nwhite01/storage/ocr_20150623/153-154/uc1.31175019678096/291.png"; bbox 0 0 3928 6444; ppageno 0'>
   <div class='ocr_carea' id='block_1_1' title="bbox 484 497 583 551">
    <p class='ocr_par' dir='ltr' id='par_1_1' title="bbox 484 497 583 551">
     <span class='ocr_line' id='line_1_1' title="bbox 484 497 583 551; baseline 0.01 -1"><span class='ocrx_word' id='word_1_1' title='bbox 484 497 583 551; x_wconf 77' lang='grc'><em>571</em></span> 
     </span>
    </p>
   </div>
   <div class='ocr_carea' id='block_1_2' title="bbox 485 635 3492 667">
    <p class='ocr_par' dir='ltr' id='par_1_2' title="bbox 485 635 3492 667">
     <span class='ocr_line' id='line_1_2' title="bbox 485 635 3492 667; baseline -0.002 0"><span class='ocrx_word' id='word_1_2' title='bbox 485 635 3492 667; x_wconf 50' lang='grc' dir='ltr'>ω</span> 
     </span>
    </p>
   </div>
   <div class='ocr_carea' id='block_1_3' title="bbox 1579 487 2674 549">
    <p class='ocr_par' dir='ltr' id='par_1_3' title="bbox 1579 487 2674 549">
     <span class='ocr_line' id='line_1_3' title="bbox 1579 487 2674 549; baseline -0.005 0"><span class='ocrx_word' id='word_1_3' title='bbox 1579 491 1943 549; x_wconf 81' lang='grc' dir='ltr'><em>ΑΡΡΕΝΒΓΧ</em></span> <span class='ocrx_word' id='word_1_4' title='bbox 1981 492 2076 547; x_wconf 86' lang='lat' dir='ltr'><em>AD</em></span> <span class='ocrx_word' id='word_1_5' title='bbox 2135 490 2191 546; x_wconf 93' lang='lat' dir='ltr'><em>S.</em></span> <span class='ocrx_word' id='word_1_6' title='bbox 2260 487 2674 547; x_wconf 85' lang='lat' dir='ltr'><em>BRUNONEM.</em></span> 
     </span>
    </p>
   </div>
   <div class='ocr_carea' id='block_1_4' title="bbox 3685 486 3785 543">
    <p class='ocr_par' dir='ltr' id='par_1_4' title="bbox 3685 486 3785 543">
     <span class='ocr_line' id='line_1_4' title="bbox 3685 486 3785 543; baseline 0.06 -6"><span class='ocrx_word' id='word_1_7' title='bbox 3685 486 3785 543; x_wconf 73' lang='lat'><em>572</em></span> 
     </span>
    </p>
   </div>
   <div class='ocr_carea' id='block_1_5' title="bbox 1210 773 3075 895">
    <p class='ocr_par' dir='ltr' id='par_1_5' title="bbox 1210 773 3075 895">
     <span class='ocr_line' id='line_1_5' title="bbox 1210 773 3075 895; baseline -0.006 0"><span class='ocrx_word' id='word_1_8' title='bbox 1210 780 2035 895; x_wconf 83' lang='lat' dir='ltr'><em>CONFESSIO</em></span> <span class='ocrx_word' id='word_1_9' title='bbox 2098 782 2201 890; x_wconf 85' lang='lat' dir='ltr'><em>S.</em></span> <span class='ocrx_word' id='word_1_10' title='bbox 2264 773 3075 890; x_wconf 78' lang='lat' dir='ltr'><em>BRUNONIS.</em></span> 
     </span>
    </p>
   </div>
   <div class='ocr_carea' id='block_1_6' title="bbox 1395 970 2868 1047">
    <p class='ocr_par' dir='ltr' id='par_1_6' title="bbox 1395 970 2868 1047">
     <span class='ocr_line' id='line_1_6' title="bbox 1395 970 2868 1047; baseline -0.005 -15"><span class='ocrx_word' id='word_1_11' title='bbox 1395 977 1602 1047; x_wconf 81' lang='lat' dir='ltr'><em>(Edidit</em></span> <span class='ocrx_word' id='word_1_12' title='bbox 1640 977 1899 1043; x_wconf 52' lang='lat' dir='ltr'><em>Manum,</em></span> <span class='ocrx_word' id='word_1_13' title='bbox 1944 975 2228 1036; x_wconf 80' lang='lat' dir='ltr'><em>Analect.,</em></span> <span class='ocrx_word' id='word_1_14' title='bbox 2272 988 2399 1030; x_wconf 87' lang='lat' dir='ltr'><em>nov.</em></span> <span class='ocrx_word' id='word_1_15' title='bbox 2440 972 2595 1040; x_wconf 90' lang='lat' dir='ltr'><em>edit.,</em></span> <span class='ocrx_word' id='word_1_16' title='bbox 2628 988 2684 1043; x_wconf 89' lang='lat' dir='ltr'><em>p.</em></span> <span class='ocrx_word' id='word_1_17' title='bbox 2718 970 2868 1041; x_wconf 74' lang='grc'><em>44³7.)</em></span> 
     </span>
    </p>
   </div>
   <div class='ocr_carea' id='block_1_7' title="bbox 1990 1103 2282 1118">
    <p class='ocr_par' dir='ltr' id='par_1_7' title="bbox 1990 1103 2282 1118">
     <span class='ocr_line' id='line_1_7' title="bbox 1990 1103 2282 1118; baseline -0.007 0"><span class='ocrx_word' id='word_1_18' title='bbox 1990 1103 2282 1118; x_wconf 82' lang='lat'><strong>—</strong></span> 
     </span>
    </p>
   </div>
   <div class='ocr_carea' id='block_1_8' title="bbox 483 1196 3789 1281">
    <p class='ocr_par' dir='ltr' id='par_1_8' title="bbox 483 1196 3789 1281">
     <span class='ocr_line' id='line_1_8' title="bbox 483 1196 3789 1281; baseline -0.003 -21"><span class='ocrx_word' id='word_1_19' title='bbox 483 1205 677 1261; x_wconf 83' lang='lat' dir='ltr'><em>Fidem</em></span> <span class='ocrx_word' id='word_1_20' title='bbox 705 1206 970 1275; x_wconf 76' lang='lat' dir='ltr'><em>magistri</em></span> <span class='ocrx_word' id='word_1_21' title='bbox 1001 1209 1301 1275; x_wconf 83' lang='lat' dir='ltr'><em>Brunonis,</em></span> <span class='ocrx_word' id='word_1_22' title='bbox 1334 1227 1503 1281; x_wconf 85' lang='lat' dir='ltr'><em>quam</em></span> <span class='ocrx_word' id='word_1_23' title='bbox 1533 1210 1914 1265; x_wconf 79' lang='lat' dir='ltr'><em>communiter</em></span> <span class='ocrx_word' id='word_1_24' title='bbox 1953 1211 2073 1279; x_wconf 80' lang='lat' dir='ltr'><em>fra-</em></span> <span class='ocrx_word' id='word_1_25' title='bbox 2094 1208 2148 1267; x_wconf 81' lang='grc' dir='ltr'><strong>Α</strong></span> <span class='ocrx_word' id='word_1_26' title='bbox 2176 1212 2230 1260; x_wconf 88' lang='lat' dir='ltr'><em>et</em></span> <span class='ocrx_word' id='word_1_27' title='bbox 2260 1202 2579 1258; x_wconf 77' lang='lat' dir='ltr'><em>resurrexit.</em></span> <span class='ocrx_word' id='word_1_28' title='bbox 2629 1199 2889 1256; x_wconf 79' lang='lat' dir='ltr'><em>Ascendit</em></span> <span class='ocrx_word' id='word_1_29' title='bbox 2933 1198 3004 1253; x_wconf 90' lang='lat' dir='ltr'><em>ad</em></span> <span class='ocrx_word' id='word_1_30' title='bbox 3030 1198 3219 1267; x_wconf 80' lang='lat' dir='ltr'><em>caelos,</em></span> <span class='ocrx_word' id='word_1_31' title='bbox 3252 1196 3381 1253; x_wconf 89' lang='lat' dir='ltr'><em>inde</em></span> <span class='ocrx_word' id='word_1_32' title='bbox 3408 1203 3672 1254; x_wconf 87' lang='lat' dir='ltr'><em>venturus</em></span> <span class='ocrx_word' id='word_1_33' title='bbox 3702 1204 3789 1250; x_wconf 89' lang='lat' dir='ltr'><em>est</em></span> 
     </span>
    </p>
   </div>
   <div class='ocr_carea' id='block_1_9' title="bbox 556 1294 2083 1368">
    <p class='ocr_par' dir='ltr' id='par_1_9' title="bbox 556 1294 2083 1368">
     <span class='ocr_line' id='line_1_9' title="bbox 556 1294 2083 1368; baseline 0.001 -20"><span class='ocrx_word' id='word_1_34' title='bbox 556 1294 737 1349; x_wconf 84' lang='lat' dir='ltr'><em>tribus</em></span> <span class='ocrx_word' id='word_1_35' title='bbox 754 1296 873 1349; x_wconf 86' lang='lat' dir='ltr'><em>suis</em></span> <span class='ocrx_word' id='word_1_36' title='bbox 888 1299 1242 1366; x_wconf 80' lang='lat' dir='ltr'><em>protestatus</em></span> <span class='ocrx_word' id='word_1_37' title='bbox 1259 1301 1363 1363; x_wconf 87' lang='lat' dir='ltr'><em>est,</em></span> <span class='ocrx_word' id='word_1_38' title='bbox 1388 1314 1519 1353; x_wconf 86' lang='lat' dir='ltr'><em>cum</em></span> <span class='ocrx_word' id='word_1_39' title='bbox 1545 1298 1740 1352; x_wconf 83' lang='lat' dir='ltr'><em>horam</em></span> <span class='ocrx_word' id='word_1_40' title='bbox 1764 1298 1867 1351; x_wconf 82' lang='lat' dir='ltr'><em>sibi</em></span> <span class='ocrx_word' id='word_1_41' title='bbox 1884 1313 2083 1368; x_wconf 83' lang='lat' dir='ltr'><em>appro-</em></span> 
     </span>
    </p>
   </div>
   <div class='ocr_carea' id='block_1_10' title="bbox 546 1384 2082 1456">
    <p class='ocr_par' dir='ltr' id='par_1_10' title="bbox 546 1384 2082 1456">
     <span class='ocr_line' id='line_1_10' title="bbox 546 1384 2082 1456; baseline 0.001 -19"><span class='ocrx_word' id='word_1_42' title='bbox 546 1384 825 1455; x_wconf 82' lang='lat' dir='ltr'><em>pinquare</em></span> <span class='ocrx_word' id='word_1_43' title='bbox 846 1385 1132 1450; x_wconf 80' lang='lat' dir='ltr'><em>sensisset,</em></span> <span class='ocrx_word' id='word_1_44' title='bbox 1150 1390 1213 1440; x_wconf 83' lang='lat' dir='ltr'><em>ut</em></span> <span class='ocrx_word' id='word_1_45' title='bbox 1234 1387 1417 1441; x_wconf 85' lang='lat' dir='ltr'><em>omnis</em></span> <span class='ocrx_word' id='word_1_46' title='bbox 1440 1389 1635 1441; x_wconf 82' lang='lat' dir='ltr'><em>carnis</em></span> <span class='ocrx_word' id='word_1_47' title='bbox 1660 1387 1810 1442; x_wconf 86' lang='lat' dir='ltr'><em>viam</em></span> <span class='ocrx_word' id='word_1_48' title='bbox 1831 1386 2082 1456; x_wconf 80' lang='lat' dir='ltr'><em>ingrede-</em></span> 
     </span>
    </p>
   </div>
   <div class='ocr_carea' id='block_1_11' title="bbox 550 1473 2082 1546">
    <p class='ocr_par' dir='ltr' id='par_1_11' title="bbox 550 1473 2082 1546">
     <span class='ocr_line' id='line_1_11' title="bbox 550 1473 2082 1546; baseline 0.001 -21"><span class='ocrx_word' id='word_1_49' title='bbox 550 1475 730 1539; x_wconf 82' lang='lat' dir='ltr'><em>retur,</em></span> <span class='ocrx_word' id='word_1_50' title='bbox 754 1473 1033 1542; x_wconf 83' lang='lat' dir='ltr'><em>scriptam</em></span> <span class='ocrx_word' id='word_1_51' title='bbox 1071 1490 1292 1529; x_wconf 77' lang='lat' dir='ltr'><em>seruare</em></span> <span class='ocrx_word' id='word_1_52' title='bbox 1330 1476 1677 1539; x_wconf 81' lang='lat' dir='ltr'><em>curavimus,</em></span> <span class='ocrx_word' id='word_1_53' title='bbox 1696 1491 1756 1529; x_wconf 85' lang='lat' dir='ltr'><em>eo</em></span> <span class='ocrx_word' id='word_1_54' title='bbox 1775 1475 1915 1546; x_wconf 80' lang='lat' dir='ltr'><em>quod</em></span> <span class='ocrx_word' id='word_1_55' title='bbox 1941 1476 2082 1528; x_wconf 85' lang='lat' dir='ltr'><em>satis</em></span> 
     </span>
    </p>
   </div>
   <div class='ocr_carea' id='block_1_12' title="bbox 553 1559 2081 1632">
    <p class='ocr_par' dir='ltr' id='par_1_12' title="bbox 553 1559 2081 1632">
     <span class='ocr_line' id='line_1_12' title="bbox 553 1559 2081 1632; baseline 0.002 -20"><span class='ocrx_word' id='word_1_56' title='bbox 553 1559 759 1614; x_wconf 80' lang='lat' dir='ltr'><em>intime</em></span> <span class='ocrx_word' id='word_1_57' title='bbox 786 1575 977 1615; x_wconf 84' lang='lat' dir='ltr'><em>coram</em></span> <span class='ocrx_word' id='word_1_58' title='bbox 1006 1561 1113 1615; x_wconf 91' lang='lat' dir='ltr'><em>Deo</em></span> <span class='ocrx_word' id='word_1_59' title='bbox 1142 1579 1242 1617; x_wconf 81' lang='lat' dir='ltr'><em>nos</em></span> <span class='ocrx_word' id='word_1_60' title='bbox 1274 1564 1434 1618; x_wconf 83' lang='lat' dir='ltr'><em>illius</em></span> <span class='ocrx_word' id='word_1_61' title='bbox 1464 1564 1594 1632; x_wconf 82' lang='lat' dir='ltr'><em>ﬁdei</em></span> <span class='ocrx_word' id='word_1_62' title='bbox 1627 1566 1797 1618; x_wconf 88' lang='lat' dir='ltr'><em>testes</em></span> <span class='ocrx_word' id='word_1_63' title='bbox 1821 1578 1937 1617; x_wconf 81' lang='lat' dir='ltr'><em>esse</em></span> <span class='ocrx_word' id='word_1_64' title='bbox 1987 1578 2081 1615; x_wconf 82' lang='lat' dir='ltr'><em>ro-</em></span> 
     </span>
    </p>
   </div>
   <div class='ocr_carea' id='block_1_13' title="bbox 557 1650 1448 1717">
    <p class='ocr_par' dir='ltr' id='par_1_13' title="bbox 557 1650 1448 1717">
     <span class='ocr_line' id='line_1_13' title="bbox 557 1650 1448 1717; baseline -0.002 -16"><span class='ocrx_word' id='word_1_65' title='bbox 557 1650 739 1717; x_wconf 84' lang='lat' dir='ltr'><em>garet.</em></span> <span class='ocrx_word' id='word_1_66' title='bbox 1438 1660 1448 1668; x_wconf 74' lang='grc'><strong>⁴</strong></span> 
     </span>
    </p>
   </div>
   <div class='ocr_carea' id='block_1_14' title="bbox 558 1811 2086 1883">
    <p class='ocr_par' dir='ltr' id='par_1_14' title="bbox 558 1811 2086 1883">
     <span class='ocr_line' id='line_1_14' title="bbox 558 1811 2086 1883; baseline -0.001 -16"><span class='ocrx_word' id='word_1_67' title='bbox 558 1812 736 1868; x_wconf 84' lang='lat' dir='ltr'><em>Credo</em></span> <span class='ocrx_word' id='word_1_68' title='bbox 765 1811 991 1867; x_wconf 85' lang='lat' dir='ltr'><em>ﬁrmiter</em></span> <span class='ocrx_word' id='word_1_69' title='bbox 1020 1812 1076 1867; x_wconf 91' lang='lat' dir='ltr'><em>in</em></span> <span class='ocrx_word' id='word_1_70' title='bbox 1103 1813 1344 1879; x_wconf 95' lang='lat' dir='ltr'><em>Patrem,</em></span> <span class='ocrx_word' id='word_1_71' title='bbox 1393 1820 1446 1869; x_wconf 91' lang='lat' dir='ltr'><em>et</em></span> <span class='ocrx_word' id='word_1_72' title='bbox 1474 1813 1689 1879; x_wconf 87' lang='lat' dir='ltr'><em>Filium,</em></span> <span class='ocrx_word' id='word_1_73' title='bbox 1739 1821 1791 1867; x_wconf 92' lang='lat' dir='ltr'><em>et</em></span> <span class='ocrx_word' id='word_1_74' title='bbox 1824 1812 2086 1883; x_wconf 79' lang='lat' dir='ltr'><em>Spiritum</em></span> 
     </span>
    </p>
   </div>
   <div class='ocr_carea' id='block_1_15' title="bbox 490 1902 2081 1973">
    <p class='ocr_par' dir='ltr' id='par_1_15' title="bbox 490 1902 2081 1973">
     <span class='ocr_line' id='line_1_15' title="bbox 490 1902 2081 1973; baseline -0.001 -17"><span class='ocrx_word' id='word_1_75' title='bbox 490 1909 766 1967; x_wconf 90' lang='lat' dir='ltr'><em>sanctum,</em></span> <span class='ocrx_word' id='word_1_76' title='bbox 818 1902 1035 1955; x_wconf 78' lang='lat' dir='ltr'><em>Patrem</em></span> <span class='ocrx_word' id='word_1_77' title='bbox 1080 1902 1413 1973; x_wconf 86' lang='lat' dir='ltr'><em>ingenitum,</em></span> <span class='ocrx_word' id='word_1_78' title='bbox 1473 1902 1665 1955; x_wconf 90' lang='lat' dir='ltr'><em>Filium</em></span> <span class='ocrx_word' id='word_1_79' title='bbox 1723 1902 2081 1972; x_wconf 77' lang='lat' dir='ltr'><em>unigenitum,</em></span> 
     </span>
    </p>
   </div>
   <div class='ocr_carea' id='block_1_16' title="bbox 490 1989 2085 2061">
    <p class='ocr_par' dir='ltr' id='par_1_16' title="bbox 490 1989 2085 2061">
     <span class='ocr_line' id='line_1_16' title="bbox 490 1989 2085 2061; baseline -0.001 -16"><span class='ocrx_word' id='word_1_80' title='bbox 490 1989 748 2060; x_wconf 80' lang='lat' dir='ltr'><em>Spiritum</em></span> <span class='ocrx_word' id='word_1_81' title='bbox 796 1999 1040 2045; x_wconf 89' lang='lat' dir='ltr'><em>sanctum</em></span> <span class='ocrx_word' id='word_1_82' title='bbox 1088 2007 1153 2045; x_wconf 84' lang='lat' dir='ltr'><em>ex</em></span> <span class='ocrx_word' id='word_1_83' title='bbox 1202 1998 1434 2060; x_wconf 87' lang='lat' dir='ltr'><em>utroque</em></span> <span class='ocrx_word' id='word_1_84' title='bbox 1462 1991 1870 2061; x_wconf 83' lang='lat' dir='ltr'><em>procedentem,</em></span> <span class='ocrx_word' id='word_1_85' title='bbox 1905 1997 1958 2044; x_wconf 92' lang='lat' dir='ltr'><em>et</em></span> <span class='ocrx_word' id='word_1_86' title='bbox 1986 1992 2085 2043; x_wconf 89' lang='lat' dir='ltr'><em>has</em></span> 
     </span>
    </p>
   </div>
   <div class='ocr_carea' id='block_1_17' title="bbox 486 2078 2084 2149">
    <p class='ocr_par' dir='ltr' id='par_1_17' title="bbox 486 2078 2084 2149">
     <span class='ocr_line' id='line_1_17' title="bbox 486 2078 2084 2149; baseline -0.001 -17"><span class='ocrx_word' id='word_1_87' title='bbox 486 2085 603 2132; x_wconf 88' lang='lat' dir='ltr'><em>tres</em></span> <span class='ocrx_word' id='word_1_88' title='bbox 646 2094 909 2148; x_wconf 87' lang='lat' dir='ltr'><em>personas</em></span> <span class='ocrx_word' id='word_1_89' title='bbox 955 2095 1118 2132; x_wconf 91' lang='lat' dir='ltr'><em>unum</em></span> <span class='ocrx_word' id='word_1_90' title='bbox 1150 2079 1343 2133; x_wconf 91' lang='lat' dir='ltr'><em>Deum.</em></span> <span class='ocrx_word' id='word_1_91' title='bbox 1391 2078 1569 2133; x_wconf 89' lang='lat' dir='ltr'><em>Credo</em></span> <span class='ocrx_word' id='word_1_92' title='bbox 1617 2080 1762 2149; x_wconf 86' lang='lat' dir='ltr'><em>quod</em></span> <span class='ocrx_word' id='word_1_93' title='bbox 1810 2079 1953 2131; x_wconf 86' lang='lat' dir='ltr'><em>idem</em></span> <span class='ocrx_word' id='word_1_94' title='bbox 1988 2079 2084 2132; x_wconf 88' lang='lat' dir='ltr'><em>Dei</em></span> 
     </span>
    </p>
   </div>
   <div class='ocr_carea' id='block_1_18' title="bbox 487 2165 2085 2237">
    <p class='ocr_par' dir='ltr' id='par_1_18' title="bbox 487 2165 2085 2237">
     <span class='ocr_line' id='line_1_18' title="bbox 487 2165 2085 2237; baseline 0 -18"><span class='ocrx_word' id='word_1_95' title='bbox 487 2165 653 2220; x_wconf 87' lang='lat' dir='ltr'><em>Filius</em></span> <span class='ocrx_word' id='word_1_96' title='bbox 684 2175 981 2236; x_wconf 89' lang='lat' dir='ltr'><em>conceptus</em></span> <span class='ocrx_word' id='word_1_97' title='bbox 1012 2167 1081 2220; x_wconf 92' lang='lat' dir='ltr'><em>sit</em></span> <span class='ocrx_word' id='word_1_98' title='bbox 1110 2168 1175 2221; x_wconf 89' lang='lat' dir='ltr'><em>de</em></span> <span class='ocrx_word' id='word_1_99' title='bbox 1206 2167 1405 2237; x_wconf 87' lang='lat' dir='ltr'><em>Spiritu</em></span> <span class='ocrx_word' id='word_1_100' title='bbox 1435 2175 1623 2221; x_wconf 88' lang='lat' dir='ltr'><em>sancto</em></span> <span class='ocrx_word' id='word_1_101' title='bbox 1655 2184 1719 2221; x_wconf 88' lang='lat' dir='ltr'><em>ex</em></span> <span class='ocrx_word' id='word_1_102' title='bbox 1769 2167 1934 2220; x_wconf 87' lang='lat' dir='ltr'><em>Maria</em></span> <span class='ocrx_word' id='word_1_103' title='bbox 1968 2167 2085 2220; x_wconf 90' lang='lat' dir='ltr'><em>Vir-</em></span> 
     </span>
    </p>
   </div>
   <div class='ocr_carea' id='block_1_19' title="bbox 485 2253 2082 2327">
    <p class='ocr_par' dir='ltr' id='par_1_19' title="bbox 485 2253 2082 2327">
     <span class='ocr_line' id='line_1_19' title="bbox 485 2253 2082 2327; baseline 0 -20"><span class='ocrx_word' id='word_1_104' title='bbox 485 2253 634 2326; x_wconf 80' lang='lat' dir='ltr'><em>gine.</em></span> <span class='ocrx_word' id='word_1_105' title='bbox 669 2255 844 2309; x_wconf 88' lang='lat' dir='ltr'><em>Credo</em></span> <span class='ocrx_word' id='word_1_106' title='bbox 875 2255 1021 2326; x_wconf 88' lang='lat' dir='ltr'><em>quod</em></span> <span class='ocrx_word' id='word_1_107' title='bbox 1064 2255 1221 2327; x_wconf 85' lang='lat' dir='ltr'><em>virgo</em></span> <span class='ocrx_word' id='word_1_108' title='bbox 1270 2255 1574 2310; x_wconf 83' lang='lat' dir='ltr'><em>castissima</em></span> <span class='ocrx_word' id='word_1_109' title='bbox 1606 2254 1766 2308; x_wconf 82' lang='lat' dir='ltr'><em>fuerit</em></span> <span class='ocrx_word' id='word_1_110' title='bbox 1796 2264 1920 2309; x_wconf 82' lang='lat' dir='ltr'><em>ante</em></span> <span class='ocrx_word' id='word_1_111' title='bbox 1950 2270 2082 2324; x_wconf 92' lang='lat' dir='ltr'><em>par-</em></span> 
     </span>
    </p>
   </div>
   <div class='ocr_carea' id='block_1_20' title="bbox 485 2342 2082 2414">
    <p class='ocr_par' dir='ltr' id='par_1_20' title="bbox 485 2342 2082 2414">
     <span class='ocr_line' id='line_1_20' title="bbox 485 2342 2082 2414; baseline 0.001 -18"><span class='ocrx_word' id='word_1_112' title='bbox 485 2349 632 2408; x_wconf 87' lang='lat' dir='ltr'><em>tum,</em></span> <span class='ocrx_word' id='word_1_113' title='bbox 681 2342 839 2414; x_wconf 85' lang='lat' dir='ltr'><em>virgo</em></span> <span class='ocrx_word' id='word_1_114' title='bbox 869 2344 925 2396; x_wconf 89' lang='lat' dir='ltr'><em>in</em></span> <span class='ocrx_word' id='word_1_115' title='bbox 953 2351 1107 2413; x_wconf 88' lang='lat' dir='ltr'><em>partu</em></span> <span class='ocrx_word' id='word_1_116' title='bbox 1127 2387 1139 2409; x_wconf 91' lang='lat'><em>,</em></span> <span class='ocrx_word' id='word_1_117' title='bbox 1173 2351 1227 2398; x_wconf 93' lang='lat' dir='ltr'><em>et</em></span> <span class='ocrx_word' id='word_1_118' title='bbox 1256 2350 1379 2414; x_wconf 90' lang='lat' dir='ltr'><em>post</em></span> <span class='ocrx_word' id='word_1_119' title='bbox 1407 2352 1622 2413; x_wconf 85' lang='lat' dir='ltr'><em>partum</em></span> <span class='ocrx_word' id='word_1_120' title='bbox 1656 2343 1807 2414; x_wconf 84' lang='lat' dir='ltr'><em>virgo</em></span> <span class='ocrx_word' id='word_1_121' title='bbox 1837 2344 1888 2396; x_wconf 90' lang='lat' dir='ltr'><em>in</em></span> <span class='ocrx_word' id='word_1_122' title='bbox 1921 2352 2082 2397; x_wconf 69' lang='lat' dir='ltr'><em>teter-</em></span> 
     </span>
    </p>
   </div>
   <div class='ocr_carea' id='block_1_21' title="bbox 483 2432 2078 2503">
    <p class='ocr_par' dir='ltr' id='par_1_21' title="bbox 483 2432 2078 2503">
     <span class='ocr_line' id='line_1_21' title="bbox 483 2432 2078 2503; baseline 0 -19"><span class='ocrx_word' id='word_1_123' title='bbox 483 2446 610 2484; x_wconf 90' lang='lat' dir='ltr'><em>num</em></span> <span class='ocrx_word' id='word_1_124' title='bbox 639 2432 1027 2501; x_wconf 84' lang='lat' dir='ltr'><em>permanserit.</em></span> <span class='ocrx_word' id='word_1_125' title='bbox 1062 2432 1238 2486; x_wconf 83' lang='lat' dir='ltr'><em>Credo</em></span> <span class='ocrx_word' id='word_1_126' title='bbox 1270 2432 1412 2503; x_wconf 90' lang='lat' dir='ltr'><em>quod</em></span> <span class='ocrx_word' id='word_1_127' title='bbox 1444 2432 1587 2486; x_wconf 91' lang='lat' dir='ltr'><em>idem</em></span> <span class='ocrx_word' id='word_1_128' title='bbox 1620 2433 1719 2487; x_wconf 88' lang='lat' dir='ltr'><em>Dei</em></span> <span class='ocrx_word' id='word_1_129' title='bbox 1749 2432 1916 2485; x_wconf 81' lang='lat' dir='ltr'><em>Filius</em></span> <span class='ocrx_word' id='word_1_130' title='bbox 1947 2448 2078 2487; x_wconf 88' lang='lat' dir='ltr'><em>con-</em></span> 
     </span>
    </p>
   </div>
   <div class='ocr_carea' id='block_1_22' title="bbox 2178 1287 3786 1363">
    <p class='ocr_par' dir='ltr' id='par_1_22' title="bbox 2178 1287 3786 1363">
     <span class='ocr_line' id='line_1_22' title="bbox 2178 1287 3786 1363; baseline -0.005 -17"><span class='ocrx_word' id='word_1_131' title='bbox 2178 1294 2424 1363; x_wconf 88' lang='lat' dir='ltr'><em>judicare</em></span> <span class='ocrx_word' id='word_1_132' title='bbox 2472 1292 2625 1346; x_wconf 88' lang='lat' dir='ltr'><em>vivos</em></span> <span class='ocrx_word' id='word_1_133' title='bbox 2672 1296 2723 1344; x_wconf 90' lang='lat' dir='ltr'><em>et</em></span> <span class='ocrx_word' id='word_1_134' title='bbox 2771 1294 3039 1343; x_wconf 85' lang='lat' dir='ltr'><em>mortuos.</em></span> <span class='ocrx_word' id='word_1_135' title='bbox 3074 1287 3253 1342; x_wconf 88' lang='lat' dir='ltr'><em>Credo</em></span> <span class='ocrx_word' id='word_1_136' title='bbox 3281 1292 3629 1341; x_wconf 88' lang='lat' dir='ltr'><em>sacramenta</em></span> <span class='ocrx_word' id='word_1_137' title='bbox 3659 1299 3786 1356; x_wconf 70' lang='lat' dir='ltr'><em>quae</em></span> 
     </span>
    </p>
   </div>
   <div class='ocr_carea' id='block_1_23' title="bbox 2186 1373 3789 1443">
    <p class='ocr_par' dir='ltr' id='par_1_23' title="bbox 2186 1373 3789 1443">
     <span class='ocr_line' id='line_1_23' title="bbox 2186 1373 3789 1443; baseline -0.006 -9"><span class='ocrx_word' id='word_1_138' title='bbox 2186 1380 2450 1436; x_wconf 86' lang='lat' dir='ltr'><em>catholica</em></span> <span class='ocrx_word' id='word_1_139' title='bbox 2489 1378 2661 1433; x_wconf 90' lang='lat' dir='ltr'><em>credit</em></span> <span class='ocrx_word' id='word_1_140' title='bbox 2716 1385 2769 1431; x_wconf 89' lang='lat' dir='ltr'><em>et</em></span> <span class='ocrx_word' id='word_1_141' title='bbox 2816 1382 3103 1431; x_wconf 88' lang='lat' dir='ltr'><em>veneratur</em></span> <span class='ocrx_word' id='word_1_142' title='bbox 3134 1374 3418 1443; x_wconf 82' lang='lat' dir='ltr'><em>Ecclesia,</em></span> <span class='ocrx_word' id='word_1_143' title='bbox 3450 1381 3504 1428; x_wconf 92' lang='lat' dir='ltr'><em>et</em></span> <span class='ocrx_word' id='word_1_144' title='bbox 3531 1373 3789 1427; x_wconf 90' lang='lat' dir='ltr'><em>nomina-</em></span> 
     </span>
    </p>
   </div>
   <div class='ocr_carea' id='block_1_24' title="bbox 2189 1462 3789 1539">
    <p class='ocr_par' dir='ltr' id='par_1_24' title="bbox 2189 1462 3789 1539">
     <span class='ocr_line' id='line_1_24' title="bbox 2189 1462 3789 1539; baseline -0.004 -16"><span class='ocrx_word' id='word_1_145' title='bbox 2189 1469 2283 1523; x_wconf 87' lang='lat' dir='ltr'><em>tim</em></span> <span class='ocrx_word' id='word_1_146' title='bbox 2318 1467 2463 1539; x_wconf 91' lang='lat' dir='ltr'><em>quod</em></span> <span class='ocrx_word' id='word_1_147' title='bbox 2493 1473 2848 1522; x_wconf 89' lang='lat' dir='ltr'><em>consecratur</em></span> <span class='ocrx_word' id='word_1_148' title='bbox 2876 1463 2931 1518; x_wconf 90' lang='lat' dir='ltr'><em>in</em></span> <span class='ocrx_word' id='word_1_149' title='bbox 2961 1462 3138 1530; x_wconf 87' lang='lat' dir='ltr'><em>altari,</em></span> <span class='ocrx_word' id='word_1_150' title='bbox 3189 1478 3375 1517; x_wconf 90' lang='lat' dir='ltr'><em>verum</em></span> <span class='ocrx_word' id='word_1_151' title='bbox 3407 1477 3609 1532; x_wconf 91' lang='lat' dir='ltr'><em>corpus</em></span> <span class='ocrx_word' id='word_1_152' title='bbox 3638 1477 3789 1527; x_wconf 89' lang='lat' dir='ltr'><em>esse,</em></span> 
     </span>
    </p>
   </div>
   <div class='ocr_carea' id='block_1_25' title="bbox 2186 1549 3792 1624">
    <p class='ocr_par' dir='ltr' id='par_1_25' title="bbox 2186 1549 3792 1624">
     <span class='ocr_line' id='line_1_25' title="bbox 2186 1549 3792 1624; baseline -0.006 -12"><span class='ocrx_word' id='word_1_153' title='bbox 2186 1572 2378 1613; x_wconf 87' lang='lat' dir='ltr'><em>veram</em></span> <span class='ocrx_word' id='word_1_154' title='bbox 2408 1572 2627 1610; x_wconf 90' lang='lat' dir='ltr'><em>carnem</em></span> <span class='ocrx_word' id='word_1_155' title='bbox 2646 1595 2661 1622; x_wconf 89' lang='lat'><em>,</em></span> <span class='ocrx_word' id='word_1_156' title='bbox 2710 1561 2763 1609; x_wconf 88' lang='lat' dir='ltr'><em>et</em></span> <span class='ocrx_word' id='word_1_157' title='bbox 2791 1568 2981 1609; x_wconf 89' lang='lat' dir='ltr'><em>verum</em></span> <span class='ocrx_word' id='word_1_158' title='bbox 3010 1550 3335 1624; x_wconf 83' lang='lat' dir='ltr'><em>sanguinem</em></span> <span class='ocrx_word' id='word_1_159' title='bbox 3365 1549 3585 1606; x_wconf 88' lang='lat' dir='ltr'><em>Domini</em></span> <span class='ocrx_word' id='word_1_160' title='bbox 3612 1549 3792 1605; x_wconf 85' lang='lat' dir='ltr'><em>nostri</em></span> 
     </span>
    </p>
   </div>
   <div class='ocr_carea' id='block_1_26' title="bbox 2183 1639 3791 1714">
    <p class='ocr_par' dir='ltr' id='par_1_26' title="bbox 2183 1639 3791 1714">
     <span class='ocr_line' id='line_1_26' title="bbox 2183 1639 3791 1714; baseline -0.004 -15"><span class='ocrx_word' id='word_1_161' title='bbox 2183 1647 2314 1700; x_wconf 85' lang='lat' dir='ltr'><em>Jesu</em></span> <span class='ocrx_word' id='word_1_162' title='bbox 2345 1644 2565 1707; x_wconf 83' lang='lat' dir='ltr'><em>Christi,</em></span> <span class='ocrx_word' id='word_1_163' title='bbox 2599 1658 2762 1714; x_wconf 88' lang='lat' dir='ltr'><em>quem</em></span> <span class='ocrx_word' id='word_1_164' title='bbox 2792 1649 2846 1696; x_wconf 90' lang='lat' dir='ltr'><em>et</em></span> <span class='ocrx_word' id='word_1_165' title='bbox 2865 1656 2965 1695; x_wconf 92' lang='lat' dir='ltr'><em>nos</em></span> <span class='ocrx_word' id='word_1_166' title='bbox 2994 1640 3292 1711; x_wconf 88' lang='lat' dir='ltr'><em>accipimus</em></span> <span class='ocrx_word' id='word_1_167' title='bbox 3322 1639 3378 1693; x_wconf 91' lang='lat' dir='ltr'><em>in</em></span> <span class='ocrx_word' id='word_1_168' title='bbox 3408 1639 3791 1694; x_wconf 85' lang='lat' dir='ltr'><em>remissionem</em></span> 
     </span>
    </p>
   </div>
   <div class='ocr_carea' id='block_1_27' title="bbox 2185 1726 3788 1804">
    <p class='ocr_par' dir='ltr' id='par_1_27' title="bbox 2185 1726 3788 1804">
     <span class='ocr_line' id='line_1_27' title="bbox 2185 1726 3788 1804; baseline -0.002 -17"><span class='ocrx_word' id='word_1_169' title='bbox 2185 1742 2538 1804; x_wconf 87' lang='lat' dir='ltr'><em>peccatorum</em></span> <span class='ocrx_word' id='word_1_170' title='bbox 2584 1739 2936 1796; x_wconf 89' lang='lat' dir='ltr'><em>nostrorum,</em></span> <span class='ocrx_word' id='word_1_171' title='bbox 2996 1729 3051 1783; x_wconf 93' lang='lat' dir='ltr'><em>in</em></span> <span class='ocrx_word' id='word_1_172' title='bbox 3108 1743 3261 1799; x_wconf 88' lang='lat' dir='ltr'><em>spem</em></span> <span class='ocrx_word' id='word_1_173' title='bbox 3308 1726 3495 1782; x_wconf 89' lang='lat' dir='ltr'><em>salutis</em></span> <span class='ocrx_word' id='word_1_174' title='bbox 3538 1735 3788 1783; x_wconf 64' lang='lat' dir='ltr'><em>aeternae.</em></span> 
     </span>
    </p>
   </div>
   <div class='ocr_carea' id='block_1_28' title="bbox 2187 1818 3788 1884">
    <p class='ocr_par' dir='ltr' id='par_1_28' title="bbox 2187 1818 3788 1884">
     <span class='ocr_line' id='line_1_28' title="bbox 2187 1818 3788 1884; baseline -0.004 -9"><span class='ocrx_word' id='word_1_175' title='bbox 2187 1822 2365 1876; x_wconf 87' lang='lat' dir='ltr'><em>Credo</em></span> <span class='ocrx_word' id='word_1_176' title='bbox 2397 1821 2578 1876; x_wconf 88' lang='lat' dir='ltr'><em>carnis</em></span> <span class='ocrx_word' id='word_1_177' title='bbox 2602 1818 3078 1884; x_wconf 87' lang='lat' dir='ltr'><em>resurrectionem,</em></span> <span class='ocrx_word' id='word_1_178' title='bbox 3102 1818 3265 1873; x_wconf 84' lang='lat' dir='ltr'><em>vitam</em></span> <span class='ocrx_word' id='word_1_179' title='bbox 3286 1823 3564 1871; x_wconf 65' lang='lat' dir='ltr'><em>aeternam.</em></span> <span class='ocrx_word' id='word_1_180' title='bbox 3587 1818 3788 1870; x_wconf 87' lang='lat' dir='ltr'><em>Amen.</em></span> 
     </span>
    </p>
   </div>
   <div class='ocr_carea' id='block_1_29' title="bbox 2189 1903 3794 1976">
    <p class='ocr_par' dir='ltr' id='par_1_29' title="bbox 2189 1903 3794 1976">
     <span class='ocr_line' id='line_1_29' title="bbox 2189 1903 3794 1976; baseline -0.006 -11"><span class='ocrx_word' id='word_1_181' title='bbox 2189 1909 2468 1965; x_wconf 81' lang='lat' dir='ltr'><em>Conﬁteor</em></span> <span class='ocrx_word' id='word_1_182' title='bbox 2498 1917 2552 1962; x_wconf 89' lang='lat' dir='ltr'><em>et</em></span> <span class='ocrx_word' id='word_1_183' title='bbox 2584 1908 2754 1963; x_wconf 89' lang='lat' dir='ltr'><em>credo</em></span> <span class='ocrx_word' id='word_1_184' title='bbox 2784 1915 3027 1962; x_wconf 87' lang='lat' dir='ltr'><em>sanctam</em></span> <span class='ocrx_word' id='word_1_185' title='bbox 3058 1913 3219 1976; x_wconf 86' lang='lat' dir='ltr'><em>atque</em></span> <span class='ocrx_word' id='word_1_186' title='bbox 3248 1903 3577 1959; x_wconf 80' lang='lat' dir='ltr'><em>ineffabilem</em></span> <span class='ocrx_word' id='word_1_187' title='bbox 3604 1904 3794 1957; x_wconf 90' lang='lat' dir='ltr'><em>Trini-</em></span> 
     </span>
    </p>
   </div>
   <div class='ocr_carea' id='block_1_30' title="bbox 2188 1992 3791 2066">
    <p class='ocr_par' dir='ltr' id='par_1_30' title="bbox 2188 1992 3791 2066">
     <span class='ocr_line' id='line_1_30' title="bbox 2188 1992 3791 2066; baseline -0.004 -14"><span class='ocrx_word' id='word_1_188' title='bbox 2188 2006 2352 2052; x_wconf 87' lang='lat' dir='ltr'><em>tatem</em></span> <span class='ocrx_word' id='word_1_189' title='bbox 2377 2038 2391 2066; x_wconf 94' lang='lat'><em>,</em></span> <span class='ocrx_word' id='word_1_190' title='bbox 2452 1999 2704 2064; x_wconf 83' lang='lat' dir='ltr'><em>Patrem,</em></span> <span class='ocrx_word' id='word_1_191' title='bbox 2765 2004 2817 2050; x_wconf 88' lang='lat' dir='ltr'><em>et</em></span> <span class='ocrx_word' id='word_1_192' title='bbox 2849 1994 3073 2061; x_wconf 83' lang='lat' dir='ltr'><em>Filium,</em></span> <span class='ocrx_word' id='word_1_193' title='bbox 3126 2001 3180 2048; x_wconf 90' lang='lat' dir='ltr'><em>et</em></span> <span class='ocrx_word' id='word_1_194' title='bbox 3226 1992 3482 2063; x_wconf 88' lang='lat' dir='ltr'><em>Spiritum</em></span> <span class='ocrx_word' id='word_1_195' title='bbox 3513 1999 3791 2060; x_wconf 90' lang='lat' dir='ltr'><em>sanctum,</em></span> 
     </span>
    </p>
   </div>
   <div class='ocr_carea' id='block_1_31' title="bbox 2185 2080 3793 2152">
    <p class='ocr_par' dir='ltr' id='par_1_31' title="bbox 2185 2080 3793 2152">
     <span class='ocr_line' id='line_1_31' title="bbox 2185 2080 3793 2152; baseline -0.003 -12"><span class='ocrx_word' id='word_1_196' title='bbox 2185 2104 2352 2141; x_wconf 90' lang='lat' dir='ltr'><em>unum</em></span> <span class='ocrx_word' id='word_1_197' title='bbox 2397 2086 2567 2139; x_wconf 90' lang='lat' dir='ltr'><em>Deum</em></span> <span class='ocrx_word' id='word_1_198' title='bbox 2617 2083 2955 2152; x_wconf 87' lang='lat' dir='ltr'><em>naturalem,</em></span> <span class='ocrx_word' id='word_1_199' title='bbox 3004 2082 3164 2136; x_wconf 90' lang='lat' dir='ltr'><em>unius</em></span> <span class='ocrx_word' id='word_1_200' title='bbox 3215 2080 3564 2150; x_wconf 69' lang='lat' dir='ltr'><em>substantiae,</em></span> <span class='ocrx_word' id='word_1_201' title='bbox 3623 2080 3793 2135; x_wconf 89' lang='lat' dir='ltr'><em>unius</em></span> 
     </span>
    </p>
   </div>
   <div class='ocr_carea' id='block_1_32' title="bbox 2186 2169 3793 2242">
    <p class='ocr_par' dir='ltr' id='par_1_32' title="bbox 2186 2169 3793 2242">
     <span class='ocr_line' id='line_1_32' title="bbox 2186 2169 3793 2242; baseline -0.004 -13"><span class='ocrx_word' id='word_1_202' title='bbox 2186 2184 2394 2229; x_wconf 76' lang='lat' dir='ltr'><em>natura:</em></span> <span class='ocrx_word' id='word_1_203' title='bbox 2419 2216 2431 2240; x_wconf 94' lang='lat'><em>,</em></span> <span class='ocrx_word' id='word_1_204' title='bbox 2485 2174 2647 2227; x_wconf 91' lang='lat' dir='ltr'><em>unius</em></span> <span class='ocrx_word' id='word_1_205' title='bbox 2695 2171 2994 2239; x_wconf 87' lang='lat' dir='ltr'><em>majestatis</em></span> <span class='ocrx_word' id='word_1_206' title='bbox 3023 2178 3182 2242; x_wconf 91' lang='lat' dir='ltr'><em>atque</em></span> <span class='ocrx_word' id='word_1_207' title='bbox 3209 2169 3443 2224; x_wconf 89' lang='lat' dir='ltr'><em>virtutis.</em></span> <span class='ocrx_word' id='word_1_208' title='bbox 3476 2170 3544 2223; x_wconf 92' lang='lat' dir='ltr'><em>Et</em></span> <span class='ocrx_word' id='word_1_209' title='bbox 3576 2169 3793 2223; x_wconf 86' lang='lat' dir='ltr'><em>Patrem</em></span> 
     </span>
    </p>
   </div>
   <div class='ocr_carea' id='block_1_33' title="bbox 2186 2257 3798 2334">
    <p class='ocr_par' dir='ltr' id='par_1_33' title="bbox 2186 2257 3798 2334">
     <span class='ocr_line' id='line_1_33' title="bbox 2186 2257 3798 2334; baseline -0.004 -17"><span class='ocrx_word' id='word_1_210' title='bbox 2186 2264 2406 2334; x_wconf 86' lang='lat' dir='ltr'><em>quidem</em></span> <span class='ocrx_word' id='word_1_211' title='bbox 2441 2278 2548 2316; x_wconf 91' lang='lat' dir='ltr'><em>non</em></span> <span class='ocrx_word' id='word_1_212' title='bbox 2581 2261 2826 2331; x_wconf 85' lang='lat' dir='ltr'><em>genitum</em></span> <span class='ocrx_word' id='word_1_213' title='bbox 2850 2300 2864 2326; x_wconf 90' lang='lat'><em>,</em></span> <span class='ocrx_word' id='word_1_214' title='bbox 2915 2275 3023 2313; x_wconf 90' lang='lat' dir='ltr'><em>non</em></span> <span class='ocrx_word' id='word_1_215' title='bbox 3052 2266 3323 2323; x_wconf 88' lang='lat' dir='ltr'><em>creatum,</em></span> <span class='ocrx_word' id='word_1_216' title='bbox 3358 2257 3458 2313; x_wconf 91' lang='lat' dir='ltr'><em>sed</em></span> <span class='ocrx_word' id='word_1_217' title='bbox 3486 2257 3798 2327; x_wconf 86' lang='lat' dir='ltr'><em>ingenitum</em></span> 
     </span>
    </p>
   </div>
   <div class='ocr_carea' id='block_1_34' title="bbox 2184 2341 3797 2418">
    <p class='ocr_par' dir='ltr' id='par_1_34' title="bbox 2184 2341 3797 2418">
     <span class='ocr_line' id='line_1_34' title="bbox 2184 2341 3797 2418; baseline -0.002 -18"><span class='ocrx_word' id='word_1_218' title='bbox 2184 2347 2524 2418; x_wconf 79' lang='lat' dir='ltr'><em>profitemur.</em></span> <span class='ocrx_word' id='word_1_219' title='bbox 2558 2347 2679 2415; x_wconf 88' lang='lat' dir='ltr'><em>Ipse</em></span> <span class='ocrx_word' id='word_1_220' title='bbox 2712 2346 2870 2399; x_wconf 89' lang='lat' dir='ltr'><em>Pater</em></span> <span class='ocrx_word' id='word_1_221' title='bbox 2906 2359 2940 2398; x_wconf 90' lang='lat' dir='ltr'><em>a</em></span> <span class='ocrx_word' id='word_1_222' title='bbox 2976 2344 3126 2398; x_wconf 90' lang='lat' dir='ltr'><em>nullo</em></span> <span class='ocrx_word' id='word_1_223' title='bbox 3180 2342 3449 2414; x_wconf 81' lang='lat' dir='ltr'><em>originem</em></span> <span class='ocrx_word' id='word_1_224' title='bbox 3505 2341 3683 2406; x_wconf 88' lang='lat' dir='ltr'><em>ducit,</em></span> <span class='ocrx_word' id='word_1_225' title='bbox 3726 2358 3797 2397; x_wconf 83' lang='lat' dir='ltr'><em>ex</em></span> 
     </span>
    </p>
   </div>
   <div class='ocr_carea' id='block_1_35' title="bbox 2185 2431 3799 2506">
    <p class='ocr_par' dir='ltr' id='par_1_35' title="bbox 2185 2431 3799 2506">
     <span class='ocr_line' id='line_1_35' title="bbox 2185 2431 3799 2506; baseline -0.003 -16"><span class='ocrx_word' id='word_1_226' title='bbox 2185 2452 2294 2506; x_wconf 90' lang='lat' dir='ltr'><em>quo</em></span> <span class='ocrx_word' id='word_1_227' title='bbox 2329 2436 2495 2489; x_wconf 88' lang='lat' dir='ltr'><em>Filius</em></span> <span class='ocrx_word' id='word_1_228' title='bbox 2526 2433 2858 2487; x_wconf 81' lang='lat' dir='ltr'><em>nativitatem</em></span> <span class='ocrx_word' id='word_1_229' title='bbox 2883 2472 2897 2500; x_wconf 94' lang='lat'><em>,</em></span> <span class='ocrx_word' id='word_1_230' title='bbox 2949 2440 3002 2486; x_wconf 93' lang='lat' dir='ltr'><em>et</em></span> <span class='ocrx_word' id='word_1_231' title='bbox 3032 2431 3260 2501; x_wconf 89' lang='lat' dir='ltr'><em>Spiritus</em></span> <span class='ocrx_word' id='word_1_232' title='bbox 3305 2438 3523 2485; x_wconf 88' lang='lat' dir='ltr'><em>sanctus</em></span> <span class='ocrx_word' id='word_1_233' title='bbox 3564 2446 3799 2501; x_wconf 87' lang='lat' dir='ltr'><em>proces-</em></span> 
     </span>
    </p>
   </div>
   <div class='ocr_carea' id='block_1_36' title="bbox 485 2518 3799 2620">
    <p class='ocr_par' dir='ltr' id='par_1_36' title="bbox 485 2518 3799 2620">
     <span class='ocr_line' id='line_1_36' title="bbox 485 2518 3799 2620; baseline 0 -47"><span class='ocrx_word' id='word_1_234' title='bbox 485 2526 673 2589; x_wconf 90' lang='lat' dir='ltr'><em>ceptus</em></span> <span class='ocrx_word' id='word_1_235' title='bbox 737 2519 805 2572; x_wconf 90' lang='lat' dir='ltr'><em>sit</em></span> <span class='ocrx_word' id='word_1_236' title='bbox 871 2519 1011 2573; x_wconf 90' lang='lat' dir='ltr'><em>inter</em></span> <span class='ocrx_word' id='word_1_237' title='bbox 1058 2519 1332 2585; x_wconf 88' lang='lat' dir='ltr'><em>homines,</em></span> <span class='ocrx_word' id='word_1_238' title='bbox 1385 2528 1442 2573; x_wconf 91' lang='lat' dir='ltr'><em>ut</em></span> <span class='ocrx_word' id='word_1_239' title='bbox 1499 2536 1660 2574; x_wconf 88' lang='lat' dir='ltr'><em>verus</em></span> <span class='ocrx_word' id='word_1_240' title='bbox 1714 2521 1904 2586; x_wconf 88' lang='lat' dir='ltr'><em>homo,</em></span> <span class='ocrx_word' id='word_1_241' title='bbox 1966 2520 2156 2620; x_wconf 86' lang='lat' dir='ltr'><em>sineB</em></span> <span class='ocrx_word' id='word_1_242' title='bbox 2190 2525 2402 2578; x_wconf 89' lang='lat' dir='ltr'><em>sionem</em></span> <span class='ocrx_word' id='word_1_243' title='bbox 2450 2522 2681 2592; x_wconf 85' lang='lat' dir='ltr'><em>accepit.</em></span> <span class='ocrx_word' id='word_1_244' title='bbox 2716 2522 2857 2575; x_wconf 87' lang='lat' dir='ltr'><em>Fons</em></span> <span class='ocrx_word' id='word_1_245' title='bbox 2906 2520 3023 2590; x_wconf 89' lang='lat' dir='ltr'><em>ipse</em></span> <span class='ocrx_word' id='word_1_246' title='bbox 3055 2520 3218 2589; x_wconf 78' lang='lat' dir='ltr'><em>igitur</em></span> <span class='ocrx_word' id='word_1_247' title='bbox 3247 2526 3301 2574; x_wconf 90' lang='lat' dir='ltr'><em>et</em></span> <span class='ocrx_word' id='word_1_248' title='bbox 3329 2519 3487 2590; x_wconf 85' lang='lat' dir='ltr'><em>origo</em></span> <span class='ocrx_word' id='word_1_249' title='bbox 3514 2526 3597 2573; x_wconf 90' lang='lat' dir='ltr'><em>est</em></span> <span class='ocrx_word' id='word_1_250' title='bbox 3627 2518 3799 2573; x_wconf 86' lang='lat' dir='ltr'><em>totius</em></span> 
     </span>
    </p>
   </div>
   <div class='ocr_carea' id='block_1_37' title="bbox 482 2608 2083 2679">
    <p class='ocr_par' dir='ltr' id='par_1_37' title="bbox 482 2608 2083 2679">
     <span class='ocr_line' id='line_1_37' title="bbox 482 2608 2083 2679; baseline 0.001 -18"><span class='ocrx_word' id='word_1_251' title='bbox 482 2614 727 2677; x_wconf 88' lang='lat' dir='ltr'><em>peccato.</em></span> <span class='ocrx_word' id='word_1_252' title='bbox 778 2609 952 2662; x_wconf 87' lang='lat' dir='ltr'><em>Credo</em></span> <span class='ocrx_word' id='word_1_253' title='bbox 998 2609 1141 2679; x_wconf 91' lang='lat' dir='ltr'><em>quod</em></span> <span class='ocrx_word' id='word_1_254' title='bbox 1190 2609 1336 2662; x_wconf 90' lang='lat' dir='ltr'><em>idem</em></span> <span class='ocrx_word' id='word_1_255' title='bbox 1393 2609 1492 2663; x_wconf 91' lang='lat' dir='ltr'><em>Dei</em></span> <span class='ocrx_word' id='word_1_256' title='bbox 1548 2609 1709 2662; x_wconf 89' lang='lat' dir='ltr'><em>Filius</em></span> <span class='ocrx_word' id='word_1_257' title='bbox 1757 2608 2023 2663; x_wconf 84' lang='lat' dir='ltr'><em>invidiose</em></span> <span class='ocrx_word' id='word_1_258' title='bbox 2053 2625 2083 2662; x_wconf 91' lang='lat' dir='ltr'><em>a</em></span> 
     </span>
    </p>
   </div>
   <div class='ocr_carea' id='block_1_38' title="bbox 482 2693 2081 2766">
    <p class='ocr_par' dir='ltr' id='par_1_38' title="bbox 482 2693 2081 2766">
     <span class='ocr_line' id='line_1_38' title="bbox 482 2693 2081 2766; baseline 0.001 -18"><span class='ocrx_word' id='word_1_259' title='bbox 482 2693 708 2765; x_wconf 85' lang='lat' dir='ltr'><em>perﬁdis</em></span> <span class='ocrx_word' id='word_1_260' title='bbox 751 2697 954 2750; x_wconf 67' lang='lat' dir='ltr'><em>Iudaeis</em></span> <span class='ocrx_word' id='word_1_261' title='bbox 1001 2705 1187 2766; x_wconf 90' lang='lat' dir='ltr'><em>captus</em></span> <span class='ocrx_word' id='word_1_262' title='bbox 1232 2697 1326 2761; x_wconf 89' lang='lat' dir='ltr'><em>sit,</em></span> <span class='ocrx_word' id='word_1_263' title='bbox 1378 2696 1636 2765; x_wconf 72' lang='lat' dir='ltr'><em>iniuriose</em></span> <span class='ocrx_word' id='word_1_264' title='bbox 1680 2705 1959 2765; x_wconf 87' lang='lat' dir='ltr'><em>tractatus,</em></span> <span class='ocrx_word' id='word_1_265' title='bbox 1993 2697 2081 2750; x_wconf 92' lang='lat' dir='ltr'><em>in-</em></span> 
     </span>
    </p>
   </div>
   <div class='ocr_carea' id='block_1_39' title="bbox 479 2782 2081 2857">
    <p class='ocr_par' dir='ltr' id='par_1_39' title="bbox 479 2782 2081 2857">
     <span class='ocr_line' id='line_1_39' title="bbox 479 2782 2081 2857; baseline 0.001 -20"><span class='ocrx_word' id='word_1_266' title='bbox 479 2782 624 2851; x_wconf 88' lang='lat' dir='ltr'><em>juste</em></span> <span class='ocrx_word' id='word_1_267' title='bbox 654 2783 875 2856; x_wconf 88' lang='lat' dir='ltr'><em>ligatus,</em></span> <span class='ocrx_word' id='word_1_268' title='bbox 907 2793 1225 2854; x_wconf 90' lang='lat' dir='ltr'><em>consputus,</em></span> <span class='ocrx_word' id='word_1_269' title='bbox 1259 2786 1565 2857; x_wconf 84' lang='lat' dir='ltr'><em>tlagellatus</em></span> <span class='ocrx_word' id='word_1_270' title='bbox 1585 2828 1598 2849; x_wconf 91' lang='lat'><em>,</em></span> <span class='ocrx_word' id='word_1_271' title='bbox 1631 2794 1875 2839; x_wconf 89' lang='lat' dir='ltr'><em>mortuus</em></span> <span class='ocrx_word' id='word_1_272' title='bbox 1906 2794 1958 2839; x_wconf 90' lang='lat' dir='ltr'><em>et</em></span> <span class='ocrx_word' id='word_1_273' title='bbox 1988 2802 2081 2839; x_wconf 89' lang='lat' dir='ltr'><em>se-</em></span> 
     </span>
    </p>
   </div>
   <div class='ocr_carea' id='block_1_40' title="bbox 486 2871 2081 2944">
    <p class='ocr_par' dir='ltr' id='par_1_40' title="bbox 486 2871 2081 2944">
     <span class='ocr_line' id='line_1_40' title="bbox 486 2871 2081 2944; baseline 0.003 -19"><span class='ocrx_word' id='word_1_274' title='bbox 486 2871 687 2942; x_wconf 90' lang='lat' dir='ltr'><em>pultus.</em></span> <span class='ocrx_word' id='word_1_275' title='bbox 718 2873 1013 2928; x_wconf 90' lang='lat' dir='ltr'><em>Descendit</em></span> <span class='ocrx_word' id='word_1_276' title='bbox 1038 2874 1107 2928; x_wconf 89' lang='lat' dir='ltr'><em>ad</em></span> <span class='ocrx_word' id='word_1_277' title='bbox 1137 2874 1375 2941; x_wconf 83' lang='lat' dir='ltr'><em>inferos,</em></span> <span class='ocrx_word' id='word_1_278' title='bbox 1426 2881 1484 2927; x_wconf 89' lang='lat' dir='ltr'><em>ut</em></span> <span class='ocrx_word' id='word_1_279' title='bbox 1526 2874 1767 2944; x_wconf 89' lang='lat' dir='ltr'><em>captivos</em></span> <span class='ocrx_word' id='word_1_280' title='bbox 1799 2890 1926 2928; x_wconf 92' lang='lat' dir='ltr'><em>suos</em></span> <span class='ocrx_word' id='word_1_281' title='bbox 1955 2874 2081 2929; x_wconf 90' lang='lat' dir='ltr'><em>inde</em></span> 
     </span>
    </p>
   </div>
   <div class='ocr_carea' id='block_1_41' title="bbox 485 2959 2076 3033">
    <p class='ocr_par' dir='ltr' id='par_1_41' title="bbox 485 2959 2076 3033">
     <span class='ocr_line' id='line_1_41' title="bbox 485 2959 2076 3033; baseline 0.002 -20"><span class='ocrx_word' id='word_1_282' title='bbox 485 2959 765 3028; x_wconf 87' lang='lat' dir='ltr'><em>liberaret,</em></span> <span class='ocrx_word' id='word_1_283' title='bbox 798 2962 1079 3017; x_wconf 89' lang='lat' dir='ltr'><em>descendit</em></span> <span class='ocrx_word' id='word_1_284' title='bbox 1108 2970 1330 3033; x_wconf 89' lang='lat' dir='ltr'><em>propter</em></span> <span class='ocrx_word' id='word_1_285' title='bbox 1353 2962 1784 3033; x_wconf 89' lang='lat' dir='ltr'><em>redemptionem</em></span> <span class='ocrx_word' id='word_1_286' title='bbox 1812 2970 2076 3027; x_wconf 90' lang='lat' dir='ltr'><em>nostram,</em></span> 
     </span>
    </p>
   </div>
   <div class='ocr_carea' id='block_1_42' title="bbox 2197 2606 3800 2680">
    <p class='ocr_par' dir='ltr' id='par_1_42' title="bbox 2197 2606 3800 2680">
     <span class='ocr_line' id='line_1_42' title="bbox 2197 2606 3800 2680; baseline -0.003 -14"><span class='ocrx_word' id='word_1_287' title='bbox 2197 2611 2492 2666; x_wconf 80' lang='lat' dir='ltr'><em>divinitatis</em></span> <span class='ocrx_word' id='word_1_288' title='bbox 2518 2626 2530 2664; x_wconf 90' lang='lat'>:</span> <span class='ocrx_word' id='word_1_289' title='bbox 2555 2611 2671 2680; x_wconf 90' lang='lat' dir='ltr'><em>ipse</em></span> <span class='ocrx_word' id='word_1_290' title='bbox 2703 2625 2917 2680; x_wconf 86' lang='lat' dir='ltr'><em>quoque</em></span> <span class='ocrx_word' id='word_1_291' title='bbox 2948 2609 3106 2662; x_wconf 88' lang='lat' dir='ltr'><em>Pater</em></span> <span class='ocrx_word' id='word_1_292' title='bbox 3134 2607 3374 2662; x_wconf 88' lang='lat' dir='ltr'><em>essentia</em></span> <span class='ocrx_word' id='word_1_293' title='bbox 3403 2606 3623 2677; x_wconf 87' lang='lat' dir='ltr'><em>quidem</em></span> <span class='ocrx_word' id='word_1_294' title='bbox 3654 2606 3800 2661; x_wconf 81' lang='lat' dir='ltr'><em>inef-</em></span> 
     </span>
    </p>
   </div>
   <div class='ocr_carea' id='block_1_43' title="bbox 2198 2693 3798 2767">
    <p class='ocr_par' dir='ltr' id='par_1_43' title="bbox 2198 2693 3798 2767">
     <span class='ocr_line' id='line_1_43' title="bbox 2198 2693 3798 2767; baseline -0.003 -14"><span class='ocrx_word' id='word_1_295' title='bbox 2198 2700 2402 2765; x_wconf 87' lang='lat' dir='ltr'><em>fabilis,</em></span> <span class='ocrx_word' id='word_1_296' title='bbox 2462 2698 2757 2765; x_wconf 80' lang='lat' dir='ltr'><em>substantia</em></span> <span class='ocrx_word' id='word_1_297' title='bbox 2806 2712 2907 2751; x_wconf 92' lang='lat' dir='ltr'><em>sua</em></span> <span class='ocrx_word' id='word_1_298' title='bbox 2952 2696 3145 2750; x_wconf 85' lang='lat' dir='ltr'><em>Filium</em></span> <span class='ocrx_word' id='word_1_299' title='bbox 3193 2694 3380 2767; x_wconf 88' lang='lat' dir='ltr'><em>genuit</em></span> <span class='ocrx_word' id='word_1_300' title='bbox 3425 2693 3798 2760; x_wconf 73' lang='lat' dir='ltr'><em>ineﬂ&#39;abiliter,</em></span> 
     </span>
    </p>
   </div>
   <div class='ocr_carea' id='block_1_44' title="bbox 2197 2782 3803 2856">
    <p class='ocr_par' dir='ltr' id='par_1_44' title="bbox 2197 2782 3803 2856">
     <span class='ocr_line' id='line_1_44' title="bbox 2197 2782 3803 2856; baseline -0.002 -15"><span class='ocrx_word' id='word_1_301' title='bbox 2197 2803 2300 2843; x_wconf 88' lang='lat' dir='ltr'><em>nec</em></span> <span class='ocrx_word' id='word_1_302' title='bbox 2350 2795 2529 2842; x_wconf 89' lang='lat' dir='ltr'><em>tamen</em></span> <span class='ocrx_word' id='word_1_303' title='bbox 2577 2786 2723 2839; x_wconf 89' lang='lat' dir='ltr'><em>aliud</em></span> <span class='ocrx_word' id='word_1_304' title='bbox 2753 2800 2916 2856; x_wconf 90' lang='lat' dir='ltr'><em>quam</em></span> <span class='ocrx_word' id='word_1_305' title='bbox 2944 2784 3088 2855; x_wconf 89' lang='lat' dir='ltr'><em>quod</em></span> <span class='ocrx_word' id='word_1_306' title='bbox 3119 2784 3235 2854; x_wconf 90' lang='lat' dir='ltr'><em>ipse</em></span> <span class='ocrx_word' id='word_1_307' title='bbox 3268 2791 3367 2839; x_wconf 92' lang='lat' dir='ltr'><em>est.</em></span> <span class='ocrx_word' id='word_1_308' title='bbox 3419 2782 3621 2839; x_wconf 89' lang='lat' dir='ltr'><em>Genuit</em></span> <span class='ocrx_word' id='word_1_309' title='bbox 3647 2784 3803 2838; x_wconf 90' lang='lat' dir='ltr'><em>Deus</em></span> 
     </span>
    </p>
   </div>
   <div class='ocr_carea' id='block_1_45' title="bbox 2198 2871 3767 2943">
    <p class='ocr_par' dir='ltr' id='par_1_45' title="bbox 2198 2871 3767 2943">
     <span class='ocr_line' id='line_1_45' title="bbox 2198 2871 3767 2943; baseline -0.003 -13"><span class='ocrx_word' id='word_1_310' title='bbox 2198 2877 2391 2942; x_wconf 86' lang='lat' dir='ltr'><em>Deum,</em></span> <span class='ocrx_word' id='word_1_311' title='bbox 2442 2876 2531 2929; x_wconf 89' lang='lat' dir='ltr'><em>lux</em></span> <span class='ocrx_word' id='word_1_312' title='bbox 2578 2874 2771 2929; x_wconf 88' lang='lat' dir='ltr'><em>lucem.</em></span> <span class='ocrx_word' id='word_1_313' title='bbox 2805 2873 2889 2928; x_wconf 85' lang='lat' dir='ltr'><em>Ab</em></span> <span class='ocrx_word' id='word_1_314' title='bbox 2916 2873 3036 2943; x_wconf 90' lang='lat' dir='ltr'><em>ipso</em></span> <span class='ocrx_word' id='word_1_315' title='bbox 3067 2887 3202 2942; x_wconf 84' lang='lat' dir='ltr'><em>ergo</em></span> <span class='ocrx_word' id='word_1_316' title='bbox 3248 2880 3331 2927; x_wconf 86' lang='lat' dir='ltr'><em>est</em></span> <span class='ocrx_word' id='word_1_317' title='bbox 3379 2871 3557 2927; x_wconf 91' lang='lat' dir='ltr'><em>omnis</em></span> <span class='ocrx_word' id='word_1_318' title='bbox 3602 2879 3767 2943; x_wconf 85' lang='lat' dir='ltr'><em>pater</em></span> 
     </span>
    </p>
   </div>
   <div class='ocr_carea' id='block_1_46' title="bbox 2196 2963 3185 3019">
    <p class='ocr_par' dir='ltr' id='par_1_46' title="bbox 2196 2963 3185 3019">
     <span class='ocr_line' id='line_1_46' title="bbox 2196 2963 3185 3019; baseline -0.004 -1"><span class='ocrx_word' id='word_1_319' title='bbox 2196 2965 2337 3018; x_wconf 91' lang='lat' dir='ltr'><em>nitas</em></span> <span class='ocrx_word' id='word_1_320' title='bbox 2367 2963 2420 3017; x_wconf 92' lang='lat' dir='ltr'><em>in</em></span> <span class='ocrx_word' id='word_1_321' title='bbox 2450 2963 2589 3019; x_wconf 84' lang='lat' dir='ltr'><em>coelo</em></span> <span class='ocrx_word' id='word_1_322' title='bbox 2622 2971 2674 3016; x_wconf 90' lang='lat' dir='ltr'><em>et</em></span> <span class='ocrx_word' id='word_1_323' title='bbox 2702 2963 2757 3017; x_wconf 90' lang='lat' dir='ltr'><em>in</em></span> <span class='ocrx_word' id='word_1_324' title='bbox 2789 2969 2950 3016; x_wconf 90' lang='lat' dir='ltr'><em>terra.</em></span> <span class='ocrx_word' id='word_1_325' title='bbox 2990 2963 3185 3017; x_wconf 82' lang='lat' dir='ltr'><em>Amen.</em></span> 
     </span>
    </p>
   </div>
   <div class='ocr_carea' id='block_1_47' title="bbox 750 3237 3513 3385">
    <p class='ocr_par' dir='ltr' id='par_1_47' title="bbox 750 3237 3513 3385">
     <span class='ocr_line' id='line_1_47' title="bbox 750 3237 3513 3385; baseline 0 -6"><span class='ocrx_word' id='word_1_326' title='bbox 750 3239 1731 3381; x_wconf 76' lang='lat' dir='ltr'><em>APPENDIX</em></span> <span class='ocrx_word' id='word_1_327' title='bbox 1833 3239 2099 3381; x_wconf 85' lang='lat' dir='ltr'><em>AD</em></span> <span class='ocrx_word' id='word_1_328' title='bbox 2209 3243 2344 3384; x_wconf 89' lang='lat' dir='ltr'><em>S.</em></span> <span class='ocrx_word' id='word_1_329' title='bbox 2452 3237 3513 3385; x_wconf 81' lang='lat' dir='ltr'><em>BRUNONEM</em></span> 
     </span>
    </p>
   </div>
   <div class='ocr_carea' id='block_1_48' title="bbox 577 3463 3073 3571">
    <p class='ocr_par' dir='ltr' id='par_1_48' title="bbox 577 3463 3073 3571">
     <span class='ocr_line' id='line_1_48' title="bbox 577 3463 3073 3571; baseline -0 -4"><span class='ocrx_word' id='word_1_330' title='bbox 577 3465 745 3567; x_wconf 92' lang='lat' dir='ltr'><em>DE</em></span> <span class='ocrx_word' id='word_1_331' title='bbox 896 3464 1413 3565; x_wconf 82' lang='lat' dir='ltr'><strong>ORIGINE</strong></span> <span class='ocrx_word' id='word_1_332' title='bbox 1548 3464 1917 3568; x_wconf 83' lang='lat' dir='ltr'><em>SACRI</em></span> <span class='ocrx_word' id='word_1_333' title='bbox 2064 3463 3073 3571; x_wconf 79' lang='lat' dir='ltr'><em>CARTHUSIENSIS</em></span> 
     </span>
    </p>
   </div>
   <div class='ocr_carea' id='block_1_49' title="bbox 3191 3461 3717 3565">
    <p class='ocr_par' dir='ltr' id='par_1_49' title="bbox 3191 3461 3717 3565">
     <span class='ocr_line' id='line_1_49' title="bbox 3191 3461 3717 3565; baseline 0.002 -1"><span class='ocrx_word' id='word_1_334' title='bbox 3191 3461 3717 3565; x_wconf 86' lang='lat' dir='ltr'><em>ORDINIS</em></span> 
     </span>
    </p>
   </div>
   <div class='ocr_carea' id='block_1_50' title="bbox 820 3626 3445 3712">
    <p class='ocr_par' dir='ltr' id='par_1_50' title="bbox 820 3626 3445 3712">
     <span class='ocr_line' id='line_1_50' title="bbox 820 3626 3445 3712; baseline -0.001 -21"><span class='ocrx_word' id='word_1_335' title='bbox 820 3627 1222 3692; x_wconf 82' lang='lat' dir='ltr'><em>AUCTORE</em></span> <span class='ocrx_word' id='word_1_336' title='bbox 1261 3628 1695 3692; x_wconf 81' lang='lat' dir='ltr'><em>ZACHARIA</em></span> <span class='ocrx_word' id='word_1_337' title='bbox 1728 3631 2233 3712; x_wconf 86' lang='lat' dir='ltr'><em>BENEDICTO,</em></span> <span class='ocrx_word' id='word_1_338' title='bbox 2279 3630 2774 3710; x_wconf 89' lang='lat' dir='ltr'><em>VICENTINO,</em></span> <span class='ocrx_word' id='word_1_339' title='bbox 2817 3626 3445 3692; x_wconf 78' lang='lat' dir='ltr'><em>CARTHUSIANO.</em></span> 
     </span>
    </p>
   </div>
   <div class='ocr_carea' id='block_1_51' title="bbox 494 3870 1767 3941">
    <p class='ocr_par' dir='ltr' id='par_1_51' title="bbox 494 3870 1767 3941">
     <span class='ocr_line' id='line_1_51' title="bbox 494 3870 1767 3941; baseline 0.001 -16"><span class='ocrx_word' id='word_1_340' title='bbox 494 3872 628 3941; x_wconf 90' lang='lat' dir='ltr'><em>Quis</em></span> <span class='ocrx_word' id='word_1_341' title='bbox 658 3871 986 3926; x_wconf 82' lang='lat' dir='ltr'><em>Cartliusiaci</em></span> <span class='ocrx_word' id='word_1_342' title='bbox 1011 3871 1141 3939; x_wconf 88' lang='lat' dir='ltr'><em>jecit</em></span> <span class='ocrx_word' id='word_1_343' title='bbox 1172 3870 1481 3925; x_wconf 83' lang='lat' dir='ltr'><em>fundamina</em></span> <span class='ocrx_word' id='word_1_344' title='bbox 1530 3872 1767 3941; x_wconf 91' lang='lat' dir='ltr'><em>primum</em></span> 
     </span>
    </p>
   </div>
   <div class='ocr_carea' id='block_1_52' title="bbox 495 3942 1876 4013">
    <p class='ocr_par' dir='ltr' id='par_1_52' title="bbox 495 3942 1876 4013">
     <span class='ocr_line' id='line_1_52' title="bbox 495 3942 1876 4013; baseline 0 -15"><span class='ocrx_word' id='word_1_345' title='bbox 495 3943 740 4006; x_wconf 89' lang='lat' dir='ltr'><em>Ordinis,</em></span> <span class='ocrx_word' id='word_1_346' title='bbox 775 3951 827 3997; x_wconf 90' lang='lat' dir='ltr'><em>et</em></span> <span class='ocrx_word' id='word_1_347' title='bbox 858 3959 976 4013; x_wconf 63' lang='lat' dir='ltr'><em>quae.</em></span> <span class='ocrx_word' id='word_1_348' title='bbox 1002 3958 1170 3996; x_wconf 90' lang='lat' dir='ltr'><em>causa</em></span> <span class='ocrx_word' id='word_1_349' title='bbox 1197 3942 1305 4006; x_wconf 92' lang='lat' dir='ltr'><em>illi,</em></span> <span class='ocrx_word' id='word_1_350' title='bbox 1351 3942 1434 3995; x_wconf 91' lang='lat' dir='ltr'><em>vis</em></span> <span class='ocrx_word' id='word_1_351' title='bbox 1464 3958 1625 3997; x_wconf 91' lang='lat' dir='ltr'><em>nosse</em></span> <span class='ocrx_word' id='word_1_352' title='bbox 1655 3944 1828 3998; x_wconf 82' lang='lat' dir='ltr'><em>viator</em></span> <span class='ocrx_word' id='word_1_353' title='bbox 1848 3946 1876 3999; x_wconf 79' lang='lat'><strong>?</strong></span> 
     </span>
    </p>
   </div>
   <div class='ocr_carea' id='block_1_53' title="bbox 495 4013 2085 4084">
    <p class='ocr_par' dir='ltr' id='par_1_53' title="bbox 495 4013 2085 4084">
     <span class='ocr_line' id='line_1_53' title="bbox 495 4013 2085 4084; baseline 0.001 -17"><span class='ocrx_word' id='word_1_354' title='bbox 495 4013 785 4068; x_wconf 90' lang='lat' dir='ltr'><em>Historiam</em></span> <span class='ocrx_word' id='word_1_355' title='bbox 810 4014 948 4067; x_wconf 88' lang='lat' dir='ltr'><em>hanc</em></span> <span class='ocrx_word' id='word_1_356' title='bbox 979 4029 1226 4083; x_wconf 80' lang='lat' dir='ltr'><em>sequere,</em></span> <span class='ocrx_word' id='word_1_357' title='bbox 1253 4014 1351 4067; x_wconf 87' lang='lat' dir='ltr'><em>hos</em></span> <span class='ocrx_word' id='word_1_358' title='bbox 1374 4014 1531 4066; x_wconf 89' lang='lat' dir='ltr'><em>etiam</em></span> <span class='ocrx_word' id='word_1_359' title='bbox 1554 4022 1605 4066; x_wconf 91' lang='lat' dir='ltr'><em>tu</em></span> <span class='ocrx_word' id='word_1_360' title='bbox 1628 4016 1851 4084; x_wconf 80' lang='lat' dir='ltr'><em>perlege</em></span> <span class='ocrx_word' id='word_1_361' title='bbox 1874 4032 2085 4070; x_wconf 90' lang='lat' dir='ltr'><em>versus.</em></span> 
     </span>
    </p>
   </div>
   <div class='ocr_carea' id='block_1_54' title="bbox 494 4084 1906 4154">
    <p class='ocr_par' dir='ltr' id='par_1_54' title="bbox 494 4084 1906 4154">
     <span class='ocr_line' id='line_1_54' title="bbox 494 4084 1906 4154; baseline 0 -15"><span class='ocrx_word' id='word_1_362' title='bbox 494 4085 750 4139; x_wconf 84' lang='lat' dir='ltr'><em>Fructum</em></span> <span class='ocrx_word' id='word_1_363' title='bbox 782 4084 825 4136; x_wconf 91' lang='lat' dir='ltr'><em>si</em></span> <span class='ocrx_word' id='word_1_364' title='bbox 856 4100 1083 4154; x_wconf 68' lang='lat' dir='ltr'><em>quaeras,</em></span> <span class='ocrx_word' id='word_1_365' title='bbox 1119 4084 1293 4137; x_wconf 89' lang='lat' dir='ltr'><em>aderit</em></span> <span class='ocrx_word' id='word_1_366' title='bbox 1326 4086 1669 4153; x_wconf 89' lang='lat' dir='ltr'><em>compunctio</em></span> <span class='ocrx_word' id='word_1_367' title='bbox 1701 4096 1906 4141; x_wconf 87' lang='lat' dir='ltr'><em>sancta.</em></span> 
     </span>
    </p>
   </div>
   <div class='ocr_carea' id='block_1_55' title="bbox 567 4155 2089 4227">
    <p class='ocr_par' dir='ltr' id='par_1_55' title="bbox 567 4155 2089 4227">
     <span class='ocr_line' id='line_1_55' title="bbox 567 4155 2089 4227; baseline 0.001 -19"><span class='ocrx_word' id='word_1_368' title='bbox 567 4155 627 4208; x_wconf 92' lang='lat' dir='ltr'><em>In</em></span> <span class='ocrx_word' id='word_1_369' title='bbox 679 4155 951 4227; x_wconf 81' lang='lat' dir='ltr'><em>Senonum</em></span> <span class='ocrx_word' id='word_1_370' title='bbox 1004 4155 1177 4223; x_wconf 84' lang='lat' dir='ltr'><em>planis</em></span> <span class='ocrx_word' id='word_1_371' title='bbox 1224 4155 1356 4227; x_wconf 89' lang='lat' dir='ltr'><em>urbs</em></span> <span class='ocrx_word' id='word_1_372' title='bbox 1389 4156 1836 4224; x_wconf 62' lang='lat' dir='ltr'><em>pra&#39;stantissima</em></span> <span class='ocrx_word' id='word_1_373' title='bbox 1882 4157 2089 4227; x_wconf 86' lang='lat' dir='ltr'><em>campis</em></span> 
     </span>
    </p>
   </div>
   <div class='ocr_carea' id='block_1_56' title="bbox 492 4226 1775 4295">
    <p class='ocr_par' dir='ltr' id='par_1_56' title="bbox 492 4226 1775 4295">
     <span class='ocr_line' id='line_1_56' title="bbox 492 4226 1775 4295; baseline 0 -15"><span class='ocrx_word' id='word_1_374' title='bbox 492 4226 812 4295; x_wconf 90' lang='lat' dir='ltr'><em>Emporium</em></span> <span class='ocrx_word' id='word_1_375' title='bbox 847 4226 1078 4295; x_wconf 69' lang='lat' dir='ltr'><em>Sophim,</em></span> <span class='ocrx_word' id='word_1_376' title='bbox 1116 4226 1305 4279; x_wconf 92' lang='lat' dir='ltr'><em>turrito</em></span> <span class='ocrx_word' id='word_1_377' title='bbox 1333 4227 1535 4280; x_wconf 84' lang='lat' dir='ltr'><em>vertice</em></span> <span class='ocrx_word' id='word_1_378' title='bbox 1566 4228 1775 4295; x_wconf 76' lang='lat' dir='ltr'><em>surgit;</em></span> 
     </span>
    </p>
   </div>
   <div class='ocr_carea' id='block_1_57' title="bbox 494 4296 1958 4368">
    <p class='ocr_par' dir='ltr' id='par_1_57' title="bbox 494 4296 1958 4368">
     <span class='ocr_line' id='line_1_57' title="bbox 494 4296 1958 4368; baseline 0.001 -17"><span class='ocrx_word' id='word_1_379' title='bbox 494 4296 668 4365; x_wconf 87' lang='lat' dir='ltr'><em>Quam</em></span> <span class='ocrx_word' id='word_1_380' title='bbox 698 4296 942 4361; x_wconf 85' lang='lat' dir='ltr'><em>Paridos,</em></span> <span class='ocrx_word' id='word_1_381' title='bbox 977 4296 1195 4368; x_wconf 79' lang='lat' dir='ltr'><em>fugiens</em></span> <span class='ocrx_word' id='word_1_382' title='bbox 1222 4297 1452 4366; x_wconf 88' lang='lat' dir='ltr'><em>Trojana</em></span> <span class='ocrx_word' id='word_1_383' title='bbox 1481 4296 1751 4361; x_wconf 83' lang='lat' dir='ltr'><em>incendia,</em></span> <span class='ocrx_word' id='word_1_384' title='bbox 1787 4298 1958 4353; x_wconf 88' lang='lat' dir='ltr'><em>fertur</em></span> 
     </span>
    </p>
   </div>
   <div class='ocr_carea' id='block_1_58' title="bbox 493 4368 1895 4438">
    <p class='ocr_par' dir='ltr' id='par_1_58' title="bbox 493 4368 1895 4438">
     <span class='ocr_line' id='line_1_58' title="bbox 493 4368 1895 4438; baseline 0.001 -16"><span class='ocrx_word' id='word_1_385' title='bbox 493 4368 869 4431; x_wconf 77' lang='lat' dir='ltr'><em>Exstruxisse,</em></span> <span class='ocrx_word' id='word_1_386' title='bbox 902 4369 1174 4438; x_wconf 88' lang='lat' dir='ltr'><em>patrisque</em></span> <span class='ocrx_word' id='word_1_387' title='bbox 1202 4384 1414 4423; x_wconf 90' lang='lat' dir='ltr'><em>memor</em></span> <span class='ocrx_word' id='word_1_388' title='bbox 1446 4368 1649 4424; x_wconf 83' lang='lat' dir='ltr'><em>dixisse</em></span> <span class='ocrx_word' id='word_1_389' title='bbox 1681 4370 1895 4425; x_wconf 84' lang='lat' dir='ltr'><em>Parisos</em></span> 
     </span>
    </p>
   </div>
   <div class='ocr_carea' id='block_1_59' title="bbox 495 4438 1811 4510">
    <p class='ocr_par' dir='ltr' id='par_1_59' title="bbox 495 4438 1811 4510">
     <span class='ocr_line' id='line_1_59' title="bbox 495 4438 1811 4510; baseline 0.001 -17"><span class='ocrx_word' id='word_1_390' title='bbox 495 4439 761 4510; x_wconf 86' lang='lat' dir='ltr'><em>Cultores,</em></span> <span class='ocrx_word' id='word_1_391' title='bbox 794 4438 1010 4509; x_wconf 87' lang='lat' dir='ltr'><em>illisque</em></span> <span class='ocrx_word' id='word_1_392' title='bbox 1040 4438 1273 4510; x_wconf 88' lang='lat' dir='ltr'><em>insignia</em></span> <span class='ocrx_word' id='word_1_393' title='bbox 1303 4447 1355 4493; x_wconf 89' lang='lat' dir='ltr'><em>et</em></span> <span class='ocrx_word' id='word_1_394' title='bbox 1386 4455 1540 4492; x_wconf 88' lang='lat' dir='ltr'><em>arma</em></span> <span class='ocrx_word' id='word_1_395' title='bbox 1570 4440 1811 4494; x_wconf 89' lang='lat' dir='ltr'><em>dedisse.</em></span> 
     </span>
    </p>
   </div>
   <div class='ocr_carea' id='block_1_60' title="bbox 497 4509 1780 4580">
    <p class='ocr_par' dir='ltr' id='par_1_60' title="bbox 497 4509 1780 4580">
     <span class='ocr_line' id='line_1_60' title="bbox 497 4509 1780 4580; baseline 0 -16"><span class='ocrx_word' id='word_1_396' title='bbox 497 4509 747 4580; x_wconf 87' lang='lat' dir='ltr'><em>Sequana</em></span> <span class='ocrx_word' id='word_1_397' title='bbox 776 4510 1070 4564; x_wconf 90' lang='lat' dir='ltr'><em>vorticibus</em></span> <span class='ocrx_word' id='word_1_398' title='bbox 1102 4509 1205 4580; x_wconf 85' lang='lat' dir='ltr'><em>qua</em></span> <span class='ocrx_word' id='word_1_399' title='bbox 1232 4510 1417 4564; x_wconf 91' lang='lat' dir='ltr'><em>multis</em></span> <span class='ocrx_word' id='word_1_400' title='bbox 1444 4510 1595 4564; x_wconf 86' lang='lat' dir='ltr'><em>alluit</em></span> <span class='ocrx_word' id='word_1_401' title='bbox 1625 4526 1780 4565; x_wconf 88' lang='lat' dir='ltr'><em>arces</em></span> 
     </span>
    </p>
   </div>
   <div class='ocr_carea' id='block_1_61' title="bbox 496 4580 2018 4651">
    <p class='ocr_par' dir='ltr' id='par_1_61' title="bbox 496 4580 2018 4651">
     <span class='ocr_line' id='line_1_61' title="bbox 496 4580 2018 4651; baseline -0.001 -17"><span class='ocrx_word' id='word_1_402' title='bbox 496 4581 565 4634; x_wconf 92' lang='lat' dir='ltr'><em>Et</em></span> <span class='ocrx_word' id='word_1_403' title='bbox 592 4581 887 4651; x_wconf 83' lang='lat' dir='ltr'><em>peregrina</em></span> <span class='ocrx_word' id='word_1_404' title='bbox 916 4596 1042 4635; x_wconf 90' lang='lat' dir='ltr'><em>suas</em></span> <span class='ocrx_word' id='word_1_405' title='bbox 1088 4580 1394 4635; x_wconf 85' lang='lat' dir='ltr'><em>transmittit</em></span> <span class='ocrx_word' id='word_1_406' title='bbox 1425 4581 1495 4634; x_wconf 90' lang='lat' dir='ltr'><em>ad</em></span> <span class='ocrx_word' id='word_1_407' title='bbox 1531 4597 1756 4651; x_wconf 81' lang='lat' dir='ltr'><em>aequora</em></span> <span class='ocrx_word' id='word_1_408' title='bbox 1784 4596 2018 4637; x_wconf 88' lang='lat' dir='ltr'><em>merces.</em></span> 
     </span>
    </p>
   </div>
   <div class='ocr_carea' id='block_1_62' title="bbox 492 4652 1734 4717">
    <p class='ocr_par' dir='ltr' id='par_1_62' title="bbox 492 4652 1734 4717">
     <span class='ocr_line' id='line_1_62' title="bbox 492 4652 1734 4717; baseline 0.001 -12"><span class='ocrx_word' id='word_1_409' title='bbox 492 4652 594 4706; x_wconf 90' lang='lat' dir='ltr'><em>Hic</em></span> <span class='ocrx_word' id='word_1_410' title='bbox 622 4660 705 4706; x_wconf 89' lang='lat' dir='ltr'><em>est</em></span> <span class='ocrx_word' id='word_1_411' title='bbox 735 4652 956 4706; x_wconf 88' lang='lat' dir='ltr'><em>assiduo</em></span> <span class='ocrx_word' id='word_1_412' title='bbox 985 4652 1214 4707; x_wconf 85' lang='lat' dir='ltr'><em>fecunda</em></span> <span class='ocrx_word' id='word_1_413' title='bbox 1243 4652 1523 4707; x_wconf 88' lang='lat' dir='ltr'><em>academia</em></span> <span class='ocrx_word' id='word_1_414' title='bbox 1551 4653 1734 4717; x_wconf 84' lang='lat' dir='ltr'><em>cultu;</em></span> 
     </span>
    </p>
   </div>
   <div class='ocr_carea' id='block_1_63' title="bbox 495 4722 1947 4793">
    <p class='ocr_par' dir='ltr' id='par_1_63' title="bbox 495 4722 1947 4793">
     <span class='ocr_line' id='line_1_63' title="bbox 495 4722 1947 4793; baseline 0 -16"><span class='ocrx_word' id='word_1_415' title='bbox 495 4723 614 4778; x_wconf 89' lang='lat' dir='ltr'><em>Huc</em></span> <span class='ocrx_word' id='word_1_416' title='bbox 641 4732 694 4777; x_wconf 87' lang='lat' dir='ltr'><em>et</em></span> <span class='ocrx_word' id='word_1_417' title='bbox 725 4723 1084 4793; x_wconf 83' lang='lat' dir='ltr'><em>Cecropidum</em></span> <span class='ocrx_word' id='word_1_418' title='bbox 1115 4724 1371 4777; x_wconf 86' lang='lat' dir='ltr'><em>translata</em></span> <span class='ocrx_word' id='word_1_419' title='bbox 1406 4730 1489 4776; x_wconf 88' lang='lat' dir='ltr'><em>est</em></span> <span class='ocrx_word' id='word_1_420' title='bbox 1522 4723 1695 4777; x_wconf 89' lang='lat' dir='ltr'><em>Pallas</em></span> <span class='ocrx_word' id='word_1_421' title='bbox 1726 4723 1793 4777; x_wconf 91' lang='lat' dir='ltr'><em>ab</em></span> <span class='ocrx_word' id='word_1_422' title='bbox 1814 4722 1947 4789; x_wconf 87' lang='lat' dir='ltr'><em>oris,</em></span> 
     </span>
    </p>
   </div>
   <div class='ocr_carea' id='block_1_64' title="bbox 494 4793 1874 4865">
    <p class='ocr_par' dir='ltr' id='par_1_64' title="bbox 494 4793 1874 4865">
     <span class='ocr_line' id='line_1_64' title="bbox 494 4793 1874 4865; baseline 0.001 -19"><span class='ocrx_word' id='word_1_423' title='bbox 494 4793 769 4865; x_wconf 84' lang='lat' dir='ltr'><em>Missaque</em></span> <span class='ocrx_word' id='word_1_424' title='bbox 798 4794 879 4865; x_wconf 15' lang='lat' dir='ltr'><em>de,</em></span> <span class='ocrx_word' id='word_1_425' title='bbox 897 4794 1121 4848; x_wconf 90' lang='lat' dir='ltr'><em>summis</em></span> <span class='ocrx_word' id='word_1_426' title='bbox 1154 4794 1348 4865; x_wconf 84' lang='lat' dir='ltr'><em>ingens</em></span> <span class='ocrx_word' id='word_1_427' title='bbox 1380 4793 1647 4865; x_wconf 83' lang='lat' dir='ltr'><em>sapientia</em></span> <span class='ocrx_word' id='word_1_428' title='bbox 1692 4794 1874 4848; x_wconf 90' lang='lat' dir='ltr'><em>rebus.</em></span> 
     </span>
    </p>
   </div>
   <div class='ocr_carea' id='block_1_65' title="bbox 2118 3868 3611 3941">
    <p class='ocr_par' dir='ltr' id='par_1_65' title="bbox 2118 3868 3611 3941">
     <span class='ocr_line' id='line_1_65' title="bbox 2118 3868 3611 3941; baseline -0.001 -14"><span class='ocrx_word' id='word_1_429' title='bbox 2118 3877 2164 3936; x_wconf 91' lang='lat' dir='ltr'><em>C</em></span> <span class='ocrx_word' id='word_1_430' title='bbox 2186 3874 2301 3927; x_wconf 85' lang='lat' dir='ltr'><em>Heu</em></span> <span class='ocrx_word' id='word_1_431' title='bbox 2327 3871 2338 3926; x_wconf 88' lang='lat' dir='ltr'><em>l</em></span> <span class='ocrx_word' id='word_1_432' title='bbox 2375 3872 2550 3927; x_wconf 89' lang='lat' dir='ltr'><em>bonus</em></span> <span class='ocrx_word' id='word_1_433' title='bbox 2580 3870 2783 3925; x_wconf 90' lang='lat' dir='ltr'><em>interiit</em></span> <span class='ocrx_word' id='word_1_434' title='bbox 2811 3876 3016 3941; x_wconf 90' lang='lat' dir='ltr'><em>pastor,</em></span> <span class='ocrx_word' id='word_1_435' title='bbox 3048 3869 3132 3941; x_wconf 86' lang='lat' dir='ltr'><em>vir</em></span> <span class='ocrx_word' id='word_1_436' title='bbox 3164 3876 3385 3941; x_wconf 87' lang='lat' dir='ltr'><em>sanctus</em></span> <span class='ocrx_word' id='word_1_437' title='bbox 3414 3868 3611 3941; x_wconf 86' lang='lat' dir='ltr'><em>obivit,</em></span> 
     </span>
    </p>
   </div>
   <div class='ocr_carea' id='block_1_66' title="bbox 2191 3940 3559 4010">
    <p class='ocr_par' dir='ltr' id='par_1_66' title="bbox 2191 3940 3559 4010">
     <span class='ocr_line' id='line_1_66' title="bbox 2191 3940 3559 4010; baseline -0.002 -12"><span class='ocrx_word' id='word_1_438' title='bbox 2191 3946 2291 3998; x_wconf 91' lang='lat' dir='ltr'><em>Per</em></span> <span class='ocrx_word' id='word_1_439' title='bbox 2321 3942 2440 3998; x_wconf 80' lang='lat' dir='ltr'><em>fora</em></span> <span class='ocrx_word' id='word_1_440' title='bbox 2468 3943 2787 4007; x_wconf 89' lang='lat' dir='ltr'><em>clamabant,</em></span> <span class='ocrx_word' id='word_1_441' title='bbox 2820 3940 2983 3996; x_wconf 90' lang='lat' dir='ltr'><em>nemo</em></span> <span class='ocrx_word' id='word_1_442' title='bbox 3012 3940 3163 3995; x_wconf 88' lang='lat' dir='ltr'><em>dabit</em></span> <span class='ocrx_word' id='word_1_443' title='bbox 3193 3940 3426 4010; x_wconf 90' lang='lat' dir='ltr'><em>amplius</em></span> <span class='ocrx_word' id='word_1_444' title='bbox 3464 3940 3559 3995; x_wconf 85' lang='lat' dir='ltr'><em>illa</em></span> 
     </span>
    </p>
   </div>
   <div class='ocr_carea' id='block_1_67' title="bbox 2188 4012 3448 4069">
    <p class='ocr_par' dir='ltr' id='par_1_67' title="bbox 2188 4012 3448 4069">
     <span class='ocr_line' id='line_1_67' title="bbox 2188 4012 3448 4069; baseline -0.004 0"><span class='ocrx_word' id='word_1_445' title='bbox 2188 4016 2359 4069; x_wconf 88' lang='lat' dir='ltr'><em>Docta</em></span> <span class='ocrx_word' id='word_1_446' title='bbox 2391 4013 2651 4067; x_wconf 82' lang='lat' dir='ltr'><em>salutiferi</em></span> <span class='ocrx_word' id='word_1_447' title='bbox 2684 4012 2953 4067; x_wconf 89' lang='lat' dir='ltr'><em>sermonis</em></span> <span class='ocrx_word' id='word_1_448' title='bbox 2983 4019 3035 4066; x_wconf 90' lang='lat' dir='ltr'><em>et</em></span> <span class='ocrx_word' id='word_1_449' title='bbox 3065 4027 3231 4066; x_wconf 89' lang='lat' dir='ltr'><em>aurea</em></span> <span class='ocrx_word' id='word_1_450' title='bbox 3260 4012 3448 4066; x_wconf 89' lang='lat' dir='ltr'><em>verba.</em></span> 
     </span>
    </p>
   </div>
   <div class='ocr_carea' id='block_1_68' title="bbox 2260 4082 3516 4154">
    <p class='ocr_par' dir='ltr' id='par_1_68' title="bbox 2260 4082 3516 4154">
     <span class='ocr_line' id='line_1_68' title="bbox 2260 4082 3516 4154; baseline -0.003 -15"><span class='ocrx_word' id='word_1_451' title='bbox 2260 4085 2487 4139; x_wconf 89' lang='lat' dir='ltr'><em>Funeris</em></span> <span class='ocrx_word' id='word_1_452' title='bbox 2519 4084 2725 4138; x_wconf 88' lang='lat' dir='ltr'><em>interea</em></span> <span class='ocrx_word' id='word_1_453' title='bbox 2760 4082 3009 4154; x_wconf 88' lang='lat' dir='ltr'><em>lugubris</em></span> <span class='ocrx_word' id='word_1_454' title='bbox 3040 4098 3234 4154; x_wconf 86' lang='lat' dir='ltr'><em>pompa</em></span> <span class='ocrx_word' id='word_1_455' title='bbox 3274 4090 3516 4151; x_wconf 89' lang='lat' dir='ltr'><em>paratur,</em></span> 
     </span>
    </p>
   </div>
   <div class='ocr_carea' id='block_1_69' title="bbox 2192 4152 3313 4225">
    <p class='ocr_par' dir='ltr' id='par_1_69' title="bbox 2192 4152 3313 4225">
     <span class='ocr_line' id='line_1_69' title="bbox 2192 4152 3313 4225; baseline -0.004 -15"><span class='ocrx_word' id='word_1_456' title='bbox 2192 4157 2475 4225; x_wconf 70' lang='lat' dir='ltr'><em>Exsequizr,</em></span> <span class='ocrx_word' id='word_1_457' title='bbox 2507 4155 2675 4208; x_wconf 90' lang='lat' dir='ltr'><em>multo</em></span> <span class='ocrx_word' id='word_1_458' title='bbox 2703 4152 2845 4208; x_wconf 72' lang='lat' dir='ltr'><em>ﬁunt</em></span> <span class='ocrx_word' id='word_1_459' title='bbox 2865 4161 2917 4207; x_wconf 93' lang='lat' dir='ltr'><em>et</em></span> <span class='ocrx_word' id='word_1_460' title='bbox 2964 4152 3128 4225; x_wconf 84' lang='lat' dir='ltr'><em>nenia</em></span> <span class='ocrx_word' id='word_1_461' title='bbox 3173 4152 3313 4206; x_wconf 88' lang='lat' dir='ltr'><em>fastu</em></span> 
     </span>
    </p>
   </div>
   <div class='ocr_carea' id='block_1_70' title="bbox 2190 4222 3574 4295">
    <p class='ocr_par' dir='ltr' id='par_1_70' title="bbox 2190 4222 3574 4295">
     <span class='ocr_line' id='line_1_70' title="bbox 2190 4222 3574 4295; baseline -0.003 -15"><span class='ocrx_word' id='word_1_462' title='bbox 2190 4222 2528 4281; x_wconf 79' lang='lat' dir='ltr'><em>Conveniunt</em></span> <span class='ocrx_word' id='word_1_463' title='bbox 2556 4226 2760 4295; x_wconf 90' lang='lat' dir='ltr'><em>passim</em></span> <span class='ocrx_word' id='word_1_464' title='bbox 2792 4225 2960 4288; x_wconf 87' lang='lat' dir='ltr'><em>cives,</em></span> <span class='ocrx_word' id='word_1_465' title='bbox 2992 4224 3190 4287; x_wconf 87' lang='lat' dir='ltr'><em>clerus,</em></span> <span class='ocrx_word' id='word_1_466' title='bbox 3225 4222 3415 4278; x_wconf 89' lang='lat' dir='ltr'><em>schola</em></span> <span class='ocrx_word' id='word_1_467' title='bbox 3463 4230 3574 4295; x_wconf 79' lang='lat' dir='ltr'><em>tota</em></span> 
     </span>
    </p>
   </div>
   <div class='ocr_carea' id='block_1_71' title="bbox 2189 4294 3574 4366">
    <p class='ocr_par' dir='ltr' id='par_1_71' title="bbox 2189 4294 3574 4366">
     <span class='ocr_line' id='line_1_71' title="bbox 2189 4294 3574 4366; baseline -0.004 -14"><span class='ocrx_word' id='word_1_468' title='bbox 2189 4299 2359 4352; x_wconf 90' lang='lat' dir='ltr'><em>Docta</em></span> <span class='ocrx_word' id='word_1_469' title='bbox 2390 4296 2514 4363; x_wconf 89' lang='lat' dir='ltr'><em>coit,</em></span> <span class='ocrx_word' id='word_1_470' title='bbox 2549 4297 2818 4366; x_wconf 88' lang='lat' dir='ltr'><em>crepitant</em></span> <span class='ocrx_word' id='word_1_471' title='bbox 2847 4311 2911 4349; x_wconf 80' lang='lat' dir='ltr'><em>ex</em></span> <span class='ocrx_word' id='word_1_472' title='bbox 2943 4295 3140 4366; x_wconf 88' lang='lat' dir='ltr'><em>ictibus</em></span> <span class='ocrx_word' id='word_1_473' title='bbox 3182 4309 3298 4366; x_wconf 62' lang='lat' dir='ltr'><em>mra</em></span> <span class='ocrx_word' id='word_1_474' title='bbox 3337 4294 3574 4366; x_wconf 85' lang='lat' dir='ltr'><em>sonoris.</em></span> 
     </span>
    </p>
   </div>
   <div class='ocr_carea' id='block_1_72' title="bbox 2190 4364 3589 4437">
    <p class='ocr_par' dir='ltr' id='par_1_72' title="bbox 2190 4364 3589 4437">
     <span class='ocr_line' id='line_1_72' title="bbox 2190 4364 3589 4437; baseline -0.002 -16"><span class='ocrx_word' id='word_1_475' title='bbox 2190 4368 2383 4421; x_wconf 88' lang='lat' dir='ltr'><em>Fertur</em></span> <span class='ocrx_word' id='word_1_476' title='bbox 2412 4364 2736 4422; x_wconf 78' lang='lat' dir='ltr'><em>honoratum</em></span> <span class='ocrx_word' id='word_1_477' title='bbox 2766 4366 2972 4437; x_wconf 81' lang='lat' dir='ltr'><em>majora</em></span> <span class='ocrx_word' id='word_1_478' title='bbox 3002 4365 3069 4420; x_wconf 91' lang='lat' dir='ltr'><em>ad</em></span> <span class='ocrx_word' id='word_1_479' title='bbox 3101 4364 3302 4436; x_wconf 90' lang='lat' dir='ltr'><em>templa</em></span> <span class='ocrx_word' id='word_1_480' title='bbox 3331 4365 3589 4433; x_wconf 85' lang='lat' dir='ltr'><em>cadaver,</em></span> 
     </span>
    </p>
   </div>
   <div class='ocr_carea' id='block_1_73' title="bbox 2192 4436 3799 4503">
    <p class='ocr_par' dir='ltr' id='par_1_73' title="bbox 2192 4436 3799 4503">
     <span class='ocr_line' id='line_1_73' title="bbox 2192 4436 3799 4503; baseline -0.001 -11"><span class='ocrx_word' id='word_1_481' title='bbox 2192 4440 2461 4493; x_wconf 83' lang='lat' dir='ltr'><em>Marmore</em></span> <span class='ocrx_word' id='word_1_482' title='bbox 2510 4439 2609 4492; x_wconf 91' lang='lat' dir='ltr'><em>sub</em></span> <span class='ocrx_word' id='word_1_483' title='bbox 2641 4437 2801 4492; x_wconf 88' lang='lat' dir='ltr'><em>Pario</em></span> <span class='ocrx_word' id='word_1_484' title='bbox 2827 4436 3170 4491; x_wconf 79' lang='lat' dir='ltr'><em>condendam</em></span> <span class='ocrx_word' id='word_1_485' title='bbox 3216 4443 3268 4490; x_wconf 91' lang='lat' dir='ltr'><em>et</em></span> <span class='ocrx_word' id='word_1_486' title='bbox 3307 4443 3552 4490; x_wconf 90' lang='lat' dir='ltr'><em>aromata</em></span> <span class='ocrx_word' id='word_1_487' title='bbox 3579 4436 3799 4503; x_wconf 89' lang='lat' dir='ltr'><em>subter,</em></span> 
     </span>
    </p>
   </div>
   <div class='ocr_carea' id='block_1_74' title="bbox 2190 4505 3649 4574">
    <p class='ocr_par' dir='ltr' id='par_1_74' title="bbox 2190 4505 3649 4574">
     <span class='ocr_line' id='line_1_74' title="bbox 2190 4505 3649 4574; baseline -0.003 -10"><span class='ocrx_word' id='word_1_488' title='bbox 2190 4510 2366 4564; x_wconf 89' lang='lat' dir='ltr'><em>Triste</em></span> <span class='ocrx_word' id='word_1_489' title='bbox 2398 4509 2716 4564; x_wconf 89' lang='lat' dir='ltr'><em>sacerdotes</em></span> <span class='ocrx_word' id='word_1_490' title='bbox 2766 4508 3043 4563; x_wconf 86' lang='lat' dir='ltr'><em>recitando</em></span> <span class='ocrx_word' id='word_1_491' title='bbox 3086 4507 3142 4560; x_wconf 93' lang='lat' dir='ltr'><em>in</em></span> <span class='ocrx_word' id='word_1_492' title='bbox 3187 4507 3427 4562; x_wconf 86' lang='lat' dir='ltr'><em>carmine</em></span> <span class='ocrx_word' id='word_1_493' title='bbox 3458 4505 3649 4574; x_wconf 84' lang='lat' dir='ltr'><em>fatum,</em></span> 
     </span>
    </p>
   </div>
   <div class='ocr_carea' id='block_1_75' title="bbox 2191 4578 3503 4647">
    <p class='ocr_par' dir='ltr' id='par_1_75' title="bbox 2191 4578 3503 4647">
     <span class='ocr_line' id='line_1_75' title="bbox 2191 4578 3503 4647; baseline -0.003 -13"><span class='ocrx_word' id='word_1_494' title='bbox 2191 4581 2461 4634; x_wconf 83' lang='lat' dir='ltr'><em>Ardentes</em></span> <span class='ocrx_word' id='word_1_495' title='bbox 2490 4579 2712 4646; x_wconf 86' lang='lat' dir='ltr'><em>faculas,</em></span> <span class='ocrx_word' id='word_1_496' title='bbox 2764 4587 2814 4633; x_wconf 87' lang='lat' dir='ltr'><em>et</em></span> <span class='ocrx_word' id='word_1_497' title='bbox 2843 4594 3002 4634; x_wconf 89' lang='lat' dir='ltr'><em>cerea</em></span> <span class='ocrx_word' id='word_1_498' title='bbox 3035 4578 3241 4631; x_wconf 88' lang='lat' dir='ltr'><em>lumina</em></span> <span class='ocrx_word' id='word_1_499' title='bbox 3270 4585 3503 4647; x_wconf 87' lang='lat' dir='ltr'><em>portant,</em></span> 
     </span>
    </p>
   </div>
   <div class='ocr_carea' id='block_1_76' title="bbox 2193 4648 3644 4721">
    <p class='ocr_par' dir='ltr' id='par_1_76' title="bbox 2193 4648 3644 4721">
     <span class='ocr_line' id='line_1_76' title="bbox 2193 4648 3644 4721; baseline -0.001 -16"><span class='ocrx_word' id='word_1_500' title='bbox 2193 4652 2498 4706; x_wconf 89' lang='lat' dir='ltr'><em>Procedunt</em></span> <span class='ocrx_word' id='word_1_501' title='bbox 2548 4650 2789 4721; x_wconf 62' lang='lat' dir='ltr'><em>querula;</em></span> <span class='ocrx_word' id='word_1_502' title='bbox 2819 4649 2985 4720; x_wconf 88' lang='lat' dir='ltr'><em>longo</em></span> <span class='ocrx_word' id='word_1_503' title='bbox 3017 4648 3178 4721; x_wconf 90' lang='lat' dir='ltr'><em>simul</em></span> <span class='ocrx_word' id='word_1_504' title='bbox 3207 4649 3400 4703; x_wconf 90' lang='lat' dir='ltr'><em>ordine</em></span> <span class='ocrx_word' id='word_1_505' title='bbox 3429 4655 3644 4721; x_wconf 63' lang='lat' dir='ltr'><em>ianum,</em></span> 
     </span>
    </p>
   </div>
   <div class='ocr_carea' id='block_1_77' title="bbox 2191 4718 3576 4793">
    <p class='ocr_par' dir='ltr' id='par_1_77' title="bbox 2191 4718 3576 4793">
     <span class='ocr_line' id='line_1_77' title="bbox 2191 4718 3576 4793; baseline -0.004 -16"><span class='ocrx_word' id='word_1_506' title='bbox 2191 4726 2366 4793; x_wconf 84' lang='lat' dir='ltr'><em>Atque</em></span> <span class='ocrx_word' id='word_1_507' title='bbox 2397 4722 2514 4777; x_wconf 89' lang='lat' dir='ltr'><em>vias</em></span> <span class='ocrx_word' id='word_1_508' title='bbox 2561 4718 2752 4776; x_wconf 82' lang='lat' dir='ltr'><em>omnes</em></span> <span class='ocrx_word' id='word_1_509' title='bbox 2782 4718 2938 4793; x_wconf 79' lang='lat' dir='ltr'><em>nigro</em></span> <span class='ocrx_word' id='word_1_510' title='bbox 2963 4720 3249 4793; x_wconf 76' lang='lat' dir='ltr'><em>velamine</em></span> <span class='ocrx_word' id='word_1_511' title='bbox 3280 4718 3576 4790; x_wconf 90' lang='lat' dir='ltr'><em>complent.</em></span> 
     </span>
    </p>
   </div>
   <div class='ocr_carea' id='block_1_78' title="bbox 2193 4790 3368 4857">
    <p class='ocr_par' dir='ltr' id='par_1_78' title="bbox 2193 4790 3368 4857">
     <span class='ocr_line' id='line_1_78' title="bbox 2193 4790 3368 4857; baseline -0.003 -10"><span class='ocrx_word' id='word_1_512' title='bbox 2193 4790 2404 4848; x_wconf 81' lang='lat' dir='ltr'><em>Accidit</em></span> <span class='ocrx_word' id='word_1_513' title='bbox 2436 4793 2576 4847; x_wconf 90' lang='lat' dir='ltr'><em>inter</em></span> <span class='ocrx_word' id='word_1_514' title='bbox 2605 4801 2682 4846; x_wconf 90' lang='lat' dir='ltr'><em>tot</em></span> <span class='ocrx_word' id='word_1_515' title='bbox 2712 4809 2800 4846; x_wconf 87' lang='lat' dir='ltr'><em>res</em></span> <span class='ocrx_word' id='word_1_516' title='bbox 2831 4790 3148 4844; x_wconf 87' lang='lat' dir='ltr'><em>admiranda</em></span> <span class='ocrx_word' id='word_1_517' title='bbox 3176 4790 3368 4857; x_wconf 90' lang='lat' dir='ltr'><em>relatu,</em></span> 
     </span>
    </p>
   </div>
   <div class='ocr_carea' id='block_1_79' title="bbox 568 4860 3505 4935">
    <p class='ocr_par' dir='ltr' id='par_1_79' title="bbox 568 4860 3505 4935">
     <span class='ocr_line' id='line_1_79' title="bbox 568 4860 3505 4935; baseline -0.002 -17"><span class='ocrx_word' id='word_1_518' title='bbox 568 4860 781 4918; x_wconf 44' lang='lat' dir='ltr'><em>Hic-ita</em></span> <span class='ocrx_word' id='word_1_519' title='bbox 824 4864 1016 4935; x_wconf 10' lang='lat' dir='ltr'><em>rclarus</em></span> <span class='ocrx_word' id='word_1_520' title='bbox 1069 4873 1182 4917; x_wconf 90' lang='lat' dir='ltr'><em>erat</em></span> <span class='ocrx_word' id='word_1_521' title='bbox 1216 4860 1520 4918; x_wconf 25' lang='lat' dir='ltr'><em>‘virtutibﬁus</em></span> <span class='ocrx_word' id='word_1_522' title='bbox 1575 4864 1830 4918; x_wconf 89' lang='lat' dir='ltr'><em>omnibus</em></span> <span class='ocrx_word' id='word_1_523' title='bbox 1859 4907 1873 4930; x_wconf 96' lang='lat'><em>,</em></span> <span class='ocrx_word' id='word_1_524' title='bbox 1932 4870 2094 4935; x_wconf 89' lang='lat' dir='ltr'><em>atque</em></span> <span class='ocrx_word' id='word_1_525' title='bbox 2192 4864 2459 4918; x_wconf 74' lang='lat' dir='ltr'><em>Iudicium</em></span> <span class='ocrx_word' id='word_1_526' title='bbox 2509 4863 2749 4928; x_wconf 78' lang='lat' dir='ltr'><em>ccnleste,</em></span> <span class='ocrx_word' id='word_1_527' title='bbox 2785 4870 2837 4916; x_wconf 90' lang='lat' dir='ltr'><em>et</em></span> <span class='ocrx_word' id='word_1_528' title='bbox 2868 4861 3211 4935; x_wconf 80' lang='lat' dir='ltr'><em>formidabile</em></span> <span class='ocrx_word' id='word_1_529' title='bbox 3225 4860 3505 4935; x_wconf 73' lang='lat' dir='ltr'><em>cunctis:</em></span> 
     </span>
    </p>
   </div>
   <div class='ocr_carea' id='block_1_80' title="bbox 497 4934 1844 5006">
    <p class='ocr_par' dir='ltr' id='par_1_80' title="bbox 497 4934 1844 5006">
     <span class='ocr_line' id='line_1_80' title="bbox 497 4934 1844 5006; baseline 0 -18"><span class='ocrx_word' id='word_1_530' title='bbox 497 4934 595 4988; x_wconf 86' lang='lat' dir='ltr'><em>His</em></span> <span class='ocrx_word' id='word_1_531' title='bbox 623 4934 923 5005; x_wconf 89' lang='lat' dir='ltr'><em>disciplinis</em></span> <span class='ocrx_word' id='word_1_532' title='bbox 952 4938 1097 5006; x_wconf 69' lang='lat' dir='ltr'><em>(quae</em></span> <span class='ocrx_word' id='word_1_533' title='bbox 1126 4935 1293 4988; x_wconf 87' lang='lat' dir='ltr'><em>libera</em></span> <span class='ocrx_word' id='word_1_534' title='bbox 1324 4943 1568 5006; x_wconf 87' lang='lat' dir='ltr'><em>tempora</em></span> <span class='ocrx_word' id='word_1_535' title='bbox 1594 4937 1844 5006; x_wconf 89' lang='lat' dir='ltr'><em>poscunt)</em></span> 
     </span>
    </p>
   </div>
   <div class='ocr_carea' id='block_1_81' title="bbox 496 5004 1806 5076">
    <p class='ocr_par' dir='ltr' id='par_1_81' title="bbox 496 5004 1806 5076">
     <span class='ocr_line' id='line_1_81' title="bbox 496 5004 1806 5076; baseline 0 -17"><span class='ocrx_word' id='word_1_536' title='bbox 496 5006 696 5060; x_wconf 91' lang='lat' dir='ltr'><em>Doctor</em></span> <span class='ocrx_word' id='word_1_537' title='bbox 716 5004 792 5069; x_wconf 87' lang='lat' dir='ltr'><em>ut,</em></span> <span class='ocrx_word' id='word_1_538' title='bbox 822 5004 1050 5060; x_wconf 81' lang='lat' dir='ltr'><em>ascenso</em></span> <span class='ocrx_word' id='word_1_539' title='bbox 1080 5013 1342 5076; x_wconf 74' lang='lat' dir='ltr'><em>suggestu</em></span> <span class='ocrx_word' id='word_1_540' title='bbox 1375 5004 1489 5076; x_wconf 90' lang='lat' dir='ltr'><em>sive</em></span> <span class='ocrx_word' id='word_1_541' title='bbox 1532 5005 1806 5071; x_wconf 86' lang='lat' dir='ltr'><em>cathedra,</em></span> 
     </span>
    </p>
   </div>
   <div class='ocr_carea' id='block_1_82' title="bbox 494 5074 1732 5156">
    <p class='ocr_par' dir='ltr' id='par_1_82' title="bbox 494 5074 1732 5156">
     <span class='ocr_line' id='line_1_82' title="bbox 494 5074 1732 5156; baseline -0.002 -26"><span class='ocrx_word' id='word_1_542' title='bbox 494 5076 636 5156; x_wconf 77' lang='lat' dir='ltr'><em>Esse</em></span> <span class='ocrx_word' id='word_1_543' title='bbox 666 5076 940 5132; x_wconf 89' lang='lat' dir='ltr'><em>videretur</em></span> <span class='ocrx_word' id='word_1_544' title='bbox 957 5074 1295 5156; x_wconf 45' lang='lat' dir='ltr'><em>magni&#39;voic‘</em></span> <span class='ocrx_word' id='word_1_545' title='bbox 1318 5074 1521 5156; x_wconf 55' lang='lat' dir='ltr'><em>inclvta</em></span> <span class='ocrx_word' id='word_1_546' title='bbox 1565 5076 1732 5156; x_wconf 68' lang='lat' dir='ltr'><em>Pauli,</em></span> 
     </span>
    </p>
   </div>
   <div class='ocr_carea' id='block_1_83' title="bbox 496 5144 1806 5218">
    <p class='ocr_par' dir='ltr' id='par_1_83' title="bbox 496 5144 1806 5218">
     <span class='ocr_line' id='line_1_83' title="bbox 496 5144 1806 5218; baseline -0.001 -17"><span class='ocrx_word' id='word_1_547' title='bbox 496 5150 671 5218; x_wconf 81' lang='lat' dir='ltr'><em>Atque</em></span> <span class='ocrx_word' id='word_1_548' title='bbox 704 5147 1025 5218; x_wconf 88' lang='lat' dir='ltr'><em>verecundis</em></span> <span class='ocrx_word' id='word_1_549' title='bbox 1058 5144 1110 5218; x_wconf 75' lang='lat' dir='ltr'><em>in</em></span> <span class='ocrx_word' id='word_1_550' title='bbox 1140 5145 1385 5218; x_wconf 80' lang='lat' dir='ltr'><em>meribus</em></span> <span class='ocrx_word' id='word_1_551' title='bbox 1415 5144 1553 5218; x_wconf 84' lang='lat' dir='ltr'><em>alter</em></span> <span class='ocrx_word' id='word_1_552' title='bbox 1583 5146 1806 5218; x_wconf 75' lang='lat' dir='ltr'><em>Ioseph.</em></span> 
     </span>
    </p>
   </div>
   <div class='ocr_carea' id='block_1_84' title="bbox 496 5215 1879 5287">
    <p class='ocr_par' dir='ltr' id='par_1_84' title="bbox 496 5215 1879 5287">
     <span class='ocr_line' id='line_1_84' title="bbox 496 5215 1879 5287; baseline -0.001 -15"><span class='ocrx_word' id='word_1_553' title='bbox 496 5215 670 5286; x_wconf 80' lang='lat' dir='ltr'><em>Hunc,</em></span> <span class='ocrx_word' id='word_1_554' title='bbox 703 5218 869 5273; x_wconf 88' lang='lat' dir='ltr'><em>veluti</em></span> <span class='ocrx_word' id='word_1_555' title='bbox 898 5217 1021 5271; x_wconf 85' lang='lat' dir='ltr'><em>coeli</em></span> <span class='ocrx_word' id='word_1_556' title='bbox 1051 5216 1237 5287; x_wconf 75' lang='lat' dir='ltr'><em>divum</em></span> <span class='ocrx_word' id='word_1_557' title='bbox 1267 5216 1335 5269; x_wconf 89' lang='lat' dir='ltr'><em>de</em></span> <span class='ocrx_word' id='word_1_558' title='bbox 1364 5215 1597 5270; x_wconf 90' lang='lat' dir='ltr'><em>culmine</em></span> <span class='ocrx_word' id='word_1_559' title='bbox 1645 5215 1879 5287; x_wconf 86' lang='lat' dir='ltr'><em>lapsum,</em></span> 
     </span>
    </p>
   </div>
   <div class='ocr_carea' id='block_1_85' title="bbox 495 5285 1945 5357">
    <p class='ocr_par' dir='ltr' id='par_1_85' title="bbox 495 5285 1945 5357">
     <span class='ocr_line' id='line_1_85' title="bbox 495 5285 1945 5357; baseline -0.001 -14"><span class='ocrx_word' id='word_1_560' title='bbox 495 5291 661 5344; x_wconf 86' lang='lat' dir='ltr'><em>Totus</em></span> <span class='ocrx_word' id='word_1_561' title='bbox 689 5289 950 5342; x_wconf 85' lang='lat' dir='ltr'><em>adorabat</em></span> <span class='ocrx_word' id='word_1_562' title='bbox 978 5285 1233 5357; x_wconf 82' lang='lat' dir='ltr'><em>populus,</em></span> <span class='ocrx_word' id='word_1_563' title='bbox 1281 5302 1517 5357; x_wconf 89' lang='lat' dir='ltr'><em>namque</em></span> <span class='ocrx_word' id='word_1_564' title='bbox 1547 5288 1638 5341; x_wconf 90' lang='lat' dir='ltr'><em>ille</em></span> <span class='ocrx_word' id='word_1_565' title='bbox 1670 5285 1945 5343; x_wconf 79' lang='lat' dir='ltr'><em>sacerdos.</em></span> 
     </span>
    </p>
   </div>
   <div class='ocr_carea' id='block_1_86' title="bbox 568 5356 1775 5428">
    <p class='ocr_par' dir='ltr' id='par_1_86' title="bbox 568 5356 1775 5428">
     <span class='ocr_line' id='line_1_86' title="bbox 568 5356 1775 5428; baseline 0.001 -15"><span class='ocrx_word' id='word_1_566' title='bbox 568 5361 769 5428; x_wconf 72' lang='lat' dir='ltr'><em>Inclyta</em></span> <span class='ocrx_word' id='word_1_567' title='bbox 801 5357 1045 5428; x_wconf 83' lang='lat' dir='ltr'><em>Virginei</em></span> <span class='ocrx_word' id='word_1_568' title='bbox 1070 5365 1189 5427; x_wconf 89' lang='lat' dir='ltr'><em>post</em></span> <span class='ocrx_word' id='word_1_569' title='bbox 1220 5356 1545 5411; x_wconf 86' lang='lat' dir='ltr'><em>incunabula</em></span> <span class='ocrx_word' id='word_1_570' title='bbox 1588 5370 1775 5428; x_wconf 89' lang='lat' dir='ltr'><em>partus</em></span> 
     </span>
    </p>
   </div>
   <div class='ocr_carea' id='block_1_87' title="bbox 495 5428 1643 5499">
    <p class='ocr_par' dir='ltr' id='par_1_87' title="bbox 495 5428 1643 5499">
     <span class='ocr_line' id='line_1_87' title="bbox 495 5428 1643 5499; baseline -0.003 -15"><span class='ocrx_word' id='word_1_571' title='bbox 495 5430 714 5499; x_wconf 89' lang='lat' dir='ltr'><em>Elapsis</em></span> <span class='ocrx_word' id='word_1_572' title='bbox 748 5428 905 5499; x_wconf 85' lang='lat' dir='ltr'><em>annis</em></span> <span class='ocrx_word' id='word_1_573' title='bbox 932 5428 1093 5499; x_wconf 10' lang='lat' dir='ltr'><em>mille?</em></span> <span class='ocrx_word' id='word_1_574' title='bbox 1109 5428 1383 5497; x_wconf 82' lang='lat' dir='ltr'><em>octoginta</em></span> <span class='ocrx_word' id='word_1_575' title='bbox 1414 5428 1643 5491; x_wconf 87' lang='lat' dir='ltr'><em>duobus,</em></span> 
     </span>
    </p>
   </div>
   <div class='ocr_carea' id='block_1_88' title="bbox 498 5497 2087 5571">
    <p class='ocr_par' dir='ltr' id='par_1_88' title="bbox 498 5497 2087 5571">
     <span class='ocr_line' id='line_1_88' title="bbox 498 5497 2087 5571; baseline 0 -17"><span class='ocrx_word' id='word_1_576' title='bbox 498 5497 735 5571; x_wconf 78' lang='lat' dir='ltr'><em>Contigit</em></span> <span class='ocrx_word' id='word_1_577' title='bbox 782 5497 909 5571; x_wconf 78' lang='lat' dir='ltr'><em>huic</em></span> <span class='ocrx_word' id='word_1_578' title='bbox 951 5498 1159 5571; x_wconf 89' lang='lat' dir='ltr'><em>homini</em></span> <span class='ocrx_word' id='word_1_579' title='bbox 1181 5508 1514 5571; x_wconf 83' lang='lat' dir='ltr'><em>postremum</em></span> <span class='ocrx_word' id='word_1_580' title='bbox 1551 5498 1805 5555; x_wconf 90' lang='lat' dir='ltr'><em>claudere</em></span> <span class='ocrx_word' id='word_1_581' title='bbox 1852 5506 2087 5570; x_wconf 89' lang='lat' dir='ltr'><em>tempus.</em></span> 
     </span>
    </p>
   </div>
   <div class='ocr_carea' id='block_1_89' title="bbox 498 5568 2088 5640">
    <p class='ocr_par' dir='ltr' id='par_1_89' title="bbox 498 5568 2088 5640">
     <span class='ocr_line' id='line_1_89' title="bbox 498 5568 2088 5640; baseline 0.001 -17"><span class='ocrx_word' id='word_1_582' title='bbox 498 5568 681 5640; x_wconf 78' lang='lat' dir='ltr'><em>Atque</em></span> <span class='ocrx_word' id='word_1_583' title='bbox 720 5568 903 5622; x_wconf 88' lang='lat' dir='ltr'><em>subire</em></span> <span class='ocrx_word' id='word_1_584' title='bbox 951 5585 1119 5639; x_wconf 84' lang='lat' dir='ltr'><em>grave</em></span> <span class='ocrx_word' id='word_1_585' title='bbox 1150 5569 1471 5639; x_wconf 88' lang='lat' dir='ltr'><em>imperium,</em></span> <span class='ocrx_word' id='word_1_586' title='bbox 1516 5571 1641 5639; x_wconf 90' lang='lat' dir='ltr'><em>jura</em></span> <span class='ocrx_word' id='word_1_587' title='bbox 1689 5585 1879 5639; x_wconf 86' lang='lat' dir='ltr'><em>aspera</em></span> <span class='ocrx_word' id='word_1_588' title='bbox 1937 5568 2088 5638; x_wconf 79' lang='lat' dir='ltr'><em>léthi,</em></span> 
     </span>
    </p>
   </div>
   <div class='ocr_carea' id='block_1_90' title="bbox 495 5639 2091 5713">
    <p class='ocr_par' dir='ltr' id='par_1_90' title="bbox 495 5639 2091 5713">
     <span class='ocr_line' id='line_1_90' title="bbox 495 5639 2091 5713; baseline 0.001 -19"><span class='ocrx_word' id='word_1_589' title='bbox 495 5639 725 5713; x_wconf 62' lang='lat' dir='ltr'><em>1iamque</em></span> <span class='ocrx_word' id='word_1_590' title='bbox 760 5639 911 5713; x_wconf 78' lang='lat' dir='ltr'><em>jacet</em></span> <span class='ocrx_word' id='word_1_591' title='bbox 959 5640 1083 5695; x_wconf 90' lang='lat' dir='ltr'><em>vivo</em></span> <span class='ocrx_word' id='word_1_592' title='bbox 1106 5641 1368 5713; x_wconf 85' lang='lat' dir='ltr'><em>gelidum</em></span> <span class='ocrx_word' id='word_1_593' title='bbox 1400 5641 1516 5696; x_wconf 89' lang='lat' dir='ltr'><em>sine</em></span> <span class='ocrx_word' id='word_1_594' title='bbox 1562 5641 1830 5713; x_wconf 85' lang='lat' dir='ltr'><em>sanguine</em></span> <span class='ocrx_word' id='word_1_595' title='bbox 1858 5658 2091 5712; x_wconf 90' lang='lat' dir='ltr'><em>corpus;</em></span> 
     </span>
    </p>
   </div>
   <div class='ocr_carea' id='block_1_91' title="bbox 497 5710 2092 5792">
    <p class='ocr_par' dir='ltr' id='par_1_91' title="bbox 497 5710 2092 5792">
     <span class='ocr_line' id='line_1_91' title="bbox 497 5710 2092 5792; baseline 0.002 -28"><span class='ocrx_word' id='word_1_596' title='bbox 497 5710 702 5792; x_wconf 53' lang='lat' dir='ltr'><em>Eumer</em></span> <span class='ocrx_word' id='word_1_597' title='bbox 722 5710 922 5792; x_wconf 72' lang='lat' dir='ltr'><em>ubique</em></span> <span class='ocrx_word' id='word_1_598' title='bbox 952 5710 1169 5782; x_wconf 75' lang='lat' dir='ltr'><em>strepit,</em></span> <span class='ocrx_word' id='word_1_599' title='bbox 1204 5712 1363 5792; x_wconf 82' lang='lat' dir='ltr'><em>dolor</em></span> <span class='ocrx_word' id='word_1_600' title='bbox 1389 5713 1579 5767; x_wconf 84' lang='lat' dir='ltr'><em>anxius</em></span> <span class='ocrx_word' id='word_1_601' title='bbox 1610 5710 1848 5792; x_wconf 75' lang='lat' dir='ltr'><em>undique</em></span> <span class='ocrx_word' id='word_1_602' title='bbox 1877 5710 2092 5779; x_wconf 78' lang='lat' dir='ltr'><em>mansit,</em></span> 
     </span>
    </p>
   </div>
   <div class='ocr_carea' id='block_1_92' title="bbox 496 5782 1951 5856">
    <p class='ocr_par' dir='ltr' id='par_1_92' title="bbox 496 5782 1951 5856">
     <span class='ocr_line' id='line_1_92' title="bbox 496 5782 1951 5856; baseline -0.001 -15"><span class='ocrx_word' id='word_1_603' title='bbox 496 5782 567 5841; x_wconf 88' lang='lat' dir='ltr'><em>Et</em></span> <span class='ocrx_word' id='word_1_604' title='bbox 595 5782 797 5856; x_wconf 85' lang='lat' dir='ltr'><em>gemini</em></span> <span class='ocrx_word' id='word_1_605' title='bbox 828 5799 991 5839; x_wconf 89' lang='lat' dir='ltr'><em>sexus</em></span> <span class='ocrx_word' id='word_1_606' title='bbox 1022 5791 1283 5839; x_wconf 89' lang='lat' dir='ltr'><em>resonant</em></span> <span class='ocrx_word' id='word_1_607' title='bbox 1311 5783 1550 5840; x_wconf 86' lang='lat' dir='ltr'><em>lamenta</em></span> <span class='ocrx_word' id='word_1_608' title='bbox 1595 5800 1697 5856; x_wconf 90' lang='lat' dir='ltr'><em>per</em></span> <span class='ocrx_word' id='word_1_609' title='bbox 1737 5783 1951 5840; x_wconf 89' lang='lat' dir='ltr'><em>urbem.</em></span> 
     </span>
    </p>
   </div>
   <div class='ocr_carea' id='block_1_93' title="bbox 2189 4932 3566 5012">
    <p class='ocr_par' dir='ltr' id='par_1_93' title="bbox 2189 4932 3566 5012">
     <span class='ocr_line' id='line_1_93' title="bbox 2189 4932 3566 5012; baseline -0.004 -23"><span class='ocrx_word' id='word_1_610' title='bbox 2189 4935 2258 5012; x_wconf 60' lang='lat' dir='ltr'><em>Et</em></span> <span class='ocrx_word' id='word_1_611' title='bbox 2277 4950 2417 5012; x_wconf 79' lang='lat' dir='ltr'><em>sane</em></span> <span class='ocrx_word' id='word_1_612' title='bbox 2446 4935 2561 5012; x_wconf 88' lang='lat' dir='ltr'><em>ipsa</em></span> <span class='ocrx_word' id='word_1_613' title='bbox 2592 4934 2691 4987; x_wconf 89' lang='lat' dir='ltr'><em>Dei</em></span> <span class='ocrx_word' id='word_1_614' title='bbox 2720 4934 3005 5012; x_wconf 77' lang='lat' dir='ltr'><em>sententia,</em></span> <span class='ocrx_word' id='word_1_615' title='bbox 3040 4932 3267 5012; x_wconf 79' lang='lat' dir='ltr'><em>grandis</em></span> <span class='ocrx_word' id='word_1_616' title='bbox 3313 4932 3566 5012; x_wconf 61' lang='lat' dir='ltr'><em>abyssus,</em></span> 
     </span>
    </p>
   </div>
   <div class='ocr_carea' id='block_1_94' title="bbox 2194 5002 3794 5073">
    <p class='ocr_par' dir='ltr' id='par_1_94' title="bbox 2194 5002 3794 5073">
     <span class='ocr_line' id='line_1_94' title="bbox 2194 5002 3794 5073; baseline -0.003 -13"><span class='ocrx_word' id='word_1_617' title='bbox 2194 5005 2291 5060; x_wconf 90' lang='lat' dir='ltr'><em>Cui</em></span> <span class='ocrx_word' id='word_1_618' title='bbox 2311 5006 2410 5060; x_wconf 90' lang='lat' dir='ltr'><em>soli</em></span> <span class='ocrx_word' id='word_1_619' title='bbox 2432 5002 2646 5060; x_wconf 79' lang='lat' dir='ltr'><em>detecta</em></span> <span class='ocrx_word' id='word_1_620' title='bbox 2666 5011 2883 5059; x_wconf 89' lang='lat' dir='ltr'><em>manent</em></span> <span class='ocrx_word' id='word_1_621' title='bbox 2900 5002 3221 5058; x_wconf 74' lang='lat' dir='ltr'><em>abscdndita</em></span> <span class='ocrx_word' id='word_1_622' title='bbox 3243 5002 3429 5059; x_wconf 89' lang='lat' dir='ltr'><em>cordis</em></span> <span class='ocrx_word' id='word_1_623' title='bbox 3446 5002 3562 5073; x_wconf 85' lang='lat' dir='ltr'><em>(Ps.</em></span> <span class='ocrx_word' id='word_1_624' title='bbox 3585 5002 3794 5072; x_wconf 79' lang='lat' dir='ltr'><em>xxxv).</em></span> 
     </span>
    </p>
   </div>
   <div class='ocr_carea' id='block_1_95' title="bbox 2194 5074 3544 5147">
    <p class='ocr_par' dir='ltr' id='par_1_95' title="bbox 2194 5074 3544 5147">
     <span class='ocr_line' id='line_1_95' title="bbox 2194 5074 3544 5147; baseline -0.001 -18"><span class='ocrx_word' id='word_1_625' title='bbox 2194 5075 2343 5143; x_wconf 85' lang='lat' dir='ltr'><em>Quos</em></span> <span class='ocrx_word' id='word_1_626' title='bbox 2373 5076 2476 5130; x_wconf 92' lang='lat' dir='ltr'><em>sibi</em></span> <span class='ocrx_word' id='word_1_627' title='bbox 2502 5076 2724 5147; x_wconf 87' lang='lat' dir='ltr'><em>delegit,</em></span> <span class='ocrx_word' id='word_1_628' title='bbox 2758 5075 3020 5147; x_wconf 79' lang='lat' dir='ltr'><em>vel_quos</em></span> <span class='ocrx_word' id='word_1_629' title='bbox 3040 5074 3270 5147; x_wconf 80' lang='lat' dir='ltr'><em>privavit</em></span> <span class='ocrx_word' id='word_1_630' title='bbox 3290 5074 3544 5147; x_wconf 77' lang='lat' dir='ltr'><em>clympo,</em></span> 
     </span>
    </p>
   </div>
   <div class='ocr_carea' id='block_1_96' title="bbox 2196 5144 3509 5211">
    <p class='ocr_par' dir='ltr' id='par_1_96' title="bbox 2196 5144 3509 5211">
     <span class='ocr_line' id='line_1_96' title="bbox 2196 5144 3509 5211; baseline -0.002 -10"><span class='ocrx_word' id='word_1_631' title='bbox 2196 5147 2355 5201; x_wconf 88' lang='lat' dir='ltr'><em>Solus</em></span> <span class='ocrx_word' id='word_1_632' title='bbox 2384 5148 2544 5202; x_wconf 88' lang='lat' dir='ltr'><em>habet</em></span> <span class='ocrx_word' id='word_1_633' title='bbox 2574 5144 2753 5211; x_wconf 57' lang='lat' dir='ltr'><em>no&#39;tos,</em></span> <span class='ocrx_word' id='word_1_634' title='bbox 2789 5144 2937 5200; x_wconf 83' lang='lat' dir='ltr'><em>solus</em></span> <span class='ocrx_word' id='word_1_635' title='bbox 2971 5144 3228 5199; x_wconf 86' lang='lat' dir='ltr'><em>discrevit</em></span> <span class='ocrx_word' id='word_1_636' title='bbox 3256 5145 3323 5199; x_wconf 92' lang='lat' dir='ltr'><em>ab</em></span> <span class='ocrx_word' id='word_1_637' title='bbox 3369 5159 3509 5199; x_wconf 61' lang='lat' dir='ltr'><em>sivo.</em></span> 
     </span>
    </p>
   </div>
   <div class='ocr_carea' id='block_1_97' title="bbox 2113 5215 3507 5294">
    <p class='ocr_par' dir='ltr' id='par_1_97' title="bbox 2113 5215 3507 5294">
     <span class='ocr_line' id='line_1_97' title="bbox 2113 5215 3507 5294; baseline -0.002 -23"><span class='ocrx_word' id='word_1_638' title='bbox 2113 5237 2165 5294; x_wconf 86' lang='lat' dir='ltr'><strong>D</strong></span> <span class='ocrx_word' id='word_1_639' title='bbox 2193 5218 2308 5294; x_wconf 52' lang='lat' dir='ltr'><em>ljos</em></span> <span class='ocrx_word' id='word_1_640' title='bbox 2336 5218 2585 5294; x_wconf 73' lang='lat' dir='ltr'><em>homines</em></span> <span class='ocrx_word' id='word_1_641' title='bbox 2617 5217 2745 5273; x_wconf 80' lang='lat' dir='ltr'><em>caeci</em></span> <span class='ocrx_word' id='word_1_642' title='bbox 2765 5224 3200 5294; x_wconf 81' lang='lat' dir='ltr'><em>_rerum_secreta</em></span> <span class='ocrx_word' id='word_1_643' title='bbox 3230 5215 3477 5294; x_wconf 76' lang='lat' dir='ltr'><em>videmus</em></span> <span class='ocrx_word' id='word_1_644' title='bbox 3495 5257 3507 5281; x_wconf 92' lang='lat'><em>,</em></span> 
     </span>
    </p>
   </div>
   <div class='ocr_carea' id='block_1_98' title="bbox 2195 5285 3470 5358">
    <p class='ocr_par' dir='ltr' id='par_1_98' title="bbox 2195 5285 3470 5358">
     <span class='ocr_line' id='line_1_98' title="bbox 2195 5285 3470 5358; baseline -0.002 -16"><span class='ocrx_word' id='word_1_645' title='bbox 2195 5288 2345 5343; x_wconf 88' lang='lat' dir='ltr'><em>Sicut</em></span> <span class='ocrx_word' id='word_1_646' title='bbox 2374 5289 2718 5358; x_wconf 77' lang='lat' dir='ltr'><em>Apollineam</em></span> <span class='ocrx_word' id='word_1_647' title='bbox 2747 5287 3010 5342; x_wconf 88' lang='lat' dir='ltr'><em>discernit</em></span> <span class='ocrx_word' id='word_1_648' title='bbox 3039 5295 3237 5341; x_wconf 89' lang='lat' dir='ltr'><em>noctua</em></span> <span class='ocrx_word' id='word_1_649' title='bbox 3267 5285 3470 5340; x_wconf 89' lang='lat' dir='ltr'><em>lumen.</em></span> 
     </span>
    </p>
   </div>
   <div class='ocr_carea' id='block_1_99' title="bbox 2195 5358 3472 5431">
    <p class='ocr_par' dir='ltr' id='par_1_99' title="bbox 2195 5358 3472 5431">
     <span class='ocr_line' id='line_1_99' title="bbox 2195 5358 3472 5431; baseline -0.002 -18"><span class='ocrx_word' id='word_1_650' title='bbox 2195 5361 2335 5431; x_wconf 87' lang='lat' dir='ltr'><em>Ecce</em></span> <span class='ocrx_word' id='word_1_651' title='bbox 2365 5361 2467 5413; x_wconf 90' lang='lat' dir='ltr'><em>sub</em></span> <span class='ocrx_word' id='word_1_652' title='bbox 2498 5368 2727 5431; x_wconf 82' lang='lat' dir='ltr'><em>argento</em></span> <span class='ocrx_word' id='word_1_653' title='bbox 2750 5358 2849 5431; x_wconf 91' lang='lat' dir='ltr'><em>_qui</em></span> <span class='ocrx_word' id='word_1_654' title='bbox 2881 5358 3202 5431; x_wconf 76' lang='lat' dir='ltr'><em>portabatur</em></span> <span class='ocrx_word' id='word_1_655' title='bbox 3232 5365 3283 5411; x_wconf 89' lang='lat' dir='ltr'><em>el</em></span> <span class='ocrx_word' id='word_1_656' title='bbox 3305 5365 3472 5431; x_wconf 73' lang='lat' dir='ltr'><em>ostro</em></span> 
     </span>
    </p>
   </div>
   <div class='ocr_carea' id='block_1_100' title="bbox 2192 5428 3534 5499">
    <p class='ocr_par' dir='ltr' id='par_1_100' title="bbox 2192 5428 3534 5499">
     <span class='ocr_line' id='line_1_100' title="bbox 2192 5428 3534 5499; baseline -0.002 -15"><span class='ocrx_word' id='word_1_657' title='bbox 2192 5430 2453 5499; x_wconf 89' lang='lat' dir='ltr'><em>Mortuus,</em></span> <span class='ocrx_word' id='word_1_658' title='bbox 2485 5438 2537 5485; x_wconf 93' lang='lat' dir='ltr'><em>et</em></span> <span class='ocrx_word' id='word_1_659' title='bbox 2566 5428 2710 5484; x_wconf 86' lang='lat' dir='ltr'><em>tanto</em></span> <span class='ocrx_word' id='word_1_660' title='bbox 2741 5429 2917 5484; x_wconf 87' lang='lat' dir='ltr'><em>fuerat</em></span> <span class='ocrx_word' id='word_1_661' title='bbox 2956 5428 3257 5484; x_wconf 88' lang='lat' dir='ltr'><em>cumulatus</em></span> <span class='ocrx_word' id='word_1_662' title='bbox 3290 5429 3534 5499; x_wconf 85' lang='lat' dir='ltr'><em>honore,</em></span> 
     </span>
    </p>
   </div>
   <div class='ocr_carea' id='block_1_101' title="bbox 2193 5498 3581 5556">
    <p class='ocr_par' dir='ltr' id='par_1_101' title="bbox 2193 5498 3581 5556">
     <span class='ocr_line' id='line_1_101' title="bbox 2193 5498 3581 5556; baseline -0.004 -1"><span class='ocrx_word' id='word_1_663' title='bbox 2193 5502 2328 5555; x_wconf 90' lang='lat' dir='ltr'><em>Cum</em></span> <span class='ocrx_word' id='word_1_664' title='bbox 2359 5500 2500 5556; x_wconf 89' lang='lat' dir='ltr'><em>foret</em></span> <span class='ocrx_word' id='word_1_665' title='bbox 2530 5500 2600 5555; x_wconf 92' lang='lat' dir='ltr'><em>ad</em></span> <span class='ocrx_word' id='word_1_666' title='bbox 2628 5499 2812 5555; x_wconf 87' lang='lat' dir='ltr'><em>fanum</em></span> <span class='ocrx_word' id='word_1_667' title='bbox 2844 5499 3063 5553; x_wconf 89' lang='lat' dir='ltr'><em>sublimi</em></span> <span class='ocrx_word' id='word_1_668' title='bbox 3099 5500 3152 5552; x_wconf 92' lang='lat' dir='ltr'><em>in</em></span> <span class='ocrx_word' id='word_1_669' title='bbox 3196 5498 3338 5553; x_wconf 91' lang='lat' dir='ltr'><em>mole</em></span> <span class='ocrx_word' id='word_1_670' title='bbox 3369 5498 3581 5552; x_wconf 90' lang='lat' dir='ltr'><em>locatus</em></span> 
     </span>
    </p>
   </div>
   <div class='ocr_carea' id='block_1_102' title="bbox 2196 5569 3582 5640">
    <p class='ocr_par' dir='ltr' id='par_1_102' title="bbox 2196 5569 3582 5640">
     <span class='ocr_line' id='line_1_102' title="bbox 2196 5569 3582 5640; baseline -0.003 -15"><span class='ocrx_word' id='word_1_671' title='bbox 2196 5570 2317 5638; x_wconf 90' lang='lat' dir='ltr'><em>Quo</em></span> <span class='ocrx_word' id='word_1_672' title='bbox 2348 5572 2541 5625; x_wconf 89' lang='lat' dir='ltr'><em>melius</em></span> <span class='ocrx_word' id='word_1_673' title='bbox 2572 5579 2757 5640; x_wconf 88' lang='lat' dir='ltr'><em>posset</em></span> <span class='ocrx_word' id='word_1_674' title='bbox 2785 5571 2959 5637; x_wconf 88' lang='lat' dir='ltr'><em>cerni,</em></span> <span class='ocrx_word' id='word_1_675' title='bbox 2993 5569 3307 5639; x_wconf 88' lang='lat' dir='ltr'><em>cunctisque</em></span> <span class='ocrx_word' id='word_1_676' title='bbox 3354 5576 3582 5638; x_wconf 86' lang='lat' dir='ltr'><em>pateret,</em></span> 
     </span>
    </p>
   </div>
   <div class='ocr_carea' id='block_1_103' title="bbox 2195 5640 3693 5723">
    <p class='ocr_par' dir='ltr' id='par_1_103' title="bbox 2195 5640 3693 5723">
     <span class='ocr_line' id='line_1_103' title="bbox 2195 5640 3693 5723; baseline -0.001 -27"><span class='ocrx_word' id='word_1_677' title='bbox 2195 5642 2672 5723; x_wconf 46' lang='lat' dir='ltr'><em>iicspondem‘itii,</em></span> <span class='ocrx_word' id='word_1_678' title='bbox 2707 5642 2839 5723; x_wconf 74' lang='lat' dir='ltr'><em>dum</em></span> <span class='ocrx_word' id='word_1_679' title='bbox 2870 5641 3085 5712; x_wconf 88' lang='lat' dir='ltr'><em>legitur,</em></span> <span class='ocrx_word' id='word_1_680' title='bbox 3119 5656 3210 5695; x_wconf 91' lang='lat' dir='ltr'><em>res</em></span> <span class='ocrx_word' id='word_1_681' title='bbox 3241 5655 3371 5695; x_wconf 88' lang='lat' dir='ltr'><em>ecce</em></span> <span class='ocrx_word' id='word_1_682' title='bbox 3400 5640 3693 5723; x_wconf 77' lang='lat' dir='ltr'><em>stupenda,</em></span> 
     </span>
    </p>
   </div>
   <div class='ocr_carea' id='block_1_104' title="bbox 2196 5712 3547 5784">
    <p class='ocr_par' dir='ltr' id='par_1_104' title="bbox 2196 5712 3547 5784">
     <span class='ocr_line' id='line_1_104' title="bbox 2196 5712 3547 5784; baseline -0.002 -17"><span class='ocrx_word' id='word_1_683' title='bbox 2196 5712 2422 5784; x_wconf 84' lang='lat' dir='ltr'><em>Eminus</em></span> <span class='ocrx_word' id='word_1_684' title='bbox 2450 5712 2646 5784; x_wconf 89' lang='lat' dir='ltr'><em>attollit</em></span> <span class='ocrx_word' id='word_1_685' title='bbox 2671 5713 2849 5768; x_wconf 89' lang='lat' dir='ltr'><em>vultus</em></span> <span class='ocrx_word' id='word_1_686' title='bbox 2870 5755 2884 5778; x_wconf 94' lang='lat'><em>,</em></span> <span class='ocrx_word' id='word_1_687' title='bbox 2916 5726 3305 5784; x_wconf 77' lang='lat' dir='ltr'><em>exsangueque</em></span> <span class='ocrx_word' id='word_1_688' title='bbox 3334 5716 3547 5784; x_wconf 75' lang='lat' dir='ltr'><em>pectus,</em></span> 
     </span>
    </p>
   </div>
   <div class='ocr_carea' id='block_1_105' title="bbox 2196 5780 3579 5855">
    <p class='ocr_par' dir='ltr' id='par_1_105' title="bbox 2196 5780 3579 5855">
     <span class='ocr_line' id='line_1_105' title="bbox 2196 5780 3579 5855; baseline -0.006 -14"><span class='ocrx_word' id='word_1_689' title='bbox 2196 5786 2276 5841; x_wconf 88' lang='lat' dir='ltr'><em>Ac</em></span> <span class='ocrx_word' id='word_1_690' title='bbox 2307 5783 2754 5855; x_wconf 88' lang='lat' dir='ltr'><em>circumspiciens</em></span> <span class='ocrx_word' id='word_1_691' title='bbox 2782 5790 2941 5840; x_wconf 87' lang='lat' dir='ltr'><em>torvo</em></span> <span class='ocrx_word' id='word_1_692' title='bbox 2969 5780 3351 5839; x_wconf 40' lang='lat' dir='ltr'><em>cum&#39;luniine’</em></span> <span class='ocrx_word' id='word_1_693' title='bbox 3368 5780 3579 5848; x_wconf 86' lang='lat' dir='ltr'><em>turbas,</em></span> 
     </span>
    </p>
   </div>
  </div>
