3928 6410
262 423 362 480 573

250 548 496 605 Clamore
523 543 775 602 horribili
804 544 1001 602 feretro
1029 545 1109 603 sic
1146 546 1280 602 dixit
1304 546 1373 602 ab
1394 546 1504 603 alto
1534 565 1548 602 :

252 618 487 699 Consilio
513 632 781 699 superum
810 624 1045 699 secreto,
1068 617 1378 699 etlegibus
1417 617 1608 699 requis,

253 691 372 746 Heu
400 704 489 744 me
513 687 528 743 ι
564 687 874 755 accusatus,
907 696 1032 759 peto
1059 687 1268 745 Judicis
1296 704 1396 745 ora
1424 687 1711 744 tremendi.

252 760 623 833 Deposuitque
649 766 810 833 caput
840 758 1120 826 taciturus,
1154 767 1207 815 et
1236 759 1387 833 arida
1416 759 1682 833 membra.

253 830 589 887 Contremuit
618 830 794 900 primo
823 839 1065 900 aspectu,
1098 846 1164 886 ac
1199 830 1470 885 obmutuit
1498 830 1694 896 omnis,

253 903 465 973 Cuncta,
489 901 669 973 silent,
703 900 992 973 cunctique
1022 909 1238 973 pavent,
1269 901 1429 972 plebs
1448 901 1649 973 arrigit
1674 917 1852 957 aures.

251 972 569 1044 Prodigium
600 971 875 1026 insuetum
904 971 1003 1044 vix,
1023 971 1197 1028 eredit
1226 971 1406 1027 mente
1445 971 1673 1044 labenti.

250 1045 405 1099 Stant
426 1042 781 1114 pollinctores
810 1042 1031 1114 trepidi,
1064 1051 1118 1097 et
1145 1050 1356 1098 terrore
1404 1043 1637 1113 subacti,

249 1113 573 1185 Auden’tque
594 1113 902 1168 exanimum
933 1113 1113 1167 minus
1140 1114 1247 1185 hoc
1275 1113 1591 1185 contingere
1635 1129 1851 1184 corpus.

250 1182 558 1257 Obriguére
585 1199 777 1257 comae,
830 1192 882 1239 et
934 1184 1184 1257 tremulis
1227 1199 1331 1257 vox
1374 1182 1624 1257 faucibus
1672 1182 1851 1241 hésit.

246 1252 507 1329 Ingentes
536 1252 795 1329 strepitus
823 1262 949 1326 post
968 1254 1087 1325 ipsa
1123 1254 1334 1329 silentia
1365 1252 1497 1310 ﬁunt

248 1325 522 1399 Co'nfusus
587 1325 846 1399 sonitus;
864 1341 1060 1399 vocum
1092 1394 1108 1399 Α
1132 1326 1501 1399 juvenumque
1550 1342 1853 1399 senumque

246 1397 489 1469 Longius
516 1396 765 1469 auditur;
795 1396 1057 1469 discurrit
1084 1394 1233 1450 fama
1259 1413 1361 1469 per
1388 1394 1604 1469 urbem.

247 1466 398 1524 Gens
430 1483 647 1539 agoraaa
676 1466 754 1590 $2)
786 1467 951 1533 venit,
984 1466 1332 1538 properando
1371 1468 1570 1538 vulgus
1614 1467 1848 1523 anhelat.

247 1540 505 1590 Concava
533 1547 682 1590 temn
707 1553 740 1590 a
768 1546 988 1590 crenant
1035 1538 1202 1590 variis
1247 1539 1578 1590 rumoribus.
1612 1547 1666 1590 et
1712 1556 1848 1590 gens

247 1538 517 1611 Concava
533 1538 740 1608 templa
768 1546 988 1611 crepant
1035 1538 1202 1611 variis
1247 1539 1578 1604 rumoribus,
1612 1547 1666 1593 et
1712 1556 1851 1611 gens

242 1611 370 1691 Non
400 1609 631 1691 capitur,
648 1608 926 1734 (premitur
955 1609 1091 1679 pede
1119 1625 1237 1679 pes,
1284 1617 1339 1663 et
1376 1616 1593 1689 tergore
1638 1608 1847 1681 tergus.

244 1682 312 1734 V1
341 1679 550 1734 faciunt
579 1696 645 1733 au
686 1688 811 1734 itus.
848 1680 1209 1734 procumbunt
1240 1680 1461 1734 cardine
1509 1689 1715 1734 nostes.

244 1681 312 1735 Vi
341 1679 550 1736 faciunt
579 1679 811 1751 auditus,
846 1680 1221 1751 procumbunt
1240 1679 1485 1735 cardine'
1509 1689 1715 1751 postes.

244 1751 424 1823 Hique
470 1750 702 1823 gradus
739 1766 1001 1823 summos,
1051 1750 1127 1804 illi
1163 1750 1463 1823 pinnacula
1514 1750 1799 1823 scandunt
1833 1771 1846 1808 :

244 1823 316 1879 Ut
333 1820 495 1877 inova'
521 1820 857 1892 prospicient
884 1821 1072 1876 isthazc
1100 1821 1364 1877 miracula
1393 1822 1464 1876 ab
1505 1822 1635 1877 alto.

313 1890 601 1948 Extollens
628 1890 822 1946 iterum
848 1890 1067 1947 liventia
1097 1900 1346 1947 mortuus
1376 1908 1491 1957 ora,

244 1963 785 2045 Hucquedllu‘cque“
819 1971 989 2045 tuens.
1023 1963 1194 2018 oculis
1241 1963 1570 2045 terrentibus
1615 1964 1846 2037 omneis,

245 2033 460 2115 yugitu
488 2034 711 2115 insolito
734 2033 868 2088 dixit
899 2049 912 2087 :
943 2034 1056 2115 Vae,
1094 2049 1173 2088 vae
1210 2034 1636 2115 mihi,_namque

237 2104 511 2160 Iudicium
536 2104 769 2175 jam_inr
810 2104 1119 2175 meﬁlatum
1164 2112 1247 2158 est
1290 2120 1325 2159 a
1360 2104 1593 2161 Numine
1636 2117 1846 2166 sancto.

238 2177 425 2247 thue
453 2175 603 2247 prius
625 2174 799 2247 jacuit
829 2174 978 2247 nullo
1010 2191 1136 2231 cum
1163 2191 1441 2230 murmure
1470 2176 1643 2233 vocis.

244 2245 360 2302 Ima
402 2245 606 2301 tremor
657 2245 874 2318 gelidus
918 2245 1255 2318 languorque
1301 2262 1401 2316 per
1443 2262 1572 2301 ossa
1614 2250 1854 2306 cucurrit

240 2318 423 2373 Corda
452 2316 677 2390 pavent,
704 2316 977 2387 trepidant
1004 2316 1181 2387 pueri,
1212 2325 1486 2390 terrentur
1517 2326 1569 2373 et
1602 2318 1708 2390 ipsi

239 2390 357 2444 Hac
413 2388 651 2459 novitate
716 2403 915 2452 senes;
980 2396 1293 2459 nuptarum_
1328 2388 1635 2458 implentur
1672 2391 1847 2447 acutis

240 2458 535 2525 Infantum,
606 2458 974 2529 iuvenumque
1038 2457 1207 2515 sacrae
1248 2457 1577 2514 clamoribus
1611 2462 1771 2529 aulae,

238 2530 488 2585 Exorant
515 2528 726 2585 veniam
758 2528 1006 2598 superos,
1039 2538 1091 2584 et
1119 2538 1348 2600 pectora
1377 2531 1627 2598 tundunt,

235 2602 415 2682 atque
447 2600 572 2682 aliis
599 2599 883 2670 suspensis
899 2599 1136 2682 auribus
1166 2601 1315 2681 aiunt
1348 2618 1361 2654 :

235 2669 647 2746 Quidnam__hoc
677 2669 802 2746 esse
822 2671 1041 2746 potest?
1060 2671 1149 2746 hic
1163 2671 1247 2746 vir
1266 2671 1609 2746 sanctissima
1626 2690 1846 2746 semper

234 2742 332 2813 His
360 2741 585 2813 populis
612 2741 862 2795 mandata
881 2741 1050 2811 dedit,
1083 2742 1323 2812 vixitque
1352 2742 1599 2812 probate,

234 2812 375 2867 Sese
400 2819 720 2868 accusatum
751 2820 950 2879 tamen,
981 2828 1045 2867 ac
1072 2812 1293 2867 audisse
1348 2829 1661 2883 supremum

232 2883 508 2939 Judicium
538 2899 570 2937 a
598 2882 811 2954 superis
837 2883 1153 2954 miseranda
1182 2899 1315 2938 voce
1370 2882 1591 2939 fatetur.

234 2954 362 3010 Haec
391 2961 651 3027 portenta
668 2952 885 3027 aliquid
914 2962 1062 3009 certe
1088 2953 1333 3027 mirabile
1362 2954 1600 3027 signant.

304 3024 633 3080 An'tumulo
663 3024 807 3079 tradi
837 3032 1052 3080 sacrato
1081 3025 1297 3088 debeat,
1333 3024 1511 3080 omnis

232 3095 516 3169 llmbigit;
548 3094 775 3169 ancipiti
798 3095 998 3165 praesul
1028 3095 1355 3169 venerabilis
1380 3096 1504 3151 urbi

233 3165 456 3223 Servari
487 3182 656 3236 supra
684 3165 943 3238 tellurem
967 3167 1222 3233 consulit,
1255 3183 1430 3238 usque

235 3237 376 3292 Dum
408 3239 563 3293 Deus
600 3253 669 3292 ex
696 3237 833 3309 alto,
857 3236 987 3307 quid
1019 3238 1105 3309 sit,
1134 3236 1394 3303 declaret,
1437 3239 1731 3309 agendum.

229 3309 367 3382 Tum
412 3324 631 3382 rursum
682 3308 966 3363 exanimus
1021 3307 1430 3382 feretro‘caput
1470 3307 1661 3367 extulit
1705 3312 1837 3382 alto,

230 3381 409 3452 Atque
438 3378 736 3452 infelicem,
758 3394 831 3452 _se
854 3380 1295 3452 contemplandos,
1326 3378 1559 3448 locutus,

229 3449 424 3522 Sic'ait
453 3450 727 3522 immenso
757 3449 906 3522 luctu
933 3449 1241 3522 grandique
1272 3451 1437 3506 boatu
1469 3468 1483 3505 :

229 3521 446 3592 Parcite
475 3520 782 3585 funeribus,
813 3520 959 3575 mihi
985 3521 1063 3575 nil
1111 3520 1377 3592 prodesse
1407 3522 1622 3579 valetis.

226 3590 626 3647 Infortunatnm
654 3606 754 3647 cur
782 3608 871 3647 me
918 3590 1162 3662 genuere
1212 3599 1473 3662 parentes
1493 3593 1521 3646 ?

227 3609 626 3647 mrortunamm
654 3609 754 3647 cur
782 3609 871 3647 me
958 3609 1162 3647 enuere
1212 3609 1473 3662 parentes
1493 3609 1520 3646 τ

227 3664 311 3734 Ah
335 3662 347 3716 l
379 3663 554 3718 miser
584 3670 817 3734 aeternos
845 3609 989 3717 vago
1019 3663 1311 3718 damnatus
1341 3663 1411 3720 ad
1438 3663 1618 3734 ignes.

227 3733 468 3815 indeque
499 3733 764 3815 conticuit
794 3749 1028 3815 semper,
1053 3734 1334 3815 jacuitque
1374 3733 1621 3815 supinus.

223 3804 471 3860 Exstasis
502 3813 557 3860 et
589 3805 836 3875 planctus
865 3804 1050 3859 turbas
1077 3804 1305 3874 invadit,
1337 3814 1391 3861 et
1418 3806 1597 3860 omnis

224 3876 387 3930 dides
416 3891 584 3947 sacra
615 3883 771 3931 sonat
800 3876 1014 3947 gemitu
1040 3876 1306 3947 varioque
1337 3877 1585 3944 tumultu,

230 3946 503 4002 Femineis
534 3947 642 4001 late
670 3946 929 4001 resonant
965 3946 1258 4001 ululatibus
1296 3948 1470 4002 aedes.

228 4017 403 4099 Hique
436 4025 628 4099 tenent
656 4017 1129 4099 postesnamplexi,
1160 4017 1347 4099 illique
1391 4018 1692 4099 columnas,

228 4088 720 4169 Praegravibusque
735 4088 919 4169 oculis.
929 4088 1085 4169 quasi
1098 4088 1311 4169 somnia
1330 4089 1533 4169 habere
1562 4090 1833 4147 videntur.

222 4158 487 4231 Mirantur
514 4158 660 4231 tanti,
689 4159 758 4214 de
788 4158 1092 4228 perditione
1143 4160 1408 4231 magistri,

230 4229 531 4310 glirarique
562 4230 697 4310 satis
728 4238 1005 4310 nequeunt
1042 4229 1305 4310 exstincta
1348 4230 1516 4310 fuisse

225 4299 324 4355 Tot
351 4299 519 4365 bona,
556 4308 743 4372 totque
772 4299 892 4372 pios
919 4317 1021 4371 pro
1049 4301 1335 4372 relligione
1380 4302 1619 4357 labores.

296 4372 555 4445 Protinus
587 4387 619 4426 e
650 4370 811 4445 sacro
840 4370 1143 4445 benedictae
1172 4370 1423 4445 margine
1455 4380 1636 4442 terrae,

229 4441 437 4497 Perfusi
466 4442 733 4513 lacrymis
759 4442 946 4513 populi
975 4451 1257 4498 extraxere
1288 4441 1544 4511 cadaver,

225 4516 400 4585 tatque
431 4514 489 4568 in
520 4500 730 4568 telluris
760 4500 975 4585 foveam
1006 4513 1255 4569 clausere
1285 4500 1547 4585 profanae:

225 4583 362 4639 Hinc
399 4585 706 4640 sambucus
735 4584 889 4639 olens
918 4584 1107 4651 oritur,
1140 4583 1419 4651 tristisque
1448 4586 1645 4642 cicuta.

223 4652 642 4710 Oceanitidibus
671 4654 827 4709 Titan
856 4671 916 4710 se
945 4664 1204 4711 merserat
1247 4652 1409 4711 undis

221 4724 484 4795 Deliaque
529 4726 782 4781 albentes
842 4728 1184 4782 monstrabat
1235 4728 1303 4781 ab
1371 4727 1572 4782 aethere
1606 4727 1806 4795 vultus,

222 4794 455 4871 Quando
486 4797 695 4871 vulgus
722 4796 889 4871 iners,
925 4798 1093 4871 cives,
1128 4798 1287 4852 simul
1314 4798 1533 4871 agmina
1562 4798 1723 4854 docta
1747 4842 1760 4868 ,

224 4867 494 4939 Mentibus
525 4867 771 4922 attonitis
799 4868 855 4921 in
885 4869 1110 4939 propria
1138 4876 1283 4924 tecta
1314 4867 1581 4930 redibant,

221 4937 502 5010 Languida
533 4954 662 5010 cum
693 4945 860 5010 strato
886 4937 1187 4995 cessissent
1216 4940 1462 4995 membra
1493 4938 1656 4996 cubili

222 5008 280 5083 Et
310 5007 742 5083 somnisﬂvid‘ere
774 5007 939 5077 faces,
974 5010 1231 5083 dirasque
1260 5010 1484 5083 ﬁguras,

223 5080 487 5152 Errantes
514 5080 704 5152 Erebo
734 5095 942 5147 manes,
974 5080 1251 5152 furiasque
1285 5080 1578 5148 triformes,

222 5148 352 5222 Quae
384 5151 543 5222 quasi
574 5151 836 5205 lethazum
868 5159 1033 5208 noctu
1064 5148 1345 5209 incussere
1375 5152 1649 5210 timorem.

222 5220 457 5294 Parisius
488 5222 810 5294 neicpadhuc
840 5221 1031 5294 horum
1064 5232 1147 5279 est
1167 5223 1331 5279 oblita
1362 5224 1598 5294 dierum,

220 5291 483 5364 Tempore
513 5293 588 5347 ab
604 5292 715 5364 hoc
731 5291 999 5363 siquidem
1023 5310 1252 5364 prorsus
1282 5291 1593 5351 tremefacta
1613 5306 1835 5353 recusat

221 5362 530 5438 (Responde
556 5363 730 5438 mihi)
762 5362 984 5438 cantare
1014 5362 1152 5434 haec,
1186 5365 1285 5438 sed
1306 5366 1477 5438 lectio
1508 5376 1701 5438 quarta

223 5431 410 5503 Incipit
436 5434 547 5489 hic.
583 5433 831 5502 Quantas
863 5434 1036 5491 habeo
1065 5454 1080 5500 ;
1113 5431 1200 5491 res
1231 5437 1430 5492 ﬂebilis
1458 5431 1611 5493 aevo!

289 5505 469 5560 Bruno
490 5504 846 5579 sacerdotum
862 5504 1140 5576 splendor,
1177 5515 1467 5579 rectorque
1496 5510 1828 5579 scholarum,

222 5571 391 5642 Quem
421 5575 616 5647 genuit
646 5574 849 5631 celebri
879 5571 1143 5648 germana
1171 5571 1392 5634 colonia'
1411 5587 1587 5651 partu.

285 5747 353 5817 (9)
394 5750 695 5835 ’Δγορκῖος,
728 5751 775 5804 id
802 5754 879 5803 est
909 5753 1144 5815 (oranda.

1082 422 1178 478 DE
1226 420 1523 479 ORIGINE
1568 420 1769 480 SACRI
1812 419 2363 479 CARTHUSIENSIS
2412 422 2722 480 ORDINIS.

3453 425 3556 480 574

1871 547 1929 608 Α
1956 544 2054 629 Vir
2079 545 2305 629 pius,‘et
2324 546 2571 629 sapiens,
2602 543 3177 629 ac‘ptlaestantissimus
3203 545 3352 600 omni

1956 615 2182 689 Munere
2212 615 2490 685 doctrinae,
2526 615 2715 689 templi
2742 616 3028 689 Remensis
3064 615 3338 689 alumnus,

1957 687 2109 744 Tunc
2138 704 2293 744 sacra
2322 689 2544 744 Parisiae
2572 686 2722 757 genti
2751 687 3082 744 documenta
3111 686 3349 757 legebat,

1956 759 2245 830 Exsequiis
2273 760 2459 816 aderat
2490 758 2660 815 multo
2690 759 2999 830 comitatus
3017 758 3223 830 honore
3253 776 3266 812 :

1955 828 2242 902 Menteque
2272 838 2595 902 conceptum
2626 830 2893 902 nequiens
2922 828 3099 884 celare
3126 829 3374 902 dolorem

1955 899 2175 980 Talibus
2205 899 2459 980 ostentis,
2484 919 2611 980 mox
2640 909 2700 956 ut
2718 899 2825 955 sua
2854 908 3005 980 septa
3028 899 3237 980 petivit,

1957 970 2118 1043 Solus
2144 971 2467 1043 inexhausto
2495 973 2853 1043 lacrymarum
2880 970 3114 1043 flumine
3142 970 3366 1043 planxit.

1954 1040 2056 1113 Hei
2084 1039 2216 1113 mihi
2246 1043 2465 1098 dicebat
2499 1059 2510 1098 :
2545 1039 2659 1109 Vae,
2691 1059 2773 1098 vae
2802 1041 2925 1113 quia
2954 1039 3198 1113 tempora
3229 1042 3374 1097 trivi.

1957 1110 2100 1185 Quid
2130 1112 2324 1185 faciam
2353 1115 2581 1169 demens
2599 1116 2626 1169 ‘l
2655 1131 2721 1169 ex
2752 1110 2861 1185 quo
2883 1112 2973 1183 qui
2996 1120 3053 1185 ut
3070 1110 3297 1168 sanctus
3317 1114 3384 1168 ab
3404 1114 3553 1170 omni

1955 1183 2120 1238 Plebe
2150 1184 2451 1251 colebatur,
2486 1185 2564 1240 sic
2592 1183 2883 1239 infeliciter
2911 1183 3088 1249 ardet,

1954 1254 2038 1308 Ad
2066 1254 2188 1309 loca
2216 1255 2475 1311 Cerberei
2505 1257 2693 1322 rictus,
2727 1255 2962 1309 immane
2993 1254 3311 1309 barathrum
3330 1255 3358 1309 ?

1954 1324 2159 1395 Hisque
2189 1327 2428 1381 animum
2459 1327 2662 1393 verbis,
2697 1342 2839 1381 nunc
2866 1327 2991 1390 huc,
3026 1336 3170 1380 nunc
3208 1326 3397 1381 dividit
3428 1326 3559 1382 illuc

1954 1395 2210 1468 Pervigil,
2239 1397 2293 1451 in
2323 1398 2520 1452 melius
2550 1398 2777 1468 cupiens
2809 1404 3130 1452 convertere
3158 1396 3344 1451 vitam.

2025 1467 2179 1522 Mane
2210 1469 2426 1523 scholas
2456 1467 2710 1539 repetens
2739 1469 2939 1534 Bruno,
2975 1468 3341 1540 circumdatus
3360 1468 3553 1540 amplo

1954 1536 2247 1593 Servorum
2275 1536 2535 1603 numero;
2555 1540 2867 1594 cathedram
2898 1538 3231 1608 conscendit,
3264 1536 3493 1594 amictus

1954 1608 2187 1682 Cyclada
2217 1609 2457 1681 lugubri,
2491 1609 2778 1682 defixaque
2807 1610 3011 1663 lumina
3042 1609 3205 1682 terris

1952 1680 2105 1751 Ij‘ert,
2129 1687 2182 1734 et
2210 1680 2367 1735 erant
2394 1682 2563 1735 multo
2596 1680 2757 1735 rubra
2783 1688 2944 1751 atque
2976 1681 3239 1751 tumentia
3268 1680 3436 1748 luctu,

1954 1749 2143 1822 Qualia
2177 1752 2352 1805 somni
2382 1769 2579 1822 expers
2610 1752 2794 1817 habet,
2828 1749 2885 1804 ut
2914 1750 3153 1806 crudelia
3182 1752 3389 1806 dudum

1953 1821 2253 1892 Pervigiles
2282 1823 2420 1878 inter
2447 1821 2636 1877 noctes
2668 1822 2903 1892 suspiria
2932 1821 3101 1875 duxit.

1878 1901 1932 1961 Β
1953 1893 2396 1965 ᾼεςτθάίιυιτψιθ
2428 1910 2559 1947 suos
2592 1894 2682 1947 tali
2711 1908 2965 1965 sermone
2996 1907 3282 1963 sequaces,

1952 1963 2276 2035 innumerus
2306 1963 2464 2035 quasi
2494 1972 2668 2019 coetus
2697 1972 2829 2028 erat,
2867 1963 3170 2035 tacitusque
3200 1964 3451 2019 manebat
3482 1984 3500 2020 :

1952 2033 2068 2089 Huc
2099 2050 2203 2105 ego
2235 2033 2345 2089 non
2377 2036 2502 2090 veni
2531 2035 2773 2091 facturus
2803 2035 2981 2088 inania
3019 2033 3199 2088 verba.

1949 2104 2221 2159 Hactenus
2248 2107 2499 2160 humanis
2530 2106 2675 2160 soliti
2707 2106 3009 2160 rationibus
3040 2104 3134 2170 uti,

1950 2174 1996 2230 Ο
2028 2176 2172 2231 docti
2195 2178 2448 2246 juvenes,
2479 2194 2670 2232 omnes
2701 2178 3000 2232 erravimus
3031 2192 3156 2242 una,

1950 2246 2059 2320 Sed
2086 2247 2213 2320 satis
2243 2255 2405 2320 atque
2437 2265 2602 2319 super
2626 2267 2641 2314 ;
2674 2248 2858 2302 divum
2875 2248 3039 2320 modo
3054 2247 3210 2320 jussa
3232 2261 3546 2320 sequamur.

1947 2317 2066 2391 Huc
2087 2318 2232 2391 veni,
2256 2317 2577 2391 ut'referam
2608 2319 2737 2391 quid
2761 2319 2953 2391 sentio,
2978 2318 3231 2391 quodque
3251 2319 3550 2374 tenendum

1948 2388 2249 2461 Consilium
2280 2390 2427 2457 duxi,
2460 2388 2795 2461 quidquidve
2825 2390 2893 2442 sit
2923 2388 3263 2461 utilepnobis,

1948 2459 2019 2531 Ut
2040 2460 2265 2529 pedicas
2294 2462 2453 2529 hujus
2478 2458 2628 2516 secli
2645 2461 2932 2531 fugiamus,
2976 2468 3027 2513 et
3057 2458 3189 2531 illud

1946 2530 2228 2585 Hesterna;
2257 2531 2395 2586 lucis
2425 2532 2625 2597 dirum,
2659 2529 3049 2586 etimiserabile
3073 2529 3260 2585 fatum.

1946 2598 2102 2669 Quis,
2133 2618 2344 2671 precor,
2380 2619 2446 2656 ex
2485 2602 2642 2656 nobis
2692 2602 2968 2655 hominem
3014 2607 3303 2671 pensasset
3348 2600 3550 2658 iturum

1944 2671 2027 2744 Ad
2061 2671 2265 2744 Stygia,
2299 2673 2592 2744 Cocytique
2623 2672 2869 2727 ardentia
2898 2680 3138 2741 guttura,
3172 2671 3332 2744 tantis

1945 2742 2187 2797 Moribus
2216 2742 2792 2813 illustrem,'tantoque
2822 2744 2996 2797 nitore
3027 2743 3258 2797 docendi

1944 2813 2322 2882 Perspicuum,
2355 2822 2408 2869 et
2435 2814 2596 2869 tantis
2628 2822 2837 2869 natura
2873 2814 3090 2868 dotibus
3121 2813 3369 2867 almum?

1944 2884 2211 2950 Vidimus,
2246 2884 2387 2940 heu!
2423 2893 2683 2955 quantum
2727 2901 2828 2939 nos
2858 2884 2989 2954 lippi
3031 2883 3287 2955 fallimur,
3323 2890 3378 2939 et
3416 2887 3547 2954 quot

1942 2955 2145 3036 ljostra
2174 2971 2274 3036 per
2290 2953 2525 3036 errores
2550 2963 2809 3036 versatur
2855 2953 3039 3036 opinio
3072 2953 3257 3009 fallax.

1945 3025 2333 3108 Quidmiseris
2364 3027 2522 3108 nobis
2550 3025 3102 3108 longopeccantibus
3131 3043 3233 3080 usu

1943 3096 2193 3163 Eveniet,
2225 3097 2271 3151 si
2300 3105 2447 3152 tanta
2472 3096 2678 3152 homini
2711 3096 2985 3152 damnatio
3024 3113 3225 3167 perpes

1943 3168 2041 3221 Est
2062 3168 2187 3241 data
2205 3170 2232 3222 ?
2249 3168 2295 3241 si
2316 3169 2371 3223 in
2393 3169 2554 3223 viridi
2568 3168 2718 3241 ligno
2740 3170 2843 3224 hoc
2859 3166 3066 3241 factum,
3081 3166 3181 3237 est,
3203 3167 3333 3238 quid
3354 3167 3409 3222 in
3424 3166 3546 3238 ipso

1865 3258 1912 3320 ο
1943 3238 2131 3320 ,ἔνθηρῇ
2158 3238 2249 3320 fiet
2268 3239 2493 3320 ?.(Ly.c.‘
2511 3238 2759 3320 25)ἶῖυέ
2789 3256 2890 3320 nos
2920 3239 3158 3294 vindicta
3186 3247 3452 3309 moretur,

1944 3309 2161 3364 Cernite
2183 3310 2432 3381 discipuli
2461 3309 2671 3377 dulces,
2703 3311 2895 3365 librate
2963 3326 3237 3381 arumper,

1944 3378 2161 3435 Ouanta
2188 3389 2268 3435 tot
2296 3381 2548 3435 ingentes
2577 3383 2889 3435 nureabunt
2908 3327 3101 3435 lgbrua
3133 3397 3237 3435 SOI‘t

1943 3378 2161 3453 Quanta
2188 3389 2268 3453 tot
2296 3378 2548 3452 ingentes
2577 3383 2889 3453 purgabunt
2908 3378 3101 3437 februa
3117 3378 3347 3453 sordes.

1942 3452 2114 3520 Hujus
2143 3452 2212 3506 ad
2240 3453 2345 3507 hoc
2367 3451 2589 3506 etenim
2607 3451 2794 3508 mundi
2826 3453 3087 3523 sapientia
3116 3451 3192 3506 nil
3222 3460 3307 3507 est

1939 3523 2011 3577 Et
2033 3522 2240 3594 justum
2271 3539 2540 3593 apparere
2567 3523 2701 3579 foris
2724 3522 3083 3594 sanctumque
3115 3523 3309 3578 videri.

2013 3593 2059 3648 Ο
2091 3593 2245 3649 chari
2271 3594 2520 3659 comites,
2552 3602 2763 3649 vestros
2793 3593 3132 3649 miserescite
3161 3609 3326 3648 casus
3359 3610 3373 3647 :

1938 3663 2177 3727 Cernite,
2211 3664 2389 3720 vicino
2418 3681 2567 3720 mors
2599 3673 2681 3719 est
2712 3665 2767 3719 in
2797 3664 3002 3732 limine,
3036 3681 3261 3720 curvam

1940 3735 2260 3808 Extendens
2284 3737 2511 3808 harpen,
2544 3736 2854 3808 viridesque
2880 3736 3085 3791 secabit
3102 3735 3187 3808 in,
3214 3736 3435 3807 herbas,

1938 3807 2183 3861 Temnite
2213 3806 2449 3875 divitias,
2483 3823 2617 3878 quas
2646 3824 2749 3863 nec
2768 3806 2991 3862 deferre
3030 3806 3223 3862 valetis

1939 3878 2234 3951 Vobiscum
2262 3887 2384 3951 post
2414 3878 2794 3951 fata,_precor,
2828 3879 2874 3932 si
2904 3879 3076 3951 verba
3116 3878 3368 3951 magistri

1941 3949 2180 4019 Penditis
2206 3968 2219 4015 ;
2255 3958 2306 4003 et
2336 3950 2381 4004 si
2413 3966 2500 4003 me
2530 3949 2699 4019 digno
2740 3950 2968 4005 servatis
2999 3949 3227 4017 honore,

1937 4018 2188 4091 Linquite
2224 4018 2953 4092 Pentapolimffugitivaque
2984 4021 3183 4076 saecula
3214 4037 3448 4088 mecum,

1937 4093 2118 4163 Atque
2144 4107 2344 4163 specus
2376 4107 2500 4147 cum
2530 4092 2647 4156 Lot,
2682 4100 3005 4163 montesque
3037 4092 3213 4146 subite
3242 4092 3500 4148 latentes.

1938 4162 2217 4233 Aspicitis,
2251 4170 2511 4232 quantum
2542 4179 2788 4233 praesens
2820 4162 2937 4218 haec
2970 4163 3073 4218 vita
3106 4164 3314 4218 caduca
3341 4172 3462 4231 est;

1938 4231 2332 4305 Qum‘dicenda
2361 4231 2715 4305 magis—mors
2747 4242 2829 4305 est
2858 4251 3015 4305 quam
3049 4234 3187 4305 vita,
3210 4233 3444 4305 fatebor.

1937 4302 2147 4375 Erigite
2178 4304 2250 4358 ad
2278 4302 2477 4375 caelum
2508 4312 2756 4369 mentes;
2790 4302 3073 4375 ibi—patria
3104 4304 3283 4371 nobis,

1935 4373 2137 4456 gostra
2168 4374 2322 4444 quies
2339 4374 2480 4456 illic,
2515 4383 2829 4456 aeternaque
2862 4373 3071 4456 mansio
3100 4375 3254 4456 pacis
3287 4392 3301 4428 :

1937 4444 2060 4499 Vita
2089 4445 2206 4499 haec
2237 4444 2485 4499 exsilium
2514 4445 2693 4512 nobis,
2725 4444 2778 4499 et
2806 4447 3021 4515 pondus
3043 4444 3311 4515 iniquum,

1939 4516 2077 4571 Sunt
2104 4516 2195 4587 ubi
2226 4522 2299 4570 tot
2327 4515 2535 4580 clades,
2569 4524 2756 4587 totque
2784 4516 3135 4572 adversantia
3161 4515 3289 4571 tela.

1863 4620 1917 4679 Β
1938 4586 2157 4679 ἔδει]ὼί
2187 4594 2263 4640 tot
2285 4587 2570 4679 ‘quoLndam
2600 4586 2850 4679 terranue
2876 4587 3122 4679 alariqtjie
3152 4593 3400 4657 potentes

1938 4658 2074 4729 Sunt
2099 4673 2264 4729 reges
2285 4655 2324 4712 ‘f
2343 4657 2454 4722 ubi,
2489 4674 2693 4729 quaeso,
2725 4655 2893 4712 duces
2912 4658 2940 4711 ?
2967 4655 3220 4714 diadema
3251 4655 3545 4729 superbum

1936 4728 2388 4799 Induperatorum
2421 4728 2531 4783 toto
2565 4728 2863 4799 spectabile
2889 4730 3092 4785 mundo
3112 4730 3140 4783 ?

1933 4799 2093 4854 Nunc
2121 4800 2212 4853 ubi
2242 4799 2506 4872 bellorum
2540 4800 2814 4872 quondam
2845 4799 3042 4856 virtute
3071 4799 3274 4872 periti?

1934 4873 2042 4944 Aut
2072 4879 2316 4925 oratores
2339 4870 2440 4944 ubi
2472 4870 2615 4937 sunt,
2648 4871 2888 4944 clarique
2916 4870 3093 4943 poeta:
3114 4874 3143 4927 ?

1934 4941 2193 5017 Pictores,
2227 4942 2539 5013 medicique
2567 4958 2784 5014 graves,
2801 4941 2815 4944 ’
2830 4941 3145 5017 sophiaeque
3168 4942 3473 5017 magistri?

1934 5012 1999 5086 Hi
2030 5012 2245 5083 periere
2275 5012 2488 5079 omnes,
2522 5012 2852 5086 pessumque
2882 5012 3072 5070 abiere
3100 5016 3202 5070 sub
3233 5012 3373 5071 imas

1933 5083 2222 5157 Terrarum
2256 5100 2472 5151 caveas,
2506 5085 2599 5140 ubi
2629 5083 2781 5157 mors
2808 5086 3117 5142 truculenta
3147 5097 3407 5157 moratur,

1932 5153 2001 5229 Et
2031 5154 2207 5229 solum
2236 5156 2572 5229 monimenta
2603 5156 2687 5229 sui
2717 5156 2927 5228 liquere
2959 5158 3229 5229 sepulcra,

1932 5225 2489 5300 immundoseineres
2520 5235 2571 5281 et
2600 5225 3037 5300 fetida'corpora'
3058 5225 3257 5286 bustis.

1932 5296 2210 5380 Heuvitae
2240 5296 2454 5353 fallacis
2485 5314 2637 5353 amor
2661 5298 2802 5380 lmqui
2835 5296 3104 5380 spargere
3131 5301 3297 5380 flores

1823 5392 1833 5401 -
1931 5366 2001 5420 Et
2031 5367 2204 5422 violas
2233 5385 2332 5440 per
2361 5384 2546 5440 agros,
2580 5385 2645 5425 ac
2666 5366 2778 5423 lilia
2809 5366 2997 5425 odora'
3017 5372 3238 5438 videris,

1930 5440 2109 5509 Atque
2139 5439 2299 5494 metis
2329 5439 2535 5509 spinas,
2570 5447 2724 5494 texos
2756 5448 2808 5495 et
2837 5442 3014 5496 toxica
3043 5442 3266 5497 demum

1931 5509 2279 5582 Et_risumpin
2309 5510 2487 5580 fletus,
2516 5519 2567 5565 et
2598 5511 2799 5582 gaudia
2825 5512 2883 5566 in
2915 5512 3072 5566 anxia
3103 5515 3291 5568 vertis.

2002 5580 2219 5638 Viventi
2248 5581 2457 5639 servire
2485 5580 2621 5639 Deo‘
2635 5582 2961 5638 suavissima
2991 5600 3081 5638 res
3112 5592 3217 5639 est.
