3928 6434
196 382 296 437 ΚΠ

1044 381 1138 435 DE
1186 379 1488 437 ORIGINE
1526 379 1729 436 SACRI
1768 375 2322 432 CARTHUSIENSIS
2371 374 2678 431 ORDINIS.

3419 375 3522 428 578

215 502 362 570 Quod
391 509 526 575 puto
560 519 685 575 non
712 503 877 575 lateat
924 519 1139 575 quoque
1178 511 1250 572 te,
1310 521 1431 560 cum
1480 504 1657 559 Gallia
1702 503 1888 562 totaA
1915 499 2070 575 absit
2090 498 2116 575 l_
2137 499 2469 575 sum‘potius
2496 499 2793 575 discrimen
2825 499 3001 554 iturus
3021 499 3075 553 in
3095 514 3275 575 omne.

217 575 318 644 Hac
337 572 580 628 novitate
611 574 691 627 rei
718 574 902 628 multis
940 572 1007 627 sit
1053 572 1219 644 plena
1275 576 1488 630 diebus.

217 643 267 716 ρ
294 658 454 716 quam
505 645 680 699 cruda
729 645 866 709 dies,
923 643 1225 716 grandique
1272 646 1553 702 tremenda
1584 660 1810 716 pavore,

218 712 452 785 Illa'fuit,
487 731 610 785 quae
649 731 751 769 nos
781 712 1201 771 tanto'calefecit
1229 733 1433 772 amore.

218 783 447 858 Singular
464 783 522 838 tu
538 786 680 858 nosti
698 786 910 852 melius,
930 787 1269 858 sanctissime
1289 798 1490 858 pastor,

219 854 387 922 Quem
418 855 566 909 Deus
589 855 848 910 illustrem
879 857 1072 924 majori
1103 854 1308 913 lumine
1346 858 1491 914 fecit.

217 926 278 979 Hi
292 941 406 997 sex
433 925 688 996 discipuli
718 927 948 997 rigidum
971 929 1343 983 conscendere
1359 936 1604 984 montem

218 995 536 1070 gelligionis
565 995 620 1050 in
651 995 999 1070 his—mecum
1031 999 1346 1070 regionibus
1397 1007 1600 1070 optant.

218 1068 330 1122 Uno
359 1066 548 1122 animo
577 1067 756 1122 cuncti
783 1067 838 1121 in
858 1075 1010 1122 vasta
1039 1066 1304 1126 vellemus
1334 1066 1517 1125 eremo

217 1139 432 1210 Degere
464 1146 522 1210 et
547 1137 601 1190 in
632 1137 822 1209 rigidis
845 1138 1010 1210 vitam
1041 1140 1312 1195 deducere
1341 1141 1530 1210 septis.

215 1208 328 1261 Jam
348 1209 528 1262 saturi
559 1208 782 1274 mundo,
816 1224 918 1264 nos
945 1208 1248 1264 fastidimus
1278 1211 1330 1264 in
1371 1208 1463 1266 illo

215 1277 494 1351 Quidquid
525 1278 700 1346 adest,
721 1295 1036 1351 omnesque
1053 1281 1170 1351 pari
1183 1281 1585 1335 inﬂammamur
1597 1294 1783 1334 amore
1805 1296 1817 1332 :

215 1351 360 1432 {Srge
399 1349 577 1404 locum
606 1349 764 1432 nobis
805 1349 1008 1421 aptum,
1043 1349 1200 1431 Pater
1228 1353 1445 1432 inclyte,
1478 1351 1673 1432 pande,

216 1418 625 1493 Pande,_r_ogo.
677 1418 889 1493 Scimus
952 1422 1209 1493 quoniam
1260 1418 1514 1492 patefecit
1569 1421 1820 1493 Olympus

213 1490 379 1563 :Iianta
415 1489 831 1563 tibi,'temetque
853 1489 1128 1563 juvamina
1174 1489 1332 1563 grata
1357 1494 1606 1547 daturum

213 1559 420 1632 Hociin
453 1575 608 1630 Opus,
645 1559 913 1632 nobisque
955 1562 1148 1618 ducem
1179 1559 1247 1617 ad
1302 1565 1522 1618 deserta
1561 1563 1815 1616 futurum.

214 1631 536 1705 Sic_Brtino.
570 1634 637 1684 At
665 1631 844 1705 verbis
877 1633 1011 1705 socii
1051 1650 1342 1690 assensere
1382 1634 1674 1705 loquentis.

283 1701 384 1754 llis
419 1701 576 1774 Pater
603 1702 802 1774 auditis
831 1704 1036 1774 nequiit
1068 1705 1326 1759 cohibere
1349 1701 1607 1760 cadentes

215 1773 297 1826 Ex
325 1771 507 1845 oculis
530 1772 742 1836 fluvios,
774 1771 1004 1845 levatae
1032 1775 1372 1845 amplectitur
1390 1775 1532 1838 illos,

220 1841 653 1915 Suspiciensque
699 1843 874 1915 polos,
936 1861 1060 1900 mox
1124 1841 1291 1901 verba
1348 1847 1528 1915 erupit
1567 1844 1622 1900 in
1667 1843 1893 1913 istazB

219 1913 263 1969 Ο
294 1913 770 1981 δυρποῐηεῡαῐοτ,
804 1914 1100 1969 devolvens
1125 1916 1340 1970 aetheris
1353 1913 1535 1982 orbes,

219 1985 463 2039 Inﬂuxus
480 1984 534 2038 in
563 1999 678 2055 ees,
714 1984 805 2055 qui
832 1992 1080 2055 tempora
1107 1987 1231 2041 lmta
1249 1987 1573 2052 ministrant,

218 2061 511 2128 Aureaque
533 2053 704 2128 effusa
732 2053 1009 2128 deducunt
1036 2057 1237 2112 sarcula
1264 2074 1399 2128 pace
1425 2057 1436 2112 l

220 2124 383 2196 Quali
407 2124 520 2197 ego
542 2133 594 2178 te
615 2125 782 2196 digne
800 2127 969 2181 verbo
1001 2127 1222 2182 laudare
1245 2124 1330 2182 vel
1358 2136 1501 2192 actu,

219 2197 508 2268 Aﬂ‘ectuve
537 2211 752 2267 queam,
786 2205 975 2252 nostro
1006 2198 1096 2268 qui
1129 2207 1274 2252 tanta
1293 2200 1395 2252 sub
1423 2213 1540 2254 aevo

220 2270 352 2325 Mira
371 2267 534 2341 facis,
568 2274 826 2341 tantoque
860 2267 1134 2341 hominem
1159 2269 1400 2341 dignaris
1429 2284 1612 2341 amore

219 2341 466 2395 Demere
496 2337 566 2392 de
590 2336 767 2401 luteis,
805 2344 855 2391 et
875 2339 942 2391 ad
973 2354 1131 2392 axem
1162 2336 1413 2394 attollere
1444 2339 1610 2395 curis.

219 2412 345 2466 Visa
377 2408 514 2464 mihi
536 2407 590 2460 in
620 2407 827 2479 somnis
849 2423 914 2479 ea
932 2416 1140 2479 septem
1164 2411 1366 2465 sidera.
1402 2410 1545 2478 Quid
1575 2411 1603 2463 ?
1628 2407 1684 2461 ni

219 2483 398 2537 llosce
421 2479 572 2533 viros
593 2478 829 2550 signant,
864 2478 979 2534 haec
997 2478 1208 2550 septem
1239 2489 1462 2550 pectora
1498 2485 1823 2543 monstrant,

219 2554 386 2631 Plena
408 2553 552 2613 Deo,
596 2548 857 2631 occiduos
885 2548 1268 2631 coilustratura
1298 2560 1525 2631 penates

217 2624 472 2695 Namque
503 2634 634 2695 s_u_o_s
664 2619 735 2672 ad
764 2635 864 2674 nos
894 2621 1076 2675 oriens
1094 2619 1395 2695 transmisit
1421 2623 1682 2695 honores,

222 2689 401 2769 Gallia
423 2701 482 2746 tu
514 2689 663 2756 felix,
697 2705 819 2769 quae
846 2698 992 2769 tanto
1015 2693 1264 2769 germine
1291 2693 1522 2762 gaudes,

223 2763 472 2839 Quamve
504 2760 798 2839 peregrino
827 2760 1081 2816 decorant
1110 2779 1140 2815 a
1160 2760 1376 2839 climate
1406 2771 1620 2834 gentes.

226 2830 348 2890 Mox
380 2833 491 2888 illis
522 2830 670 2885 dulci
702 2830 780 2884 sic
808 2840 889 2884 est
925 2848 1176 2887 sermone
1208 2830 1431 2888 locutus
1458 2849 1470 2887 :

223 2905 480 2959 Arbitror
510 2917 637 2956 esse
670 2900 867 2968 locum,
904 2903 1058 2957 vobis
1088 2904 1344 2958 divinitus
1375 2913 1564 2973 aptum

222 2974 336 3043 Qua
367 2973 716 3043 declinarunt
745 2979 953 3041 septem
984 2973 1052 3028 de
1081 2975 1318 3029 nubidus
1340 2983 1508 3030 astra.

224 3042 345 3116 Ipse
375 3046 542 3116 situm
571 3042 1141 3116 recoletmeinorique
1171 3045 1225 3098 in
1254 3054 1473 3115 pectore
1503 3063 1693 3111 servo;

223 3112 406 3171 Ardua
435 3113 659 3186 deducit
687 3112 1026 3186 gibbosaque
1046 3115 1236 3186 semita
1255 3112 1420 3186 rupis

227 3187 381 3253 Illuc,
417 3185 614 3240 effetus
646 3183 799 3238 locus
826 3192 907 3238 est
929 3183 980 3238 et
1001 3184 1253 3254 frigidus,
1275 3183 1418 3240 ultra

225 3259 403 3325 Quam
435 3253 748 3327 diciipossit
773 3272 786 3318 ;
820 3262 944 3308 sunt
972 3253 1098 3309 saxa
1119 3257 1358 3310 albentia
1380 3271 1617 3327 semper,

223 3327 480 3383 Assiduis
511 3325 739 3396 nivibus
759 3334 1018 3396 surgente
1040 3328 1281 3382 carentia
1304 3327 1439 3393 sole,

223 3399 380 3454 Mane
412 3395 662 3468 soporati
699 3394 1106 3468 simul'ibimus,
1137 3398 1511 3468 inspiciemus,

226 3466 511 3539 Quidquid
541 3466 662 3530 erit,
695 3481 920 3539 campos
948 3467 1021 3520 ibi
1047 3466 1541 3538 contemplabimur
1560 3474 1759 3524 arctos.

224 3537 441 3595 Interea
471 3553 709 3601 mecum,
745 3537 872 3603 nati,
915 3540 1183 3592 maneatis
1214 3537 1281 3593 in,
1299 3540 1439 3604 aula,

223 3612 291 3665 Et
320 3625 602 3664 memores
629 3614 811 3680 estote
830 3609 957 3680 mei,
990 3625 1368 3680 memoresque
1386 3625 1654 3665 meorum.

225 3681 430 3752 Sicque
461 3679 784 3752 quieverunt
800 3678 885 3732 hic
905 3678 1053 3752 factor
1070 3679 1176 3752 fine
1195 3678 1476 3752 loquendi.

296 3749 550 3821 Cumque
580 3749 779 3803 diurna
806 3765 948 3805 novo
977 3751 1094 3805 sole
1121 3749 1403 3806 intervalla
1436 3751 1701 3819 redirent,

225 3821 364 3899 Tum
392 3828 655 3876 montana
686 3827 874 3899 petunt
897 3835 1092 3899 omnes
1119 3829 1172 3876 et
1188 3822 1405 3877 culmen
1423 3822 1669 3892 apricum

225 3893 310 3947 Ad
342 3906 666 3963 supremum
695 3889 863 4014 igitur
891 3892 1108 3946 tandem
1128 3908 1324 3949 venere
1341 3889 1620 3948 cacumen.

226 3963 473 4014 Hernica
491 3977 626 4014 saxa
649 3960 703 4014 vi
744 3969 853 4014 ent.
883 3961 1283 4014 horrentesaue
1313 3964 1555 4014 undique
1582 3981 1620 4014 ιιι

226 3960 473 4035 Hernica
491 3977 626 4016 saxa
644 3960 853 4035 vident,
883 3961 1283 4035 horrentesque
1311 3964 1555 4035 undique
1582 3979 1764 4035 rupes.

226 4035 356 4106 Non
371 4033 620 4106 arbusta
640 4030 773 4106 illic,
806 4047 923 4106 non
943 4032 1096 4106 iigna
1124 4030 1352 4106 ferentia
1381 4030 1605 4106 fructus.

227 4105 326 4178 Yix
345 4104 425 4158 ibi
453 4111 579 4178 sunt
608 4101 795 4178 herbae
825 4101 1048 4178 virides,
1086 4104 1704 4178 humilesqueigenistze.

225 4175 440 4248 Hicque
470 4174 660 4246 rigore
691 4172 795 4227 loci
825 4175 1024 4243 praesul
1038 4172 1390 4300 (perterritus,
1431 4172 1621 4248 inquit,

228 4245 275 4300 Ο
307 4253 578 4300 quantum
607 4243 768 4298 doleo
783 4242 1008 4299 fratrum
1079 4246 1238 4300 ilecta
1256 4261 1482 4300 corona.

228 4245 275 4318 ρ
307 4242 578 4318 quantum
607 4243 768 4318 dolet)
783 4242 1008 4318 fratrum
1038 4242 1238 4301 dilecta
1256 4261 1482 4315 corona,

228 4314 365 4372 Tam
396 4315 621 4388 steriles
653 4314 854 4388 adiisse
891 4316 1062 4383 sinus,
1098 4317 1348 4371 sublimia
1381 4314 1553 4388 septa.

228 4388 313 4459 En
334 4386 652 4459 infecundae
677 4385 877 4459 vallant
907 4403 1008 4441 nos
1035 4388 1275 4459 undique
1301 4385 1506 4444 cautes.

229 4458 332 4512 Vix
362 4457 546 4513 solem
573 4455 885 4529 aspicimus,
918 4455 1221 4529 vesperque
1241 4475 1464 4515 manere
1487 4457 1703 4514 videtur

1917 572 2016 626 Hic
2045 570 2211 642 igitur
2239 570 2309 624 sit
2338 579 2527 624 nostra
2547 571 2719 641 quies,
2746 579 2798 625 et
2831 580 3015 625 sancta
3036 570 3304 642 voluptas.

1915 639 2092 706 Dixit;
2113 649 2166 695 et
2195 641 2480 695 unanimes
2511 639 2690 696 cuncti
2723 657 3012 696 assensere
3046 639 3307 711 loquenti.

1987 714 2094 767 Res
2125 712 2483 783 memoranda
2506 713 2685 783 statim
2715 712 2796 766 vir
2823 712 3309 783 praestantissimus
3339 711 3518 782 Hugo,

1916 785 2051 838 Cum
2079 783 2331 836 Brunone
2361 782 2524 836 simul
2552 782 2870 853 cunctisque
2887 783 3182 846 sodalibus,
3203 782 3309 837 ista

1917 854 2027 909 Ore
2059 869 2168 908 uno
2196 854 2379 907 dixere
2420 853 2630 908 alacres
2658 855 2713 906 in
2743 854 2983 908 carmine
3020 854 3188 908 verba
3221 867 3234 906 :

1918 925 1964 980 Ο
2005 924 2153 978 salve
2181 939 2399 992 semper
2429 924 2578 993 regio
2601 924 2864 978 tutissima
2884 925 3091 991 mundi,

1919 996 1965 1050 Ο
1995 995 2146 1050 salve
2169 995 2394 1065 quaesita
2420 994 2533 1058 diu,
2569 1002 2624 1048 tu
2663 1010 2827 1049 saxea
2859 995 3051 1062 moles,

1918 1064 2224 1138 Purgatura
2254 1066 2368 1138 pias
2388 1064 2555 1136 longa
2584 1079 2617 1138 a
2648 1066 2900 1138 rubigine
2930 1074 3158 1130 mentes,

1918 1137 1988 1191 Et
2014 1135 2215 1190 multos
2245 1136 2480 1189 missura
2494 1135 2722 1190 animos
2744 1135 2797 1189 in
2816 1145 2957 1191 tecta
2977 1138 3229 1192 deorum.

1921 1207 1967 1262 Ο
1999 1207 2167 1279 salve,
2203 1222 2462 1279 superum
2491 1222 2649 1279 mons
2671 1207 3043 1279 impinguatus
3065 1223 3272 1275 amore,

1921 1278 2087 1350 Cujus
2117 1286 2278 1343 terra,
2312 1277 2753 1350 licetsterilescat
2783 1277 3010 1333 munere
3038 1279 3232 1350 glebae,

1921 1349 2252 1424 gulturaque
2284 1363 2480 1424 carens
2511 1355 2566 1424 et
2605 1348 2874 1424 frugibus,
2900 1348 3062 1424 haud'
3079 1357 3257 1405 tamen
3287 1366 3522 1424 unquam

1919 1421 2018 1475 Est
2047 1418 2284 1474 caritura
2308 1418 2414 1471 illis
2446 1418 2710 1490 fruticetis
2726 1427 2886 1490 atque
2917 1421 3096 1474 virore

1921 1491 2036 1555 Illo,
2073 1506 2136 1544 ex
2167 1504 2276 1559 quo
2310 1490 2482 1543 sancti
2511 1489 2811 1560 gignuntur
2839 1492 2892 1544 in
2925 1492 3126 1545 aethere
3155 1489 3380 1549 fructus.

1921 1560 2117 1640 Elei-bis
2141 1568 2256 1614 aret
2277 1561 2492 1626 humus,
2515 1561 2612 1614 sed
2629 1576 2761 1640 ager
2777 1560 3064 1640 virtutibus
3085 1561 3243 1640 almis

1921 1632 2247 1701 Pinguescat
2277 1646 2519 1702 semper,
2549 1632 2757 1698 meritis
2791 1633 3098 1686 cumulatus
3129 1632 3345 1702 opimis.

1923 1700 2154 1766 Salvete,
2190 1717 2221 1755 ο
2252 1700 2438 1773 tacitae
2458 1701 2629 1768 silva),
2655 1709 2953 1773 tenuesque
2986 1700 3241 1773 myricae:

1923 1772 2126 1827 Sumite
2154 1787 2254 1826 nos
2284 1771 2444 1825 hilari
2474 1779 2657 1825 vestra
2686 1773 2740 1825 in
2773 1771 3058 1828 consortia
3072 1774 3240 1839 vultu,

1923 1843 2184 1899 Venimus
2222 1843 2328 1896 huc
2349 1841 2539 1912 victuri
2572 1857 2782 1908 omnes,
2819 1843 2979 1897 simul
3007 1852 3061 1897 et
3091 1844 3358 1912 morituri.

1997 1915 2122 1968 Post
2151 1914 2269 1967 haec
2296 1911 2532 1967 artifices
2563 1928 2778 1982 coepere
2807 1914 3062 1969 excidere
3083 1929 3216 1968 saxa

1925 1984 2149 2039 Cotibus
2178 1999 2243 2037 ex
2275 1984 2416 2044 altis,
2447 1983 2764 2054 calcemque
2793 2000 2990 2054 parere
3025 1993 3294 2040 tenacem.

1925 2002 2149 2039 uounus
2178 2002 2243 2037 ex
2275 2002 2416 2044 aius,
2452 2002 2678 2038 calcemt
2699 2002 2764 2037 ue
2793 2002 2990 2054 parere
3025 2002 3294 2040 tenacem.

1924 2056 1992 2126 Hi
2021 2054 2250 2126 fodiunt,
2289 2063 2371 2108 ast
2403 2053 2501 2126 hic
2519 2002 2765 2109 cumuios
2787 2057 3063 2126 componit
3092 2071 3295 2110 arenae.

1927 2125 2022 2181 llle
2045 2125 2221 2179 solum
2253 2124 2465 2196 sternit,
2488 2122 2683 2196 lateres
2715 2126 2804 2181 hic
2833 2122 3011 2196 portat
3041 2135 3094 2180 et
3122 2127 3315 2180 undas.

1928 2197 2150 2267 Scalpra
2180 2204 2396 2263 sonant,
2429 2195 2778 2267 dolabrasque
2799 2195 3015 2267 graves,
3049 2198 3306 2268 duraeque
3337 2195 3425 2251 bi-

3197 2283 3386 2323 ennes.

3197 2284 3315 2322 enni

1929 2335 2415 2418 Eengiusiauditur
2443 2336 2716 2418 strepitus,
2743 2353 3036 2418 rumprque
3059 2268 3315 2405 virgi'um,

1931 2407 2152 2462 Planitie
2173 2407 2227 2460 in
2257 2423 2469 2461 summa
2499 2409 2758 2478 cellaeque
2779 2418 2832 2462 et
2859 2407 2982 2463 fana
3031 2418 3308 2463 struuntur
3339 2427 3353 2464 :

1931 2479 2389 2549 Cliristiparzeque
2413 2494 2626 2532 sacrum
2648 2479 2896 2549 genitrici
2927 2496 2989 2535 ac
3018 2497 3110 2534 ara
3159 2481 3387 2535 dicatur.

1930 2549 2026 2603 Ille
2042 2549 2196 2603 locus
2226 2548 2468 2617 privatus
2497 2557 2612 2603 erat
2641 2548 2969 2618 pluvialibus
2993 2551 3172 2604 undis.

1929 2621 2052 2690 Non
2073 2619 2148 2672 ibi
2169 2619 2435 2683 cisternae,
2461 2627 2767 2690 puteusque
2789 2637 2889 2675 nec
2908 2621 3047 2675 ullus
3065 2621 3265 2676 ibidem
3301 2635 3314 2676 :

1932 2692 1994 2744 In
2025 2689 2183 2744 fovea
2212 2697 2420 2761 tantum
2449 2689 2700 2761 pluvialis
2719 2691 2940 2761 lympha
2961 2692 3212 2748 manebat

1932 2763 2137 2815 Mortua
2169 2777 2182 2812 :
2215 2767 2269 2812 et
2297 2759 2563 2813 interdum
2587 2759 2954 2816 luteo’fetebat
2982 2764 3172 2818 odore.

1935 2834 1994 2886 ln
2023 2845 2258 2885 moerere
2288 2845 2479 2884 omnes
2511 2831 2855 2885 incommoda
2875 2841 3020 2886 tanta
3052 2833 3316 2888 ferebant.

1936 2902 2054 2974 Sed
2075 2901 2370 2974 quidcerta
2403 2900 2539 2955 fides
2561 2916 2670 2955 non
2689 2903 2933 2974 impetrat
2955 2913 3116 2974 atque
3139 2911 3377 2959 meretur
3400 2904 3429 2958 ?

1936 2974 2007 3028 Se
2026 2971 2173 3026 dedit
2202 2972 2258 3024 in
2284 2971 2576 3044 iacry'mas,
2607 2973 2895 3044 oravitque
2924 2971 3156 3044 inclytus
3197 2974 3287 3029 ille

1937 3043 2144 3108 Cmtus,
2177 3049 2228 3097 et
2258 3042 2489 3115 obtinuit
2511 3043 2746 3115 supplex
2768 3042 2914 3114 qvod
2943 3047 3011 3098 ab
3037 3042 3139 3100 axe
3169 3045 3375 3115 petivit.

1934 3116 2180 3184 Namque
2201 3113 2380 3166 statim
2409 3113 2464 3186 in
2493 3113 2632 3186 dura
2656 3113 2847 3186 fodere
2865 3116 3146 3185 crepidine
3170 3113 3342 3186 rupis.

1868 3206 1915 3264 ο
1937 3186 2256 3264 ἕεᾳωοιέι,
2289 3184 2546 3264 continuo
2577 3184 2999 3264 latices‘fluxer’e
3031 3184 3300 3264 recentes,

1939 3258 2004 3310 Et
2033 3254 2178 3309 rivos
2208 3271 2372 3324 egere
2401 3255 2631 3324 amplos,
2666 3256 2734 3309 ad
2765 3255 3002 3311 ﬂuminis
3030 3257 3220 3324 instar,

1939 3325 2149 3398 Lambit
2179 3325 2358 3398 adhuc
2390 3341 2558 3380 curvo
2589 3325 2709 3398 fons
2742 3325 2830 3380 ille
2859 3329 3140 3389 cacumina
3171 3343 3356 3398 cursu,

1941 3397 2316 3466 Cellarumque
2347 3396 2531 3450 hortos
2561 3396 2735 3450 vitreo
2753 3397 3079 3454 circumfluit
3099 3415 3277 3456 amne.

1939 3469 2111 3542 l_)urat
2140 3466 2317 3542 adhuc
2345 3466 2562 3542 signum
2585 3483 2851 3542 renovans
2889 3470 3159 3542 miracula
3173 3473 3356 3542 Mosis,

1940 3539 2044 3608 Qui
2065 3537 2234 3591 sterili
2265 3537 2487 3590 deduxit
2515 3553 2688 3607 aquas
2717 3538 2784 3592 de
2827 3555 3100 3595 marmore
3131 3541 3320 3597 dulces
3343 3537 3364 3597 ἐ

1941 3609 2170 3682 Quando
2201 3608 2426 3682 Hebrzea
2456 3609 2652 3682 cohors
2683 3609 2903 3663 arabum
2935 3611 3153 3666 deserta
3187 3614 3393 3682 petivit.

2010 3681 2241 3759 Jamque
2271 3678 2681 3759 diessolemnis
2703 3687 2837 3744 erat,
2872 3697 2981 3751 quo
3010 3678 3256 3759 machina
3303 3701 3540 3759 surgens

1939 3750 2187 3820 Hospitio
2208 3757 2419 3819 poterat
2438 3751 2734 3804 monachos
2757 3750 2982 3806 servare
3001 3753 3237 3809 decenti.

1941 3822 2100 3893 Hugo
2131 3820 2236 3876 ciet
2265 3820 2491 3893 clerum,
2525 3821 2782 3893 civesque
2803 3822 2995 3877 invitat
3022 3825 3091 3878 ab
3120 3825 3257 3880 urbe

1940 3893 2025 3966 ad
2038 3891 2310 3966 summos
2328 3891 2531 3966 aditus,
2567 3891 2872 3966 incultaque
2905 3893 3088 3966 limina
3109 3898 3327 3966 mentis,

1941 3963 2169 4019 Visuros
2190 3961 2315 4036 fieri
2355 3961 2538 4036 festivi
2564 3961 2804 4036 encaenia
2833 3965 3041 4036 templi,

1943 4037 2120 4104 Atque
2140 4033 2298 4104 iviros
2318 4040 2497 4087 tantos
2528 4034 2768 4088 habitum
2789 4033 3108 4104 persumere
3126 4047 3329 4096 sancta:

1944 4103 2299 4178 Rusticitatis,
2327 4112 2385 4178 _et
2416 4119 2611 4178 exesas
2638 4103 2850 4160 latitare
2881 4123 2981 4176 per
3008 4109 3182 4178 alpes.

1944 4178 2069 4255 ipso
2100 4175 2264 4255 igitur
2281 4175 2444 4255 sciero
2475 4177 2764 4255 comitante
2783 4217 2796 4243 ,
2831 4175 3114 4255 eacumiria
3143 4180 3296 4255 silvas

1946 4245 2205 4321 Scandit;
2240 4253 2295 4300 at
2325 4245 2412 4301 hic
2440 4263 2590 4321 aegre
2622 4248 2803 4303 Bruno
2819 4246 3134 4321 fratresque
3165 4250 3413 4307 ferebant

1943 4317 2176 4389 Agmina
2203 4324 2282 4389 tet
2310 4317 2509 4386 gentis,
2542 4325 2622 4372 tot
2648 4334 2749 4389 per
2776 4318 2868 4388 pia
2899 4317 3351 4376 tecta'tumultus.

1945 4386 2151 4461 Praesul
2179 4387 2356 4461 adest,
2389 4403 2572 4461 sacras
2593 4386 2753 4461 solito
2777 4386 2925 4461 papit
2955 4391 3147 4446 ordine
3169 4399 3371 4461 vestes,

1946 4461 2013 4513 Et
2044 4459 2211 4513 decus
2241 4458 2468 4527 imponit
2497 4459 2678 4529 capiti,
2713 4458 3044 4529 biﬁdamque
3090 4463 3282 4516 tiaram
3316 4478 3330 4518 :

227 4529 608 4618 ilic‘semper,
655 4526 974 4618 nepulzeqiie
1003 4526 1200 4618 graves
1221 4569 1259 4610 ,_
1281 4531 1372 4586 hic
1395 4530 1562 4618 ‘pulla
1608 4529 1841 4585 ferarum
1863 4558 1918 4618 D
1947 4532 2148 4618 [fuimus
2168 4526 2425 4618 odorajtiis
2443 4526 2669 4618 renibus
2700 4546 2730 4585 e
2759 4531 2917 4618 thure
2940 4526 3149 4597 Sabaeo,

228 4601 425 4654 Lustra
442 4607 592 4664 tuor,
625 4597 805 4652 nullos
833 4597 1032 4667 aditus,
1067 4600 1298 4667 vestigia
1318 4601 1483 4656 nulla.

229 4671 356 4726 Non
385 4669 530 4735 avis,
555 4669 682 4733 huc,
713 4683 822 4722 non
851 4668 954 4735 vir,
986 4685 1094 4725 non
1126 4668 1308 4725 bellua
1337 4671 1561 4726 forsitan
1589 4672 1703 4727 ulla

229 4744 564 4814 Accessere,
598 4739 818 4814 horrent
848 4755 977 4795 sane
1005 4741 1122 4796 haec
1158 4741 1289 4814 loca,
1307 4742 1524 4814 frigida,
1557 4758 1774 4814 semper

233 4810 524 4882 Perpetuis
547 4809 771 4882 nivibus
801 4819 1055 4881 surgente
1085 4813 1330 4867 carentia
1350 4809 1484 4869 sole.

228 4880 926 4954 Erg‘oihomines_vivent,’_
954 4890 1190 4954 renuunt
1231 4883 1322 4937 ubi
1353 4884 1538 4940 vivere
1566 4883 1764 4940 bruta?

232 4949 476 5023 Pandite,
499 4949 854 5023 quid_facitis,
885 4951 1040 5023 sique
1069 4953 1159 5009 hic
1185 4954 1432 5010 habitare
1461 4955 1694 5012 valetis?

232 5024 435 5096 Sicque
465 5021 812 5096 loquebatur.
828 5021 1198 5096 _Repetentem
1217 5025 1431 5096 singula
1452 5028 1630 5083 Bruno

235 5095 331 5168 His
346 5091 658 5161 interrupit
685 5091 871 5168 verbis
903 5091 998 5168 :19
1029 5095 1263 5168 candide
1280 5091 1555 5168 princeps,

233 5167 431 5220 Nonne
461 5170 628 5234 putas
654 5163 848 5217 melius
877 5162 1106 5234 sufferre
1135 5162 1487 5222 incommoda
1500 5162 1703 5224 montis

237 5236 438 5314 ilujus,
463 5233 521 5289 et
553 5233 777 5314 algores
807 5233 1020 5314 gelidos
1036 5253 1206 5314 quam
1236 5237 1378 5314 ferre
1407 5239 1493 5293 vel
1510 5255 1632 5314 _uno

239 5303 442 5361 Inferni
473 5303 893 5378 tormentaidie,
913 5303 1223 5378 variosque
1262 5309 1480 5364 dolores
1508 5310 1534 5364 ‘P

239 5379 323 5431 Ad
353 5390 598 5440 superos
627 5373 809 5428 attollo
845 5375 1010 5440 acies,
1043 5386 1097 5432 et
1123 5373 1304 5434 mente
1333 5380 1552 5436 revolvo

237 5444 521 5522 iucundos
557 5444 675 5522 sine
701 5452 874 5522 morte
903 5446 1040 5512 dies,
1065 5456 1599 5522 etmunerasemper

241 5519 522 5594 guratum
553 5515 704 5594 oiim,
732 5515 1048 5594 nullumque
1086 5519 1320 5574 videntia
1348 5515 1529 5594 finem:

243 5590 362 5644 Huc
384 5594 550 5643 vocat
581 5585 942 5654 Omnipotens
962 5585 1099 5655 ‘nos,
1134 5599 1187 5645 et
1216 5591 1504 5647 manifesta
1541 5593 1749 5649 dedere

247 5661 424 5736 gigna
447 5657 585 5736 ppii,
607 5663 676 5736 .et
705 5655 930 5736 medicis
959 5659 1166 5736 damnis
1193 5662 1518 5736 terrebimiir
1545 5664 1706 5736 hujus

243 5727 380 5786 Viiae
408 5727 674 5798 infelicis,
705 5727 935 5799 vitaeque
973 5730 1173 5789 decore
1193 5732 1429 5790 carentis
1448 5733 1477 5788 7

1947 4601 2131 4673 Altius
2147 4599 2414 4673 ascendit,
2448 4599 2668 4671 fanique
2699 4601 2973 4673 volumina
2994 4603 3248 4673 complet.

1946 4669 2193 4746 Pontifici
2219 4671 2533 4746 cathedram
2555 4669 2704 4741 parat
2723 4672 2833 4746 ille,
2869 4673 2956 4746 hic
2986 4669 3227 4746 stragula
3261 4677 3471 4746 sternit,

1944 4743 2174 4814 Jamque
2206 4742 2524 4797 sacerdotes
2553 4757 2709 4814 aequo
2763 4743 3074 4799 discrimine
3107 4742 3306 4801 vocum

1948 4813 2218 4888 incipiunt
2247 4821 2454 4888 cantus,
2488 4813 2950 4888 rutilasassurgit
2979 4815 3047 4869 ad
3067 4831 3192 4888 aras

1945 4884 2156 4959 Pastor,
2189 4891 2243 4939 et
2271 4884 2466 4959 erectis
2487 4885 2611 4940 coeli
2641 4885 2708 4939 ad
2747 4884 2968 4959 fastigia
2996 4887 3194 4959 palmis

1948 4956 2171 5028 Mystica
2201 4963 2392 5028 sancta
2414 4956 2546 5022 litat,
2583 4957 2792 5028 superis
2813 4965 2866 5012 et
2883 4956 3124 5012 'munera
3154 4957 3306 5014 libat.

1951 5026 2178 5101 Dedicat
2206 5026 2417 5101 interea
2432 5026 2694 5101 templum
2723 5028 3134 5101 claustrumque
3165 5028 3441 5101 sacerdos,

1953 5099 2143 5168 Sitque
2172 5113 2329 5152 novm
2357 5099 2544 5152 domui
2566 5114 2767 5154 nomen
2795 5099 3095 5167 Carthusia,
3140 5101 3362 5156 mandat
3391 5117 3406 5156 :

1951 5168 2387 5239 Condendasque
2417 5169 2610 5224 domos
2641 5170 2924 5225 habituras
2954 5185 3155 5225 nomen
3186 5172 3254 5225 ab
3280 5171 3399 5228 illa.

1952 5239 2163 5313 Praedia
2183 5239 2424 5309 donavit,
2450 5241 2671 5313 donavit
2699 5241 2925 5313 pinguia
2955 5241 3098 5296 villae

1950 5311 2155 5383 Jugera
2172 5325 2280 5383 quo
2307 5311 2714 5383 monachiisine
2729 5311 2926 5382 questu
2948 5313 3128 5367 vivere
3148 5321 3400 5383 possent.

2071 5397 2173 5454 unc
2205 5381 2366 5454 adyta
2387 5381 2918 5454 ingredituriBruno,
2951 5381 3176 5454 senique
3206 5384 3445 5442 sodales.

1953 5451 2214 5522 Singulus
2241 5451 2467 5506 exuitur
2487 5453 2740 5522 pretiosis
2778 5469 2952 5522 usque
2980 5451 3212 5508 lacernis

1953 5522 2225 5594 Mollibus,
2259 5531 2418 5593 atque
2440 5524 2658 5577 trahunt
2687 5522 2938 5594 crepidas
2969 5541 2999 5579 e
3029 5525 3278 5580 cruribus
3309 5541 3500 5582 omnes

1955 5593 2274 5658 Confestim,
2299 5594 2526 5648 tondent
2556 5593 2825 5658 generoSo
2851 5611 2880 5649 e
2903 5595 3108 5650 vertice
3140 5595 3341 5652 crines.

1951 5665 2228 5734 Apparent
2247 5665 2510 5734 juvenum
2537 5665 2780 5720 formosa
2801 5672 2852 5720 et
2879 5665 3052 5720 lactea
3072 5666 3340 5732 membra,

1951 5733 2263 5807 Nudatique
2291 5743 2535 5804 manent,
2567 5736 2928 5807 gentibusque
2975 5743 3028 5791 et
3055 5750 3286 5806 corpore
3316 5734 3461 5793 ﬂexi.
