3928 6422
122 332 238 385 593

1621 329 1976 390 EPISTOLIE
1987 374 2002 390 .

3360 340 3464 395 59L

105 480 264 556 verit
299 489 364 556 et
395 483 454 537 in
477 499 645 556 unum
668 481 1137 556 comportaverit.
1171 482 1441 556 Guigonis
1475 484 1577 540 hac
1594 483 1674 556 de
1704 499 1764 538 re
1783 493 1835 551 Α
1873 483 2139 556 prioratus
2169 483 2252 556 sui
2268 497 2465 556 xxvii,
2496 482 2582 556 vel
2611 483 2843 550 circiter,
2874 499 2982 556 non
3020 485 3139 541 sine
3168 489 3467 548 sanctitatis

111 552 434 632 epistolam
466 555 639 632 habes
668 553 755 608 hic
801 569 867 632 ex
909 560 1056 608 tomo
1086 555 1107 606 Ι
1139 552 1540 632 Analectorum.
1585 555 1763 632 Porro
1868 552 2121 632 opinione
2150 553 2398 632 spiritum
2426 554 2912 632 Domi_no_reddidi_t
2939 571 3035 632 an_._
3053 557 3272 614 Domini
3305 564 3459 628 1137,

109 623 661 701 quinquagesimum
692 623 865 680 aetatis
898 639 1070 701 agens
1100 639 1323 701 annurr,
1356 626 1549 701 inquit
1581 625 1758 692 Sutor,

111 693 214 748 lib.
257 693 300 748 ri
336 693 452 751 Vit.
488 695 697 764 Carth.,
744 709 866 765 cap.
920 693 970 760 5',
1024 695 1400 752 conversionis
1438 693 1570 752 vero
1614 711 1758 762 xxx,

1865 625 1937 680 ab
1966 625 2308 681 inchoatione
2335 640 2467 680 vero
2497 625 2704 681 ordinis
2729 641 2843 681 Llll.
2876 627 2951 681 Ita
2982 627 3093 684 ille.

125 842 2946 879 ῃ

1277 987 2162 1122 GUIGONIS
2279 989 2312 1119 Ι

555 1201 1054 1266 CARTHUSI/E
1102 1205 1451 1271 MAJORIS
1501 1206 1711 1270 POST
1763 1206 1828 1266 S.
1883 1205 2346 1268 BRUNONEM
2392 1205 2721 1268 PRIORIS
2767 1205 3041 1277 QUINTI

1461 1370 2144 1474 EPISTOL/E.

924 1555 972 1611 Ῑ.

115 1689 204 1746 Ad
233 1690 645 1747 Durbonenses
666 1691 746 1764 (3)
775 1694 1083 1763 fratres.—
1099 1693 1174 1749 De
1202 1696 1578 1767 supposititiis
1608 1697 1759 1754 beati

592 1780 918 1854 Hieronymi
945 1783 1218 1856 epistolis.

351 1904 612 1974 (ΜΑΒιιι.
646 1907 904 1963 Analect.
934 1923 1063 1965 nov.
1095 1907 1249 1973 edit.,
1283 1924 1338 1978 p.
1386 1909 1536 1979 464.)

193 2025 418 2081 Amicis
449 2033 504 2082 et
558 2026 823 2084 fratribus
853 2029 910 2084 in
957 2029 1169 2085 Christo
1213 2029 1602 2088 dilectissimis.
1651 2033 1753 2088 LA-

119 2130 266 2170 zsao
301 2115 660 2170 Durbonensi
692 2117 877 2188 priori,
914 2124 967 2172 et
998 2117 1211 2174 caeteris
1241 2118 1294 2173 in
1343 2119 1535 2174 eadam
1567 2136 1752 2177 eremo

115 2204 239 2259 Deo
273 2202 692 2270 famulantibus,
753 2205 1052 2262 Carthusiae
1095 2207 1249 2278 prior
1288 2216 1514 2263 vocatus
1544 2208 1748 2276 GUtGo,

118 2299 396 2348 cateruam
421 2308 452 2346 a
483 2293 714 2348 Domino
747 2293 993 2350 salutem.

194 2381 354 2436 Inter
385 2389 588 2436 caetera
619 2382 1010 2438 catholicorum
1030 2383 1294 2449 virorum,
1319 2401 1441 2456 quae
1470 2384 1542 2441 ad
1570 2385 1748 2442 erudi-

120 2469 337 2525 tionem
348 2468 598 2525 ﬁdelium
616 2470 1242 2543 elaboraveruntopera,
1263 2489 1383 2544 quae
1395 2481 1583 2529 nostra
1605 2491 1746 2547 quo-

118 2574 227 2629 que
243 2557 500 2630 parvitas
521 2573 865 2631 congregare
889 2561 1099 2616 studuit
1119 2561 1206 2618 vel
1229 2562 1557 2629 emendare;
1583 2564 1746 2620 etiam

121 2647 396 2716 epistolas
428 2648 575 2703 beati
617 2648 949 2720 Hieronymi,
1003 2657 1266 2722 quotquot
1315 2651 1607 2722 potuimus,
1639 2670 1744 2708 un-

119 2735 421 2808 decunque
450 2735 722 2807 quaesitas,
757 2744 810 2792 et
841 2752 942 2809 pro
971 2752 1237 2794 concessa
1268 2753 1300 2793 a
1331 2739 1447 2794 Deo
1490 2738 1744 2797 facultate

116 2824 430 2880 mendaciis
461 2833 812 2897 expurgatas,
846 2826 902 2880 in
931 2843 1096 2882 unum
1127 2827 1340 2900 grande
1371 2828 1627 2885 volumen
1648 2846 1738 2886 re-

1770 1563 1823 1624 B
1853 1570 1982 1618 est:
2017 1570 2132 1617 tum
2177 1561 2302 1633 quia
2348 1561 2558 1632 pmfati
2605 1562 2861 1618 doctores
2907 1575 3180 1634 nunquam
3223 1562 3366 1618 inter
3401 1579 3463 1619 se

1858 1651 2275 1722 praesentialiter
2303 1657 2427 1706 sunt
2471 1650 2657 1720 locuti,
2689 1658 2801 1706 tum
2831 1650 2959 1722 quia
3007 1651 3200 1706 eadem
3231 1652 3460 1724 quaestio

1856 1756 1958 1794 nec
1986 1739 2129 1810 apud
2159 1755 2275 1807 eos,
2308 1754 2412 1795 nec
2441 1739 2586 1810 apud
2623 1747 2851 1795 caeteros
2901 1737 3028 1794 ﬁdei
3058 1739 3340 1797 catholica:
3369 1757 3458 1798 se-

1856 1835 2088 1885 ctatores
2119 1829 2298 1884 adhuc
2327 1844 2503 1899 usque
2549 1827 2719 1899 potuit
2747 1827 2955 1898 liquido
3003 1827 3233 1884 definiri.
3282 1829 3454 1898 Hujus

1854 1917 2235 1988 disputationis
2265 1916 2372 1972 tale
2421 1916 2687 1986 reperitur
2724 1915 3095 1987 principium:
3133 1917 3272 1973 Cum
3300 1918 3452 1990 apud

1853 2022 1945 2062 vos
1982 2006 2223 2062 caelestis
2253 2006 2574 2078 eloquentia
2601 2004 2899 2078 purissimi
2935 2005 3136 2075 fontis.
3158 2005 3242 2061 Ne
3273 2014 3454 2062 autem

1853 2094 2099 2166 praedicti
2157 2093 2398 2150 doctoris
2458 2092 2702 2164 epistolae
2764 2092 2882 2148 sine
2926 2092 3234 2149 rationabili
3283 2110 3451 2150 causa

1853 2184 2000 2253 apud
2049 2183 2331 2255 imperitos
2374 2198 2475 2238 suo
2539 2182 2830 2238 videantur
2875 2198 3104 2238 numero
3151 2182 3448 2252 diminutas,

1851 2273 1952 2328 has
1982 2279 2185 2328 nostrae
2209 2271 2490 2342 parvitatis
2516 2270 2724 2327 litteras
2768 2271 2822 2326 in
2852 2270 3120 2344 principio
3165 2272 3446 2329 collocate.

1851 2361 2057 2417 Valete.
2091 2360 2260 2416 Orate
2281 2375 2382 2432 pro
2413 2360 2592 2415 nobis.

2614 2503 2681 2558 ΙΙ.

1918 2628 2001 2685 Ad
2017 2630 2252 2685 Petrum
2284 2587 2680 2692 Venerabilem,
2715 2625 3146 2683 Cluniacensem
3165 2626 3438 2683 abbatem.

2129 2698 2498 2771 (Bibliotheca
2529 2699 2936 2764 Cluniacensis,
2971 2713 3025 2768 p.
3069 2697 3232 2767 653.)

1917 2822 2150 2880 Domino
2179 2831 2232 2880 et
2260 2822 2402 2878 Patri
2430 2823 2485 2877 in
2533 2822 2749 2878 Christo
2790 2821 3234 2877 reverentissimo
3262 2820 3448 2876 abbati

118 2912 405 2984 degimus.
457 2913 805 2969 Abscidimus
834 2923 1013 2970 autem
1061 2915 1131 2969 ab
1161 2915 1241 2970 eis
1270 2916 1558 2988 quasdam,
1603 2935 1740 2990 quas
1767 2923 1814 2984 ο
1843 2913 2184 2969 Cluniacensi
2211 2914 2419 2978 Parno,
2451 2910 2784 2984 dignationis
2828 2911 2945 2979 ejus
2975 2926 3168 2966 servus
3199 2917 3250 2964 et
3277 2907 3439 2978 ﬁlius,

117 3001 208 3056 vel
247 3017 317 3057 ex
347 3001 582 3057 aliorum
623 3002 907 3058 doctorum
952 3003 1182 3074 scriptis,
1216 3003 1302 3060 vel
1338 3021 1404 3060 ex
1454 3006 1577 3077 styli
1607 3023 1739 3063 sen-

120 3090 533 3162 tentiarumque
563 3090 840 3159 distantia,
880 3092 1038 3148 titulo
1077 3092 1208 3147 tanti
1238 3092 1341 3147 viri
1371 3095 1738 3165 comperimus

118 3178 430 3251 indignas:
465 3195 530 3234 ex
581 3179 780 3250 quibus
827 3179 922 3236 illa
967 3187 1050 3234 est
1096 3180 1252 3248 cujus
1299 3191 1383 3237 est
1431 3182 1618 3237 titulus
1667 3183 1736 3238 ad

119 3267 555 3334 Demetriadem,
589 3267 693 3323 hoc
720 3268 929 3324 habens
959 3267 1170 3324 initium
1199 3284 1210 3322 :
1236 3271 1296 3328 Si
1323 3285 1540 3328 summo
1571 3274 1735 3344 inge-

119 3357 216 3412 nio
247 3358 493 3430 parique
509 3359 694 3421 fretus
715 3359 981 3413 scientia.
1019 3357 1168 3412 Hanc
1192 3357 1390 3430 quippe
1415 3360 1604 3415 beatus
1626 3363 1737 3415 Au-

120 3444 377 3516 gustinus
406 3445 464 3498 in
491 3459 658 3516 opere
686 3453 873 3501 contra
901 3444 1183 3516 Pelagium
1215 3447 1295 3503 De
1327 3448 1508 3520 gratia
1538 3449 1734 3504 Christi

120 3542 174 3588 et
203 3533 275 3590 de
305 3541 539 3605 peccato
570 3533 843 3606 originali,
879 3535 1124 3603 ejusdem
1155 3535 1360 3608 Pelagii
1409 3552 1533 3593 esse
1580 3537 1731 3608 dicit,

121 3621 379 3693 quaedam
409 3621 582 3692 ipsius
628 3621 828 3678 frustra
859 3623 1108 3678 tractatui
1159 3639 1258 3678 suo
1288 3624 1612 3681 interferens
1644 3634 1732 3681 at-

121 3727 228 3780 que
260 3711 630 3783 redarguens.
667 3711 803 3766 Huic
833 3711 1104 3766 adduntur
1133 3719 1188 3766 et
1213 3713 1352 3780 istae,
1386 3713 1453 3768 ad
1482 3714 1732 3770 Titatium

120 3797 188 3853 de
216 3807 396 3856 morte
419 3798 560 3868 tiliae,
587 3799 744 3868 cujus
764 3798 977 3854 initium
1001 3799 1106 3856 tale
1131 3808 1212 3856 est
1238 3817 1251 3854 :
1280 3800 1589 3859 Charitatis
1620 3806 1732 3860 tua:

116 3888 339 3960 scripta
363 3888 613 3960 percepi.
645 3888 728 3943 Ad
760 3887 1038 3945 Oceanum
1070 3889 1463 3955 consolatoria,
1498 3891 1604 3946 tale
1633 3892 1731 3946 ha—

116 3974 256 4030 bens
285 3976 497 4032 initium
533 3994 546 4032 :
575 3977 933 4033 Diversarum
971 3979 1296 4050 opprobria,
1333 3979 1730 4036 tribulationes

118 4065 494 4137 multiplices.
528 4065 610 4121 Ad
658 4065 900 4132 viduam,
934 4083 1056 4138 quae
1085 4066 1166 4122 sic
1207 4066 1393 4138 incipit
1429 4082 1441 4121 :
1472 4069 1729 4140 Magnam

121 4150 443 4210 humilitati
464 4158 675 4210 nostra:
696 4155 966 4223 ﬁduciam
985 4155 1286 4211 scribendi.
1315 4155 1397 4210 Ad
1427 4155 1718 4229 virginem,

116 4239 229 4296 sive
261 4243 332 4299 ad
363 4241 536 4298 ﬁliam
565 4242 802 4299 Mauricii
846 4243 1159 4314 (dupliciter
1212 4244 1415 4318 quippe
1458 4244 1728 4302 intitulata

118 4331 413 4402 reperitur)
463 4331 747 4388 exordium
795 4332 939 4388 istud
990 4331 1268 4402 accipiens
1303 4348 1315 4387 :
1351 4334 1633 4400 Quantam
1663 4335 1726 4390 in

118 4419 436 4476 caelestibus
457 4421 890 4477 beatitudinem.
914 4421 1048 4476 Item
1069 4421 1136 4476 de
1157 4420 1316 4492 lapsu
1337 4420 1586 4493 virginis,
1610 4422 1726 4479 sive

114 4505 181 4562 de
209 4509 547 4578 poenitentia,
582 4510 651 4564 ad
705 4510 1010 4566 Susannam
1043 4526 1058 4565 :
1091 4517 1323 4582 uterque
1366 4511 1512 4566 enim
1538 4511 1726 4568 titulus

115 4592 167 4647 in
197 4596 434 4653 diversis
463 4598 746 4655 codicibus
775 4598 1068 4654 invenitur.
1096 4597 1232 4666 Qua:
1252 4606 1364 4654 tam
1390 4599 1624 4655 diversis
1657 4601 1725 4656 ti-

118 4683 311 4740 tulatur
341 4688 679 4754 auctoribus,
723 4695 781 4742 ut
833 4702 1026 4742 eorum
1071 4686 1272 4743 nullius
1305 4687 1374 4743 sit
1416 4689 1724 4745 decoranda

119 4775 407 4843 vocabulo,
443 4776 598 4845 cujus
628 4777 733 4832 hoc
763 4783 845 4831 est
871 4775 927 4831 in
946 4775 1274 4848 quibusdam
1303 4776 1459 4832 libris
1488 4777 1719 4834 initium.

118 4861 258 4919 Puto
285 4865 403 4921 leve
427 4881 543 4921 esse
562 4866 801 4922 crimen.
837 4865 898 4920 In
918 4864 1040 4920 aliis
1056 4863 1200 4920 istud
1235 4881 1247 4919 :
1282 4867 1422 4935 Quid
1436 4867 1572 4936 agis,
1597 4870 1723 4924 ani-

121 4956 253 5007 ma?
281 4955 415 5026 quid
430 4954 862 5024 cogitationibus
882 4957 1091 5009 (estnos
1109 4959 1134 5010 Ρ
1163 4953 1244 5008 Ad
1278 4954 1624 5010 Desiderium
1652 4956 1721 5011 de

117 5050 196 5092 xu
225 5038 526 5098 lectoribus
557 5057 591 5096 a
627 5042 816 5098 nescio
863 5057 971 5113 quo
1002 5043 1058 5097 in
1102 5042 1413 5098 irrisionem
1442 5043 1722 5099 doctorum

119 5132 435 5200 composita.
461 5131 544 5186 Ad
572 5130 873 5186 Celantiam
905 5130 1254 5201 sicincipiens
1287 5149 1300 5184 ε
1343 5133 1551 5188 Veteris
1572 5135 1720 5189 scri-

113 5219 292 5284 ptura
319 5221 602 5277 celebrata
622 5222 914 5276 sententia
933 5224 1040 5275 est.
1066 5221 1194 5276 Hzec
1215 5219 1354 5291 stylo
1377 5220 1596 5292 quidem
1616 5237 1718 5277 no-

118 5300 305 5362 biliore
333 5317 416 5364 est
440 5309 661 5380 scripta,
697 5307 798 5364 sed
828 5323 930 5363 nec
961 5307 1041 5364 sic
1069 5309 1231 5364 beato
1263 5309 1595 5379 Hieronymo
1624 5310 1712 5366 di-

117 5406 238 5461 gna.
290 5396 571 5454 Postrema
620 5404 706 5452 est
752 5396 822 5450 de
869 5396 1084 5470 origine
1143 5397 1337 5452 animae
1381 5397 1714 5468 disputatio,

115 5483 263 5550 quasi
292 5485 433 5541 inter
463 5486 654 5540 beatos
685 5485 1078 5554 Hieronymum
1109 5493 1164 5540 et
1192 5485 1592 5558 Augustinum,
1625 5487 1719 5542 ubi

115 5564 235 5626 licet
263 5575 426 5631 multa
457 5589 524 5630 ex
554 5588 744 5630 eorum
791 5573 1008 5646 scriptis
1037 5581 1322 5646 ponantur,
1368 5572 1503 5629 falsa
1534 5581 1717 5630 tamen

1843 3000 2308 3058 Carthusiensium
2348 3015 2651 3072 pauperum
2702 2998 2908 3054 inutilis
2955 2998 3138 3054 Gmco
3186 2997 3437 3066 famulus,

1840 3099 2103 3162 perpetua
2131 3104 2267 3160 pace
2299 3089 2538 3162 gaudere
2566 3104 2666 3159 per
2695 3087 2989 3143 Christum.

1912 3178 2261 3245 Cruciﬁxum,
2307 3175 2601 3234 cruciﬁxus
2652 3183 2704 3232 et
2747 3176 2882 3248 ipse,
2915 3174 3303 3248 cruciﬁgendis
3331 3175 3440 3231 mi-

1839 3267 2006 3323 sistis.
2041 3266 2257 3322 Gratias
2299 3266 2479 3339 itaque
2519 3265 2820 3330 reddimus,
2869 3279 2970 3337 pro
3017 3264 3270 3337 qualitate
3311 3280 3438 3320 mu-

1839 3357 2004 3422 neris,
2039 3355 2289 3412 charitati
2319 3354 2700 3412 muneratoris.
2751 3355 3140 3410 Verumtamen
3169 3361 3354 3410 vestra
3381 3354 3438 3409 in

1836 3445 2030 3502 litteris
2058 3461 2192 3518 quas
2221 3444 2445 3500 misistis
2491 3457 2752 3515 expressa
2800 3443 3058 3510 charitas,
3104 3450 3308 3499 nostrae
3335 3444 3437 3500 etsi

1835 3550 2092 3607 magnam
2118 3541 2336 3606 praestat
2365 3532 2795 3590 consolationem
2835 3530 3151 3598 infirmitati,
3183 3547 3292 3588 non
3323 3532 3432 3588 mi-

1834 3640 2025 3681 norem
2055 3633 2237 3680 tamen
2267 3622 2541 3678 humilitas
2588 3620 2963 3678 confusionem
3000 3619 3198 3692 ingerit
3245 3627 3429 3680 extre-

1832 3713 2025 3768 mitati.
2056 3712 2212 3770 Unde
2241 3712 2475 3784 petimus
2497 3726 2595 3783 per
2623 3725 2764 3774 eam,
2816 3725 2921 3782 qua
2948 3708 3142 3765 in-nos
3171 3708 3428 3782 indignos

1832 3810 2009 3858 vestra
2039 3801 2251 3858 fervent
2279 3801 2510 3867 viscera,
2558 3798 2923 3865 dilectionem,
2971 3805 3032 3853 ut
3078 3798 3295 3870 quando
3323 3812 3428 3854 no-

1833 3898 1960 3947 strae
2017 3890 2294 3964 exiguitati
2340 3897 2523 3946 vestra
2563 3888 2804 3945 scribere
2851 3887 3108 3960 dignatur
3137 3887 3423 3955 serenitas,

1830 3979 1902 4034 ita
1927 3979 1996 4036 de
2028 3979 2248 4051 propria
2288 3978 2537 4052 cogitetis
2584 3975 2942 4033 mdificatione
2971 3984 3030 4031 ut
3057 3974 3424 4031 infirmitatem

1829 4077 2070 4125 nostram
2118 4067 2424 4139 periculosa
2479 4081 2590 4123 non
2638 4065 2837 4122 inﬂetis
2885 4064 3134 4120 elatione.
3179 4065 3249 4119 Et
3294 4064 3426 4120 illud

1829 4174 1939 4229 prae
1969 4156 2223 4212 omnibus
2251 4163 2304 4210 et
2345 4171 2514 4226 super
2556 4154 2737 4210 omnia
2784 4169 3116 4226 quaesumus,
3150 4160 3204 4209 et
3231 4152 3424 4209 deﬁxis

1755 4282 1807 4342 Β
1827 4246 1882 4301 in
1912 4253 2112 4301 terram
2143 4244 2376 4317 genibus
2405 4244 2775 4309 obsecramus,
2799 4258 2869 4297 ne
2898 4242 3154 4297 vilitatem
3187 4249 3428 4297 nostram

1827 4334 2001 4390 Patris
2046 4333 2266 4388 nomine
2310 4331 2536 4405 dignam
2574 4331 2798 4386 ulterius
2832 4329 3135 4387 aestimetis.
3193 4330 3339 4386 Satis
3367 4339 3422 4388 et

1825 4439 2012 4495 super,
2044 4421 2178 4478 satis
2206 4429 2308 4490 est,
2340 4421 2387 4475 si
2418 4420 2600 4486 frater,
2634 4420 2681 4475 si
2710 4419 2936 4488 amicus,
2971 4418 3019 4474 si
3055 4417 3199 4473 ﬁlius
3226 4419 3422 4491 appel-

1825 4511 1982 4576 letur,
2016 4511 2106 4583 qui
2136 4523 2239 4566 nec
2268 4508 2412 4565 servi
2437 4507 2656 4564 nomine
2686 4507 2888 4581 dignus
2927 4506 3173 4562 habetur.
3208 4507 3414 4563 Valete.

1825 4601 2062 4656 Salutate
2093 4599 2424 4655 reverendos
2453 4599 2640 4653 Patres
2669 4605 2722 4653 et
2751 4596 3002 4652 dominos
3029 4603 3264 4663 nostros,
3298 4595 3420 4668 qui-

1825 4690 1926 4745 bus
1956 4696 2240 4760 paternam
2271 4702 2456 4743 curam
2506 4685 2838 4758 impenditis,
2879 4700 3110 4757 quorum
3137 4685 3339 4755 pariter
3369 4692 3422 4740 et

1822 4778 2021 4834 vestris
2050 4777 2308 4850 precibus
2337 4783 2580 4832 nostram
2628 4773 2922 4830 illuminari
2961 4772 3278 4839 cacitatem,
3327 4789 3420 4828 ro-

1824 4866 2003 4923 borari
2030 4865 2398 4921 inﬁrmitatem
2427 4874 2482 4922 et
2514 4863 2720 4920 aboleri
2772 4862 3008 4934 petimus
3056 4861 3419 4934 iniquitatem.

1822 4955 2020 5012 Domni
2063 4955 2276 5011 Arberti
2323 4953 2549 5024 majoris
2596 4952 2797 5024 prioris
2843 4949 3264 5018 inﬁrmitatibus,
3296 4958 3420 5005 tan-

1821 5060 1984 5118 quam
2043 5043 2251 5116 antiqui
2308 5059 2370 5098 ac
2418 5041 2699 5098 familiaris
2760 5040 2940 5107 amici,
2997 5047 3182 5096 nostro
3230 5038 3421 5096 delore

1821 5134 2202 5204 compatimur.
2236 5133 2508 5188 Domuum
2552 5146 2769 5203 quoque
2816 5131 3056 5196 Petrum,
3102 5129 3301 5185 vestris
3329 5128 3422 5184 lit-

1821 5223 1948 5277 teris
1981 5221 2290 5294 specialiter
2336 5220 2586 5286 inditum,
2638 5217 2952 5290 specialiter
2994 5224 3048 5273 et
3074 5217 3177 5288 ipsi
3208 5218 3419 5274 saluta-

1819 5327 1960 5366 mus.
1994 5311 2098 5365 Pro
2145 5307 2449 5365 visitatione
2497 5308 2660 5363 etiam
2725 5322 2888 5378 quam
2923 5306 3083 5362 nobis
3124 5306 3210 5361 vir
3254 5321 3421 5378 egre-

1819 5400 1943 5471 gius
1971 5397 2511 5470 priorclaustrensis
2560 5404 2613 5452 et
2642 5396 2876 5452 domnus
2907 5397 3066 5468 Hugo
3097 5394 3166 5450 de
3198 5395 3424 5450 Creceio

1821 5499 1992 5554 nuper
2019 5483 2336 5548 exhibuere,
2369 5480 2675 5551 paternitati
2722 5487 2920 5536 vestrae
2966 5479 3172 5552 gratias
3203 5479 3420 5552 agimus

1818 5572 2155 5629 Incolumem
2183 5585 2282 5628 vos
2318 5570 2544 5627 assiduo
2590 5570 2850 5626 virtutum
2895 5567 3165 5641 profectu,
3215 5569 3287 5624 ad
3315 5583 3420 5623 no-

180 5723 252 5791 (3)
300 5727 566 5782 Carthusia
617 5726 952 5778 Durbonensis
1028 5727 1078 5778 in
1146 5727 1400 5778 Provincia
1426 5765 1441 5788 ,
1504 5725 1727 5779 ditecesis
1751 5725 2095 5792 Vapincensis.
