3928 6412
535 355 641 410 595

1346 352 1689 412 GUIGONIS
1736 352 1760 408 ι
1802 344 2212 407 CARTHUSIE
2256 344 2551 402 MAJOBJS
2576 343 2855 402 PRIORIS
2901 346 2967 401 ν.

3718 344 3824 398 596

536 486 709 533 strum
731 485 784 533 et
814 476 973 532 totius
1000 476 1263 533 Ecclesiae
1303 478 1579 551 gaudium,
1603 475 1889 533 clementia
1934 472 2119 528 divina
2145 471 2197 533 Δ.
2223 484 2390 525 suum
2411 470 2477 525 de
2496 473 2691 525 monte
2713 470 2849 526 Oreb
2870 468 3071 539 (Exod.
3093 482 3300 549 xum,
3324 468 3399 535 5).
3425 467 3667 539 Itemque
3684 467 3827 522 alias

536 574 839 621 conservet.
874 566 1029 636 Apud
1060 565 1255 621 fratres
1284 576 1503 622 nostros
1539 574 1721 621 nostra
1768 562 2127 619 commenda-

534 653 679 708 tione
715 668 823 707 non
871 654 1145 724 indigetis.
1214 655 1445 725 Ipsemet
1492 654 1635 709 enim
1683 652 1876 708 vestris
1920 649 2125 705 meritis

536 742 838 813 vestrisque
869 742 1061 797 litteris
1090 758 1278 797 eorum
1310 743 1613 798 visceribus
1648 749 1883 797 vestram
1910 752 2123 795 memo-

535 830 671 884 riam
702 829 1061 886 insolubiliter
1088 830 1376 904 alligastis.

1313 974 1404 1029 III.

532 1104 615 1159 Ad
659 1104 1051 1175 Haymericum
1092 1103 1443 1175 cardinalem
1473 1106 1528 1175 et
1559 1102 1989 1175 cancellarium.
2053 1130 2121 1175 τ-

606 1172 785 1229 Monét
817 1174 952 1230 duos
993 1191 1108 1229 esse
1156 1174 1342 1229 hostes
1386 1174 1712 1244 quibuscum
1750 1173 2006 1244 maxime
2047 1172 2121 1225 sit

601 1245 992 1317 pugnandum,
1028 1249 1083 1317 et
1103 1251 1305 1300 contra
1321 1243 1599 1317 Ecclesia:
1626 1243 1975 1317 adversarios
2005 1258 2122 1317 non

603 1315 782 1440 att-mi;
810 1316 1213 1387 corporalibus,
1236 1315 1334 1370 sed
1352 1315 1680 1370 humilitate
1698 1317 1753 1367 et
1783 1315 2121 1383 paenitentia

603 1401 639 1439 u
674 1401 742 1440 en
785 1402 901 1440 um.

602 1388 901 1440 utendum.

601 1480 767 1553 (Opp.
802 1481 859 1536 S.
894 1481 1060 1536 Bern.
1099 1480 1227 1536 edit.
1262 1481 1515 1547 ΜΑιιιιι.,
1548 1479 1657 1535 vol.
1677 1479 1744 1546 Il,
1778 1493 1830 1549 p.
1867 1479 2051 1548 1051.)

602 1617 653 1668 1.
679 1614 911 1669 Domino
931 1622 985 1669 et
1004 1614 1180 1669 amico
1209 1613 1265 1668 in
1295 1613 1510 1668 Christo
1532 1610 2004 1677 reverendissimo,
2030 1626 2122 1665 se-

527 1700 613 1756 dis
643 1702 957 1772 apostolicaa
995 1701 1320 1758 cancellario
1369 1702 1711 1766 llavuamco,
1740 1699 1898 1754 amici
1930 1699 1998 1765 (si
2037 1706 2122 1752 ta-

531 1805 657 1844 men
686 1790 911 1861 dignum
941 1790 1045 1861 est)
1074 1791 1211 1860 ejus,
1245 1796 1300 1845 et
1326 1788 1408 1844 sui
1451 1789 1865 1845 Carthusienses
1900 1786 2117 1852 fratres,
2141 1823 2193 1882 Β

530 1884 750 1935 terrena
780 1877 1084 1949 despicere,
1116 1885 1170 1933 et
1198 1892 1383 1933 amare
1412 1877 1676 1932 cmlestia.

606 1965 784 2035 Quam
813 1974 969 2039 grata
999 1965 1153 2021 fuerit
1182 1966 1339 2021 nobis
1389 1973 1568 2020 vestra
1616 1964 1906 2035 praesentia
1935 1978 2123 2019 recor-

530 2056 749 2111 datione
777 2054 1039 2109 sentimus
1067 2054 1231 2119 unde,
1264 2069 1596 2125 quaesumus,
1632 2053 1710 2107 sic
1740 2053 1885 2124 agite
1916 2059 1972 2106 ut
2000 2067 2122 2107 cum

532 2145 604 2200 ab
632 2143 718 2198 his
746 2143 939 2197 diebus
965 2142 1057 2213 qui
1104 2142 1401 2196 secundum
1445 2141 1762 2211 Apostolum
1810 2140 1934 2194 mali
1979 2146 2121 2208 sunt,

531 2240 585 2289 et
613 2231 912 2287 secundum
961 2230 1298 2285 Psalmistam
1344 2229 1482 2284 sicut
1529 2229 1720 2283 umbra
1748 2228 2021 2292 deficiunt,
2055 2227 2124 2282 ad

530 2321 650 2376 dies
698 2320 871 2374 bonos
920 2326 972 2374 et
1017 2334 1188 2373 annos
1232 2326 1468 2373 aeternos
1514 2317 1850 2381 transieritis,
1902 2332 2009 2371 non
2056 2316 2124 2370 de

534 2416 716 2464 nostra
737 2406 892 2479 (quid
923 2407 1067 2461 enim
1098 2421 1197 2461 nos
1244 2406 1331 2461 vel
1364 2421 1551 2459 sumus
1599 2405 1685 2460 vel
1731 2404 1997 2474 erimus?)
2028 2404 2125 2457 sed

531 2496 600 2552 de
624 2494 774 2550 illius
822 2493 1031 2549 visione
1061 2501 1114 2548 et
1161 2493 1418 2549 societate
1468 2507 1593 2547 cum
1632 2493 1833 2547 sanctis
1874 2491 2126 2545 omnibus

531 2582 807 2647 laztemini,
874 2590 1095 2653 propter
1142 2597 1305 2653 quem
1351 2561 1595 2636 nostram
1640 2588 1694 2635 et
1739 2579 2125 2634 obscuritatem

532 2688 715 2737 nosse,
784 2678 838 2727 et
885 2670 1264 2726 necessitatem
1315 2669 1592 2740 supplere,
1645 2677 1715 2734 et,
1767 2668 1913 2740 quod
1960 2668 2125 2739 longe

531 2759 700 2832 pluris
729 2759 999 2828 ducimus,
1045 2766 1124 2813 tot
1168 2766 1220 2814 et
1264 2758 1429 2813 tantis
1475 2757 1877 2823 ecclesiasticis,
1928 2756 2125 2827 quibus

532 2864 808 2921 nunquam
841 2847 1057 2917 caretis,
1091 2846 1423 2917 interpositis
1467 2845 1722 2916 negotiis,
1755 2844 1991 2898 latebras
2020 2860 2122 2899 no-

532 2946 691 3006 stras,
725 2952 833 2991 non
880 2935 1056 2990 solum
1102 2935 1393 3001 humiliter,
1428 2934 1526 2988 sed
1556 2942 1608 2988 et
1650 2932 1922 2987 laboriose
1952 2948 2123 3003 pene-

531 3033 696 3086 trare.
729 3040 941 3095 nosque
969 3023 1118 3094 ipsos
1147 3022 1306 3078 oculo
1326 3021 1395 3075 ad
1414 3020 1629 3077 oculum
1661 3020 1915 3083 invisere.
1950 3028 2001 3075 et
2027 3035 2123 3075 ore

531 3112 597 3168 ad
630 3128 695 3166 os
724 3111 891 3182 loqui,
926 3127 1033 3165 non
1058 3118 1139 3165 est
1167 3110 1460 3182 dedignata
1506 3117 1688 3163 vestra
1725 3107 2062 3174 sublimitas;
2094 3124 2124 3161 a

2224 557 2353 610 luxit
2387 558 2635 628 populus,
2667 566 2720 611 et
2757 558 2938 611 nullus
2974 572 3163 611 eorum
3193 556 3410 609 indutus
3441 564 3523 610 est
3560 572 3627 610 ex
3668 556 3818 610 culto

2224 660 2343 699 suo.
2369 645 2513 701 Sicut
2535 654 2586 699 et
2602 645 2958 700 Ninivitarum
2981 661 3096 711 rex,
3120 645 3284 698 homo
3304 644 3543 715 gentilis,
3568 644 3640 697 ad
3658 645 3822 697 unius

2223 733 2458 787 hominis
2488 734 2659 805 ignoti
2676 750 2867 789 vocem
2889 742 2941 788 et
2975 732 3248 801 naufragi,
3282 733 3565 787 descendit
3588 733 3655 786 de
3686 733 3825 786 solio

2223 838 2343 886 suo,
2378 826 2435 877 et
2461 822 2667 890 abiecit
2690 824 3029 878 vestimenta
3068 838 3171 876 sua
3192 838 3228 875 a
3255 837 3312 875 se
3334 862 3347 883 ,
3380 825 3437 874 et
3464 821 3706 875 indutus
3738 825 3825 875 est

2223 925 2403 975 sacco,
2437 909 2648 965 etsedit
2676 911 2740 964 in
2759 911 3009 983 pulvere,
3043 913 3098 965 et
3118 910 3387 964 clamavit
3416 908 3487 962 ad
3520 910 3826 963 Dominum

2225 999 2371 1067 (Ion.
2397 1012 2479 1064 ιη,
2512 997 2603 1067 6);
2638 998 2884 1053 eamdem
2904 996 3270 1053 austeritatem
3299 1012 3409 1050 non
3440 994 3613 1050 solum
3643 996 3827 1050 omnis

2222 1086 2397 1140 astatis
2428 1093 2480 1140 et
2512 1102 2674 1139 sexus
2704 1086 2969 1149 homines,
3004 1084 3101 1139 sed
3145 1085 3385 1153 jumenta
3434 1083 3619 1138 subire
3661 1099 3825 1139 com-

2224 1173 2453 1243 pellens.
2485 1175 2551 1227 Et
2582 1190 2683 1228 nos
2713 1174 2891 1244 itaque
2928 1172 3195 1228 Dominici
3245 1171 3506 1243 corporis,
3559 1172 3706 1242 quod
3740 1179 3828 1226 est

2223 1261 2489 1327 Ecclesia,
2521 1268 2802 1316 cruentam
2853 1261 3193 1325 scissionem,
3240 1275 3405 1331 quam
3450 1259 3666 1314 nonnisi
3716 1274 3827 1313 no-

2224 1350 2351 1403 stris
2383 1349 2632 1404 evenisse
2664 1349 2993 1404 credendum
3042 1357 3125 1403 est
3167 1347 3390 1413 meritis,
3438 1363 3539 1402 nec
3583 1348 3829 1402 immotis

2225 1436 2543 1501 visceribus,
2591 1452 2692 1491 nec
2740 1436 2900 1491 siccis
2946 1435 3272 1507 aspiciamus
3318 1434 3529 1501 oculis;
3576 1434 3828 1505 alioquin

2222 1525 2479 1595 pretiosis
2509 1525 2683 1579 ornati
2711 1525 2973 1589 vestibus,
3007 1524 3291 1579 hermiuiis
3317 1532 3370 1579 et
3389 1523 3586 1595 griseis
3615 1522 3829 1578 confoti

2223 1613 2475 1683 pellibus,
2527 1613 2833 1667 numerosis
2877 1621 2930 1667 et
2996 1612 3275 1683 exquisitis
3332 1611 3518 1666 refecti
3564 1611 3823 1682 dapibus,

2223 1701 2417 1772 plumis
2450 1702 2617 1754 instar
2657 1700 3013 1771 Sardanapali
3061 1715 3169 1756 non
3216 1709 3325 1755 tam
3368 1699 3605 1770 impositi
3652 1715 3825 1770 quam

2225 1789 2465 1843 immersi
2496 1790 2768 1857 mollibus,
2799 1789 3034 1843 divinam
3083 1788 3512 1861 indignationem
3543 1788 3824 1859 quomodo

2224 1877 2426 1932 nostris
2455 1886 2708 1948 putamus
2738 1877 3061 1948 placandam
3108 1878 3408 1947 precibus?
3446 1885 3498 1931 et
3543 1891 3651 1931 non
3704 1892 3823 1930 ma-

2224 1966 2309 2036 gis
2338 1965 2626 2027 metuimus
2656 1981 2724 2020 ne
2754 1974 2864 2019 tum
2911 1966 3230 2037 prophetica
3260 1974 3446 2020 contra
3492 1980 3592 2020 nos
3620 1964 3823 2037 diriga-

2224 2063 2312 2108 tur
2339 2054 2592 2118 invectio,
2626 2053 2945 2125 dicaturque
2978 2070 2990 2108 :
3033 2056 3115 2109 Va:
3136 2057 3229 2127 qui
3279 2054 3538 2126 opulenti
3576 2053 3713 2108 estis
3762 2055 3826 2108 in

2225 2143 2377 2207 Sion,
2402 2147 2457 2197 et
2478 2143 2768 2210 conﬁditis
2792 2144 2851 2197 in
2872 2142 3364 2207 monteSamaria’,
3389 2144 3711 2213 Optimates,
3738 2157 3827 2195 ca-

2223 2232 2346 2302 pita
2386 2231 2743 2302 populorum,
2799 2231 3185 2300 ingredientes
3235 2231 3550 2302 pompatice
3593 2229 3823 2285 domum

2226 2320 2434 2374 Israel!
2465 2320 2560 2391 qui
2590 2319 2881 2374 comeditis
2904 2334 3113 2389 agnum
3133 2318 3197 2373 de
3225 2334 3410 2389 grege,
3444 2321 3499 2373 et
3530 2318 3736 2373 vitulos
3758 2317 3826 2371 de

2224 2408 2404 2461 medio
2422 2407 2693 2467 armenti.
2718 2408 2814 2479 qui
2824 2406 3085 2461 dormitis
3106 2407 3168 2460 in
3194 2407 3355 2461 lectis
3376 2406 3649 2469 eburneis,
3665 2408 3724 2460 et
3743 2406 3830 2459 la-

2225 2496 2440 2550 scivitis
2470 2496 2532 2549 in
2560 2498 2759 2549 stratis
2784 2495 3021 2549 vestris!
3052 2495 3238 2563 (Amos
3279 2509 3356 2557 v1,
3400 2496 3511 2562 10.)
3533 2494 3599 2547 de
3618 2493 3825 2564 quibus

2225 2583 2585 2649 concluditur,
2616 2587 2671 2639 et
2703 2584 2852 2639 nihil
2879 2584 3251 2655 patiebantur
3280 2598 3451 2655 super
3470 2583 3826 2638 contritione

2224 2673 2442 2743 Ioseph.

2298 2763 2349 2815 3.
2385 2759 2782 2815 Erubescamus
2801 2759 3006 2826 adhoc,
3045 2758 3377 2825 dulcissime,
3424 2774 3543 2814 sero
3574 2759 3824 2830 c0gnite,

2226 2847 2379 2902 brevi
2409 2856 2719 2918 conspecta,
2767 2848 2874 2903 cito
2922 2856 3093 2918 rapte,
3128 2855 3179 2902 et
3226 2847 3598 2918 corporalibus
3645 2847 3829 2903 oculis

2225 2951 2502 3007 nunquam
2531 2936 2789 3005 deinceps
2841 2936 2979 2991 forte
3020 2936 3405 3006 conspiciende
3440 2950 3452 2989 :
3501 2936 3568 2989 ab
3614 2935 3828 2990 amoris

2225 3032 2408 3079 tamen
2472 3024 2641 3078 nostri
2688 3024 3062 3094 complexibus
3129 3024 3288 3078 nullis
3350 3024 3586 3089 casibus,
3654 3024 3830 3078 nullis

2225 3113 2509 3167 avellende
2542 3112 2895 3182 temporibus.
2918 3113 3323 3167 Erubescamus
3351 3113 3419 3166 ad
3450 3113 3570 3177 hoc,
3606 3127 3829 3184 nosque

531 3215 639 3272 quo
671 3199 788 3254 solo
819 3215 1032 3253 summo
1061 3196 1323 3252 beneﬁcio
1355 3205 1408 3252 et
1437 3196 1599 3263 bono,
1634 3197 1889 3252 societate
1918 3195 2127 3251 scilicet
2155 3174 2201 3234 Ο
2224 3201 2391 3272 ipsos,
2426 3201 2473 3254 si
2503 3217 2816 3271 possumus,
2849 3201 3166 3269 defleamus,
3200 3201 3345 3272 quod
3376 3209 3426 3255 et
3455 3174 3753 3254 Judaicam.
3774 3209 3829 3254 et

474 3276 479 3281 ’
531 3295 586 3343 et
614 3288 823 3343 visione
855 3286 974 3352 Dei,
1006 3302 1115 3341 non
1163 3285 1347 3356 spatiis
1394 3284 1638 3340 locorum
1685 3292 1777 3339 aut
1823 3292 2125 3355 temporum

529 3378 775 3447 (semper
799 3375 945 3430 enim
975 3382 1058 3430 est
1103 3381 1157 3429 et
1203 3374 1423 3446 ubique,
1458 3381 1512 3429 et
1540 3370 1660 3444 ipso
1702 3372 1951 3437 vivimus,
2001 3388 2123 3427 mo-

531 3482 725 3520 vemur
754 3472 807 3519 et
836 3466 1044 3534 sumus)
1085 3464 1182 3519 sed
1228 3462 1436 3517 meritis
1484 3462 1822 3534 sejungimur
1869 3468 2122 3531 peccato-

470 3556 479 3567 ‘
527 3570 668 3618 rum,
700 3553 840 3609 sicut
869 3552 1132 3623 scriptum
1161 3559 1243 3607 est
1275 3567 1288 3605 :
1325 3552 1445 3607 Non
1474 3555 1557 3606 est
1577 3551 1895 3607 abbreviata
1916 3566 2123 3604 manus

524 3642 771 3709 Domini,
796 3645 861 3697 ut
880 3642 1101 3697 salvare
1120 3644 1362 3713 nequeat
1386 3660 1404 3707 ,-
1434 3656 1611 3712 neque
1641 3643 1943 3710 aggravata
1965 3638 2122 3693 auris

529 3734 671 3804 ejus,
690 3734 757 3785 ut
774 3747 889 3785 non
911 3730 1187 3785 exaudiat
1207 3749 1224 3785 :
1246 3730 1341 3784 sed
1355 3732 1586 3800 peccata
1606 3732 1789 3782 vestra
1809 3727 2123 3781 diviserunt

528 3821 686 3874 inter
704 3834 795 3875 vos
814 3822 871 3873 et
894 3819 1067 3873 Deum
1087 3821 1336 3873 vestrum
1350 3816 1479 3888 (lsa.
1494 3830 1608 3883 ux,
1627 3818 1700 3884 1).
1719 3813 1852 3883 Qua:
1866 3814 2121 3885 quoniam

529 3922 671 3977 pene
701 3913 889 3961 cuncta
939 3905 1008 3959 de
1054 3904 1252 3959 mentis
1293 3904 1528 3959 elatione
1575 3911 1664 3957 aut
1689 3903 1757 3957 de
1806 3902 1982 3957 carnis
2028 3917 2121 3957 ve-

531 3994 681 4050 niunt
713 3992 1009 4058 voluntate,
1041 4008 1271 4064 quorum
1300 3992 1459 4046 nobis
1488 3991 1715 4045 alterum
1748 4006 1869 4046 cum
1904 3990 2117 4055 belluis,

530 4081 759 4137 alterum
788 4096 913 4137 cum
958 4080 1171 4152 angelis
1212 4088 1295 4136 est
1340 4096 1646 4145 commune,
1697 4078 1790 4133 sed
1848 4078 2117 4148 reprobis,

526 4169 806 4225 nitendum
829 4184 1175 4239 summopere
1197 4176 1279 4223 est
1308 4176 1365 4223 ut
1394 4176 1446 4224 et
1475 4167 1671 4222 mentis
1710 4166 1967 4237 superbia
1996 4182 2122 4236 pre-

524 4265 705 4313 matur
733 4256 1051 4322 humilitate,
1085 4261 1138 4312 et
1169 4256 1353 4311 carnis
1399 4256 1605 4311 luxuria
1639 4254 1950 4309 sobrietate.
1984 4254 2120 4309 Hinc

524 4345 792 4402 Dominus
824 4362 837 4399 :
878 4344 1082 4411 Videte,
1107 4344 1298 4417 inquit,
1323 4363 1392 4400 ne
1406 4347 1717 4415 graventur
1736 4342 1906 4398 corda
1935 4346 2123 4397 vestra

522 4435 588 4492 in
608 4434 864 4505 crapula,
881 4437 937 4489 et
952 4434 1239 4499 ebrietate,
1258 4437 1313 4489 et
1332 4433 1486 4487 curis
1499 4432 1667 4502 hujus
1682 4433 1809 4486 vitae
1824 4432 1978 4495 (Luc.
1995 4444 2116 4495 xxx,

2223 3289 2479 3361 gentilem
2516 3290 2793 3344 videamur
2821 3305 3108 3359 superasse
3155 3289 3429 3355 duritiam,
3464 3289 3591 3343 dum
3621 3288 3703 3342 illi
3735 3290 3829 3343 di-

2221 3377 2401 3433 vinam
2435 3377 2772 3433 severitatem
2802 3377 2983 3432 media
3028 3377 3273 3432 ciborum
3321 3386 3372 3433 et
3414 3377 3618 3432 vilitate
3655 3376 3831 3431 simul

2221 3473 2383 3537 atque
2413 3466 2705 3537 asperitate
2746 3465 2993 3538 mitigant
3035 3465 3286 3530 vestium,
3332 3481 3432 3519 nos
3479 3464 3533 3519 in
3575 3467 3832 3536 peccatis

2222 3554 2400 3608 multis
2431 3562 2591 3625 atque
2620 3554 2903 3625 periculis;
2946 3570 3049 3609 nec
3098 3554 3287 3626 gloriae
3335 3552 3553 3608 modum
3599 3553 3827 3619 damus,

2222 3659 2399 3714 neque
2429 3642 2655 3697 deliciis.
2688 3643 2879 3714 Neque
2926 3642 3069 3697 enim
3120 3658 3320 3713 agnum
3347 3642 3457 3710 jam
3505 3642 3573 3696 de
3619 3658 3829 3714 grege,

2222 3738 2314 3785 aut
2345 3730 2540 3784 vitulos
2571 3738 2773 3784 tantum
2816 3731 2883 3785 de
2930 3730 3111 3785 medio
3158 3731 3407 3796 armenti,
3460 3730 3555 3785 sed
3611 3747 3830 3803 greges

2220 3819 2467 3891 integros
2498 3827 2549 3873 et
2597 3826 2841 3873 armenta
2888 3827 2997 3873 tota
3045 3818 3431 3875 consumimus.
3484 3819 3543 3872 In
3591 3820 3828 3873 modum

2222 3908 2423 3979 quippe
2471 3907 2748 3973 Amalech,
2805 3922 2926 3963 cum
2993 3907 3277 3961 innumera
3324 3906 3661 3961 multitudine
3714 3907 3829 3963 ho-

2220 3996 2426 4050 minum
2476 4003 2527 4049 et
2586 3995 2959 4064 jumentorum
3044 3994 3491 4066 supervenientes
3567 3995 3829 4051 ecclesiis

2221 4093 2419 4139 cuncta
2450 4084 2808 4154 complemus.
2842 4083 3103 4156 quidquid
3136 4083 3492 4154 tetigerimus,
3524 4083 3829 4139 devastan-

2221 4180 2339 4237 tes;
2372 4188 2471 4227 nec
2501 4172 2585 4225 his
2615 4172 2869 4238 contenti,
2903 4171 3119 4237 tibulas,
3154 4188 3365 4238 cruces,
3399 4171 3618 4236 calices,
3649 4181 3706 4225 et
3738 4189 3824 4227 sa-

2220 4276 2343 4315 cras
2374 4260 2669 4331 spoliamus
2698 4258 2985 4332 imagines.
3020 4260 3087 4313 Et
3128 4267 3185 4313 ut
3233 4259 3359 4331 quid
3389 4261 3492 4315 hoc
3512 4261 3541 4314 ?
3572 4259 3714 4314 forte
3763 4269 3821 4315 ut

2220 4363 2493 4419 pauperes
2550 4355 2940 4413 sustententur,
3029 4348 3357 4402 monasteria
3415 4356 3816 4413 construantur,

2220 4436 2415 4507 captivi
2447 4436 2833 4491 redimantur?
2862 4436 2984 4489 Non
3015 4436 3089 4489 ita
3121 4454 3134 4490 :
3168 4436 3267 4491 sed
3307 4435 3486 4507 potius
3531 4443 3589 4489 ut
3633 4436 3706 4490 ad
3739 4436 3817 4489 in-

521 4521 639 4594 34).
679 4522 921 4593 Itemque
956 4535 968 4575 :
1002 4522 1369 4577 Disciteame
1386 4522 1517 4593 quia
1537 4520 1694 4574 mitis
1716 4523 1911 4574 sumet
1925 4516 2117 4573 humi-
2147 4526 2199 4585 D
2225 4523 2564 4579 terﬁciendos
2595 4523 2927 4579 Christianos
2975 4532 3027 4578 et
3068 4524 3355 4596 sagittarii,
3406 4531 3458 4578 et
3506 4523 3804 4587 ballistarii,

522 4611 592 4666 lis
621 4610 781 4665 corde
811 4608 1031 4680 (Matth.
1067 4624 1140 4673 χι,
1165 4612 1278 4680 29).

592 4702 653 4755 2.
688 4697 812 4751 Non
841 4712 977 4770 ergo
1007 4697 1063 4751 in
1092 4697 1261 4751 multa
1290 4704 1476 4751 nostra
1512 4695 1841 4751 diffundatur
1868 4696 2112 4753 intentio.

516 4787 640 4842 Duo
669 4792 794 4840 sunt
821 4793 1027 4839 tantum
1058 4785 1324 4840 adversus
1359 4802 1480 4856 quae
1527 4785 1684 4840 nobis
1716 4786 1840 4840 totis
1870 4794 1953 4840 est
1980 4786 2115 4842 viri-

516 4874 620 4929 bus
646 4872 1008 4929 dimicandum
1045 4887 1057 4926 :
1090 4873 1252 4928 elatio
1282 4872 1336 4927 in
1368 4882 1571 4939 mente,
1622 4873 1873 4945 voluptas
1901 4873 1954 4928 in
1985 4890 2115 4929 cor-

517 4977 669 5033 pore.
704 4960 798 5016 llis
844 4960 1129 5030 superatis,
1178 4961 1253 5015 nil
1299 4961 1599 5016 remanebit
1644 4961 1987 5029 vincendum,
2041 4962 2117 5017 nil

517 5049 787 5119 supererit
816 5049 1184 5104 metuendum.
1238 5048 1515 5119 Cupiditas
1561 5048 1706 5104 enim
1748 5065 1929 5105 rerum
1959 5058 2115 5106 exte—

516 5135 725 5192 riorum
746 5152 855 5191 non
882 5137 951 5193 ob
982 5136 1129 5191 aliud
1173 5135 1551 5201 inﬂammatur,
1602 5136 1706 5190 nisi
1736 5145 1795 5191 ut
1823 5137 1907 5191 his
1936 5138 2115 5192 modis

515 5224 768 5280 omnibus
811 5224 1099 5281 serviatur.
1152 5224 1353 5280 Contra
1402 5241 1524 5296 qua:
1566 5224 1611 5278 si
1664 5232 1910 5279 nostrum
1941 5225 2114 5280 senti-

512 5329 635 5367 mus
662 5327 770 5368 non
803 5312 937 5368 satis
976 5328 1101 5367 esse
1148 5320 1420 5374 conatum,
1472 5311 1713 5366 divinum
1760 5311 2114 5383 imploremus

514 5401 810 5467 auxilium;
866 5400 962 5456 sed
1005 5399 1362 5471 imploremus
1416 5399 1706 5463 humiliter,
1759 5399 2114 5471 imploremus

511 5490 726 5552 devote,
783 5488 967 5551 corde,
1016 5502 1132 5551 ore,
1184 5494 1327 5551 actu,
1370 5486 1577 5541 habitu.
1637 5487 1851 5543 Dictum
1912 5489 2112 5560 quippe

512 5576 831 5643 Israelitico,
865 5589 987 5630 cum
1038 5582 1344 5646 peccasset.
1397 5582 1478 5630 est
1525 5574 1725 5646 populo
1760 5592 1772 5631 :
1804 5578 1931 5632 Jam
1956 5592 2112 5632 nunc

510 5680 654 5735 pone
685 5667 957 5720 ornatum
1005 5666 1189 5719 tuum.
1236 5664 1630 5735 Deposuerunt
1677 5680 1805 5735 ergo
1844 5669 2113 5723 ornatum

2218 4608 2426 4679 equites
2456 4616 2507 4663 et
2534 4607 2797 4663 lancearii
2825 4608 3234 4673 conducuntur;
3269 4616 3321 4662 et
3346 4608 3429 4662 his
3462 4608 3691 4678 eripiant
3729 4624 3812 4661 res

2219 4706 2271 4751 et
2299 4696 2510 4750 animas
2543 4738 2556 4765 ,
2588 4712 2690 4766 pro
2721 4696 2916 4767 quibus
2933 4696 3236 4751 debuerunt
3258 4712 3462 4766 ponere
3492 4713 3634 4749 suas.
3666 4697 3815 4750 Proh

2217 4782 2407 4839 dolor!
2440 4800 2473 4839 a
2513 4784 2739 4838 summis
2788 4784 2949 4839 hodie
2998 4783 3363 4854 pontiﬁcibus,
3397 4792 3449 4839 et
3495 4801 3594 4855 per
3640 4792 3817 4837 totum

2217 4887 2357 4942 pene
2387 4872 2596 4938 orbem,
2629 4872 2877 4941 exemplo
2898 4873 3046 4927 sedis
3072 4872 3404 4942 apostolicae,
3430 4872 3597 4926 frater
3615 4872 3671 4925 in
3700 4871 3819 4927 fra-

2217 4968 2377 5027 trem,
2408 4960 2464 5014 id
2493 4968 2576 5015 est
2605 4960 2938 5014 Christianus
2967 4960 3023 5014 in
3064 4960 3453 5025 Christianum,
3504 4975 3658 5014 sacra
3715 4978 3820 5032 pe-

2217 5049 2374 5105 cunia
2403 5048 2726 5104 conducitur
2768 5056 2818 5102 et
2874 5056 3149 5113 armatur;
3183 5057 3236 5103 et
3279 5049 3474 5102 talibus
3523 5048 3822 5120 triumphis

2215 5137 2468 5193 Ecclesia
2495 5145 2670 5191 mater
2699 5136 3017 5208 gratulatur,
3041 5145 3093 5191 et
3112 5145 3233 5206 post
3255 5137 3371 5192 haec
3400 5136 3524 5191 totis
3551 5138 3817 5191 manibus

2216 5234 2445 5280 cruenta
2492 5224 2825 5279 conscientia
2876 5224 3059 5279 divina
3102 5225 3352 5297 pergitur
3396 5225 3463 5279 ad
3510 5223 3809 5282 sacriﬁcia.

2218 5313 2275 5367 Si
2303 5312 2406 5367 hoc
2436 5312 2739 5375 ferendum,
2773 5312 2902 5383 quid
2932 5313 3440 5383 reprehendendum
3462 5313 3490 5367 ἱ)

2287 5403 2338 5454 4.
2371 5404 2437 5456 At
2467 5401 2688 5471 regalia,
2723 5401 2889 5468 aiunt,
2924 5401 3040 5456 haec
3082 5410 3224 5469 sunt,
3258 5410 3311 5457 et
3352 5401 3420 5456 de
3467 5401 3821 5471 imperatoris

2217 5497 2432 5559 sumpta
2460 5489 2682 5559 palatio.
2716 5491 2838 5544 Non
2869 5505 3150 5561 negamus.
3186 5492 3361 5560 Atque
3397 5489 3605 5543 utinam
3636 5490 3694 5545 in
3728 5508 3824 5563 pa-

2213 5577 2358 5632 latiis
2414 5578 2741 5632 mansissent
2803 5594 3037 5648 semper,
3089 5594 3199 5632 non
3244 5578 3299 5631 in
3358 5578 3639 5645 sacrariis,
3714 5581 3823 5635 imo

2215 5666 2394 5738 magis
2421 5681 2524 5723 nec
2552 5665 2609 5721 in
2638 5665 2855 5739 palatiis
2886 5680 3125 5739 unquam
3174 5664 3423 5732 fuissent,
3468 5681 3569 5722 nec
3625 5668 3680 5722 in
3734 5686 3820 5725 ec-
