3928 6414
173 361 285 414 597

1640 352 2018 412 EPISTOLE.

3382 353 3485 407 598

175 479 400 536 clesiis!
434 479 652 550 Quanto
679 478 821 534 enim
852 478 1047 534 melius
1077 478 1340 534 Ecclesiae
1366 478 1578 550 palatiis
1608 479 1780 550 leges,
1805 483 1860 542 Α
1889 481 2170 537 Pastorem
2224 495 2484 553 magnum
2522 479 2702 536 ovium
2731 479 2786 533 in
2828 477 3096 550 sanguine
3155 477 3491 534 Testamenti

177 585 350 642 quam
367 569 565 640 palatia
583 567 1048 624 darentEcclesiis
1062 568 1089 622 ?
1109 567 1353 639 nunquid
1369 567 1512 623 enim
1527 569 1788 624 Ecclesiae

176 659 416 729 palatiis,
446 665 500 712 et
529 673 637 712 non
665 658 844 728 potius
872 656 1073 727 palatia
1093 656 1337 711 docenda
1359 657 1651 711 commissa
1664 665 1790 711 sunt

175 747 450 802 Ecclesiis
465 747 492 799 ἱ)
504 754 596 800 aut
607 746 800 815 palatia
812 745 1085 799 Christum
1100 745 1382 811 Ecclesiis,
1403 761 1510 800 non
1527 745 1789 800 Ecclesiae

178 836 392 890 dedere
422 835 635 904 palatiis
664 836 693 889 ἲ
715 833 931 901 Quanto
966 848 1099 906 ergo
1128 833 1327 888 rectius
1359 848 1391 887 a
1437 833 1595 888 nobis
1622 849 1787 905 reges

182 924 388 992 cilicia,
439 939 602 993 quam
637 938 737 977 nos
792 923 859 976 ab
931 921 1010 977 eis
1065 938 1338 993 purpuras
1396 921 1782 977 sumeremus!

181 1012 406 1081 Quanto
435 1011 618 1066 utilius
648 1012 751 1082 ipsi
778 1019 1020 1066 nostram
1051 1019 1448 1081 paupertatem,
1487 1019 1672 1065 nostra
1697 1012 1785 1079 je-

175 1101 337 1170 junia
407 1100 762 1170 susciperent,
825 1107 989 1171 atque
1037 1099 1411 1164 humilitatem,
1481 1115 1641 1170 quam
1685 1115 1786 1153 nos

181 1205 377 1245 eorum
407 1189 684 1256 avaritias,
715 1188 940 1243 delicias
982 1195 1146 1258 atque
1187 1188 1479 1243 elationem
1506 1187 1533 1240 ξ)
1563 1187 1716 1256 Quod
1742 1188 1787 1242 si

182 1278 308 1349 quis
339 1278 392 1332 in
442 1277 701 1333 Ecclesiis
741 1276 828 1331 vel
865 1276 1250 1332 ecclesiasticis
1309 1276 1593 1331 tentaverit
1657 1275 1786 1346 quid

182 1368 382 1422 horum
414 1383 649 1438 arguere
677 1366 949 1436 personis,
982 1381 1162 1420 nonne
1211 1365 1391 1420 statim
1422 1363 1785 1435 respondebi-

182 1463 273 1509 tur
301 1457 407 1511 hoc
437 1455 726 1528 agentibus
758 1472 772 1508 :
805 1453 946 1523 Quid
976 1454 1096 1526 agis
1119 1454 1147 1508 ?
1178 1453 1321 1523 Quid
1342 1470 1428 1509 me
1458 1453 1616 1519 meis,
1649 1468 1786 1508 con-

184 1552 272 1599 tra
331 1544 700 1615 evangelicam
757 1543 1077 1598 sententiam
1124 1543 1408 1598 meliorem
1465 1541 1548 1596 vis
1604 1541 1786 1596 facere

178 1633 466 1704 magistris
502 1631 806 1703 ?Nunquid
852 1647 961 1687 non
1017 1630 1260 1686 Ecclesia
1298 1631 1538 1686 Romana
1595 1629 1782 1694 variis,

180 1722 407 1794 griseis,
468 1720 770 1788 herminiis,
825 1720 1160 1782 marturinis,
1203 1719 1486 1790 jugulatis,
1531 1727 1583 1772 et
1639 1717 1784 1772 lum-

182 1811 326 1865 batis
373 1810 473 1880 (4),
518 1825 621 1865 nec
655 1825 764 1864 non
795 1818 844 1864 et
883 1808 1074 1864 sericis
1113 1808 1352 1863 abutitur
1402 1806 1731 1862 indumentis
1759 1807 1787 1860 ?

178 1899 442 1971 Nunquid
472 1899 719 1954 Ecclesia
753 1899 992 1954 Romana
1046 1897 1296 1953 convivia
1339 1896 1564 1966 respuit,
1625 1910 1784 1949 exer-

181 1989 354 2044 citum
385 2004 493 2042 non
523 1987 796 2054 conducit,
831 1986 972 2040 bella
1009 2002 1119 2040 non
1149 1984 1412 2041 conﬁcit?
1442 1985 1564 2039 Non
1587 1991 1670 2038 est
1691 1999 1785 2038 au-

104 2104 108 2110 -
179 2086 290 2132 tem
329 2077 629 2146 discipulus
685 2091 853 2146 supra
902 2075 1239 2146 magistrum,
1281 2089 1461 2145 neque
1509 2072 1784 2143 apostolus

180 2167 360 2234 major
390 2181 455 2220 eo
485 2165 576 2237 qui
597 2165 743 2220 misit
771 2165 921 2218 illum
947 2183 961 2230 ;
996 2164 1092 2218 sed
1121 2163 1299 2234 potius
1355 2162 1631 2233 perfectus
1660 2177 1783 2215 om-

177 2256 265 2311 nis
296 2256 421 2324 erit,
465 2255 508 2309 si
540 2254 608 2308 sit
628 2255 767 2309 sicut
795 2253 1060 2325 magister
1089 2253 1225 2321 ejus.
1263 2251 1404 2320 Quid
1435 2251 1501 2305 ad
1530 2253 1648 2305 hanc
1696 2250 1784 2303 di—

178 2354 339 2403 cetur
368 2345 398 2399 ?
428 2344 635 2398 Videtis
667 2342 719 2396 in
749 2359 910 2413 quam
941 2349 1089 2397 arcto
1123 2341 1398 2396 constituti
1441 2356 1646 2394 sumus.
1678 2341 1785 2394 Aut

179 2433 325 2489 enim
359 2433 508 2505 quod
529 2432 729 2487 malum
761 2439 860 2499 est,
895 2431 1096 2486 bonum
1143 2430 1347 2496 dicere,
1399 2436 1489 2483 aut
1519 2429 1634 2483 Deo
1690 2445 1784 2482 re-

181 2531 349 2596 gente
382 2537 607 2592 prorsus
651 2537 760 2575 non
804 2520 1103 2585 faciemus;
1163 2527 1256 2573 aut
1299 2517 1660 2589 apostolicam
1690 2533 1783 2572 se-

181 2613 309 2667 dem
341 2611 512 2683 (quod
542 2610 664 2682 quis
693 2609 884 2664 audeat
911 2609 961 2678 ?)
1019 2607 1420 2678 reprehendere
1452 2625 1466 2672 ;
1495 2613 1604 2675 aut,
1639 2605 1783 2676 quod

179 2701 322 2757 forte
344 2699 512 2755 tutius
545 2707 647 2765 est,
709 2698 930 2753 omnino
985 2705 1163 2752 tacere
1221 2695 1622 2766 compellimur.
1658 2697 1723 2748 Et
1752 2709 1783 2750 ο

182 2789 557 2861 apostolorum
602 2795 854 2858 tempora
908 2785 1302 2851 infelicissima,
1361 2785 1417 2838 in
1452 2783 1650 2855 quibus
1714 2783 1783 2837 ad

178 2879 277 2934 Dei
309 2894 563 2948 regnum,
596 2877 701 2931 nisi
731 2892 828 2946 per
859 2874 1057 2930 famem
1094 2882 1146 2930 et
1203 2874 1367 2938 sitim,
1407 2871 1580 2945 frigus
1601 2880 1652 2927 et
1673 2888 1779 2926 nu-

181 2968 408 3023 ditatem
432 2967 608 3020 aditus
627 2981 734 3020 non
755 2965 970 3035 patebat
1004 2962 1016 3018 l
1049 2962 1096 3018 Ο
1126 2963 1274 3019 viros
1306 2962 1429 3017 illos
1454 2961 1780 3034 ignorantia:

181 3056 426 3112 tenebris
455 3053 745 3122 involutos,
770 3060 822 3108 et
852 3052 1001 3107 omni
1022 3051 1366 3107 miseratione
1390 3047 1778 3123 dignissimos!

183 3145 275 3216 qui
305 3152 365 3200 ut
385 3144 453 3198 ad
497 3143 661 3199 vitam
705 3157 920 3214 quoque
950 3141 1346 3212 pertingerent,
1378 3146 1600 3209 propter
1653 3154 1780 3193 ver-

183 3234 254 3289 ba
281 3233 556 3288 labiorum
586 3230 706 3298 Dei,
751 3239 859 3285 tam
914 3230 1076 3284 duras
1125 3229 1246 3284 vias
1292 3227 1689 3293 custodiebant,
1729 3233 1782 3282 et

185 3323 302 3378 haec
332 3329 522 3376 nostra
551 3320 877 3391 compendia
904 3319 1242 3375 nesciebant.

251 3415 304 3466 5.
338 3412 470 3466 Haec
499 3425 609 3465 non
655 3409 892 3465 doctoris
931 3417 1020 3464 aut
1067 3405 1481 3478 reprehensoris
1537 3404 1778 3460 auctori-

183 3509 310 3565 tate,
346 3500 446 3555 sed
478 3498 712 3554 dolentis
743 3506 797 3554 et
831 3497 1178 3553 lamentantis
1214 3495 1413 3552 affectu
1458 3494 1778 3559 fuderimus,

181 3589 298 3645 zelo
320 3589 516 3644 domus
544 3587 662 3654 Dei,
713 3587 866 3655 cujus
911 3586 1189 3659 diligimus
1241 3586 1518 3651 decorem,
1558 3585 1782 3640 rodente

181 3678 394 3734 viscera
422 3686 624 3754 nostra,
683 3683 942 3748 rogantes
990 3683 1040 3730 et
1089 3675 1467 3740 obsecrantes,
1516 3672 1562 3726 si
1589 3688 1697 3728 non
1729 3672 1781 3726 in

183 3767 417 3833 caeteris,
442 3767 498 3820 in
525 3766 682 3821 vobis
709 3766 902 3821 saltem
945 3763 1192 3819 nonnihil
1239 3762 1511 3833 proferant
1539 3761 1771 3816 fructus.

183 3857 259 3924 Si,
292 3857 535 3928 inquam,
569 3855 625 3910 lii
653 3870 777 3911 cum
808 3854 1006 3926 quibus
1034 3852 1458 3918 conversamini,
1491 3850 1647 3906 saluti
1669 3866 1782 3905 sua:

177 3953 267 4000 aut
296 3945 524 4010 nullam,
557 3952 650 3999 aut
673 3959 916 4015 parvam,
948 3950 1042 3998 aut
1069 3957 1181 3997 non
1237 3940 1592 3996 sufﬁcientem
1621 3939 1778 3994 adhi-

182 4034 311 4089 bent
355 4049 563 4100 curam,
621 4049 718 4087 vos
776 4041 976 4099 tamen,
1031 4031 1199 4087 vestri
1245 4047 1355 4085 non
1411 4029 1778 4094 immemores,

180 4123 415 4178 animam
478 4129 711 4177 vestram
783 4121 949 4177 nolite
992 4119 1295 4192 negligere.
1366 4119 1639 4189 Scriptum
1701 4124 1783 4171 est

182 4211 355 4266 enim:
377 4211 609 4269 Custodi
625 4212 987 4282 temetipsum
999 4210 1322 4265 etanimam
1351 4212 1512 4264 tuam
1539 4207 1781 4262 sollicite

187 4301 374 4367 (Deut.
408 4316 485 4366 ιν,
520 4303 596 4370 9);
629 4307 682 4355 et
709 4299 902 4354 iterum
937 4314 950 4353 :
984 4300 1242 4354 Miserere
1276 4297 1486 4353 animae
1519 4299 1634 4351 tua:
1659 4296 1784 4366 pla-

187 4405 321 4446 cens
341 4392 450 4446 Dco
473 4390 676 4458 (Eccli.
697 4403 841 4454 xxx,
874 4389 966 4458 24)
1000 4407 1014 4454 ;
1038 4387 1275 4458 itemque
1300 4402 1312 4440 :
1341 4385 1507 4440 Omni
1525 4385 1782 4442 custodia

183 4493 452 4534 conserva
470 4495 566 4535 cor
598 4482 760 4534 tuum
784 4479 968 4546 (Prov.
1002 4491 1078 4543 IV,
1109 4477 1291 4544 23);et
1309 4473 1574 4530 Dominus
1600 4490 1612 4527 :
1639 4471 1782 4540 Quid

180 4569 426 4639 prodest,
441 4567 532 4634 ait,
553 4567 789 4632 homini,
804 4569 854 4622 si
870 4566 1149 4622 mundum
1161 4565 1490 4620 universum
1506 4564 1780 4629 lucretur,

182 4657 392 4712 anima:
419 4671 546 4712 vero
567 4672 683 4712 sua:
713 4656 1124 4712 detrimentum
1156 4655 1421 4726 patiatur
1441 4656 1463 4707 ?
1483 4655 1585 4708 aut
1611 4666 1779 4722 quam

185 4747 689 4801 commutationem
710 4744 863 4799 dabit
883 4743 1043 4799 homo
1053 4760 1155 4814 pro
1171 4743 1365 4797 animo
1379 4757 1486 4796 sua
1509 4745 1531 4795 ε)
1546 4740 1682 4809 (Luc
1697 4755 1776 4805 ix,

181 4834 297 4902 25.)
352 4835 475 4888 Non
505 4833 669 4904 igitur
697 4834 814 4902 ejus
843 4832 999 4887 vobis
1042 4847 1228 4887 curam
1261 4829 1456 4901 eripiat
1504 4838 1597 4883 aut
1627 4827 1780 4882 favor

183 4923 507 4994 principum,
534 4931 626 4978 aut
654 4923 796 4978 nitor
835 4927 1299 4986 ornamentorum,
1332 4927 1425 4974 aut
1480 4915 1780 4990 frequentia

184 5013 549 5084 negotiorum,
581 5018 670 5065 aut
697 5011 871 5083 gloria
901 5025 1242 5081 pomparum,
1275 5018 1367 5063 aut
1402 5007 1612 5064 deliciae
1641 5022 1778 5060 con-

181 5099 468 5167 viviorum,
517 5108 607 5155 aut
656 5100 960 5155 oblatorum
1010 5098 1280 5170 quantitas
1320 5097 1432 5152 ulla
1491 5098 1775 5152 donorum.

183 5187 407 5260 Semper
435 5198 489 5244 et
530 5189 731 5260 ubique
777 5196 961 5243 vestro
1019 5195 1263 5242 versetur
1291 5187 1346 5240 in
1395 5185 1595 5250 animo,
1655 5183 1780 5253 quia

186 5278 401 5333 nescitis
431 5279 487 5332 in
514 5278 801 5332 tremendo
831 5276 1031 5332 Christi
1055 5275 1260 5345 judicio
1295 5291 1418 5330 cum
1460 5274 1659 5345 quibus
1688 5271 1779 5325 fu-

183 5367 283 5420 turi
313 5367 450 5434 sitis,
486 5375 662 5420 utrum
712 5382 833 5421 cum
884 5365 996 5420 illis
1041 5365 1237 5436 quibus
1267 5363 1467 5419 dicitur
1499 5380 1512 5416 :
1547 5363 1624 5416 Ite
1650 5377 1778 5415 ma-

186 5454 395 5524 ledicti,
457 5463 550 5510 aut
592 5470 719 5511 cum
771 5454 880 5509 illis
937 5454 1029 5525 qui
1069 5452 1290 5508 audient
1323 5470 1336 5506 :
1368 5453 1577 5516 Venite,
1610 5451 1779 5506 bene-

187 5542 340 5601 dicti.
387 5545 594 5601 Valete.
647 5545 794 5600 Deus
848 5544 1027 5610 Pater,
1076 5541 1169 5614 qui
1223 5541 1407 5596 eduxit
1441 5541 1511 5597 de
1553 5538 1780 5596 mortuis

255 5720 324 5784 (4)
347 5719 600 5772 Lumbata:
623 5721 735 5771 sunt
759 5718 947 5772 braccae
971 5717 1172 5770 modica:
1204 5718 1253 5768 et
1273 5715 1466 5767 breves.

1803 1835 1857 1898 B

1889 571 2099 636 aeterni,
2133 569 2424 625 Dominum
2463 576 2704 624 nostrum
2759 568 2946 623 Iesum
2991 567 3285 636 Christum,
3343 574 3491 637 aptet

1890 675 1988 713 vos
2017 659 2072 712 in
2093 657 2239 713 omni
2277 658 2442 726 bono,
2494 665 2551 711 ut
2607 656 2813 711 faciatis
2866 656 3202 710 voluntatem
3260 656 3376 723 ejus
3412 654 3490 708 fa-

1889 747 2039 802 ciens
2071 747 2124 800 in
2154 746 2312 802 vobis
2341 745 2486 817 quod
2525 748 2734 814 placeat
2787 759 2973 799 coram
3021 760 3101 809 se,
3153 759 3254 813 per
3297 744 3488 798 Jesum

1891 836 2182 902 Christum,
2217 835 2305 890 cui
2336 842 2417 889 est
2437 833 2608 904 gloria
2623 833 2678 886 in
2710 831 2906 887 saecula
2928 832 3274 898 saeculorum,
3305 848 3486 886 amen.

1886 925 2059 980 Nobis
2089 932 2269 978 autem
2298 923 2621 978 misereatur
2641 921 2785 975 idem
2805 920 2922 991 ipse
2943 920 3286 990 omnipotens
3315 921 3484 987 Deus,

1887 1029 1984 1082 per
2013 1020 2227 1068 vestras
2266 1019 2319 1066 et
2358 1010 2519 1066 totius
2551 1009 2810 1065 Ecclesiae
2840 1009 3100 1064 Romanae
3136 1009 3488 1064 intercessio-

1889 1117 1987 1155 nes
2003 1109 2056 1156 et
2077 1116 2242 1172 Opera
2263 1115 2441 1166 sacra,
2472 1099 2784 1154 exhilarans
2818 1098 2979 1153 corda
3018 1105 3206 1153 nostra
3240 1096 3487 1168 fragran-

1889 1189 2113 1243 tissimis
2136 1197 2188 1244 et
2237 1188 2608 1243 saluberrimis
2645 1187 2908 1242 odoribus
2955 1185 3110 1241 famae
3160 1192 3373 1253 vestrae,
3437 1193 3492 1241 et

1888 1277 2154 1333 continuis
2175 1278 2230 1332 in
2269 1277 2491 1332 veritate
2521 1275 2872 1347 profectibus.
2903 1275 3104 1329 Iterum
3148 1273 3346 1329 valete.
3387 1274 3484 1328 Sa-

1889 1367 2056 1421 lutate
2083 1367 2242 1421 nobis
2279 1365 2615 1421 reverendos
2649 1365 2837 1419 Patres
2895 1363 3166 1419 Albanum
3196 1362 3404 1418 scilicet
3432 1370 3486 1418 et

1889 1456 2199 1512 Ostiensem
2221 1455 2510 1526 episc0pos
2555 1453 2887 1526 [Matthaeum
2944 1460 2998 1508 et
3019 1451 3351 1524 Albericum]
3385 1469 3400 1506 :
3433 1459 3488 1508 et

1887 1545 1932 1599 si
1963 1560 2100 1617 quos
2129 1544 2263 1599 alios
2290 1551 2490 1599 vestrae
2527 1543 2703 1597 visum
2742 1541 2904 1597 fuerit
2932 1541 3268 1598 discretioni.
3298 1541 3486 1597 Valete

1888 1634 2066 1689 tertio.
2098 1633 2378 1698 Habetote,
2413 1647 2746 1703 quaesumus,
2780 1631 3002 1686 domum
3031 1630 3188 1686 istam
3211 1629 3267 1684 in
3301 1637 3485 1686 mente

1888 1729 2091 1790 vestra,
2115 1722 2254 1778 sicut
2283 1721 2400 1792 ipsa
2423 1736 2520 1776 vos
2537 1719 2756 1776 reclusit
2784 1719 2840 1772 in
2868 1735 2984 1774 sua.

2653 1892 2744 1945 IV.

1886 2048 1968 2102 Ad
1999 2049 2282 2118 Hugonem
2312 2046 2367 2101 S.
2411 2045 2638 2100 militia:
2666 2045 2932 2116 priorem.
2956 2073 3024 2082 —-
3059 2043 3226 2100 Docet
3254 2061 3364 2116 qua
3393 2060 3487 2100 ra-

2103 2136 2253 2191 tione
2284 2135 2494 2190 bellum
2532 2134 2835 2205 spiritualc
2865 2133 2939 2189 sit
2954 2132 3253 2204 agendum.

1958 2259 2205 2316 Dominis
2233 2265 2285 2314 et
2313 2257 2500 2312 amicis
2523 2258 2576 2311 in
2608 2257 2824 2312 Christo
2857 2255 3195 2312 charissimis
3228 2271 3294 2312 ac
3323 2272 3486 2313 reve-

1886 2347 2247 2412 rendissimis,
2281 2347 2520 2414 HUGONI,
2554 2353 2757 2401 sanctas
2776 2345 2981 2400 militiae
3009 2344 3199 2415 priori,
3230 2351 3285 2400 et
3303 2345 3485 2400 omni-

1885 2439 1985 2492 bus
2015 2437 2106 2509 qui
2137 2443 2402 2508 reguntur
2429 2436 2544 2503 ejus
2590 2434 2838 2500 consilio,
2874 2433 3020 2488 servi
3063 2441 3118 2487 et
3162 2433 3321 2488 amici
3349 2434 3486 2489 Car-

1883 2525 2076 2580 thasim
2124 2524 2342 2588 fratres,
2407 2523 2771 2594 spiritualium
2816 2521 2977 2576 simul
3024 2529 3076 2576 et
3124 2521 3485 2593 corporalium

1885 2613 2205 2670 Christianae
2245 2612 2526 2683 religionis
2572 2611 2811 2666 hostium
2847 2610 3125 2666 victoriam
3183 2610 3486 2681 plenariam

1885 2711 1938 2758 et
1957 2718 2145 2773 pacem
2170 2718 2269 2772 per
2297 2700 2572 2756 Christum
2602 2700 2894 2755 Dominum
2925 2706 3196 2754 nostrum.

1957 2795 2006 2846 1.
2043 2790 2312 2858 Quoniam
2359 2789 2415 2844 in
2476 2789 2842 2857 revertendo,
2919 2787 3057 2843 sicut
3085 2787 3140 2841 in
3191 2788 3481 2858 veniendo,

1883 2880 2189 2952 praesentiae
2217 2887 2415 2934 vestra:
2445 2877 2756 2948 gratissima
2776 2876 3105 2932 allocutione
3131 2875 3240 2931 frui
3285 2878 3485 2949 nequi-

1882 2969 2078 3033 vimus,
2111 2967 2289 3022 visum
2321 2974 2402 3021 est
2430 2966 2590 3022 nobis
2618 2972 2674 3020 ut
2703 2965 3023 3037 perlitteras
3051 2965 3336 3021 vobiscum
3375 2967 3485 3021 sal-

1883 3064 1990 3112 tem
2011 3071 2193 3127 pauca
2220 3055 2676 3126 colloqueremur.
2708 3054 2791 3109 Ad
2813 3068 3080 3124 corporea
3101 3053 3318 3126 quidem
3340 3054 3484 3111 bello

1882 3161 2203 3218 pugnasque
2231 3144 2475 3200 visibiles
2531 3143 2880 3199 dilectionem
2918 3150 3154 3198 vestram
3211 3143 3486 3199 exhortari

1881 3249 2230 3307 nequaquam
2260 3232 2547 3300 novimus;
2579 3232 2650 3287 ad
2680 3231 2980 3303 spiritualia
3009 3247 3162 3301 vero,
3196 3231 3252 3287 in
3290 3232 3485 3304 quibus

1882 3332 1935 3380 et
1964 3323 2205 3395 quotidie
2232 3337 2538 3387 versamur,
2573 3320 2676 3376 etsi
2717 3320 2950 3376 excitare
2997 3319 3181 3376 idonei
3229 3336 3341 3376 non
3386 3337 3483 3376 su-

1881 3429 2023 3480 mus,
2055 3413 2351 3468 admonere
2375 3410 2566 3466 saltem
2585 3409 2983 3465 desideramus.
3017 3410 3239 3464 Frustra
3285 3409 3484 3482 quippe

1883 3501 2183 3558 exteriores
2217 3501 2404 3555 hostes
2459 3499 2787 3569 impetimus,
2822 3497 2869 3552 si
2898 3513 3008 3553 non
3059 3497 3211 3568 prius
3264 3497 3483 3555 intimos

1883 3606 2221 3661 superamus.
2251 3591 2316 3644 Et
2346 3588 2658 3659 pudendum
2690 3585 2850 3640 nimis
2867 3593 2950 3641 est
2977 3595 3030 3642 et
3049 3586 3334 3658 indignum
3348 3603 3485 3659 quo-

1883 3679 2138 3734 rumlibet
2163 3677 2305 3733 velle
2331 3676 2523 3732 ditioni
2569 3682 2772 3731 nostra
2826 3675 3098 3744 subjicere
3145 3675 3388 3747 agmina,
3439 3675 3485 3730 si

1883 3784 1994 3824 non
2044 3767 2194 3838 prius
2241 3774 2426 3822 nostra
2482 3765 2640 3820 nobis
2687 3764 2928 3833 subjecta
2975 3763 3175 3820 fuerint
3225 3779 3480 3834 corpora.

1885 3856 2021 3925 Quis
2053 3856 2198 3912 enim
2210 3855 2350 3910 ferat
2381 3853 2619 3909 exterius
2647 3853 2702 3908 in
2731 3853 2940 3923 amplas
2977 3861 3154 3908 terras
3191 3852 3486 3908 extendere

1885 3946 2026 4002 velle
2069 3961 2171 4001 nos
2218 3943 2670 4008 dominationem,
2711 3951 2763 3998 et
2811 3941 3023 4014 exiguis
3054 3941 3370 4013 cespitibus,
3429 3941 3485 3996 id

1883 4042 1965 4091 est
1993 4033 2250 4091 carnibus
2283 4033 2504 4098 nostris,
2527 4031 2945 4103 ignominiosam
2984 4030 3194 4101 perpeti
3227 4029 3482 4086 vitiorum

1884 4122 2200 4178 servitutem
2228 4121 2256 4175 ?
2282 4121 2646 4192 Acquiramus
2671 4119 2870 4191 itaque,
2922 4118 3281 4184 dilectissimi,
3332 4117 3484 4188 prius

1883 4210 2271 4280 nosmetipsos,
2297 4217 2356 4264 ut
2383 4224 2579 4264 secure
2617 4207 2879 4278 deinceps
2907 4208 2974 4262 ad
3007 4215 3224 4262 exteros
3270 4223 3483 4279 pugne-

1883 4317 2006 4355 mus
2035 4298 2283 4354 inimicos
2314 4317 2328 4364 ;
2362 4304 2574 4353 mentes
2595 4304 2812 4352 nostras
2841 4295 2988 4366 prius
3017 4311 3052 4351 a
3079 4295 3244 4361 vitiis,
3286 4295 3485 4351 dehinc

1885 4397 2056 4444 terras
2088 4403 2385 4459 purgemus
2403 4401 2437 4440 a
2465 4384 2734 4440 barbaris.

1955 4481 2008 4534 2.
2040 4477 2163 4532 Non
2192 4475 2356 4548 igitur
2385 4481 2581 4546 regnet
2629 4480 2912 4545 peccatum
2939 4472 2993 4526 in
3037 4478 3226 4528 nostro
3266 4471 3483 4527 mortali

1804 4559 1856 4619 D
1887 4581 2117 4638 corpore
2148 4565 2216 4619 ad
2247 4563 2614 4619 obediendum
2659 4561 2946 4617 desideriis
2989 4561 3106 4630 ejus
3130 4601 3144 4630 ,
3178 4576 3282 4616 nec
3323 4561 3480 4616 exhi-

1879 4656 2106 4711 beamus
2153 4653 2404 4708 membra
2432 4661 2619 4707 nostra
2675 4666 2826 4705 arma
2875 4649 3174 4722 iniquitatis
3230 4657 3478 4720 peccato,

1880 4745 1978 4800 sed
2009 4743 2361 4800 exhibeamus
2382 4757 2482 4798 nos
2513 4742 2649 4805 Deo,
2681 4748 2939 4812 tanquam
2994 4756 3060 4794 ex
3105 4738 3334 4793 mortuis
3392 4739 3478 4793 vi-

1879 4840 2086 4899 ventes,
2111 4842 2164 4888 et
2191 4831 2437 4887 membra
2467 4838 2651 4885 nostra
2699 4845 2850 4884 arma
2882 4827 3102 4898 justitia:
3150 4828 3292 4893 Deo,
3350 4834 3403 4882 et
3434 4827 3480 4882 si

1880 4939 2008 4979 caro
2057 4921 2394 4994 concupiscit
2451 4920 2712 4976 adversus
2756 4919 3007 4990 spiritum
3053 4917 3473 4972 indomabiliter.

1877 5015 2001 5069 Haec
2033 5015 2206 5076 enim,
2237 5009 2409 5082 inquit
2428 5009 2742 5079 Apostolus,
2766 5008 2874 5064 sibi
2893 5009 3138 5064 invi-cem
3158 5006 3474 5062 adversan-

1883 5107 1995 5167 tur,
2015 5106 2209 5157 utnon
2224 5114 2566 5173 quacunque
2579 5098 2753 5153 vultis
2763 5098 3014 5168 faciatis.
3030 5095 3306 5150 Vellemus
3320 5110 3478 5150 nam-

1880 5207 1986 5261 que
2036 5189 2206 5257 omni,
2255 5189 2302 5242 si
2359 5187 2474 5242 fieri
2528 5193 2734 5257 posset,
2769 5201 2961 5240 carere
3017 5183 3476 5255 concupiscentia.

1880 5279 1988 5334 Sed
2035 5278 2080 5332 si
2107 5277 2163 5332 in
2193 5277 2294 5332 hac
2322 5271 2448 5341 vita,
2483 5291 2604 5346 qua:
2633 5282 2742 5330 tota
2769 5273 2995 5328 tentatio
3052 5281 3153 5339 est,
3214 5272 3481 5343 concupi-

1881 5367 2087 5423 scentia
2130 5368 2199 5420 ad
2242 5365 2460 5436 plenum
2506 5379 2695 5418 carere
2741 5378 2851 5418 non
2917 5378 3228 5433 possumus,
3271 5376 3482 5417 concu-

1878 5454 2158 5526 piscentiis
2179 5453 2369 5509 saltem
2390 5468 2498 5508 non
2522 5451 2841 5507 serviamus.
2866 5451 2951 5506 Ad
2967 5450 3112 5522 quod
3129 5451 3257 5522 quia
3272 5449 3482 5505 viribus

1879 5543 2037 5600 nobis
2065 5559 2263 5614 parum
2288 5539 2617 5597 sufﬁcientes
2637 5556 2848 5609 sumus,
2888 5539 3260 5595 confortemur
3279 5539 3336 5593 in
3362 5539 3481 5593 Do-
