3928 6408
474 352 578 407 599

467 570 731 617 maturam
753 561 870 628 Dei,
907 568 958 613 ut
990 560 1264 630 possimus
1322 570 1463 617 stare
1522 563 1791 617 adversus
1836 562 2063 616 insidias

465 649 688 705 diaboli.
722 650 841 705 Non
871 649 1044 717 enim,
1076 650 1209 704 sicut
1226 650 1428 704 ibidem
1451 652 1712 721 sequitur,
1732 652 2062 706 colluctatio

467 739 624 795 nobis
635 740 717 793 est
731 737 927 792 advers
935 754 996 792 us
1009 754 1238 793 carnem
1251 743 1308 793 et
1320 741 1673 809 sanguinem,
1691 739 1785 794 sed
1797 739 2063 794 adversus

463 827 749 900 principes
759 830 815 880 et
826 830 1150 897 potestates,
1167 828 1432 882 adversus
1447 827 1641 882 mundi
1657 832 1901 883 rectores
1915 831 2063 883 tene-

466 916 714 981 brarum,
750 918 949 970 contra
960 916 1287 986 spiritantia
1300 917 1639 987 nequitiazin
1658 916 1990 982 caelestibus,
2009 914 2063 968 id

468 1010 551 1057 est
597 1009 790 1057 contra
834 1001 960 1056 vitia
1016 1010 1068 1056 et
1106 1018 1288 1057 eorum
1345 1003 1653 1058 incentores
1699 1004 2062 1074 nequissimos

468 1089 712 1160 spiritus.
746 1087 850 1157 Qui
880 1090 925 1144 si
948 1090 1117 1160 (quod
1150 1098 1203 1145 et
1240 1090 1412 1145 David
1440 1091 1617 1163 rogat)
1654 1090 1826 1145 nostri
1882 1091 2062 1145 domi-

464 1177 657 1233 minati
713 1192 823 1232 non
878 1177 1107 1244 fuerint,
1168 1186 1294 1234 tunc
1332 1179 1659 1235 immaculati
1717 1178 1953 1245 erimus,
2013 1186 2063 1234 et

466 1266 885 1323 emundabimur
913 1281 945 1320 a
977 1266 1186 1321 delictis
1224 1267 1492 1323 maximis.

538 1358 590 1410 3.
623 1355 840 1410 Stemus
869 1370 1005 1426 ergo
1035 1355 1292 1410 succincti
1332 1355 1547 1410 lumbos
1578 1364 1796 1411 nostros
1825 1356 1879 1410 in
1913 1355 2063 1411 veri-

465 1450 594 1511 tate,
629 1450 683 1498 et
710 1442 923 1499 calciati
952 1443 1122 1513 pedes
1138 1443 1191 1496 in
1220 1444 1613 1514 praeparatione
1644 1444 1928 1516 Evangelii
1958 1459 2061 1514 pa-

465 1530 564 1596 cis,
598 1530 651 1585 in
680 1530 934 1585 omnibus
956 1539 1231 1585 sumentes
1261 1540 1472 1586 scutum
1507 1531 1653 1598 ﬁdei,
1686 1532 1740 1586 in
1771 1548 1879 1603 quo
1928 1548 2061 1603 pos-

465 1620 637 1674 simus
662 1619 840 1674 omnia
869 1619 978 1674 tela
1007 1619 1327 1690 nequissimi
1346 1621 1509 1692 ignea
1539 1620 1885 1692 exstinguere
1918 1638 1933 1687 ;
1967 1636 2061 1675 ca—

463 1716 560 1778 put
589 1707 751 1779 galea
779 1708 969 1762 salutis
996 1708 1289 1772 obtectum,
1322 1708 1602 1764 dexteram
1651 1709 1830 1781 gladio
1870 1708 2063 1763 salutis

463 1796 727 1851 munitam
746 1796 1030 1851 habentes.
1083 1798 1387 1864 Curramus,
1432 1812 1542 1851 non
1585 1797 1737 1869 quasi
1767 1797 1822 1851 in
1876 1798 2132 1887 incer-B

466 1890 581 1938 tum
605 1903 619 1949 ;
651 1900 977 1954 pugnemus,
1010 1899 1121 1939 non
1148 1884 1301 1956 quasi
1331 1900 1517 1940 aerem
1546 1886 1931 1951 verberantes;
1961 1886 2059 1940 sed

469 1971 804 2044 castigemus
834 1986 1036 2041 corpus
1069 1980 1331 2040 nostrum,
1393 1980 1443 2028 et
1482 1973 1829 2042 subjiciamus
1885 1973 2060 2029 servi-

468 2059 587 2127 tuti,
621 2060 749 2130 quia
777 2059 865 2114 hic
902 2067 986 2114 est
1012 2060 1265 2125 hominis,
1300 2060 1354 2114 id
1405 2068 1488 2115 est
1544 2061 1791 2115 animalis
1836 2062 1906 2116 ad
1962 2060 2061 2116 Dei

471 2147 768 2219 imaginem
808 2147 1031 2215 conditi,
1089 2155 1263 2203 status
1313 2148 1772 2215 ordinatissimus,
1830 2165 1953 2205 cum
2008 2157 2063 2204 et

468 2251 599 2292 caro
621 2235 786 2291 servit
819 2234 1050 2306 spiritui,
1074 2243 1127 2291 et
1180 2236 1398 2306 spiritus
1453 2237 1703 2291 subditur
1757 2237 2058 2292 Conditori.

469 2324 530 2379 In
551 2324 656 2379 hoc
687 2323 829 2378 bello
858 2330 1006 2378 tanto
1037 2323 1139 2378 erit
1168 2324 1398 2395 quisque
1431 2324 1727 2395 robustior,
1777 2333 2057 2397 tantoque,

470 2419 696 2484 regente
724 2418 777 2466 et
804 2420 1125 2482 protegente
1155 2412 1291 2481 Deo,
1317 2414 1622 2467 numerosis
1642 2413 1927 2484 prostratis
1956 2415 2061 2469 ho-

468 2500 641 2555 stibus
676 2500 948 2571 triumpho
990 2496 1315 2573 gloriosiore
1356 2501 1661 2566 sublimior,
1718 2511 1919 2574 quanto
1962 2518 2065 2575 per

469 2588 655 2644 omnia
682 2588 941 2660 sategerit
970 2604 1092 2644 esse
1122 2588 1402 2656 humilior;
1436 2598 1687 2661 tantoque
1718 2598 1940 2647 econtra
1994 2591 2063 2646 ad

470 2677 653 2732 omnia
682 2677 823 2733 bona
867 2675 1136 2732 inﬁrmior
1163 2686 1217 2733 et
1269 2678 1678 2744 inconstantior,
1730 2688 1931 2752 quanto
1960 2695 2062 2736 vo-

470 2765 630 2820 luerit
658 2781 780 2821 csse
810 2765 1115 2836 superbior.
1165 2767 1311 2821 Deus
1340 2767 1483 2822 enim
1535 2768 1737 2823 resistit
1789 2768 2060 2838 superbis.

470 2853 596 2909 Non
626 2870 761 2925 ergo
782 2869 921 2925 opus
967 2862 1048 2909 est
1087 2862 1144 2909 ut
1185 2854 1253 2909 ad
1305 2855 1663 2911 debellandos
1710 2872 1805 2911 eos
1846 2856 2064 2912 aliunde

471 2951 745 3015 quaeratur
773 2950 1064 3015 pugnator,
1097 2942 1292 3014 quibus
1336 2944 1680 3014 omnipotens
1698 2944 1902 2999 resistit
1927 2961 2066 3015 prte-

468 3030 645 3087 liator.
680 3030 831 3098 Quos
858 3039 1042 3086 contra
1062 3031 1233 3085 David
1252 3031 1383 3087 dicit
1418 3046 1429 3085 :
1453 3034 1784 3088 Custodiens
1800 3034 2067 3104 parvulos

475 3119 788 3184 Dominus;
821 3127 985 3189 atque
1029 3118 1262 3189 idipsum
1294 3128 1550 3190 expertus
1577 3120 1633 3175 in
1687 3122 1871 3191 seipso
1929 3120 2065 3175 sub-

466 3206 645 3277 junxit
676 3224 689 3260 :
715 3179 1061 3262 Humiliatus
1090 3179 1217 3262 sum
1263 3212 1320 3262 et
1364 3179 1629 3264 liberavit
1672 3179 1786 3264 me:
1842 3210 2063 3264 Utamur
2088 3179 2132 3240 Ο

472 3293 743 3365 exemplo,
776 3295 822 3348 si
853 3293 1018 3348 simili
1046 3294 1292 3365 cupimus
1321 3296 1397 3350 uti
1456 3296 1718 3353 remedio.
1780 3297 2062 3353 Faciamus

472 3382 618 3455 quod
647 3381 793 3448 fecit,
828 3382 874 3436 si
921 3382 1296 3438 desideramus
1325 3384 1469 3455 quod
1507 3385 1714 3456 accepit
1755 3404 1770 3450 ;
1803 3385 2060 3442 humilie-

470 3487 614 3538 mur,
649 3479 757 3526 uta
785 3470 942 3526 malis
970 3472 1221 3527 omnibus
1241 3472 1549 3529 liberemur.
1581 3474 1873 3544 Apostolus
1902 3475 2063 3531 etiam

468 3560 538 3615 de
561 3560 792 3615 Domino
820 3560 949 3615 Iesu
965 3560 1179 3616 Christo
1210 3578 1224 3615 :
1250 3563 1602 3627 Humiliavit,
1636 3562 1828 3635 inquit,
1862 3568 2064 3620 semet-

469 3649 679 3720 ipsum,
702 3651 892 3719 factus
908 3648 1163 3704 obediens
1174 3665 1347 3722 usque
1357 3650 1429 3705 ad
1441 3655 1698 3716 mortem,
1714 3655 1956 3707 mortem
1967 3669 2066 3709 au-

464 3740 590 3792 tem
611 3739 817 3792 crucis.
847 3737 964 3792 Nec
992 3736 1284 3793 incassum.
1310 3739 1533 3808 Propter
1565 3740 1664 3793 hoc
1693 3739 1857 3806 enim,
1888 3740 1979 3807 ait,
2009 3748 2064 3796 et

469 3825 618 3879 Deus
638 3825 833 3879 exulta
842 3824 919 3878 vit
933 3825 1095 3879 illum
1107 3867 1120 3891 ,
1143 3828 1199 3879 et
1222 3824 1449 3881 donavit
1464 3827 1557 3881 illi
1572 3842 1798 3892 nomen,
1819 3828 1961 3900 quod
1976 3831 2062 3884 est

469 3925 640 3983 super
659 3927 823 3967 omne
843 3928 1085 3980 nomem,
1108 3917 1173 3968 ut
1192 3914 1255 3968 in
1289 3915 1520 3970 nomine
1554 3916 1686 3970 Jesu
1717 3931 1881 3971 omne
1917 3932 2065 3988 genu

474 4000 763 4068 ﬂectatur,
788 4001 1117 4065 calestium,
1141 4004 1519 4069 terrestrium,
1544 4007 1601 4058 et
1616 4004 1977 4074 infernorum
2008 4010 2064 4061 et

475 4088 663 4143 omnis
685 4089 883 4158 lingua
903 4090 1245 4158 conﬁteatur
1264 4090 1405 4163 quod
1418 4093 1690 4147 Dominus
1716 4094 1873 4149 Iesus
1908 4094 2068 4150 Chri-

470 4179 599 4231 stus
638 4180 722 4231 est
769 4177 832 4231 in
860 4177 1043 4247 gloria
1077 4178 1177 4233 Dei
1212 4180 1423 4233 Patris.
1456 4180 1524 4233 Et
1560 4180 1685 4236 hinc
1734 4197 1951 4253 quoque
1977 4181 2067 4238 vel

471 4265 706 4319 maxime
719 4280 993 4319 sumamus
1010 4266 1335 4336 exemplum,
1354 4267 1398 4321 si
1414 4268 1668 4323 ardemus
1678 4268 1747 4325 ad
1760 4270 2062 4341 praemium.

469 4352 757 4409 Faciamus
788 4353 933 4424 quod
980 4353 1137 4419 fecit,
1182 4363 1239 4409 ut
1281 4371 1572 4426 sequamur
1611 4373 1719 4428 quo
1762 4358 2061 4429 praecessit.

467 4442 750 4498 Sectemur
777 4441 920 4496 viam
952 4450 1111 4497 tanta:
1140 4443 1475 4509 humilitatis,
1500 4454 1556 4499 ut
1586 4447 1964 4516 perveniamus
1995 4447 2066 4501 ad

1305 346 1649 406 GUIGONIS
1686 350 1709 404 Ι
1754 345 2162 405 CARTHUSDE
2208 347 2501 405 MAIORIS
2547 349 2825 407 PBIORIS
2865 351 2930 408 V.

466 474 617 529 mino
646 481 698 527 et
727 472 779 526 in
811 470 1049 542 potentia
1080 470 1290 527 virtutis
1333 473 1471 543 ejus,
1530 473 1924 545 induamusque
1976 489 2061 527 ar—
2081 474 2136 534 Α

3673 354 3794 407 600

2932 479 2995 534 V.

2163 625 2242 680 Αιι
2273 624 2665 701 Innocentium
2686 646 2889 701 papam
2920 630 2985 684 ll.
3010 659 3079 670 --
3120 629 3457 686 Consolatur
3473 647 3785 688 summum

2298 698 2629 767 pontiﬁcem
2659 698 2929 756 aduersus
2956 700 3284 757 schismatis
3304 702 3619 757 molestias.

2233 819 2465 875 Domino
2512 830 2566 876 et
2605 822 2752 877 Patri
2807 823 3130 879 charissimo
3184 839 3251 879 ac
3296 824 3779 880 reverendissimo

2160 908 2472 976 apostolicae
2503 910 2651 964 sedis
2679 927 2891 967 summo
2921 910 3161 983 pontiﬁci
3218 927 3580 977 INNOCENTIO,
3616 913 3779 968 servi

2161 1002 2215 1049 et
2250 992 2346 1049 ﬁlii
2403 996 2701 1053 Carthusim
2747 1015 3042 1071 pauperes,
3096 1000 3244 1055 illam
3298 1016 3463 1072 quam
3520 1002 3775 1056 mundus

2160 1081 2292 1137 dare
2314 1098 2421 1139 non
2450 1094 2629 1155 potest
2649 1102 2860 1158 pacem,
2884 1104 3105 1159 suaeque
3134 1089 3471 1159 paternitatis
3496 1089 3773 1144 devotam

2161 1170 2490 1240 servitutem,
2516 1182 2571 1228 et
2598 1190 2707 1229 non
2736 1176 3104 1231 necessarium
3133 1176 3260 1232 licet
3286 1176 3634 1248 obsequium.

2231 1258 2424 1314 Multas
2455 1261 2525 1316 ad
2553 1262 2722 1317 vestri
2766 1264 3101 1335 apostolatus
3144 1273 3387 1320 sacratas
3432 1281 3617 1336 aures,
3651 1276 3772 1323 etc.

2170 1346 2299 1402 Vide
2321 1348 2387 1403 in
2416 1350 2746 1408 Innocentio
2766 1352 2833 1420 II,
2864 1353 2936 1408 ad
2953 1369 3050 1409 an.
3085 1354 3250 1409 1143.

2913 1554 3002 1611 VI.

2159 1690 2408 1772 [lagonis
2439 1664 2952 1772 Gratianopotitani
2967 1699 3516 1772 episcopiﬁuigonis
3540 1706 3597 1757 et
3620 1703 3766 1758 Car-

2234 1768 2615 1843 thusiensium
2644 1768 2896 1838 fratrum
2917 1768 3158 1841 epistola
3175 1771 3246 1826 ad
3262 1768 3460 1826 Patres
3473 1774 3534 1826 in
3544 1773 3766 1843 synodo

2250 1843 2277 1897 I
2322 1840 2545 1895 Otrensi
2591 1840 2955 1911 congregatos
2990 1845 3224 1911 prapter
3267 1857 3460 1897 necem
3515 1840 3763 1906 Tliomce,

2231 1912 2427 2038 ἓαὶξῖτί
2467 1910 2694 1993 Victoris
2713 1910 3055 1966 Parisiensis
3070 1910 3296 1984 prioris,
3318 1914 3385 1968 ab
3404 1914 3594 1986 impiis
3616 1930 3765 1969 cru-

2269 1999 2297 2037 e
2326 1999 2344 2037 ι
2373 1996 2436 2036 er
2462 1995 2650 2036 occm.

2498 2091 2725 2162 (Lanae,
2760 2091 2989 2160 Consit.,
3022 2091 3093 2158 X,
3126 2091 3231 2148 col.
3264 2094 3415 2164 975.)

2233 2232 2479 2290 Dominis
2526 2240 2576 2287 et
2615 2233 2857 2288 Patribus
2896 2233 2953 2288 in
2991 2233 3204 2290 Christo
3262 2236 3759 2304 reverendissimis,

2162 2321 2608 2393 archiepiscopis,
2657 2322 2928 2394 episcopis
2956 2330 3009 2377 et
3036 2323 3249 2379 ceteris
3304 2323 3580 2397 religiosis
3625 2341 3763 2396 per-

2171 2412 2323 2467 sonis
2350 2411 2405 2465 in
2436 2419 2760 2481 praesentem
2791 2410 2967 2465 locum
2998 2410 3359 2467 defendendae
3379 2413 3600 2481 justitia:
3626 2430 3764 2486 gra-

2165 2500 2235 2555 tia
2263 2500 2666 2572 congregratis,
2707 2500 2886 2566 Huco,
2928 2499 3441 2571 Gratianopolitanae
3494 2502 3765 2559 Ecclesia:

2163 2595 2388 2645 vocatus
2445 2588 2751 2659 episcopus,
2824 2595 2878 2643 et
2934 2586 3027 2642 ﬁlii
3081 2589 3217 2658 ejus,
3292 2590 3764 2645 Carthusiensium

2163 2692 2464 2748 pauperum
2492 2693 2683 2731 servus
2711 2676 2913 2731 inutilis
2943 2676 3145 2743 Ganeo,
3192 2684 3247 2733 et
3275 2676 3367 2750 qui
3414 2693 3597 2734 secum
3628 2686 3763 2734 sunt

2164 2764 2380 2831 fratres,
2400 2764 2613 2837 agenda
2657 2780 3016 2835 cognoscere,
3073 2766 3291 2835 cognita
3320 2766 3544 2822 viriliter
3571 2767 3758 2821 adim-

2163 2853 2317 2925 plere
2345 2869 2445 2924 per
2480 2853 2756 2908 Christum
2790 2854 3081 2909 Dominum
3109 2863 3376 2910 nostrum.

2236 2940 2395 3010 Quod
2425 2941 2673 2997 homines
2730 2958 2935 3008 sumus,
2969 2942 3039 2997 ad
3060 2952 3349 3010 naturam;
3407 2944 3555 3015 quod
3604 2945 3762 3013 justi,

2164 3030 2236 3085 ad
2264 3030 2511 3085 meritum
2535 3048 2551 3097 ;
2582 3031 2729 3102 quod
2756 3031 3018 3102 episcopi,
3042 3031 3127 3087 vel
3169 3032 3495 3103 presbyteri,
3548 3033 3633 3088 vel
3662 3050 3761 3088 ar-

2164 3119 2489 3185 chidiaconi,
2524 3118 2611 3174 vel
2638 3119 2843 3190 aliquid
2872 3120 3197 3188 hujusmodi,
3221 3120 3292 3175 ad
3329 3121 3762 3177 ecclesiasticum

2162 3206 2395 3278 pertinet
2438 3205 2694 3263 ofﬁcium.
2729 3208 2788 3261 In
2836 3208 3015 3278 primo
3072 3208 3369 3275 existimus,
3402 3209 3457 3263 in
3514 3211 3759 3265 secundo

2162 3294 2458 3363 salvamur,
2482 3296 2536 3349 in
2569 3295 2730 3351 tertio
2780 3296 3101 3366 providendi
3131 3296 3252 3352 aliis
3299 3313 3421 3369 quae
3478 3298 3761 3354 subtiliora

2162 3391 2308 3450 sunt,
2331 3391 2656 3454 potestatem
2686 3384 3002 3456 accipimus.
3036 3386 3156 3442 Duo
3182 3401 3317 3457 ergo
3333 3386 3517 3457 priora
3543 3387 3612 3441 ad
3632 3402 3757 3454 nos,

2163 3472 2379 3526 tertium
2429 3471 2658 3527 refertur
2686 3473 2757 3528 ad
2782 3473 3080 3545 proximos.
3131 3472 3289 3542 Quod
3319 3474 3365 3528 si
3408 3474 3760 3530 manifestum

2162 3559 2353 3625 fuerit,
2408 3561 2560 3628 juxta
2609 3560 2740 3615 illud
2781 3561 3026 3618 ﬁculnea:
3072 3562 3403 3635 evangelica:
3454 3563 3756 3634 exemplar,

2163 3664 2284 3719 quae
2319 3649 2504 3703 tandiu
2534 3657 2843 3720 exspectata
2872 3649 3104 3706 fructum
3140 3666 3251 3706 non
3276 3651 3468 3717 attulit,
3516 3650 3759 3707 ofﬁcium

2164 3752 2265 3792 nos
2293 3737 2553 3793 inutiliter
2575 3738 2781 3794 habere
2827 3748 3161 3810 susceptum,
3194 3739 3343 3795 nulla
3391 3740 3535 3809 justa
3563 3755 3660 3795 cur
3699 3740 3759 3795 in

2164 3841 2231 3880 eo
2250 3826 2621 3897 relinquemur
2648 3828 2950 3882 remanebit
2978 3828 3211 3883 occasio.
3245 3827 3384 3897 Quid
3406 3843 3537 3898 ergo
3567 3828 3615 3882 si
3645 3844 3759 3883 non

2164 3913 2339 3969 solum
2366 3914 2585 3970 inutiles
2630 3915 2914 3983 Ecclesiae,
2975 3916 3073 3971 sed
3128 3916 3291 3972 etiam
3326 3916 3635 3987 perniciosi,
3669 3918 3761 3972 vel

2164 4001 2351 4057 verbis
2376 4002 2464 4057 vel
2495 4003 2757 4074 exemplis
2791 4003 3199 4060 exstiterimus?
3224 4005 3418 4060 Nonne
3444 4020 3554 4060 non
3582 4003 3757 4060 solum

2166 4090 2346 4159 dejici,
2379 4091 2476 4145 sed
2513 4091 2674 4147 etiam
2725 4092 2878 4164 digni
2933 4108 3121 4148 sumus
3167 4093 3390 4163 puniri?
3418 4093 3534 4147 Etsi
3588 4093 3759 4165 igitur

2165 4178 2311 4233 beati
2340 4180 2579 4249 Thomas,
2627 4187 2680 4235 et
2712 4176 3036 4236 cancrorum
3085 4181 3176 4253 qui
3223 4190 3467 4236 recenter
3523 4181 3646 4237 lotis
3700 4181 3755 4236 in

2167 4266 2429 4337 sanguine
2457 4268 2601 4339 Agni
2648 4269 2801 4323 stolis
2831 4269 2944 4323 suis
2972 4268 3044 4325 ad
3072 4268 3318 4325 caelestia
3358 4268 3752 4339 demigrarunt,

2166 4355 2222 4409 in
2242 4364 2536 4426 conspectu
2563 4356 2781 4412 Domini
2809 4372 2961 4412 mors
2988 4357 3222 4427 pretiosa
3244 4358 3520 4412 mundana
3558 4357 3756 4414 ultione

2167 4458 2275 4498 non
2310 4453 2487 4513 egeat,
2528 4453 2710 4499 tamen
2742 4445 2788 4499 si
2818 4446 3123 4501 Ecclesium
3180 4446 3300 4512 Dei,
3363 4446 3481 4500 sine
3511 4462 3620 4517 qua
3655 4462 3753 4503 nec

466 4529 703 4602 gloriam
736 4531 835 4586 Dei
873 4531 1065 4586 Patris.
1100 4532 1294 4588 Omnis
1351 4536 1505 4588 enim
1552 4535 1648 4604 qui
1690 4551 1749 4589 se
1799 4532 2137 4591 humiliatD
2164 4532 2401 4602 publica:
2432 4548 2517 4587 res
2538 4532 2701 4587 salvae
2716 4540 2839 4587 sunt
2867 4548 2968 4589 nec
3024 4533 3264 4603 privatas,
3297 4533 3523 4589 utilitate
3579 4543 3751 4589 careat

466 4619 838 4685 exaltabitur,
860 4624 913 4675 et
930 4621 1025 4692 qui
1041 4636 1100 4676 se
1120 4622 1314 4677 exaltu
1326 4625 1364 4687 t,
1390 4623 1808 4691 humiliabitur,
1834 4631 2066 4679 testante

465 4707 661 4763 eodem
690 4708 924 4763 Domino
951 4716 1140 4764 nostro
1167 4710 1294 4764 Jesu
1326 4709 1557 4777 Christo,
1586 4710 1821 4782 quicum
1844 4713 1998 4768 Patre
2014 4719 2068 4767 et

464 4794 669 4866 Spiritu
701 4804 891 4852 sancto
937 4796 1065 4852 vivit
1101 4804 1153 4851 et
1183 4807 1374 4868 regnat
1403 4799 1571 4865 Deus,
1606 4816 1706 4868 per
1743 4801 1927 4854 omnia
1956 4817 2065 4855 sa:-

464 4883 584 4939 cula
628 4883 971 4939 saeculorum.
1025 4889 1218 4939 Amen.
1261 4885 1802 4956 Omnipotentissima
1845 4888 2065 4943 miseri-

463 4971 669 5033 cordia,
722 4980 776 5026 et
816 4972 1330 5028 misericordissima
1370 4974 1762 5044 omnipotentia
1791 4975 1924 5041 Dei,
1959 4984 2064 5031 tam

460 5057 519 5112 in
557 5057 950 5129 spiritualibus,
1004 5076 1165 5132 quam
1223 5061 1387 5115 etiam
1443 5061 1822 5131 corporalibus
1863 5063 2065 5132 praeliis

464 5145 630 5202 faciat
658 5162 755 5201 vos
785 5164 1004 5217 semper
1053 5156 1107 5204 et
1154 5148 1465 5203 felicissime
1495 5165 1739 5219 pugnare
1774 5157 1827 5205 et
1856 5150 2064 5221 glorio-

462 5233 680 5290 sissime
712 5236 1057 5306 triumphare.
1091 5235 1358 5305 Optamus
1389 5251 1486 5291 vos
1517 5237 1655 5291 bene
1687 5236 1895 5303 valere,
1928 5246 1981 5292 et
2008 5239 2063 5293 in

459 5323 633 5379 sacris
662 5340 783 5395 quia
832 5322 1055 5378 tuemini
1089 5323 1233 5382 locis
1253 5365 1266 5387 ,
1314 5323 1518 5389 nostri,
1551 5339 1674 5379 cum
1702 5326 1870 5380 oratis
1895 5368 1907 5392 ,
1941 5343 2063 5382 me—

458 5410 683 5467 moriam
740 5411 963 5475 habere,
1016 5409 1321 5465 charissimi
1382 5419 1434 5467 et
1496 5413 1945 5482 praestantissimi,
2011 5423 2065 5470 et

459 5498 669 5555 meritis
717 5496 1076 5570 insignissimi
1119 5496 1332 5552 fratres.
1381 5500 1488 5553 Has
1534 5500 1741 5555 litteras
1786 5518 1888 5572 per
1923 5503 2064 5558 duos

458 5587 706 5643 diversos
735 5585 951 5639 nuntios
983 5585 1409 5653 transmisimus,
1434 5604 1502 5643 ne
1534 5604 1644 5660 quo
1676 5589 2063 5661 impedimento

458 5674 629 5746 (quod
656 5673 817 5743 absit)
850 5688 958 5727 non
990 5672 1207 5745 quirent
1251 5676 1556 5745 pervenire,
1617 5693 1751 5748 quas
1807 5678 2058 5751 petimus,

460 5769 521 5819 ut
549 5761 756 5819 cunctis
793 5759 1055 5818 fratribus
1073 5763 1270 5834 exponi
1300 5762 1530 5821 faciatis.

2164 4619 2487 4691 disciplinac,
2522 4636 2780 4692 rogamus
2810 4621 3083 4691 supplices
3113 4630 3165 4677 et
3193 4622 3575 4691 obsecramus,
3618 4640 3749 4694 qua-

2166 4717 2323 4762 tenus
2351 4716 2623 4763 armatura
2651 4708 2778 4764 lidei
2835 4710 3081 4779 protecti,
3138 4718 3193 4765 et
3248 4711 3586 4765 rectitudinis
3642 4712 3751 4767 zelo

2166 4796 2432 4863 succensi,
2464 4805 2517 4852 et
2564 4805 2870 4852 sanctorum
2902 4798 3097 4863 Mosis,
3133 4798 3386 4866 Phineas,
3430 4799 3740 4864 Mathathite,

2164 4885 2452 4939 beatorum
2485 4901 2703 4957 quoque
2728 4886 3101 4956 apostolorum
3132 4887 3276 4942 Petri
3306 4894 3358 4942 et
3387 4888 3533 4942 Pauli
3561 4887 3748 4942 adver-

2164 4988 2257 5026 sus
2289 4973 2585 5038 Simonem,
2611 4975 2875 5028 Ananiam
2904 4983 2957 5029 et
2978 4975 3204 5043 Barjesu
3221 4975 3309 5045 pie
3327 4975 3746 5043 desaevientium,

2163 5061 2504 5132 maximeque
2558 5062 2729 5132 ipsius
2802 5062 3021 5117 Domini
3077 5064 3390 5119 venditores
3432 5064 3500 5120 de
3556 5064 3750 5134 templo

2162 5148 2423 5204 caedendo
2453 5150 2836 5220 proturbantis,
2869 5150 3131 5221 exemplis
3163 5151 3403 5217 animati,
3436 5152 3489 5207 in
3534 5152 3753 5207 sacrile-

2162 5252 2264 5309 gos
2284 5237 2585 5293 homicidas
2615 5238 2968 5294 ecclesiastici
2999 5239 3196 5311 rigoris
3228 5239 3498 5310 intrepide
3520 5239 3751 5312 gladium

2161 5325 2495 5395 producatis,
2530 5342 2753 5397 eosque,
2789 5326 2835 5380 si
2865 5326 2984 5382 ﬁeri
3028 5335 3225 5398 potest,
3291 5328 3539 5383 omnibus
3567 5344 3752 5384 sacro-

2163 5429 2282 5467 rum
2311 5412 2505 5470 ofﬁciis
2556 5415 2783 5485 privetis
2825 5423 2879 5471 et
2927 5415 3229 5482 beneﬁciis,
3276 5424 3545 5487 quatenus
3584 5416 3752 5471 omnis

2162 5501 2327 5558 Israel
2357 5502 2584 5558 audiens
2613 5504 2820 5571 timeat,
2845 5511 2899 5558 et
2928 5519 3272 5575 nequaquam
3304 5503 3446 5559 ultra
3494 5504 3752 5575 quispiam

2163 5589 2544 5663 faciatsimile.
2582 5590 2688 5660 ipsi
2716 5592 2859 5647 enim
2908 5592 3085 5663 magis
3135 5608 3295 5663 quam
3344 5592 3646 5661 homicidae,
3694 5593 3745 5647 in

2162 5694 2393 5751 quorum
2424 5686 2677 5735 ementes
2707 5679 2951 5749 delicias,
2986 5688 3111 5737 vota
3163 5680 3510 5751 "complenda,
3546 5689 3600 5736 et
3623 5680 3741 5736 odia

2162 5766 2433 5837 satianda,
2457 5775 2770 5826 sanctorum
2801 5775 2928 5825 sunt
2980 5784 3217 5841 corpora
3264 5768 3487 5826 laniata.
3520 5768 3623 5839 Qui
3661 5770 3761 5827 nisi
