3928 6416
162 337 279 391 601
1579 337 2132 395 MEDITATIONES.
3401 341 3505 396 602

161 473 357 522 tanta
391 466 654 538 nequitiae
682 481 791 522 non
821 465 997 521 solum
1044 465 1223 522 fructu
1258 464 1572 531 caruerint,
1624 465 1722 520 sed
1749 472 1803 520 et
1820 473 1876 533 Α
1903 463 2234 536 profundite.
2266 463 2462 517 Iterum
2492 462 2688 518 valete.
2723 463 3020 534 Participes
3049 478 3151 519 nos
3179 463 3336 519 faciat
3355 465 3503 521 Deus

164 570 418 625 pugnam
452 555 744 625 senserint,
777 555 1030 609 omnibus
1061 555 1205 626 apud
1234 571 1336 610 nos
1359 554 1582 624 justitiae
1611 553 1798 608 defen-
1909 561 2223 607 sanctorum
2253 567 2482 622 operum
2508 560 2815 606 vestrorum
2835 597 2847 617 ,
2897 560 3176 623 gestorum
3215 561 3268 608 et
3297 570 3502 624 geren-

165 643 416 698 soribus
465 643 662 698 similia
710 651 834 698 sunt
877 644 1190 698 metuenda.
1244 643 1452 699 Valete.
1504 642 1668 698 Orate
1699 656 1798 712 pro

166 731 374 798 nobis,
403 740 484 796 et,
519 731 687 788 sacris
708 731 932 788 elevatis
960 732 1170 787 dextris
1199 748 1364 802 super
1383 739 1590 802 partem
1611 729 1800 784 mundi

167 821 232 874 in
263 835 391 892 qua
422 819 511 874 siti
557 835 766 887 sumus,
819 819 1254 876 benedictionem
1283 828 1336 876 et
1362 819 1798 876 obsecrationem

1910 641 2124 696 dorum.
2178 640 2364 695 Valete
2409 641 2566 695 tertio
2615 655 2737 696 cum
2796 641 3112 697 reverendis
3166 641 3504 714 principibus

1909 729 2154 785 Blesensi
2177 736 2237 801 et
2265 729 2610 784 Nivernensi.

1471 1161 2249 1296 GUIGONIS

793 1389 1144 1454 MAJORIS
1184 1390 1686 1454 CARTHUSL‘E
1737 1391 2067 1455 PRIORIS
2115 1393 2580 1454 GENERALIS
2629 1393 2902 1466 QUINTI

1242 1569 2435 1712 MEDITATIONES.

984 1806 1355 1878 (Bibliotheca
1385 1810 1628 1864 Patrum
1655 1808 1934 1880 Lugdun.,
1964 1817 2095 1864 tom.
2128 1809 2314 1878 XXII,
2350 1825 2483 1881 pag.
2533 1809 2718 1880 1164.)

627 2105 1025 2164 CAPITULUM
1070 2107 1364 2164 PRIMUM.

172 2220 252 2278 De
283 2221 540 2277 veritate
555 2225 612 2277 et
633 2237 789 2292 pace,
811 2225 867 2277 et
889 2221 1158 2294 quomodo
1185 2239 1288 2295 per
1304 2223 1481 2280 solam
1503 2224 1801 2279 veritatem

817 2327 938 2384 pax
971 2311 1228 2367 habetur.

247 2415 478 2472 Veritas
510 2415 760 2486 ponenda
788 2424 871 2471 est
899 2415 954 2470 in
986 2417 1189 2484 medio,
1220 2425 1482 2490 tanquam
1513 2418 1800 2489 pulchrum

172 2505 432 2576 aliquod.
504 2505 624 2560 Nec
668 2505 882 2574 judices
931 2505 976 2559 si
1025 2506 1147 2577 quis
1197 2522 1313 2560 eam
1363 2507 1658 2572 abhorret,
1703 2508 1800 2562 sed

172 2602 526 2665 competere.
585 2594 664 2648 Tu
713 2609 845 2649 vero
874 2609 996 2649 cum
1027 2595 1094 2649 ad
1127 2611 1248 2650 eam
1277 2596 1462 2650 venire
1494 2596 1797 2666 desideres,

173 2699 278 2738 cur
307 2682 532 2754 respuis
563 2697 702 2746 eam,
735 2697 860 2737 cum
881 2682 950 2737 de
983 2683 1087 2737 tuis
1118 2683 1262 2738 vitiis
1283 2684 1587 2755 increparis
1607 2686 1635 2740 ?
1663 2685 1799 2740 Vide

183 2779 398 2843 quanta
452 2770 696 2841 patiatur
741 2770 957 2825 veritas.
994 2771 1198 2826 Dicitur
1234 2772 1452 2827 ebrioso
1486 2791 1498 2826 :
1533 2773 1798 2828 Ebriosus

183 2875 286 2926 es;
322 2859 650 2924 luxurioso,
702 2859 942 2930 superbo
971 2859 1349 2932 linguosoque,
1385 2861 1652 2917 similiter.
1686 2863 1800 2918 Hoc

182 2956 367 3004 autem
403 2964 601 3003 verum
634 2955 734 3002 est.
789 2948 1068 3003 Insaniunt
1097 2957 1279 3004 tamen
1311 2950 1387 3004 illi
1415 2951 1696 3021 protinus,
1746 2959 1800 3006 et

181 3036 478 3092 veritatem
509 3035 565 3090 in
593 3051 691 3091 suo
721 3036 1078 3106 praedicatore
1107 3046 1508 3110 persequuntur
1553 3046 1606 3094 et
1647 3039 1797 3094 occi-

185 3125 342 3179 dunt.
383 3125 524 3180 Vide
556 3133 816 3196 quantum
864 3125 1163 3180 honoratur
1202 3127 1565 3182 mendacium.
1598 3127 1801 3182 Dicitur

189 3213 454 3284 pessimis
488 3221 540 3269 et
570 3213 824 3269 vitiorum
847 3214 1088 3268 omnium
1119 3215 1290 3270 servis
1331 3233 1345 3269 :
1387 3216 1522 3270 Boni
1569 3217 1795 3271 domini.

189 3302 508 3370 Placantur,
545 3302 786 3374 gaudent
832 3311 884 3358 et
910 3303 1256 3359 mendacium
1303 3304 1480 3376 ipsum
1521 3305 1576 3359 in
1607 3306 1679 3360 ita
1709 3305 1796 3360 lo-

189 3399 394 3464 quente
443 3399 796 3446 venerantur.

259 3480 393 3535 Sine
443 3487 670 3551 aspectu
717 3487 770 3535 et
797 3479 1014 3547 decore,
1047 3480 1304 3552 crueique
1330 3481 1490 3536 aﬂixa
1517 3483 1796 3539 adoranda
1821 3466 1868 3528 Ο

187 3576 272 3623 est
302 3569 529 3624 veritas.

255 3657 480 3727 Quanto
509 3673 738 3730 qumque
758 3667 1004 3715 creatura
1032 3658 1270 3714 nobilior
1300 3668 1383 3715 est
1423 3668 1473 3716 et
1501 3662 1791 3733 potentior,

181 3753 330 3802 tanto
359 3746 622 3802 libentius
653 3747 903 3802 subditur
931 3748 1138 3803 veritati
1164 3767 1178 3815 ;
1210 3749 1320 3804 imo
1347 3750 1474 3806 hinc
1502 3757 1697 3821 potens
1740 3759 1795 3807 et

182 3835 402 3904 nobilis,
438 3835 572 3908 quia
601 3835 850 3891 subditur
879 3837 949 3891 ei.

254 3924 516 3996 Pungunt
545 3924 890 3997 temporalia,
925 3940 1023 3982 cur
1049 3940 1158 3981 non
1189 3924 1334 3999 fugis
1360 3926 1431 3982 ad
1461 3927 1589 3995 alia,
1622 3928 1677 3983 id
1711 3937 1794 3984 est

189 4012 261 4066 ad
290 4013 583 4070 veritatem
603 4013 632 4067 Ῥ

252 4100 383 4156 Ideo
417 4102 563 4156 ultra
592 4101 773 4156 omnia
805 4102 1037 4158 adversa
1065 4118 1252 4158 amara
1283 4112 1364 4159 est
1387 4105 1545 4160 nobis
1567 4106 1788 4178 veritas,

186 4188 314 4258 quia
345 4190 582 4261 singulae
629 4191 988 4248 adversitates
1012 4233 1026 4260 ,
1081 4191 1326 4263 singulas
1355 4202 1444 4248 aut
1471 4195 1658 4265 plures
1688 4211 1793 4267 op-

185 4287 434 4349 pugnant
464 4278 794 4352 voluptates.
824 4280 1040 4337 Veritas
1071 4289 1254 4336 autem
1283 4281 1445 4337 simul
1473 4298 1665 4340 omnes
1695 4300 1792 4340 ca-

187 4363 506 4422 lumniatur.

254 4453 312 4507 Si
342 4456 562 4511 colores
588 4471 780 4511 omnes
799 4498 815 4524 ,
871 4464 923 4512 et
953 4465 1146 4513 caetera
1194 4475 1316 4530 quae
1345 4475 1446 4529 per
1473 4461 1661 4516 oculos
1692 4477 1791 4517 ex-

186 4542 354 4610 periri
384 4552 619 4615 possunt
647 4561 802 4600 esses
833 4555 1113 4616 expertus,
1145 4554 1239 4601 aut
1269 4547 1340 4601 ab
1387 4548 1508 4604 aliis
1539 4551 1793 4606 sensibus

187 4633 432 4700 corporis
463 4633 542 4688 sis
571 4641 856 4704 expertus,
892 4635 937 4688 si
970 4651 1217 4689 rumores
1248 4651 1438 4690 omnes
1467 4646 1559 4692 aut
1588 4640 1790 4695 recita-

187 4732 296 4783 res,
324 4730 415 4775 aut
443 4721 686 4787 audires,
720 4739 842 4794 quae
873 4724 1074 4778 utilitas
1096 4725 1123 4778 ?
1153 4723 1242 4779 Sic
1271 4741 1374 4780 nec
1404 4726 1457 4779 in
1489 4728 1648 4782 tantis
1671 4745 1792 4800 qua:

189 4816 448 4876 expertus
479 4826 543 4864 es
574 4811 660 4865 vel
701 4811 920 4865 audisti.

255 4895 548 4952 Neminem
577 4898 760 4954 odisse
809 4909 984 4970 potes.
1018 4901 1122 4956 nisi
1153 4911 1239 4957 tua
1283 4903 1593 4976 iniquitate.
1648 4907 1790 4961 Nam

189 4980 349 5039 etiam
380 4985 583 5058 iniquis
627 4995 813 5057 optare
843 4989 1043 5044 bonum
1069 5032 1081 5056 ,
1139 5001 1453 5047 sanctorum
1484 5002 1591 5049 est.
1633 4996 1790 5050 Veri-

190 5074 350 5126 tatem
379 5081 585 5130 tantum
635 5083 686 5130 et
716 5092 934 5146 pacem,
967 5095 1090 5150 qua:
1119 5096 1185 5134 ex
1223 5098 1284 5136 ea
1333 5083 1580 5153 procedit
1607 5099 1790 5140 amare

193 5168 415 5227 oportet.

260 5247 502 5307 Minister
532 5252 773 5308 veritatis
802 5262 946 5310 amet
979 5257 1124 5328 quod
1157 5258 1454 5328 ministrat,
1488 5268 1540 5315 et
1569 5261 1654 5317 cui
1682 5263 1790 5316 mi-

193 5332 463 5396 nistratur.
500 5341 586 5406 Et,
619 5359 741 5398 cum
775 5343 1009 5414 idipsum
1039 5346 1108 5399 ab
1139 5346 1246 5402 alio
1277 5349 1617 5405 ministratur
1662 5351 1786 5418 sibi,

193 5433 312 5477 cum
359 5430 655 5498 gratiarum
683 5431 894 5487 actione
942 5433 1230 5504 suscipiat,
1275 5443 1529 5509 tanquam
1559 5438 1610 5492 id
1643 5440 1789 5510 quod

196 5521 358 5568 amat.

264 5598 507 5662 Charitas
535 5606 604 5662 sit
634 5607 730 5662 tibi
760 5623 923 5664 causa
948 5609 1166 5665 dicendi
1196 5612 1494 5682 veritatem,
1527 5623 1784 5686 tanquam

196 5687 459 5752 medendi.
491 5695 653 5764 Quod
683 5697 730 5754 si
757 5698 880 5768 quis
910 5698 1072 5755 etiam
1106 5715 1216 5755 non
1247 5701 1472 5772 recipit,
1521 5711 1608 5758 aut
1639 5719 1786 5760 com-

1823 2109 1876 2169 B
1903 2106 2109 2178 pateris
2138 2106 2208 2171 ei,
2241 2113 2332 2161 aut
2362 2121 2472 2161 non
2503 2121 2628 2161 eum
2657 2104 2862 2178 diligis,
2899 2113 2992 2161 aut
3020 2105 3076 2160 id
3121 2107 3267 2179 quod
3299 2107 3508 2178 spernit

1907 2195 2014 2251 vile
2043 2195 2219 2261 ducis,
2251 2203 2506 2267 tanquam
2537 2195 2582 2249 si
2614 2203 2836 2266 respuat
2861 2211 3012 2266 aeger
3028 2194 3304 2250 salubrem
3333 2196 3506 2252 medi-

1906 2284 2105 2339 cinam.

1979 2373 2274 2428 Veritatem
2322 2372 2440 2427 sine
2483 2371 2590 2428 ﬁne
2632 2387 2738 2443 pax
2767 2372 3012 2444 sequitur
3051 2373 3354 2428 communis
3383 2389 3507 2429 cum

1903 2461 2115 2532 angelis
2142 2480 2156 2527 ;
2186 2460 2552 2526 mendacium,
2578 2460 2732 2517 labor
2761 2469 2816 2516 et
2835 2461 3009 2526 dolor,
3041 2462 3344 2516 communis
3380 2479 3504 2518 cum

1902 2549 2141 2605 diabolo.
2187 2551 2310 2606 Non
2355 2549 2664 2605 defenditur
2710 2549 2908 2604 veritas
2951 2551 3051 2606 sed
3097 2558 3152 2605 tu
3204 2550 3298 2605 illa
3353 2551 3500 2606 indi-

1901 2654 2022 2710 ges.

1972 2729 2172 2782 Amara
2218 2735 2272 2782 et
2318 2727 2561 2781 insuavis
2606 2736 2688 2780 est
2733 2726 2938 2781 veritas
2983 2727 3176 2798 generi
3219 2735 3312 2783 tuo
3341 2729 3504 2785 nimis

1900 2816 2073 2881 valde,
2109 2831 2217 2870 non
2245 2831 2344 2870 suo
2366 2859 2378 2882 ,
2433 2816 2530 2870 sed
2561 2831 2748 2870 eorum
2779 2814 2942 2880 vitio;
2978 2815 3116 2871 sicut
3145 2815 3234 2870 lux
3265 2816 3504 2889 fulgens,

1900 2904 2127 2960 infirmis
2158 2905 2350 2961 oculis.
2387 2905 2522 2960 Vide
2553 2920 2688 2975 ergo
2718 2920 2788 2958 ne
2819 2912 2872 2957 tu
2902 2918 3026 2958 eam
3055 2905 3376 2961 amariorem
3421 2907 3503 2963 fa-

1899 2994 2033 3061 cias,
2064 2995 2193 3048 dum
2226 3010 2333 3048 non
2381 3009 2502 3048 eam
2550 2993 2690 3048 sicut
2717 2992 2890 3047 debes
2919 2992 3086 3058 dicis,
3135 2994 3190 3048 id
3220 3001 3300 3049 est
3330 2996 3502 3050 chari-

1900 3090 2043 3150 tate;
2105 3083 2245 3138 sicut
2293 3083 2435 3137 enim
2482 3082 2604 3154 pius
2650 3081 2923 3150 medicus,
2985 3081 3077 3154 qui
3124 3082 3400 3140 salubrem
3449 3094 3504 3142 et

1897 3188 2136 3227 amaram
2164 3189 2317 3244 aegro
2349 3172 2442 3226 dat
2473 3171 2771 3242 potionem,
2811 3170 2929 3225 linit
2955 3186 3107 3226 oram
3138 3172 3284 3227 vasis
3312 3174 3500 3240 melle,

1897 3270 1954 3316 ut
1994 3262 2140 3334 quod
2176 3262 2327 3332 (dum
2374 3269 2457 3316 est
2503 3261 2684 3330 dulce)
2731 3260 2962 3316 libenter
3007 3260 3274 3327 sumitur,
3332 3262 3498 3318 etiam

1898 3351 2043 3422 quod
2073 3351 2294 3406 salubre
2326 3358 2426 3416 est,
2456 3349 2602 3404 hiatu
2633 3349 2791 3405 facile
2821 3349 3085 3421 capiatur.
3109 3351 3379 3407 Prodesse
3404 3367 3500 3408 au-

1896 3447 2006 3496 tem
2036 3439 2347 3494 hominibus
2377 3447 2526 3493 tuum
2555 3437 2792 3494 oﬂicium
2820 3445 3011 3493 totum.

1970 3542 2025 3598 Si
2057 3541 2193 3598 dicis
2224 3541 2506 3597 veritatem
2537 3556 2646 3596 non
2677 3556 2863 3596 amore
2894 3540 3136 3595 veritatis
3157 3584 3170 3608 ,
3225 3541 3320 3596 sed
3350 3542 3497 3597 desi-

1893 3630 2046 3686 derio
2078 3629 2312 3686 ledendi
2344 3630 2508 3684 alium
2527 3673 2540 3695 ,
2588 3645 2696 3684 non
2727 3629 3009 3700 praemium
3041 3628 3270 3685 dicentis
3300 3630 3498 3687 verita-

1892 3728 1998 3775 tem
2024 3762 2036 3786 ,
2090 3719 2187 3773 sed
2217 3735 2433 3790 poenam
2466 3718 2848 3774 conviciatoris
2879 3718 3210 3790 assequeris.

1965 3826 2102 3882 Vide
2133 3835 2395 3898 quantum
2416 3825 2666 3896 supplicii
2695 3840 2959 3897 passurus
2988 3840 3067 3891 es,
3092 3840 3214 3881 cum
3244 3825 3334 3881 lux
3363 3843 3498 3883 vera

1893 3913 2135 3986 perfecte
2181 3914 2480 3970 ostenderit
2525 3922 2576 3968 te
2609 3914 2742 3980 tibi;
2777 3914 2821 3968 si
2851 3921 3057 3966 tantum
3087 3913 3374 3981 cruciatur,
3406 3916 3495 3972 cui

1893 4018 2002 4057 uno
2033 4003 2202 4059 verbo
2235 4003 2440 4074 aliquid
2470 4002 2736 4057 malorum
2768 4017 2993 4057 suorum
3041 4003 3303 4058 ostendis.
3345 4005 3496 4061 Tunc

1894 4091 2036 4146 enim
2067 4093 2331 4163 patebunt
2361 4091 2588 4147 consilia
2617 4092 2882 4148 cordium.

1963 4179 2257 4252 Equaliter
2282 4195 2479 4250 peccas
2508 4195 2633 4235 cum
2662 4181 2748 4235 vel
2781 4181 2944 4236 alium
2975 4182 3273 4253 vituperas,
3309 4181 3393 4238 vcl
3424 4184 3495 4238 ab

1891 4269 1997 4325 alio
2026 4269 2349 4339 vituperaris
2374 4287 2388 4334 -,
2430 4269 2486 4322 in
2516 4275 2748 4340 utroque
2781 4270 2926 4325 enim
2957 4272 3242 4326 veritatem
3272 4278 3364 4325 aut
3391 4287 3494 4343 pro

1891 4357 2036 4413 malo
2066 4358 2286 4428 recipis,
2321 4364 2413 4411 aut
2434 4373 2532 4428 pro
2562 4358 2705 4412 malo
2734 4357 2971 4430 irrogas.
3006 4358 3112 4428 Qui
3140 4375 3274 4432 ergo
3305 4368 3357 4415 te
3388 4359 3494 4416 lla-

1891 4446 2098 4519 gellare
2128 4445 2377 4511 voluerit,
2412 4446 2576 4500 vitam
2609 4454 2790 4513 tuam,
2842 4446 2897 4501 id
2929 4455 3014 4502 est
3040 4448 3319 4504 veritatem
3348 4449 3493 4504 arri-

1891 4536 2001 4608 piat
2025 4555 2040 4602 ;
2071 4551 2169 4606 per
2195 4535 2345 4589 illam
2377 4542 2428 4590 te
2456 4535 2630 4590 cadat
2659 4542 2714 4589 et
2743 4535 2964 4590 cruciet.

1965 4642 2180 4697 Veritas
2209 4649 2291 4696 est
2321 4641 2427 4697 vita
2457 4649 2507 4696 et
2537 4641 2682 4696 salus
2711 4649 2933 4698 mterna.
2969 4642 3150 4699 Debes
3179 4659 3316 4716 ergo
3345 4659 3496 4701 com-

1893 4732 2003 4802 pati
2034 4733 2084 4788 ei
2115 4732 2200 4787 cui
2233 4730 2502 4801 displicet.
2541 4731 2598 4784 ln
2627 4737 2834 4785 tantum
2863 4731 3007 4786 enim
3038 4740 3120 4786 est
3165 4742 3410 4789 mortuus
3440 4745 3495 4792 et

1821 4829 1873 4888 D
1894 4821 2162 4892 perditus.
2197 4821 2276 4874 Tu
2306 4829 2485 4875 autem
2518 4836 2808 4890 perversus
2835 4836 2942 4876 non
2973 4821 3024 4876 ei
3052 4821 3266 4878 diceres
3295 4823 3493 4878 verita-

1892 4918 2018 4978 tem,
2054 4910 2157 4964 nisi
2188 4917 2406 4980 putares
2437 4924 2671 4963 amaram
2704 4909 2781 4963 illi
2827 4925 2951 4968 esse
2979 4919 3141 4982 atque
3169 4910 3492 4967 intolerabi-

1891 4999 2022 5053 lem.
2061 5000 2139 5054 Ex
2196 5006 2246 5052 te
2295 4997 2440 5054 enim
2485 4997 2696 5053 metiris
2723 4998 2878 5053 alios.
2915 4999 3025 5055 Sed
3054 5001 3156 5055 hoc
3193 5000 3492 5070 pessimum

1892 5095 1973 5142 est
2004 5086 2220 5159 quando
2251 5095 2309 5141 ut
2338 5087 2558 5158 placeas
2601 5087 2913 5142 hominibus
2938 5130 2950 5153 ,
3005 5088 3143 5144 dicis
3190 5089 3490 5159 veritatem,

1893 5192 2056 5249 quam
2103 5175 2341 5246 diligunt
2387 5183 2440 5230 et
2489 5176 2750 5230 mirantur
2794 5177 2932 5233 sicut
2958 5177 3170 5233 diceres
3207 5179 3495 5235 mendacia

1890 5273 1978 5319 aut
2010 5265 2372 5320 adulationes.
2397 5265 2521 5319 Non
2551 5281 2684 5337 ergo
2715 5265 2800 5320 vel
2824 5265 2949 5336 quia
2979 5266 3228 5337 displicet
3259 5268 3343 5322 vel
3365 5269 3495 5340 quia

1890 5355 2102 5424 placet,
2152 5353 2380 5409 dicenda
2432 5361 2513 5407 est
2544 5353 2774 5421 veritas,
2822 5354 2919 5409 sed
2963 5363 3021 5409 ut
3051 5355 3241 5426 prosit.
3273 5357 3495 5412 Silenda

1891 5450 1973 5496 est
2027 5450 2202 5499 autem
2257 5450 2459 5497 tantum
2517 5458 2586 5496 ne
2643 5450 2874 5508 noceat,
2934 5443 3072 5499 sicut
3126 5444 3215 5499 lux
3263 5443 3493 5501 inﬁrmis

1889 5531 2079 5586 oculis.

1959 5618 2156 5687 Panis,
2209 5618 2261 5672 id
2312 5627 2394 5674 est
2423 5619 2651 5684 veritas,
2703 5619 2990 5677 conﬁrmat
3029 5637 3126 5678 cor
3153 5621 3386 5680 hominis
3420 5640 3488 5690 ne

1887 5707 2207 5763 succumbat
2235 5722 2526 5778 corporum
2560 5707 2768 5766 formis.
