3928 6416
462 305 565 361 603

534 431 762 500 Beatus,
815 432 969 501 cujus
1030 450 1186 491 mens
1233 438 1575 496 solummodo
1640 443 1955 516 cognitione
2003 447 2130 506 etA

464 534 651 574 amore
683 521 924 575 veritatis
954 533 1196 578 movetur
1226 527 1340 581 sive
1371 529 1598 584 afﬁcitur
1619 573 1632 596 ,
1683 547 1882 602 corpus
1928 549 2055 588 vero

466 607 536 662 ab
582 608 698 678 ipsa
748 612 1113 667 tantummodo
1144 625 1344 670 mente.
1379 618 1458 672 lta
1513 619 1656 672 enim
1707 628 1758 674 et
1800 636 1996 690 corpus
2025 637 2054 674 a

466 696 580 750 sola
609 697 833 751 veritate
866 710 1130 756 movetur.
1174 703 1228 756 Si
1260 705 1400 758 enim
1435 706 1613 760 nullus
1642 708 1694 761 in
1727 717 1904 762 mente
1933 725 2052 763 mo-

465 793 551 839 tus
603 785 704 837 nisi
751 787 1029 854 veritatis,
1100 791 1277 845 nullus
1326 793 1378 846 in
1428 811 1657 865 corpore
1702 797 1803 850 nisi
1858 799 2053 851 mentis

463 873 640 927 nullus
672 891 888 946 quoque
916 877 970 931 in
1001 893 1230 949 corpore
1261 890 1407 936 esset
1434 883 1537 938 nisi
1570 885 1833 951 veritatis,
1891 886 1942 940 id
1974 895 2053 941 est

462 963 580 1017 Dei.

534 1085 761 1154 Propter
787 1101 977 1155 pacem
1009 1087 1144 1144 facis
1176 1090 1386 1156 omnia,
1420 1092 1489 1145 ad
1520 1107 1680 1163 quam
1711 1093 1812 1147 iter
1843 1103 1922 1148 est
1954 1111 2053 1165 per

463 1172 634 1226 solam
665 1174 984 1240 veritatem;
1035 1194 1156 1247 quae
1205 1187 1287 1232 est
1317 1179 1666 1235 adversarius
1696 1190 1817 1236 tuus
1847 1183 1900 1236 in
1950 1185 2053 1238 hac

461 1260 585 1314 vita.
618 1261 768 1333 Ergo
797 1271 885 1316 aut
906 1264 1054 1318 illam
1077 1266 1190 1331 tibi,
1215 1275 1307 1321 aut
1327 1276 1378 1322 te
1409 1268 1484 1322 illi
1514 1269 1739 1338 subjice.
1765 1271 1886 1325 Non
1908 1271 2051 1325 enim

457 1349 601 1404 aliud
631 1350 726 1405 tibi
757 1360 950 1406 restat.

531 1470 848 1524 Adversitas
886 1480 1069 1526 monet
1119 1489 1309 1543 pacem
1357 1475 1694 1531 desiderare.
1753 1479 1830 1531 Tu
1862 1487 2042 1532 autem

461 1566 692 1613 caecatus
723 1559 777 1613 id
803 1560 1084 1614 desideras
1113 1563 1277 1633 quod,
1303 1563 1432 1617 dum
1463 1580 1614 1618 amas
1643 1573 1804 1636 atque
1825 1567 2050 1622 deside-

460 1661 571 1713 ras,
605 1646 942 1718 impossibile
974 1650 1196 1704 omnino
1225 1659 1306 1704 est
1335 1659 1386 1705 te
1415 1668 1606 1723 pacem
1659 1654 1878 1709 habere.

531 1761 638 1859 Qui:
667 1762 811 1833 rapis
829 1763 894 1859 .in
922 1770 974 1818 te
1006 1764 1062 1818 id
1090 1765 1234 1859 quod
1265 1765 1317 1819 in
1350 1765 1456 1821 alio
1487 1767 1561 1821 ita
1592 1767 1860 1838 displicet,
1894 1769 1946 1824 id
1969 1779 2050 1824 est
2075 1801 2124 1859 Β

458 1848 583 1904 ira?
613 1851 872 1905 Irasceris
902 1867 1055 1922 ergo,
1091 1853 1214 1922 quia
1243 1854 1330 1908 ille
1361 1855 1625 1910 irascitur.
1663 1857 1776 1910 Imo
1799 1858 1909 1925 jam
1959 1859 2052 1912 tibi

459 1938 721 2004 irascere,
748 1939 875 2010 quia
902 1939 1174 1996 irasceris.
1202 1942 1257 1997 Si
1287 1943 1357 1996 ita
1386 1943 1501 2012 ipsa
1531 1944 1626 1997 tibi
1647 1961 1775 1998 vere
1807 1945 2054 2016 displice-

459 2035 559 2092 ret,
594 2042 701 2082 non
731 2027 1048 2083 admitteres
1078 2045 1216 2095 eam,
1252 2031 1349 2085 sed
1382 2031 1619 2102 fugeres.
1653 2032 1810 2101 Quod
1843 2033 1898 2087 fit
1928 2042 2052 2088 tan-

458 2116 739 2170 tummodo
771 2117 1002 2172 tenendo
1032 2133 1243 2187 pacem.

530 2251 651 2304 Non
683 2249 947 2320 gloriatur
975 2251 1122 2306 lacus
1153 2253 1298 2323 quod
1329 2253 1566 2308 abundet
1596 2271 1773 2326 aqua;
1806 2256 1874 2309 de
1906 2255 2051 2310 fonte

457 2338 604 2394 enim
632 2348 732 2393 est.
758 2339 847 2394 Sic
870 2339 937 2394 de
968 2349 1052 2394 tua
1081 2356 1232 2411 pace.
1256 2343 1483 2412 Semper
1503 2345 1647 2397 enim
1680 2345 1826 2397 aliud
1849 2345 2051 2415 aliquid

457 2435 540 2481 est
565 2443 728 2482 causa
760 2429 930 2497 pacis.
964 2429 1132 2484 Tanto
1161 2446 1296 2502 ergo
1326 2430 1590 2485 infirmior
1620 2440 1672 2486 et
1703 2432 1942 2487 fallacior
1970 2442 2053 2487 est

456 2531 562 2586 pax
595 2523 683 2570 tua
712 2524 913 2586 quanto
944 2517 1255 2572 mutabilius
1285 2527 1364 2573 est
1398 2519 1450 2573 id
1478 2520 1619 2573 unde
1648 2520 1837 2575 oritur.
1873 2520 2050 2588 Quam

457 2603 580 2658 vilis
619 2611 701 2658 est
749 2621 885 2676 ergo
932 2621 1055 2660 cum
1086 2605 1259 2661 oritur
1305 2623 1371 2662 ex
1413 2609 1750 2676 jucunditate
1801 2609 2050 2665 humana:

455 2690 666 2749 add?

525 2812 692 2866 Tutus
747 2812 949 2882 appetit
1005 2829 1127 2868 esse
1182 2815 1359 2869 omnis
1430 2815 1612 2870 homo.
1687 2815 1844 2884 Quod
1900 2824 2049 2871 tanto

455 2899 634 2954 minus
682 2909 762 2955 est
810 2911 1012 2973 quanto
1061 2903 1238 2974 magis
1287 2912 1464 2973 potest
1514 2904 1818 2975 inquietari.
1878 2906 2048 2960 Tanto

455 2987 600 3042 enim
630 2989 805 3060 magis
850 2999 1027 3060 potest
1055 2991 1341 3061 inquietari
1389 3002 1590 3063 quanto
1630 3001 1753 3046 sunt
1781 2993 2048 3063 paratiora

454 3076 659 3130 habere
709 3093 768 3130 se
793 3120 805 3142 ,
857 3078 1013 3132 aliter
1042 3095 1203 3150 quam
1231 3079 1362 3144 vult,
1396 3096 1457 3134 ea
1489 3096 1608 3151 qua:
1655 3081 1848 3151 diligit.
1897 3082 2049 3136 Dicat

455 3179 592 3235 ergo
619 3164 812 3236 aliquis
843 3167 1122 3220 hominum
1155 3167 1248 3221 tibi
1282 3182 1295 3221 :
1329 3169 1449 3240 Ego
1481 3169 1572 3222 tibi
1599 3169 1798 3222 malum
1820 3168 2008 3223 faciam
2034 3189 2046 3236 ;
2074 3157 2118 3216 Ο

455 3269 560 3323 ego
581 3253 676 3307 tibi
697 3269 886 3324 pacem
908 3254 1169 3310 auferam.
1189 3256 1453 3328 Cogitabo
1475 3258 1674 3328 quippe
1691 3258 1759 3311 de
1780 3266 1830 3312 te
1848 3258 2047 3312 malum

453 3349 544 3396 aut
597 3341 796 3398 dicam.
859 3344 1002 3399 Ecce
1061 3359 1220 3415 quam
1260 3353 1484 3416 paratus
1537 3362 1595 3401 es
1633 3345 1942 3402 mortificari
1998 3355 2049 3401 et

453 3429 677 3486 turbari.

523 3551 646 3606 Non
693 3550 798 3606 sint
849 3553 1167 3623 temporalia
1199 3569 1360 3609 causa
1388 3555 1537 3625 pacis
1578 3563 1718 3621 tuae;
1772 3564 1877 3610 tam
1927 3556 2048 3611 vilis

451 3639 594 3695 enim
625 3649 677 3695 et
698 3648 805 3695 tam
827 3641 1040 3712 fragilis
1067 3643 1167 3697 erit
1188 3659 1348 3715 quam
1367 3644 1474 3699 illa.
1499 3645 1626 3700 Haec
1656 3661 1757 3716 pax
1787 3645 1879 3698 tibi
1900 3661 2047 3700 com-

451 3729 629 3783 munis
659 3730 760 3784 erit
791 3746 914 3786 cum
947 3731 1155 3796 brutis;
1189 3740 1280 3786 tua
1309 3733 1376 3786 sit
1407 3749 1530 3788 cum
1559 3734 1792 3804 angelis,
1843 3734 1894 3788 id
1943 3743 2042 3796 est,

453 3833 576 3889 quae
605 3818 675 3872 de
707 3818 930 3873 veritate
960 3820 1223 3889 procedit.

523 3931 797 4003 Quidquid
845 3934 914 3987 ob
963 3949 1149 4004 pacem
1201 3942 1254 3989 et
1301 3935 1683 3991 beatitudinem
1715 3945 1964 3991 tenueras
1994 3945 2046 3991 et

450 4035 774 4089 amaveras,
824 4030 1112 4076 contemne
1137 4065 1149 4088 ,
1182 4023 1286 4076 nisi
1333 4039 1522 4095 pacem
1553 4031 1604 4079 et
1657 4025 2044 4080 beatitudinem

451 4110 674 4168 omnino
704 4110 785 4166 vis
816 4111 1074 4182 perdere.

520 4217 628 4272 Pax
647 4225 728 4271 est
750 4217 951 4272 bonum
972 4218 1116 4272 illius
1137 4219 1299 4274 animi
1330 4219 1384 4274 in
1406 4235 1512 4292 quo
1542 4221 1657 4292 ipsa
1688 4230 1787 4276 est.
1813 4222 2044 4292 Propter

449 4304 684 4376 seipsam
706 4306 871 4377 igitur
901 4307 1203 4376 appetenda
1225 4316 1324 4374 est,
1359 4315 1616 4381 tanquam
1647 4310 1822 4365 bonus
1853 4326 2034 4381 sapor.

447 4395 618 4450 Tanta
647 4395 714 4449 sit
745 4395 800 4450 in
831 4405 914 4461 te,
950 4403 1007 4450 ut
1037 4403 1090 4451 et
1137 4397 1309 4452 malos
1336 4414 1445 4453 non
1474 4399 1751 4454 excludas.

1283 313 1626 374 GUIGONIS
1674 320 1695 374 Ῑ
1741 319 2150 376 CARTHUSUE
2195 320 2490 378 MAJORIS
2534 322 2813 380 PRIORIS
2862 324 2927 378 V.

3657 327 3777 382 604

2695 446 3090 502 CAPITULUM
3133 446 3200 500 II.

2159 588 2233 641 De
2265 588 2399 642 utili
2429 587 2790 662 displicentia
2819 590 2908 643 sui
2939 590 3139 661 ipsius,
3173 593 3226 643 et
3259 589 3324 644 de
3369 589 3572 645 humili
3622 607 3767 646 con-

2689 678 2931 748 fessione
2973 679 3214 750 peccati.

2226 814 2437 869 Initium
2469 814 2730 869 redeundi
2758 814 2824 867 ad
2854 815 3160 878 veritatem,
3196 822 3277 868 est
3306 815 3596 886 displicere
3623 816 3761 886 {sibi

2153 901 2208 954 in
2267 902 2514 956 falsitate.
2592 903 3039 957 Emendationem
3105 903 3363 972 praecedit
3421 904 3759 974 vituperatio

2153 990 2276 1044 Non
2314 991 2457 1044 enim
2504 990 2632 1045 libet
2687 999 2894 1044 mutare
2949 992 3052 1044 nisi
3102 991 3246 1062 quod
3293 991 3562 1062 displicet.
3608 993 3757 1062 Quia

2154 1094 2286 1149 ergo
2327 1095 2544 1150 semper
2590 1080 2802 1150 indiges
2832 1079 3066 1145 mutari,
3119 1095 3338 1150 semper
3382 1080 3596 1154 indiges
3651 1083 3759 1138 tibi

2153 1167 2465 1236 displicere.

2226 1256 2284 1308 In
2329 1256 2476 1310 omni
2523 1272 2654 1310 cura
2702 1271 2864 1327 quam
2912 1271 3010 1326 pro
3057 1254 3230 1310 salute
3279 1263 3371 1311 tua
3401 1257 3583 1329 geris,
3634 1274 3755 1314 non

2153 1352 2234 1397 est
2268 1343 2435 1397 ullum
2488 1343 2718 1399 officium
2767 1345 2853 1399 vel
2897 1344 3354 1399 medicamentum
3416 1345 3594 1400 utilius
3656 1347 3764 1402 tibi

2154 1447 2314 1501 quam
2365 1431 2595 1500 teipsum
2645 1432 2949 1502 vituperare
2996 1441 3154 1503 atque
3187 1441 3552 1489 contemnere.
3606 1434 3758 1503 Qui-

2151 1534 2363 1590 cunque
2395 1536 2528 1591 ergo
2559 1521 2660 1575 hoc
2693 1520 2851 1587 facit,
2905 1522 3119 1590 adjutor
3167 1530 3248 1575 est
3275 1530 3419 1576 tuus.
3457 1523 3566 1577 Hoc
3599 1523 3754 1578 enim

2149 1608 2257 1677 agit
2291 1608 2434 1678 quod
2466 1617 2521 1662 tu
2553 1609 2756 1680 agebas
2779 1651 2793 1675 ,
2837 1619 2926 1664 aut
2955 1625 3120 1680 agere
3149 1609 3412 1676 debuisti,
3459 1618 3515 1664 ut
3561 1611 3751 1667 salvus

2151 1694 2331 1750 fieres.

2228 1785 2355 1838 ldeo
2387 1784 2481 1838 tibi
2513 1785 2697 1855 places
2726 1786 2849 1857 quia
2874 1785 3006 1841 nihil
3030 1794 3080 1840 te
3110 1785 3236 1841 boni
3264 1803 3294 1841 a
3325 1795 3376 1842 te
3404 1787 3604 1843 habere
3638 1805 3756 1844 non

2157 1868 2432 1938 intelligis.
2467 1873 2510 1922 Α
2557 1878 2606 1923 te
2655 1871 2750 1924 tibi
2781 1871 2854 1924 nil
2884 1871 2986 1924 nisi
3017 1871 3236 1924 malum.
3265 1870 3455 1925 Nullas
3485 1889 3620 1944 ergo
3651 1873 3758 1927 tibi

2155 1965 2342 2026 grates
2363 1957 2557 2011 debes.
2589 1959 2783 2011 Malum
2807 1975 2966 2013 omne
2988 1974 3019 2012 a
3042 1967 3092 2013 te
3112 1959 3206 2012 tibi
3229 1967 3328 2013 est.
3357 1960 3549 2015 Paznas
3569 1961 3757 2032 itaque

2155 2061 2382 2114 magnas
2413 2061 2512 2115 pro
2557 2047 2792 2102 vindicta
2841 2047 3026 2103 debes.

2227 2134 2402 2188 Facile
2451 2143 2532 2188 est
2580 2135 2684 2188 iter
2733 2137 2800 2189 ad
2833 2137 3037 2201 Deum,
3090 2136 3347 2208 quoniam
3395 2138 3751 2194 exonerando

2154 2223 2287 2287 itur;
2322 2231 2467 2276 esset
2497 2232 2672 2277 autem
2707 2241 2891 2296 grave,
2946 2226 2990 2278 si
3020 2226 3299 2280 onerando
3329 2225 3516 2280 iretur.
3544 2228 3601 2279 ln
3627 2235 3752 2281 tan-

2153 2318 2265 2363 tum
2296 2327 2430 2381 ergo
2461 2319 2512 2366 te
2541 2328 2773 2367 exonera
2803 2321 2878 2377 ut,
2921 2313 3160 2368 dimissis
3191 2314 3443 2369 omnibus
3464 2357 3476 2381 ,
3513 2315 3748 2387 teipsum

2152 2399 2414 2467 abnegcs.

2223 2488 2326 2555 Qui
2387 2504 2445 2542 se
2502 2488 2663 2543 vilem
2719 2506 2841 2545 esse
2897 2491 3084 2556 novit,
3143 2491 3563 2562 vituperationes
3618 2507 3755 2548 suas

2151 2580 2408 2642 tanquam
2466 2589 2590 2628 suas
2648 2575 2938 2629 sententias
2983 2576 3192 2645 quietus
3246 2577 3471 2646 suscipit
3525 2583 3579 2631 et
3637 2577 3750 2631 liu-

2151 2660 2312 2714 milis.
2384 2660 2596 2715 Laudes
2654 2680 2780 2718 vero
2840 2663 3079 2734 respuit,
3139 2673 3390 2736 tanquam
3446 2681 3554 2720 non
3612 2681 3750 2721 suas

2151 2747 2462 2804 sententias.

2221 2839 2355 2892 Cum
2404 2838 2597 2910 aliquis
2644 2841 2711 2896 de
2759 2849 2810 2896 te
2840 2841 3038 2895 malum
3069 2841 3234 2910 dicit,
3287 2842 3332 2896 si
3379 2858 3489 2897 non
3535 2850 3615 2897 est
3644 2842 3739 2911 ita,

2150 2929 2328 2984 eidem
2358 2941 2534 2994 nocet,
2569 2947 2678 2984 non
2709 2930 2839 2994 tibi;
2873 2930 3007 2986 sicut
3031 2930 3076 2984 si
3108 2939 3264 2986 vocet
3293 2946 3481 2986 aurum
3503 2940 3738 2999 stercus,

2150 3019 2277 3088 quid
2331 3037 2466 3075 auro
2506 3019 2706 3074 nocuit.
2755 3019 2811 3073 Si
2842 3035 3031 3074 verum
3087 3027 3170 3074 est
3225 3020 3368 3090 quod
3425 3020 3616 3074 dicitur
3669 3021 3745 3075 de

2150 3115 2200 3161 te
2245 3109 2480 3174 malum,
2531 3107 2746 3162 doceris
2779 3107 2906 3178 quid
2946 3123 3164 3162 caveas.
3212 3107 3318 3176 Qui
3365 3116 3546 3162 autem
3593 3109 3744 3178 quod

2151 3196 2352 3250 bonum
2392 3205 2472 3252 est
2511 3197 2638 3251 dicit
2663 3239 2675 3261 ,
2710 3211 2819 3251 non
2849 3196 2899 3250 ei
2929 3212 3090 3266 quem
3121 3196 3328 3258 laudat,
3381 3197 3479 3250 sed
3507 3196 3609 3251 sibi
3637 3196 3747 3266 ipsi

2147 3285 2391 3355 prodest.
2424 3285 2559 3340 Cum
2590 3300 2722 3339 vero
2753 3285 2953 3339 bonum
2985 3285 3079 3339 tibi
3108 3286 3176 3339 de
3206 3293 3257 3339 te
3286 3285 3500 3352 dicitur,
3523 3293 3579 3338 ut
3609 3285 3745 3356 quid

2149 3389 2396 3429 rumores
2435 3389 2571 3444 quos
2618 3382 2674 3428 tu
2702 3373 2894 3428 melius
2955 3373 3128 3438 nosti,
3180 3378 3508 3428 narrantur?
3563 3373 3642 3427 Tu
3685 3381 3742 3428 te

2147 3461 2322 3516 solum
2354 3463 2616 3532 vitupera.

2219 3551 2327 3604 Sua
2354 3551 2480 3604 vitia
2527 3551 2755 3622 quisque
2781 3550 2987 3623 fugiat;
3037 3565 3160 3604 nam
3192 3549 3364 3605 aliena
3411 3565 3520 3605 non
3565 3564 3739 3606 noce-

2146 3634 2303 3688 bunt.

2218 3723 2542 3778 Continuum
2571 3723 2912 3779 mendacium
2943 3732 3024 3778 est
3041 3723 3251 3778 habitus
3277 3731 3424 3788 tuus,
3459 3730 3512 3778 et
3532 3738 3741 3779 corona

2145 3819 2266 3876 tua,
2320 3813 2576 3883 quoniam
2609 3812 2753 3884 quod
2782 3813 2936 3867 deest
2985 3812 3310 3884 significant.

2217 3901 2349 3955 Cum
2398 3901 2596 3972 aliquis
2626 3901 2772 3956 dolet
2810 3917 2869 3956 se
2898 3901 3236 3956 commisisse
3269 3899 3500 3966 furtum,
3532 3901 3602 3955 ob
3630 3916 3738 3956 na-

2144 3997 2254 4043 tum
2286 3989 2388 4043 sibi
2429 3989 2554 4044 inde
2585 3989 2942 4060 opprobium,
2991 4005 3100 4044 non
3129 4005 3253 4044 eum
3299 3989 3539 4059 pceninet
3583 3989 3734 4057 furti,

2143 4078 2240 4133 sed
2261 4077 2407 4133 dolet
2437 4078 2791 4149 opprobrium
2812 4078 3135 4134 incurrisse.
3166 4079 3280 4133 Nec
3309 4079 3487 4133 horret
3514 4086 3603 4132 aut
3622 4094 3740 4132 ma-

2142 4165 2252 4219 lum
2300 4166 2449 4221 ducit
2499 4182 2763 4236 peccare,
2812 4167 2908 4221 sed
2957 4166 3154 4236 puniri.
3199 4166 3364 4220 Justis
3401 4173 3577 4220 autem
3625 4181 3736 4220 non

2142 4255 2286 4308 aliud
2325 4263 2407 4310 est
2446 4271 2676 4325 peccare
2719 4262 2773 4309 et
2816 4255 2959 4308 aliud
3007 4253 3204 4324 puniri.
3258 4255 3440 4324 Ipsum
3483 4254 3736 4308 nimirum

2144 4351 2428 4413 peccatum
2494 4343 2890 4398 atrocissimam
2936 4359 3154 4412 pcenam
3201 4343 3434 4407 ducunt,
3502 4350 3556 4397 et
3608 4343 3734 4398 ideo

2140 4432 2343 4485 nullam
2390 4431 2728 4502 iniquitatem
2757 4430 3074 4502 impunitam
3103 4447 3265 4501 posse
3296 4447 3446 4496 esse,
3493 4447 3558 4485 eo
3588 4431 3732 4501 quod

517 4520 636 4575 Non
661 4521 922 4575 turbetur
941 4536 1037 4575 cor
1056 4525 1327 4588 vestrum,
1349 4538 1526 4594 neque
1555 4522 1824 4594 formidet
1855 4525 2033 4590 (Joan.
2059 4517 2111 4575 D
2141 4520 2397 4591 iniquitas
2427 4520 2634 4590 peccati
2666 4537 2861 4590 magna
2892 4535 3054 4590 pmna
3084 4521 3184 4584 sit,
3218 4519 3456 4589 nihilque
3485 4520 3641 4590 pejus
3673 4535 3732 4574 ea

448 4623 567 4675 xw,
587 4610 699 4678 27),
725 4609 1020 4663 Sabbatum
1042 4618 1124 4664 est
1144 4626 1354 4664 verum.
1380 4612 1493 4667 Hoc
1525 4611 1782 4677 celebrat,
1809 4612 1901 4682 qui
1939 4627 2041 4666 nec

445 4697 663 4752 illicitur
693 4713 793 4752 nec
823 4697 1058 4767 cogitur,
1089 4698 1178 4753 hic
1206 4699 1371 4755 habet
1400 4716 1459 4754 se
1497 4701 1550 4754 in
1599 4709 1864 4771 potestate
1889 4744 1901 4765 ,
1953 4700 2040 4756 hic

445 4793 618 4856 potest
657 4785 725 4838 de
764 4801 824 4840 sc
862 4785 1264 4856 eleemosynam
1319 4787 1536 4854 facere;
1601 4799 1654 4843 ut
1712 4790 1846 4844 sicut
1901 4789 2038 4844 alius

442 4872 640 4929 viderit
667 4873 945 4944 expedire,
979 4874 1150 4928 iratus
1179 4875 1246 4929 sit
1273 4885 1363 4930 aut
1408 4877 1672 4948 placatus.

515 4995 685 5046 Amor
715 4992 1024 5062 temporalis
1054 4994 1204 5064 pacis
1235 4997 1549 5052 necessario
1579 4997 1722 5067 parit
1769 4997 2037 5070 inquietu-

443 5081 628 5136 dinem
659 5081 872 5136 mentis.
908 5082 1009 5152 Qui
1041 5100 1173 5153 ergo
1205 5085 1367 5140 habet
1396 5087 1535 5140 hanc
1565 5101 1758 5156 pacem
1789 5096 1839 5141 et
1870 5097 2031 5154 amat,

441 5169 754 5226 necessario
798 5179 941 5225 caret
991 5187 1148 5242 pace.

512 5289 568 5344 Si
595 5290 1060 5347 malefacientibus
1091 5291 1187 5346 tibi
1217 5307 1325 5346 non
1357 5291 1633 5357 invideas,
1666 5292 1767 5346 erit
1797 5291 1890 5346 tibi
1933 5311 2035 5363 pax

440 5395 562 5435 cum
604 5396 707 5434 eis.

509 5504 656 5560 Sicut
710 5520 810 5575 per
879 5503 1286 5558 similitudinem
1341 5511 1393 5558 et
1448 5520 1635 5575 pacem
1710 5506 2029 5571 consistunt,

435 5593 512 5649 ita
541 5609 642 5663 per
689 5591 1189 5647 dissimilitudinem
1237 5600 1291 5648 et
1327 5593 1658 5650 discordiam
1708 5601 1897 5651 cuncta
1944 5595 2032 5649 in-

438 5688 673 5740 tereunt.

2141 4609 2334 4680 cuique
2366 4609 2538 4664 valeat
2566 4609 2819 4680 irrogari.
2851 4610 2917 4663 Et
2949 4608 3152 4663 idcirco
3181 4608 3352 4678 ipsam
3399 4625 3512 4678 pra:
3553 4607 3728 4662 omni-

2141 4697 2242 4750 bus
2273 4697 2427 4750 malis
2458 4697 2754 4752 cavendam
2785 4712 2850 4752 ac
2878 4695 3190 4766 fugiendam
3221 4703 3466 4763 censent,
3498 4696 3655 4752 etiam
3684 4696 3730 4750 si

2140 4785 2272 4839 nihil
2299 4785 2448 4840 aliud
2477 4785 2604 4839 mali
2637 4801 2758 4840 eam
2788 4793 3064 4856 sequatur.

2214 4874 2271 4927 Si
2305 4889 2465 4944 quem
2496 4873 2677 4928 odisse
2707 4873 2876 4928 debes
2899 4915 2912 4938 ,
2966 4872 3239 4928 neminem
3265 4872 3337 4927 ita
3368 4880 3424 4926 ut
3452 4880 3522 4928 te.
3554 4872 3724 4927 Nemo

2139 4962 2283 5017 enim
2332 4969 2541 5016 tantum
2588 4961 2771 5018 nocuit
2799 4961 2913 5015 tibi.

2211 5051 2268 5105 Si
2298 5050 2430 5104 nihil
2459 5049 2772 5105 melioratur
2791 5094 2804 5115 ,
2855 5049 2958 5104 nisi
2988 5049 3139 5120 prius
3167 5049 3526 5120 vituperatum
3547 5091 3562 5115 ,
3604 5057 3728 5106 tunc

2138 5139 2230 5210 qui
2261 5155 2369 5193 non
2399 5138 2512 5192 vult
2541 5139 2856 5209 vituperari,
2889 5155 2999 5192 non
3040 5138 3149 5191 vult
3196 5139 3381 5209 utique
3427 5137 3719 5193 meliorari.

2139 5224 2409 5293 Scriptum
2431 5231 2511 5277 est
2531 5223 2674 5276 enim
2703 5240 2714 5277 :
2739 5224 2842 5290 Qui
2861 5224 2975 5278 odit
3000 5224 3436 5294 increpationcs,
3457 5224 3728 5294 insipiens

2137 5317 2218 5367 est
2242 5314 2426 5382 (Prov.
2451 5327 2546 5377 xu,
2575 5315 2667 5381 t);
2701 5312 2805 5378 Qui
2835 5317 3029 5367 autem
3059 5313 3362 5382 acquiescit
3386 5313 3726 5382 increpatio-

2135 5403 2319 5470 nibus,
2349 5417 2629 5472 possessor
2647 5405 2730 5456 est
2763 5401 2944 5456 cordis
2975 5400 3160 5471 (Prov.
3194 5415 3292 5466 xv,
3337 5404 3446 5468 32).

2681 5552 2758 5606 De
2788 5551 3158 5622 confessione.

2205 5681 2398 5739 Nullus
2430 5681 2722 5754 publicano
2753 5698 2874 5739 esse
2901 5688 3114 5754 poterat
3143 5681 3214 5738 ad
3242 5681 3471 5739 salutem
3502 5682 3725 5752 reditus,
