3928 6420
260 365 365 418 605

1605 354 2150 413 MEDITATIONES.

3461 355 3575 409 -606

270 487 377 542 nisi
405 485 684 540 humiliter
712 481 996 539 confessus
1038 479 1248 546 fuisset,
1283 467 1428 552 quod
1469 481 1518 537 ei
1565 481 1870 537 Pharismus
1889 483 1945 542 Α
1975 481 2314 559 vestimenta.
2346 478 2602 534 Vestibus
2633 477 2851 550 indiges
2898 483 3092 532 contra
3121 475 3314 550 frigus,
3339 491 3448 533 non
3478 492 3578 534 co-

274 575 508 646 superbe
566 574 979 643 improperaret.

341 665 453 718 Hoc
485 662 605 716 solo
631 663 810 729 justus
841 674 920 724 es,
953 657 999 711 si
1027 657 1098 711 ob
1129 665 1352 726 peccata
1390 665 1480 712 tua
1510 667 1561 713 te
1598 660 1868 714 damnan-

266 755 397 808 dum
427 765 701 821 agnoscas
731 756 783 802 et
839 747 1010 802 dicas.
1045 745 1100 799 Si
1125 746 1331 814 justum
1370 758 1421 800 te
1443 747 1601 812 dicis,
1637 748 1870 804 mendax

270 859 350 908 es,
383 849 435 896 et
464 856 496 895 a
531 838 761 894 Domino
783 836 1006 891 veritate
1037 835 1333 901 damnaris,
1368 844 1425 889 ut
1455 837 1764 891 contrarius
1795 838 1864 892 ei.

271 930 372 986 Die
401 938 450 984 te
482 935 842 999 peccatorem,
875 932 932 978 ut
959 937 1131 978 verax
1172 923 1404 978 Domino
1434 924 1656 981 veritate
1671 942 1870 982 convc-

271 1019 392 1073 nias
423 1016 764 1071 liberandus.

341 1107 658 1178 Magnorum
682 1111 762 1157 est
783 1117 884 1173 pro
906 1099 1284 1156 conﬁtentibus
1315 1100 1677 1168 intercedere,
1711 1112 1768 1158 ut
1791 1105 1869 1159 eis

271 1196 586 1266 ignoscatur
635 1210 648 1246 :
683 1192 949 1260 majorum
981 1196 1185 1254 autem,
1218 1205 1318 1260 pro
1348 1190 1432 1243 his
1463 1190 1625 1244 etiam
1656 1193 1868 1264 suppli-

271 1299 399 1339 care
430 1282 665 1352 benigne
707 1280 797 1351 qui
827 1278 1067 1333 nondum
1100 1293 1257 1330 suum
1307 1289 1708 1350 recognoscunt
1738 1297 1866 1336 rea-

272 1381 401 1436 tum,
437 1378 495 1425 ut
549 1375 905 1441 cognoscant,
948 1375 1000 1421 et
1040 1381 1140 1436 pro
1173 1365 1255 1419 his
1295 1367 1414 1437 qui,
1448 1376 1540 1422 aut
1588 1370 1716 1440 quia
1744 1386 1868 1425 eru-

272 1461 519 1523 bescunt,
554 1466 643 1511 aut
683 1457 808 1527 quia
851 1461 1032 1509 amant
1087 1461 1294 1508 reatum
1326 1471 1503 1521 suum,
1534 1473 1644 1511 non
1693 1457 1864 1514 conﬁ-

270 1556 467 1611 tentur,
502 1555 558 1600 ut
615 1545 990 1602 confiteantur.

343 1635 533 1692 Omnis
563 1635 743 1689 anima
787 1634 1066 1690 rationalis
1099 1638 1289 1694 volens
1327 1637 1515 1694 ulcisci
1548 1653 1625 1702 se,
1660 1637 1765 1693 hoc
1793 1638 1864 1692 ir-

268 1732 428 1795 rogat
476 1724 634 1779 alteri
681 1722 827 1793 quod
883 1723 986 1777 sibi
1017 1725 1120 1795 ipsi
1170 1728 1380 1796 metuit,
1414 1734 1465 1782 et
1495 1727 1755 1781 abhorret
1812 1735 1866 1781 et

270 1814 472 1868 malum
504 1813 674 1868 ducit.
706 1810 851 1866 Nihil
877 1821 1059 1868 autem
1089 1815 1346 1871 libentius
1388 1815 1456 1869 ad
1485 1815 1856 1870 ulciscendum
1883 1838 1936 1899 Β

269 1919 330 1957 se
362 1918 525 1973 quam
555 1901 840 1957 veritatem
869 1903 1090 1973 arripit,
1124 1920 1227 1960 nec
1257 1905 1428 1958 ullum
1459 1904 1660 1958 malum
1691 1921 1862 1960 vene-

266 1991 472 2045 natiore
496 1999 676 2045 mente
705 1991 915 2062 inﬂigit.
948 1993 1098 2064 Ergo
1131 1993 1203 2046 nil
1236 1993 1339 2046 sibi
1387 1993 1566 2064 magis
1608 1993 1867 2047 abhorret

264 2079 379 2134 ﬁeri
409 2095 574 2151 quam
603 2079 886 2135 veritatem
917 2081 1050 2136 dici.
1103 2082 1217 2136 Hoc
1267 2082 1467 2153 quippe
1517 2082 1864 2136 adversarius

265 2168 334 2223 de
363 2168 468 2222 alio
499 2167 627 2222 dicit
655 2169 820 2238 quod,
854 2169 900 2222 si
928 2169 976 2223 is
1023 2169 1111 2224 cui
1141 2170 1337 2225 dicitur
1394 2169 1672 2224 humiliter
1703 2186 1864 2225 reco-

263 2257 499 2330 gnoscit,
535 2257 764 2311 salutem
794 2265 1066 2312 mereatur
1098 2267 1377 2314 aeternam.
1412 2259 1514 2328 Qui
1542 2259 1686 2313 enim
1709 2260 1866 2313 adul-

265 2354 462 2412 terum,
492 2346 796 2400 adulterum
829 2355 1004 2415 vocat,
1035 2348 1140 2404 hoc
1168 2348 1218 2402 ei
1249 2349 1378 2403 dicit
1411 2363 1508 2418 pro
1539 2348 1685 2402 malo
1715 2349 1860 2419 quod

267 2435 384 2506 ipse
414 2451 513 2506 pro
561 2435 732 2490 salute
772 2450 871 2490 sua
927 2435 1084 2491 fateri
1127 2437 1292 2492 debet
1349 2437 1543 2509 gratis.
1604 2437 1860 2493 Libenter

265 2540 397 2594 ergo
429 2525 530 2579 hoc
573 2524 814 2594 recipiat,
849 2541 951 2581 nec
995 2541 1102 2596 qua
1131 2525 1448 2595 intentione,
1475 2525 1568 2581 sed
1604 2527 1734 2598 quid
1757 2527 1861 2582 sibi

263 2614 470 2668 dicatur
508 2614 768 2668 attendat.

339 2701 442 2770 Qui
472 2717 579 2756 non
619 2701 812 2766 videri,
841 2703 940 2758 sed
970 2719 1092 2758 esse
1132 2719 1297 2760 verax
1347 2705 1618 2760 veraciter
1645 2705 1859 2778 diligit;

263 2807 364 2845 nec
393 2790 586 2854 videri,
621 2791 718 2844 sed
749 2806 870 2845 esse
899 2792 1132 2846 mendax
1163 2794 1434 2848 veraciter
1449 2794 1657 2860 metuit,
1684 2794 1864 2848 statim

263 2888 319 2933 ut
341 2895 399 2933 se
431 2879 708 2933 mentitum
739 2879 987 2943 advertit,
1023 2880 1124 2934 sibi
1156 2882 1494 2948 contradicit,
1527 2898 1629 2938 nec
1659 2883 1727 2936 ab
1759 2884 1863 2938 hoc

261 2968 368 3022 ulla
399 2984 521 3022 eum
552 2967 636 3021 vel
690 2968 1024 3038 improperia
1054 2970 1140 3024 vel
1177 2971 1374 3025 damna
1407 2979 1687 3026 revocant.
1742 2973 1863 3026 Ma-

265 3056 377 3111 vult
409 3057 553 3111 euim
578 3072 742 3111 verax
789 3058 942 3122 mori,
996 3074 1159 3129 quam
1192 3060 1426 3114 mendax
1474 3061 1676 3130 vivere,
1711 3060 1757 3115 si
1788 3068 1868 3115 ta-

267 3161 390 3200 men
422 3145 550 3199 vivit
578 3145 830 3211 mendax,
857 3162 981 3202 cum
1015 3148 1276 3218 scriptum
1308 3149 1374 3203 sit
1403 3164 1415 3202 :
1446 3149 1514 3205 0s
1533 3150 1676 3222 quod
1706 3167 1864 3206 men-

269 3237 412 3289 titur
439 3235 643 3290 occidit
674 3237 950 3290 animam.
983 3235 1136 3309 (Sa-p.
1174 3253 1211 3301 ι,
1248 3239 1357 3306 il).

335 3324 448 3377 lIoc
478 3322 623 3394 quod
655 3322 733 3377 vis
763 3324 1125 3388 abscondere,
1159 3324 1212 3379 id
1245 3335 1326 3380 est
1377 3335 1657 3397 peccatum
1688 3335 1861 3394 tuum,

263 3410 509 3482 improba
535 3420 585 3464 et
607 3411 719 3479 jam
760 3428 870 3466 non
927 3413 1028 3467 erit
1059 3415 1206 3486 quod
1265 3415 1607 3470 abscondere
1639 3416 1860 3471 debeas.

262 3499 455 3553 Delere
504 3499 647 3552 enim
701 3499 830 3553 illud
878 3509 1054 3571 potes,
1104 3502 1449 3558 abscondere
1499 3519 1608 3559 non
1684 3513 1860 3574 potes.

257 3587 403 3642 Nihil
431 3588 574 3642 enim
605 3596 848 3658 apertum
881 3591 1027 3661 quod
1057 3606 1164 3645 non
1209 3592 1496 3660 reveletur,
1532 3609 1635 3649 nec
1672 3593 1864 3649 occul-

259 3686 370 3731 tum
401 3677 545 3748 quod
593 3692 702 3731 non
749 3678 950 3733 sciatur
997 3677 1174 3748 Quare
1214 3697 1350 3753 ergo
1397 3682 1650 3737 morbum
1692 3682 1863 3738 mavis

262 3765 440 3820 celare
468 3782 631 3836 quam
661 3767 897 3821 sanare?
945 3766 1235 3836 Quomodo
1266 3770 1489 3825 morbos
1522 3772 1595 3825 tui
1617 3771 1863 3842 corporis

259 3853 494 3908 libenter
518 3853 659 3920 aliis,
695 3863 751 3907 ut
775 3855 1194 3926 compatiantur,
1227 3859 1489 3925 ostendis,
1523 3867 1575 3914 et
1607 3859 1651 3914 si
1675 3860 1863 3915 nolunt

259 3943 508 4007 credere,
544 3942 802 3998 miserum
834 3953 885 3999 te
933 3945 1121 4010 habes,
1166 3955 1505 4020 augeturque
1553 3949 1729 4018 dolor,
1763 3949 1862 4004 sed

257 4038 309 4085 et
339 4031 615 4100 irasceris,
640 4039 692 4087 et
719 4031 790 4086 ita
819 4033 888 4088 de
927 4033 1123 4089 animas
1152 4035 1563 4108 argritudinibus
1612 4037 1749 4108 ipsis
1779 4036 1860 4093 fa-

259 4120 383 4174 cito.

755 4279 1148 4338 CAPITULUM
1180 4283 1272 4338 III.

253 4421 328 4476 De
357 4422 743 4493 voluptatibus
774 4439 838 4479 ac
873 4425 1074 4479 vilibus
1110 4424 1581 4485 delectationibus
1609 4428 1856 4500 quinque

895 4511 1182 4552 sensuum.

329 4662 460 4717 Vide
490 4662 625 4716 duas
669 4663 1042 4733 experientias
1079 4665 1402 4737 ingestionis
1431 4673 1484 4721 et
1529 4666 1848 4739 egestionis,

251 4751 379 4821 quid
411 4759 460 4806 te
489 4751 666 4823 magis
696 4751 967 4808 beatiﬁcet
998 4755 1141 4824 quod
1164 4770 1263 4825 per
1295 4755 1454 4821 hanc,
1482 4771 1552 4810 an
1577 4755 1721 4827 quod
1752 4771 1853 4825 per

250 4839 398 4893 illam
431 4839 715 4910 experiris.
764 4841 859 4894 illa
907 4851 1100 4897 onerat
1160 4843 1458 4910 inutilibus,
1491 4845 1605 4900 haec
1650 4860 1852 4900 exone-

251 4935 354 4982 rat.
387 4927 527 4997 Quid
557 4929 728 4999 prosit
757 4938 1068 5002 utrumque,
1103 4931 1484 5003 circumspice.
1520 4934 1634 4989 Hoc
1655 4942 1738 4988 est
1763 4941 1850 4988 to—

249 5025 362 5070 tum
392 5017 688 5072 devorasse
719 5027 1000 5089 expertum
1043 5035 1184 5074 esse.
1218 5020 1307 5075 Nil
1337 5021 1476 5075 ultra
1514 5021 1632 5092 spei
1663 5038 1850 5078 rema-

250 5113 360 5159 net.
393 5105 481 5160 Sic
527 5105 581 5159 in
637 5107 888 5160 omnibus
937 5109 1300 5164 sensualibus.
1350 5110 1486 5165 Vide
1538 5127 1674 5184 ergo
1719 5111 1850 5183 quid

249 5192 597 5248 beatitudinis
637 5195 820 5249 omnia
868 5197 1198 5265 hujusmodi,
1247 5197 1363 5253 sive
1409 5197 1460 5252 iu
1495 5215 1612 5268 spe,
1648 5199 1763 5255 sive
1793 5199 1850 5255 in

250 5299 324 5348 re,
359 5283 411 5336 in
445 5292 496 5338 te
527 5283 824 5353 effecerint,
859 5294 912 5340 et
940 5285 1021 5341 sic
1051 5286 1230 5357 cogita
1258 5287 1325 5342 de
1384 5286 1598 5342 futuris.
1634 5289 1842 5360 Cogita,

249 5371 486 5441 inquam,
542 5388 804 5443 prospera
862 5374 1155 5444 praeterita,
1189 5383 1239 5429 et
1270 5375 1351 5430 sic
1405 5375 1587 5430 futura
1636 5376 1843 5445 judica.

246 5458 379 5527 Qum
409 5477 618 5530 speras,
662 5463 903 5531 peritura
961 5472 1084 5517 sunt
1131 5464 1330 5520 omnia.
1364 5464 1435 5518 Et
1475 5472 1532 5518 tu
1565 5465 1691 5536 quid
1723 5473 1848 5537 post

243 5548 358 5604 haec
381 5551 408 5603 ε)
437 5549 657 5620 Aliquid
696 5565 823 5604 ama
853 5560 905 5605 et
936 5568 1096 5621 spera
1142 5553 1290 5624 quod
1329 5569 1437 5608 non
1471 5561 1733 5609 transeat.

319 5637 472 5710 Pingi
504 5637 587 5691 vis
608 5637 760 5709 ligna
789 5639 1084 5706 coloribus,
1116 5641 1244 5710 igne
1275 5642 1666 5707 consumenda,
1720 5658 1844 5698 cum

244 5741 308 5782 ea
338 5743 461 5803 qua
507 5727 806 5796 consumis,
839 5728 922 5783 vis
949 5744 1072 5784 esse
1129 5729 1352 5799 decora,
1388 5746 1485 5787 seu
1521 5731 1676 5787 cibos
1699 5774 1715 5798 ,
1746 5748 1844 5788 seu

1970 570 2084 625 lore
2113 570 2206 624 illo
2234 568 2320 623 vel
2349 568 2462 635 illo,
2498 568 2577 623 sic
2605 568 2728 623 cibo
2772 574 2964 622 contra
2987 565 3206 635 famem,
3239 582 3347 621 non
3379 581 3574 638 sapore

1969 658 2062 713 illo
2092 666 2182 712 aut
2210 658 2324 712 illo.

2043 747 2298 817 Voluptas
2335 745 2598 811 bestialis,
2635 761 2700 799 ex
2748 744 3001 798 sensibus
3055 743 3272 810 carnis;
3305 743 3573 800 diabolica

1972 851 2125 901 vero,
2158 835 2334 890 omnis
2380 834 2554 888 fastus
2584 842 2634 888 et
2666 833 2885 887 invidiae
2913 840 2968 887 et
3011 831 3279 899 fallaciae;
3325 833 3574 902 philoso-

1971 925 2132 995 phica
2180 940 2328 989 vero,
2372 938 2536 978 nosse
2585 931 2927 988 creaturam;
2977 921 3249 994 angelica,
3300 937 3466 977 nosse
3523 929 3576 978 et

1971 1027 2159 1068 amare
2191 1014 2386 1068 Deum.

2044 1100 2179 1170 Quae
2203 1102 2258 1156 in
2282 1099 2611 1156 transitoriis
2633 1099 2756 1171 plus
2787 1098 3074 1167 delectant,
3099 1099 3216 1156 hac
3232 1099 3412 1172 magis
3431 1114 3578 1156 mor-

1971 1190 2132 1246 tifera
2159 1199 2300 1245 sunt.

2041 1280 2253 1334 Eadem
2308 1286 2400 1333 aut
2457 1278 2610 1348 pejor
2645 1285 2728 1332 est
2775 1277 3018 1343 stultitia,
3069 1276 3439 1348 genuﬂectere
3487 1276 3574 1332 his

1971 1385 2094 1440 quae
2122 1376 2178 1422 tu
2237 1367 2452 1433 feceris,
2477 1376 2530 1422 et
2584 1365 2823 1420 animum
2872 1366 3134 1422 inclinare
3183 1366 3268 1420 his
3315 1382 3438 1437 qua
3469 1365 3572 1423 de-

1970 1458 2156 1524 struis,
2186 1457 2240 1511 id
2269 1465 2352 1512 est
2383 1456 2677 1526 saporibus
2707 1455 2793 1510 vel
2836 1455 2958 1509 aliis
2987 1454 3355 1509 sensibilibus.

2040 1546 2120 1601 De
2151 1545 2467 1619 regionibus
2497 1544 2860 1616 congregavit
2887 1560 3002 1607 eos,
3037 1560 3070 1599 a
3099 1544 3390 1614 saporibus
3418 1542 3572 1599 scili-

1969 1643 2054 1690 cet
2083 1643 2134 1690 et
2172 1636 2449 1700 odoribus,
2476 1643 2528 1690 et
2559 1634 2774 1690 carneis
2823 1633 3054 1690 tactibus
3105 1649 3303 1690 eruens
3360 1633 3572 1688 anim'os

1967 1731 2205 1788 sanctos,
2240 1724 2294 1778 in
2323 1740 2384 1779 se
2413 1723 2640 1797 colligit.

2039 1813 2114 1866 Ita
2144 1822 2408 1867 conantur
2463 1812 2716 1867 homines
2775 1811 2955 1867 facere
3013 1827 3196 1867 veram
3239 1810 3575 1882 voluptatem

1968 1901 2086 1956 sive
2137 1901 2557 1970 beatitudinem,
2618 1901 2773 1973 quasi
2831 1909 2923 1955 aut
2979 1899 3126 1954 nulla
3181 1900 3282 1965 sit,
3314 1907 3408 1954 aut
3452 1897 3576 1954 ﬁeri

1965 1989 2156 2060 possit,
2191 2006 2314 2044 cum
2345 1990 2462 2060 ipsa
2493 1989 2613 2045 sola
2642 1991 2730 2054 sit,
2762 1988 2879 2044 ﬁeri
2910 2004 3039 2044 vero
3068 1988 3218 2044 nullo
3248 1989 3410 2044 modo
3437 2003 3573 2058 pos-

1967 2078 2054 2133 sit.
2099 2079 2157 2133 Id
2187 2087 2366 2133 autem
2397 2087 2478 2134 est
2511 2078 2695 2134 facere
2725 2078 2829 2133 sibi
2871 2078 3261 2134 beatitudinem
3279 2085 3333 2132 et
3362 2079 3572 2146 Deum;

1966 2175 2020 2222 et
2049 2176 2238 2238 putare
2267 2184 2377 2222 non
2410 2184 2534 2222 esse
2557 2167 2965 2235 beatitudinem,
2997 2175 3050 2222 et
3079 2182 3190 2222 non
3220 2182 3343 2222 esse
3371 2167 3568 2222 Deum.

2041 2257 2173 2311 Vide
2205 2257 2251 2310 si
2291 2273 2484 2312 omnes
2540 2256 2811 2323 homines,
2853 2255 3095 2311 dimissis
3152 2255 3406 2311 omnibus
3453 2254 3574 2310 aliis

1966 2345 2132 2400 rebus
2189 2345 2388 2418 quibus
2434 2345 2738 2415 intendunt,
2773 2345 2866 2400 uni
2895 2353 3103 2400 tantum
3153 2344 3324 2400 colori
3356 2351 3447 2399 aut
3476 2359 3569 2398 sa-

1964 2434 2083 2505 pori
2113 2450 2178 2489 ex
2210 2442 2319 2489 toto
2348 2434 2649 2500 intendant,
2685 2449 2848 2506 quam
2869 2434 3056 2489 miseri
3073 2432 3204 2488 fmdi
3221 2432 3368 2488 stulti
3389 2439 3565 2488 erunt.

1966 2523 2058 2578 Sic
2087 2531 2211 2576 sunt
2240 2531 2291 2577 et
2322 2523 2506 2589 modo,
2533 2539 2659 2578 cum
2688 2531 2799 2577 tam
2825 2523 3009 2577 multis
3037 2537 3102 2578 ac
3127 2522 3362 2578 diversis
3384 2537 3569 2576 rerum

1966 2611 2312 2682 qualitatibus
2341 2611 2645 2667 intendunt.
2680 2612 2802 2666 Non
2853 2611 2998 2667 enim
3026 2611 3204 2684 magis
3259 2610 3448 2682 plures
3476 2616 3571 2664 aut

1965 2700 2237 2756 universas
2291 2707 2578 2765 creaturas,
2614 2701 2762 2756 Deus
2801 2708 2990 2756 noster
3038 2709 3131 2756 aut
3173 2707 3359 2755 nostra
3415 2697 3566 2754 salus

1965 2797 2090 2844 sunt
2118 2805 2280 2860 quam
2337 2805 2444 2844 una
2500 2789 2751 2860 quaelibet
2805 2805 3017 2844 earum.

2035 2878 2171 2932 Cum
2201 2878 2504 2950 gaudemus
2535 2879 2679 2933 unde
2709 2886 2762 2933 et
2792 2878 2967 2944 bruta,
3001 2878 3057 2932 id
3087 2885 3166 2933 est
3214 2878 3283 2934 de
3329 2878 3561 2947 luxuria,

1965 2974 2022 3020 ut
2059 2982 2264 3028 canes;
2306 2967 2374 3021 de
2412 2966 2727 3033 voracitate,
2760 2975 2818 3021 ut
2849 2967 3022 3038 porci,
3055 2975 3106 3022 et
3136 2975 3355 3034 cetera,
3387 2968 3565 3023 anima

1961 3063 2152 3110 nostra
2181 3053 2237 3108 ﬁt
2268 3055 2460 3110 similis
2507 3054 2793 3109 animabus
2849 3055 3088 3125 illorum,
3121 3064 3172 3111 et
3203 3071 3314 3111 non
3367 3057 3565 3114 horre-

1961 3160 2103 3199 mus.
2128 3145 2250 3217 Ego
2284 3152 2466 3200 autem
2509 3144 2733 3200 mallem
2763 3159 2963 3216 corpus
2993 3144 3198 3200 habere
3221 3145 3372 3201 canis
3401 3161 3564 3217 quam

1965 3233 2224 3288 animam.
2278 3235 2345 3288 Et
2392 3241 2575 3288 tamen
2627 3233 2673 3287 si
2701 3249 2902 3303 corpus
2948 3242 3190 3288 nostrum
3249 3233 3304 3288 in
3361 3241 3565 3290 tantam

1965 3322 2149 3378 canini
2180 3322 2432 3392 corporis
2465 3321 2730 3377 transiret
2776 3321 3202 3388 similitudinem,
3234 3322 3289 3376 in
3311 3330 3566 3394 quantam

1965 3411 2162 3466 animas
2231 3410 2441 3466 caninae
2508 3409 2918 3466 similitudinem
2981 3410 3165 3466 anima
3218 3419 3409 3466 nostra
3464 3428 3566 3483 per

1963 3500 2230 3554 luxuriam
2288 3500 2501 3569 transit,
2563 3499 2687 3570 quis
2733 3515 2843 3554 non
2892 3498 3101 3554 ferret?
3143 3499 3266 3571 quis
3294 3515 3404 3556 non
3433 3501 3564 3556 hor-

1963 3590 2156 3644 reret?
2185 3588 2378 3644 Melius
2434 3596 2613 3642 autem
2672 3603 2738 3643 ac
2793 3587 3133 3642 tolerabilius
3165 3595 3333 3654 esset,
3364 3604 3564 3660 corpus

1963 3685 2206 3733 nostrum
2237 3677 2293 3732 in
2325 3677 2551 3732 bestiam
2582 3676 2926 3741 commutari,
2959 3675 3136 3731 anima
3166 3676 3219 3730 in
3251 3693 3348 3731 sua
3375 3677 3563 3748 digni-

1961 3774 2090 3833 tate,
2124 3766 2179 3822 id
2203 3774 2286 3822 est
2310 3767 2411 3822 Dei
2434 3766 2689 3838 imagine,
2714 3773 3090 3836 permanente,
3127 3781 3310 3837 quam,
3332 3781 3565 3836 corpore

1961 3864 2218 3912 manente
2264 3857 2524 3923 humano,
2559 3855 2799 3910 animam
2854 3853 2969 3908 ﬁeri
3020 3854 3321 3910 bestialem.
3353 3856 3421 3910 Et
3445 3856 3563 3912 haec

1965 3945 2190 4000 mutatio
2235 3953 2385 4000 tanto
2441 3952 2525 4000 est
2581 3942 2890 3999 horribilior
2947 3944 3231 4015 magisque
3284 3943 3558 4010 deﬂenda,

1962 4042 2165 4106 quanto
2193 4032 2373 4088 anima
2400 4033 2717 4104 praeminet
2750 4031 2988 4103 corpori.
3023 4033 3178 4088 Unde
3208 4033 3379 4088 David
3411 4053 3428 4088 :
3455 4034 3563 4091 No-

1963 4123 2064 4179 lite
2095 4124 2224 4192 ﬁeri
2253 4124 2408 4178 sicut
2435 4137 2610 4194 equus
2646 4125 2702 4178 et
2729 4122 2943 4188 mulus,
2977 4122 3175 4194 quibus
3201 4139 3318 4179 non
3349 4125 3435 4178 est
3462 4123 3562 4178 in-

1961 4212 2223 4266 tellectus
2276 4210 2451 4281 (Psal.
2509 4225 2676 4265 xxxi.
2728 4211 2803 4282 9).
2837 4210 2960 4264 Non
3009 4209 3152 4265 enim
3192 4210 3261 4266 de
3310 4210 3561 4281 corporis

1959 4299 2064 4355 hoc
2119 4298 2491 4365 similitudine,
2523 4315 2592 4354 ne
2621 4298 2691 4353 sit
2749 4298 3061 4365 ridiculum,
3093 4297 3202 4354 dici
3254 4299 3558 4370 putandum

1957 4396 2061 4444 est.

2029 4477 2301 4548 Coaptare
2332 4475 2553 4548 aliquid,
2588 4475 2728 4532 sicut
2758 4476 2939 4532 cibum
2964 4483 3054 4531 aut
3081 4483 3289 4547 potum,
3322 4483 3558 4534 tantum-

1873 4567 1924 4625 D
1955 4567 2118 4622 modo
2145 4573 2202 4620 ut
2234 4565 2354 4638 plus
2386 4564 2638 4632 delectet,
2672 4565 2891 4620 diabolo
2912 4564 3199 4636 cooperari
3227 4573 3311 4619 est
3338 4565 3394 4619 in
3426 4581 3555 4636 per-

1954 4655 2151 4711 niciem
2183 4663 2450 4724 nostram,
2485 4661 2537 4709 et
2565 4669 2764 4710 acuere
2797 4653 3060 4726 gladium,
3087 4653 3234 4725 quod
3269 4652 3481 4709 facilius
3504 4661 3558 4709 et

1955 4745 2114 4800 altius
2144 4752 2336 4799 nostra
2365 4742 2537 4815 possit
2567 4742 2780 4798 viscera
2826 4749 3133 4813 penetrare.
3165 4741 3380 4812 Quanto
3411 4742 3557 4797 enim

1951 4833 2036 4888 his
2067 4833 2299 4905 amplius
2329 4833 2679 4898 delectamur,
2718 4839 2865 4888 tanto
2898 4831 3124 4904 gravius
3145 4846 3210 4888 ac
3230 4830 3556 4904 profundius

1952 4923 2318 4978 vulneramur.

2521 5046 2916 5103 CAPITULUM
2945 5046 3035 5101 IV.

1950 5192 2025 5246 De
2056 5191 2216 5245 vanis
2249 5190 2564 5254 timoribus,
2597 5189 2898 5255 doloribus,
2931 5193 2988 5245 et
3019 5188 3371 5245 cruciatibus
3398 5189 3550 5258 ﬁlio-

2021 5278 2150 5317 rum
2184 5263 2352 5334 hujus
2380 5261 2596 5334 saeculi,
2643 5277 2777 5332 quos
2823 5261 3175 5317 contrahunt
3207 5277 3282 5316 ex
3327 5261 3553 5333 peritu-

2021 5349 2217 5388 rorum
2255 5331 2573 5405 cupiditate
2607 5331 2661 5387 et
2691 5347 2903 5388 amore.

2019 5467 2222 5538 Sponte
2251 5483 2310 5522 se
2334 5466 2576 5538 implicat
2605 5466 2770 5521 homo
2828 5480 3121 5536 corporum
3179 5479 3245 5520 ac
3301 5463 3551 5521 vanitatis

1949 5555 2140 5622 amori,
2177 5555 2274 5610 sed
2305 5555 2454 5621 velit,
2499 5555 2656 5620 nolit,
2717 5554 2992 5610 cruciatur
3038 5553 3233 5610 timore
3258 5568 3322 5609 ac
3359 5552 3549 5609 dolore

1947 5659 2048 5715 pro
2074 5659 2267 5699 eorum
2297 5643 2530 5710 interitu,
2585 5643 2700 5698 sive
2748 5658 2873 5698 cum
2926 5641 3244 5698 auferuntur
3270 5641 3390 5712 ipsa
3418 5656 3549 5696 cor-

1947 5748 2100 5805 pora,
2133 5732 2250 5790 sive
2279 5747 2402 5789 cum
2432 5732 2551 5805 ipse
2578 5729 2936 5803 vituperatur.
2972 5732 3143 5788 Amor
3165 5729 3312 5786 enim
3338 5729 3545 5804 periti,“
