3928 6422
401 353 507 408 607

1252 351 1596 409 GUIGONIS
1633 354 1655 408 Ι
1695 352 2102 410 CARTHUSLE
2140 350 2435 408 MAIORIS
2471 350 2746 408 PRIORIS
2783 352 2849 406 V.

3594 351 3707 406 608

404 490 592 531 rorum
610 482 694 529 est
733 474 886 545 quasi
915 473 1035 530 fons
1079 474 1330 531 timorum
1359 476 1625 531 inutilium
1657 485 1709 531 et
1727 476 1995 539 dolorum,
2029 479 2079 537 Α
2102 486 2361 547 quantum
2391 478 2598 533 laborat
2626 485 2848 549 propter
2894 474 3174 540 mundum,
3219 472 3393 529 natale
3420 473 3538 542 ejus
3565 481 3697 531 tan-

404 578 471 620 ac
519 563 938 618 sollicitudinum
992 565 1388 619 universarum.
1451 567 1748 635 Pauperem
1807 580 1942 634 ergo
1971 581 2001 617 a

406 659 627 724 potente
654 651 847 706 liberat
894 652 1175 718 Dominus,
1228 654 1489 713 solvendo
1549 668 1673 708 eum
1704 668 1737 707 a
1784 653 2001 708 vinculo

407 740 666 795 mundani
694 740 912 794 amoris.
947 740 1052 808 Qui
1081 741 1225 795 enim
1255 742 1329 795 nil
1359 742 1653 812 periturum
1687 741 1882 813 diligit,
1908 741 2000 795 ubi

404 844 435 883 a
466 828 707 900 quolibet
748 836 967 898 potente
1015 829 1245 884 ladatur
1291 845 1399 885 non
1443 830 1625 897 habet,
1680 838 1732 884 et
1778 830 2000 883 omnino

403 916 733 972 inviolabilis
762 924 863 984 est,
898 917 1022 988 quia
1052 918 1170 973 sola
1188 917 1520 973 inviolabilia
1551 918 1689 973 sicut
1718 918 2000 990 diligenda

405 1012 549 1072 sunt,
582 1004 780 1077 diligit.

475 1094 533 1149 Si
579 1107 771 1149 omnes
799 1093 1028 1164 capillos
1056 1094 1249 1165 capitis
1279 1094 1356 1150 tui
1410 1094 1689 1150 abscindat
1716 1094 1857 1166 quis,
1890 1109 2001 1149 non

402 1190 453 1237 te
486 1181 666 1247 ladet,
689 1182 794 1236 nisi
823 1198 945 1236 cum
974 1198 1070 1237 eos
1099 1184 1190 1254 qui
1222 1183 1385 1253 capiti
1430 1184 1712 1238 adharent
1743 1182 1997 1254 tetigerit.

405 1270 496 1327 Sic
521 1278 574 1325 te
604 1285 714 1325 non
742 1270 962 1337 ladent,
982 1271 1084 1325 nisi
1117 1286 1203 1339 ea,
1230 1287 1351 1342 qua
1381 1288 1481 1342 per
1500 1270 2000 1342 concupiscentiam

401 1359 459 1413 in
490 1366 543 1413 te
586 1357 753 1414 fixere
810 1358 1042 1425 radices,
1077 1360 1199 1431 quis
1256 1354 1461 1432 tangat.
1522 1358 1656 1428 Qua
1700 1375 1802 1430 pro
1844 1359 2000 1429 plura

408 1446 612 1503 fuerint
640 1455 693 1502 et
722 1448 899 1518 magis
926 1456 1121 1514 amata,
1156 1464 1221 1503 eo
1242 1448 1426 1519 plures
1473 1449 1576 1503 hac
1622 1447 1998 1504 vehementio-

407 1551 499 1592 res
528 1536 745 1592 dolores
774 1536 1004 1608 parient.
1056 1583 1066 1595 .

473 1628 581 1680 Aut
609 1625 894 1697 exstingue
931 1625 1147 1696 penitus
1195 1624 1712 1696 concupiscentiam,
1746 1633 1837 1680 aut
1866 1640 1999 1695 para

401 1720 455 1767 te
485 1713 553 1767 ad
585 1713 1036 1779 conturbandum,
1068 1714 1122 1768 id
1152 1722 1234 1768 est
1264 1714 1333 1767 ad
1382 1714 1684 1769 timendum
1716 1722 1768 1768 et
1798 1714 1998 1769 dolen-

403 1801 534 1855 dum
565 1802 706 1856 unde
727 1817 835 1856 non
882 1802 1073 1857 debes.

2100 583 2259 637 quam
2290 567 2539 638 martyris
2595 575 2870 639 ageretur.

2171 656 2313 709 Sicut
2344 672 2410 710 ex
2439 656 2616 725 glacie
2663 656 2853 726 frigus,
2887 652 2959 707 ita
2980 669 3047 707 ex
3091 651 3468 722 temporalium
3498 668 3694 709 amore

2099 743 2261 798 timor
2289 744 2492 797 inutilis
2538 743 2775 797 animam
2822 741 3045 808 invadit,
3089 748 3142 794 et
3170 748 3381 795 caetera
3430 741 3690 798 miseria.

2100 833 2337 887 Remove
2367 841 2476 886 ate
2506 832 2761 887 universa
2789 847 2909 902 qua
2938 829 3036 884 tibi
3064 827 3290 883 timendi
3348 844 3510 884 causa
3540 838 3690 895 sunt,

2100 920 2236 974 sicut
2266 937 2386 991 qua
2418 920 2651 991 frigoris.
2687 922 2923 975 Remove
2952 918 3077 973 dico
3108 932 3216 972 non
3247 931 3281 971 a
3310 916 3451 983 loco,
3500 918 3599 972 sed
3620 919 3697 972 ab

2100 1009 2302 1063 animo.
2335 1010 2457 1063 Non
2486 1017 2567 1063 est
2597 1010 2742 1063 enim
2790 1007 3088 1061 timendum
3120 1005 3225 1060 nisi
3256 1006 3404 1076 quod
3429 1014 3610 1074 potest
3640 1014 3698 1061 et

2100 1098 2247 1167 quod
2295 1098 2510 1166 expedit
2556 1097 2748 1161 vitari,
2806 1096 2861 1150 id
2917 1102 3000 1149 est
3054 1101 3356 1165 peccatum.
3417 1092 3701 1165 Quidquid

2100 1193 2280 1240 autem
2312 1186 2465 1239 vitari
2496 1186 2732 1255 expedit,
2757 1184 2915 1241 vitari
2944 1191 2999 1238 et
3025 1189 3222 1254 potest,
3240 1181 3524 1251 adjuvante
3550 1183 3696 1249 Deo,

2102 1272 2155 1327 id
2186 1282 2265 1327 est
2297 1274 2571 1345 iniquitas.

2174 1362 2306 1416 Vide
2336 1376 2501 1433 quam
2532 1362 2606 1416 sis
2644 1362 2699 1416 in
2742 1369 3006 1432 potestate
3054 1359 3335 1415 hominum
3364 1359 3436 1415 ad
3463 1360 3697 1416 turban-

2099 1450 2229 1504 dum
2260 1458 2312 1505 et
2342 1450 2718 1505 cruciandum.
2751 1449 2926 1519 Quam
2956 1448 3112 1506 facile
3159 1456 3241 1503 est
3272 1448 3352 1503 eis
3381 1448 3698 1519 vituperare

2100 1545 2150 1592 te
2181 1538 2392 1603 verbis,
2426 1547 2519 1593 aut
2574 1538 2917 1611 cegitationis
2971 1537 3243 1608 opinione,
3284 1543 3396 1592 tam
3424 1535 3578 1593 facile
3609 1545 3700 1593 est

2101 1628 2439 1697 perturbare.
2478 1626 2620 1695 Quid
2650 1628 2826 1699 ergo?
2856 1627 2913 1681 Si
2937 1626 3197 1696 diSplices
3227 1625 3325 1692 eis,
3359 1625 3695 1696 pertubaris.

2099 1716 2250 1785 Ergo
2282 1717 2334 1769 in
2389 1728 2578 1771 eorum
2609 1733 2669 1771 es
2698 1723 2982 1787 potestate.
3018 1715 3144 1770 Sive
3174 1714 3295 1786 quis
3333 1715 3451 1770 hac
3505 1713 3691 1783 faciat,

2028 1830 2081 1891 Β
2102 1804 2216 1858 sive
2245 1820 2382 1868 non;
2416 1813 2470 1858 tu
2502 1812 2683 1859 tamen
2731 1805 2802 1857 ita
2829 1819 2896 1859 ex
2944 1803 3338 1873 praparatione
3366 1803 3564 1857 mentis
3593 1819 3700 1857 ex-

475 1904 672 1960 Anima
699 1905 938 1959 humana
993 1904 1178 1959 tandiu
1224 1905 1278 1959 in
1329 1922 1387 1959 se
1447 1904 1720 1961 cruciatur
1761 1903 2001 1976 quandiu

2105 1892 2310 1962 positus
2341 1909 2419 1947 es.
2464 1893 2518 1946 Si
2549 1894 2605 1946 in
2631 1894 2773 1947 bono
2803 1892 3060 1962 displices
3089 1892 3189 1956 eis,
3223 1891 3355 1961 ipsis
3381 1891 3484 1947 hoc
3511 1900 3699 1958 nocet,

402 1999 582 2063 potest
612 1992 859 2059 cruciari,
889 1992 943 2047 id
992 2001 1071 2047 est
1095 1993 1332 2064 quandiu
1387 1993 1590 2064 aliquid
1620 2001 1761 2047 amat
1806 2002 2003 2063 prater

403 2082 598 2136 Deum.
629 2081 804 2135 Deum
837 2080 979 2136 enim
1000 2082 1181 2152 nequit
1210 2082 1453 2137 amittere
1485 2082 1695 2136 nolens.
1720 2082 2002 2136 Dimittere

404 2184 539 2240 ergo
570 2185 694 2225 eum
723 2177 921 2240 potest,
954 2186 1063 2224 non
1094 2171 1361 2225 amittere.
1393 2171 1569 2226 Nemo
1600 2170 1745 2226 enim
1793 2171 2004 2225 laditur

406 2257 510 2312 nisi
542 2271 575 2312 a
598 2258 799 2328 seipso.

476 2357 620 2428 Quot
648 2374 830 2415 rerum
850 2360 1147 2427 amoribus,
1174 2376 1295 2432 qua
1324 2361 1438 2427 tibi,
1471 2360 1556 2416 vel
1578 2360 1771 2431 quibus
1801 2368 1855 2414 tu
1876 2376 2001 2431 per-

401 2447 574 2502 iturus
603 2464 741 2513 eras,
778 2455 830 2504 te
860 2449 1123 2505 Dominus
1155 2448 1401 2503 liberavit
1430 2464 1463 2504 a
1491 2449 1716 2504 totidem
1745 2457 1797 2504 te
1827 2449 2000 2503 tristi-

401 2536 492 2592 tia
519 2535 806 2592 timoribus
837 2545 890 2592 et
935 2537 1219 2592 doloribus
1268 2538 1503 2593 absolvit

472 2644 615 2699 Dum
643 2659 931 2715 corporum
963 2645 1175 2715 species
1197 2645 1281 2700 vel
1314 2643 1522 2710 forma,
1551 2644 1747 2716 quibus
1778 2644 1871 2699 tibi
1903 2644 2000 2699 ad-

400 2731 732 2788 harentibus
753 2732 997 2801 foederis,
1053 2741 1282 2805 pereunt
1313 2735 1589 2805 (tanquam
1632 2732 1857 2805 syllaba
1888 2733 1999 2788 suis

404 2821 739 2891 temporibus
771 2862 787 2888 ,
833 2822 949 2877 Deo
988 2822 1341 2892 modulante),
1412 2822 1687 2878 cruciaris.
1749 2821 2001 2877 Eraditur

400 2909 545 2964 enim
575 2925 696 2980 qua
741 2909 1031 2965 increverit
1064 2910 1276 2981 rubigo.

470 3013 562 3069 Nil
613 3014 710 3069 tibi
768 3014 1096 3070 laboriosius
1144 3032 1305 3086 quam
1352 3032 1463 3071 non
1518 3015 1791 3080 laborare,
1824 3015 1878 3070 id
1915 3024 1999 3070 est

398 3110 749 3159 contemnere
777 3104 959 3158 omnia
990 3104 1135 3158 unde
1174 3103 1390 3159 labores
1439 3102 1706 3171 oriuntur,
1739 3104 1995 3159 universa

401 3190 611 3248 scilicet
653 3191 933 3247 mutabilia
944 3232 957 3246 .

470 3296 606 3354 Vide
634 3305 833 3371 quanta
861 3298 1018 3353 turba
1048 3297 1270 3371 generis
1302 3298 1378 3353 tui
1408 3313 1505 3369 pro
1534 3298 1737 3353 mundo
1777 3297 1995 3354 labora-

397 3386 493 3456 vit,
526 3394 578 3442 et
607 3401 717 3441 non
763 3386 939 3441 solum
967 3402 1075 3442 non
1106 3395 1231 3441 sunt
1260 3386 1470 3457 adepti,
1506 3386 1604 3440 sed
1632 3386 1856 3456 insuper
1904 3404 1995 3442 se-

397 3476 549 3546 ipsos
575 3474 889 3532 amiserunt.
922 3476 1002 3530 Tu
1031 3484 1213 3531 autem
1245 3475 1290 3531 si
1322 3470 1623 3540 studueris,
1655 3474 1777 3545 plus
1806 3475 1979 3546 acqui-

396 3580 488 3619 res
534 3563 652 3619 sine
708 3563 822 3619 ulla
876 3564 1288 3635 comparatione
1335 3578 1499 3634 quam
1531 3571 1613 3617 est
1666 3563 1721 3617 id
1776 3572 1998 3634 propter

395 3652 542 3723 quod
569 3668 765 3708 omnes
802 3652 1050 3709 laborant
1091 3661 1183 3707 aut
1231 3652 1637 3708 laboraverunt.

462 3758 720 3815 Turbatio
750 3759 916 3813 animi
947 3759 1129 3823 stulta,
1162 3758 1284 3829 ipsa
1337 3766 1419 3812 est
1463 3758 1703 3824 misera;
1736 3759 1853 3813 hac
1883 3758 1995 3813 fere

393 3862 613 3918 semper
665 3846 725 3902 ﬁt
782 3847 836 3901 in
893 3854 967 3911 te,
1029 3863 1152 3902 cum
1207 3862 1400 3901 causas
1454 3846 1646 3901 mortis
1675 3855 1800 3913 tua,
1832 3847 1886 3901 id
1913 3856 1996 3902 est

394 3950 457 3989 ea
489 3934 687 4006 quibus
730 3935 870 3990 male
916 3935 1259 4001 adharebas,
1309 3935 1610 4006 corrumpit
1646 3936 1813 4005 Deus,
1845 3943 1902 3990 ut
1929 3951 1995 3990 ea

394 4023 659 4079 deserens
690 4023 863 4079 vivas.

464 4128 734 4185 Ancillam
761 4129 946 4202 diligis
994 4130 1239 4201 turpiter,
1274 4130 1329 4185 id
1360 4138 1444 4185 est
1499 4137 1834 4197 creaturam;
1866 4129 1989 4185 ideo

393 4225 603 4273 tantum
633 4218 911 4285 cruciaris,
944 4234 1067 4273 cum
1098 4219 1361 4273 Dominus
1392 4219 1509 4288 ejus
1536 4261 1548 4285 ,
1609 4219 1665 4273 id
1719 4226 1803 4273 est
1847 4219 1993 4274 Deus

393 4314 535 4373 tuus,
568 4308 682 4380 agit
712 4308 781 4363 de
808 4323 874 4363 ea
904 4308 1048 4379 quod
1083 4308 1221 4363 bene
1252 4307 1384 4364 vult.

463 4409 566 4465 Uni
598 4425 663 4465 ex
693 4408 917 4480 syllabis
945 4410 1131 4483 magni
1188 4409 1444 4465 carminis
1500 4409 1812 4479 adhasisti,
1870 4409 1993 4465 ideo

390 4498 624 4552 turbaris
645 4514 766 4553 cum
790 4498 1036 4553 canendo
1058 4498 1304 4568 procedit
1322 4506 1511 4553 cantor
1531 4496 1982 4568 sapientissimus.

2102 1996 2211 2034 non
2253 1980 2367 2034 tibi.
2426 1981 2635 2035 Labora
2693 1996 2799 2052 ego
2831 1988 2957 2034 tunc
3004 1988 3208 2035 mutare
3259 1979 3429 2034 corda
3483 1995 3699 2048 eorum,

2100 2084 2209 2123 non
2252 2069 2454 2123 bonum
2486 2078 2655 2123 tuum.
2707 2069 2762 2123 bi
2792 2068 2846 2122 in
2875 2067 3017 2123 malo
3045 2068 3303 2138 displices
3332 2068 3432 2136 eis,
3456 2083 3567 2124 non
3603 2069 3698 2139 ip-

2102 2173 2219 2211 sum
2270 2157 2566 2227 displicere
2597 2157 2691 2211 tibi
2746 2165 2925 2221 nocet,
2954 2156 3063 2212 imo
3110 2156 3351 2227 prodest,
3386 2157 3485 2211 sed
3511 2157 3699 2228 ipsum

2100 2246 2301 2300 malum
2322 2254 2491 2300 tuum.

2170 2353 2366 2407 Dicunt
2414 2360 2685 2423 martyres
2727 2352 2844 2407 Deo
2877 2366 2889 2406 :
2925 2353 3163 2414 Propter
3196 2355 3247 2407 te
3275 2352 3696 2421 mortiﬁcamur

2103 2445 2223 2495 tota
2254 2441 2341 2496 die
2370 2442 2547 2511 (Psal.
2580 2455 2728 2500 xu".
2752 2442 2882 2509 22);
2915 2448 2970 2493 tu
3002 2439 3333 2512 quibuslibet
3353 2439 3692 2495 vilitatibus:

2102 2530 2327 2599 Propter
2356 2545 2453 2583 vos
2484 2530 2778 2585 conturbor
2820 2536 2928 2583 tota
2976 2528 3084 2583 die.

2171 2635 2460 2705 Restringe
2491 2642 2544 2689 te
2575 2642 2629 2689 et
2658 2634 2855 2706 collige
2884 2634 3158 2706 undique:
3191 2650 3259 2689 ne
3291 2633 3427 2689 forte
3471 2634 3694 2690 volubi-

2101 2724 2224 2777 litas
2252 2723 2585 2777 mutabilium
2616 2722 2850 2777 inveniat
2880 2730 2930 2777 te
2959 2722 3013 2777 in
3043 2722 3196 2793 ipsis,
3229 2731 3279 2778 et
3307 2723 3581 2779 crucieris.

2172 2830 2332 2898 Quod
2363 2830 2544 2900 aliquo
2592 2829 2754 2884 modo
2808 2828 3095 2896 cruciaris,
3126 2829 3241 2885 sive
3282 2829 3539 2899 timendo,
3575 2831 3694 2888 sive

2099 2918 2407 2985 irascendo,
2444 2919 2557 2972 sive
2588 2917 2844 2987 odiendo,
2879 2917 2992 2973 sive
3033 2918 3273 2990 quolibet
3303 2919 3462 2974 modo
3492 2920 3692 2976 dolen-

2099 3006 2191 3074 do,
2241 3007 2333 3061 tibi
2363 3007 2737 3061 tantummodo
2766 3006 3000 3076 imputa,
3034 3005 3091 3061 id
3124 3014 3205 3061 est
3236 3008 3693 3078 concupiscentia

2098 3105 2224 3162 tua,
2272 3095 2614 3168 ignorantia,
2648 3094 2733 3149 vel
2781 3094 3003 3165 torpori.
3065 3093 3223 3164 Quod
3251 3096 3297 3149 si
3326 3096 3447 3167 quis
3494 3097 3607 3153 vult
3635 3106 3690 3154 te

2021 3189 2067 3249 C
2091 3178 2312 3251 ladere,
2365 3184 2482 3253 ejus
2512 3183 2719 3254 imputa
2748 3182 3224 3253 concupiscentia.
3257 3184 3479 3241 Lasura
3508 3193 3597 3240 tua
3636 3195 3692 3243 et

2095 3273 2272 3337 dolor,
2325 3271 2586 3327 indicium
2616 3279 2698 3326 est
2743 3270 2952 3342 peccati
2982 3271 3095 3338 tui;
3129 3287 3345 3327 amasse
3377 3280 3446 3342 te,
3480 3274 3690 3330 scilicet

2096 3361 2321 3416 lasibile
2354 3359 2575 3431 aliquid,
2611 3360 2727 3414 Deo
2768 3360 3014 3415 dimisso.

2168 3462 2335 3518 Lasis
2392 3462 2718 3532 spectaculis
2775 3461 2947 3517 doles.
2996 3460 3116 3517 Tibi
3144 3470 3197 3518 et
3228 3464 3404 3519 errori
3459 3473 3551 3521 tuo
3583 3465 3691 3523 hoc

2095 3550 2333 3622 imputa,
2382 3566 2486 3621 qua
2535 3550 2852 3605 lasibilibus
2906 3550 3188 3606 inhasisti.
3229 3552 3369 3607 Nam
3396 3553 3451 3607 in
3483 3562 3689 3611 tantum

2095 3640 2375 3695 consuevit
2424 3640 2587 3695 homo
2643 3638 2845 3693 malum
2874 3654 3035 3694 omne
3077 3639 3133 3694 in
3174 3640 3322 3696 aliud
3351 3649 3692 3715 retorquere,

2093 3737 2151 3783 ut
2182 3728 2227 3783 si
2256 3735 2346 3782 aut
2374 3728 2429 3781 in
2457 3727 2693 3797 lapidem
2722 3726 3026 3794 offenderit,
3047 3736 3139 3783 aut
3167 3729 3295 3801 igne
3323 3730 3544 3785 adustus
3572 3730 3692 3788 fue-

2095 3817 2184 3885 rit,
2219 3816 2364 3887 ipsas
2395 3816 2493 3870 Dei
2548 3825 2831 3870 creaturas
2862 3817 3085 3887 culpare
3114 3833 3180 3872 ac
3232 3817 3560 3875 maledicere
3588 3836 3689 3876 au-

2094 3906 2253 3970 deat;
2294 3922 2416 3976 quae
2445 3904 2548 3958 nisi
2582 3905 2685 3960 hoc
2714 3904 2978 3974 facerent,
3009 3913 3265 3978 tanquam
3320 3908 3569 3964 invalida
3597 3918 3685 3964 at-

2095 4010 2200 4065 que
2231 4000 2492 4049 emortua
2530 3993 2724 4049 merito
2751 3992 3118 4065 culparentur,
3149 4003 3199 4050 et
3230 4011 3339 4050 non
3363 3996 3544 4067 potius
3573 4015 3689 4055 sua

2093 4082 2383 4137 debilitatis
2412 4082 2601 4152 lugere
2644 4081 2937 4137 miseriam.

2166 4188 2301 4242 Vide
2332 4188 2626 4258 quomodo,
2657 4196 2917 4259 tanquam
2947 4203 3099 4243 mare
3154 4198 3260 4244 tam
3315 4190 3686 4249 innumerabi-

2093 4276 2226 4331 lium
2257 4276 2554 4332 formarum
2587 4292 2979 4347 corporearum
3008 4286 3062 4332 et
3088 4278 3391 4334 animorum
3420 4281 3687 4337 humano-

2093 4380 2214 4419 rum
2244 4381 2520 4436 nunquam
2540 4364 2595 4419 in
2627 4365 2822 4420 eodem
2862 4373 3003 4420 statu
3049 4367 3502 4437 permanentium,
3537 4386 3682 4426 nun-

2094 4468 2255 4524 quam
2285 4452 2482 4508 sinaris
2522 4453 2827 4524 quiescere.

392 4544 623 4552 -_--_---
647 4544 766 4553 --.η
792 4544 1032 4553 ---νην
1058 4544 1304 4568 rw“---
1324 4544 1500 4553 an---
1531 4544 1982 4568 _..,--..-----..-_--
2010 4547 2011 4551 η

391 4586 739 4643 Subtrahitur
768 4586 913 4642 enim
943 4586 1038 4640 tibi
1069 4586 1297 4657 syllaba,
1332 4602 1492 4657 quam
1530 4586 1703 4640 solam
1737 4586 1981 4652 amabas,
2007 4594 2011 4601 ‘

2160 4558 2419 4626 Quamvis
2442 4559 2576 4614 sciat
2622 4560 2809 4614 nutrix
2866 4560 3153 4631 parvulum
3210 4571 3433 4633 accepto
3462 4580 3686 4635 passere

390 4684 442 4731 et
471 4674 772 4732 succedunt
808 4675 927 4729 alize
962 4675 1150 4729 ordine
1179 4691 1298 4730 suo.
1349 4676 1472 4730 Non
1519 4674 1663 4729 enim
1720 4673 1861 4729 canit
1890 4674 1988 4728 tibi

388 4763 511 4832 soli,
540 4779 642 4819 nec
687 4771 790 4818 tua
822 4762 1102 4829 voluntati,
1136 4763 1234 4818 sed
1270 4779 1400 4819 sua.
1429 4761 1562 4831 Qua
1582 4770 1761 4818 autem
1797 4778 1987 4818 succe-

388 4852 524 4907 dunt
554 4850 797 4922 syllaba,
850 4852 920 4907 ob
953 4852 1053 4906 hoc
1085 4851 1179 4905 tibi
1208 4852 1494 4907 contraria
1539 4860 1681 4918 sunt,
1725 4852 1850 4924 quia
1879 4851 1986 4906 im-

387 4939 597 5011 pellunt
629 4955 755 4995 eam
800 4955 961 5011 quam
1011 4940 1151 4994 male
1206 4941 1451 4995 amabas.

461 5045 623 5114 Quod
654 5044 859 5116 syllaba
916 5045 971 5101 in
1001 5046 1273 5112 carmine,
1324 5048 1429 5102 hoc
1471 5046 1578 5102 loci
1606 5054 1696 5101 aut
1726 5047 1987 5117 temporis

390 5134 598 5191 obtinet
624 5150 963 5206 unaquaque
995 5152 1080 5191 res
1131 5136 1186 5190 in
1229 5136 1506 5191 mundano
1559 5135 1829 5203 discursu,
1866 5135 1986 5191 ideo

390 5238 524 5295 ergo
560 5222 892 5280 cruciaberis
938 5224 1063 5296 quia
1100 5224 1465 5280 deterioribus
1492 5223 1773 5291 inhaesisti,
1808 5232 1860 5279 et
1888 5240 1986 5279 suo

387 5311 576 5368 ordine
605 5319 889 5368 transeunt
930 5322 1187 5383 tanquam
1232 5312 1453 5383 syllaba
1513 5312 1569 5366 in
1616 5312 1874 5368 carmine.

458 5418 584 5473 Hac
604 5418 787 5475 omnia
828 5436 950 5491 qua
980 5419 1232 5474 dicuntur
1278 5418 1535 5485 adversa,
1568 5434 1677 5473 non
1716 5427 1842 5474 sunt
1882 5420 1984 5473 ad-

388 5522 553 5563 versa
578 5507 684 5562 nisi
738 5507 915 5572 malis,
950 5506 1005 5561 id
1036 5515 1118 5561 est
1176 5506 1482 5561 amantibus
1529 5515 1836 5563 creaturam
1883 5524 1985 5579 pro

389 5593 663 5652 Creatore.

456 5700 514 5762 Si
542 5701 633 5763 ille
679 5710 773 5758 aut
817 5701 908 5757 ille
951 5708 1157 5757 tantum
1214 5701 1489 5759 laboraret
1532 5711 1754 5775 propter
1783 5704 1978 5769 Deum,

2087 4643 2413 4707 lataturum,
2449 4642 2599 4697 timet
2626 4650 2810 4697 tamen
2864 4660 3209 4715 summOpere
3239 4663 3308 4701 ne
3337 4647 3582 4719 accipiat,
3619 4666 3684 4707 ac

2089 4739 2235 4786 tanto
2264 4732 2462 4803 magis,
2493 4740 2695 4801 quanto
2723 4733 2901 4803 magis
2931 4734 3182 4789 eumdem
3220 4735 3346 4791 inde
3377 4736 3679 4794 lataturum

2088 4820 2375 4887 existimat,
2412 4828 2559 4875 certe
2588 4835 2778 4875 omnes
2808 4821 3055 4877 homines
3077 4831 3131 4878 et
3150 4832 3299 4889 se,et
3322 4842 3460 4896 quos
3477 4835 3676 4897 amant,

2087 4909 2327 4978 gaudere
2354 4916 2566 4979 Optant.
2606 4908 2713 4963 Cur
2740 4925 2876 4981 ergo
2906 4910 2961 4965 id
3006 4912 3187 4966 nutrix
3214 4929 3385 4984 puero
3428 4930 3536 4970 non
3581 4931 3678 4971 so-

2088 4996 2199 5050 lum
2217 5013 2327 5052 non
2355 5006 2522 5067 Optat,
2555 4998 2652 5052 sed
2682 4997 2906 5069 insuper
2962 5007 3221 5072 tanquam
3255 5019 3513 5075 magnum
3557 5020 3677 5061 ma-

2086 5084 2217 5151 lum,
2243 5102 2312 5141 ne
2334 5086 2528 5140 habeat
2553 5088 2746 5141 cavet?
2783 5088 2943 5142 Certe
2972 5089 3085 5143 vult
3115 5105 3239 5145 eum
3269 5092 3532 5163 gaudere.
3570 5094 3680 5148 Cu’r

2088 5189 2219 5244 ergo
2240 5181 2293 5228 et
2311 5174 2456 5228 unde
2487 5174 2796 5245 gavisurum
2833 5176 2931 5231 scit
2953 5177 3264 5233 subtrahit?
3294 5179 3402 5234 Cur
3429 5180 3535 5236 nisi
3561 5183 3685 5254 quia

2088 5261 2319 5318 futuram
2349 5262 2619 5317 tristitiam
2651 5264 2895 5333 attendit,
2929 5265 3082 5335 cujus
3113 5282 3236 5322 esse
3269 5283 3490 5324 causam
3522 5270 3681 5326 istam

2086 5351 2237 5406 novit
2263 5367 2385 5405 esse
2427 5350 2711 5433 latitiam?
2740 5352 2852 5406 Scit
2882 5354 3025 5407 enim
3082 5354 3344 5426 profecto,
3376 5365 3527 5413 tanto
3557 5368 3682 5430 post

2087 5440 2202 5495 hac
2234 5439 2542 5510 graviorem
2572 5440 2839 5496 tristitiam
2882 5442 3119 5497 animum
3175 5445 3330 5516 pueri
3379 5447 3681 5503 subituram

2085 5536 2285 5599 quanto
2340 5528 2713 5585 vehementius
2743 5531 3003 5602 gaudium
3061 5533 3164 5588 tale
3219 5536 3583 5604 pracesserit,
3618 5554 3683 5593 ex

2091 5616 2383 5687 quantitate
2411 5617 2698 5686 praesentis
2752 5619 2937 5690 utique
2982 5620 3200 5690 latitia,
3232 5621 3424 5679 futura:
3451 5625 3680 5682 tristitia

2083 5706 2315 5762 metiens
2343 5704 2795 5775 magnitudinem.
2824 5708 2886 5762 In
2916 5724 3025 5780 quo
3053 5709 3197 5769 facto
3216 5711 3346 5784 quid
3373 5712 3523 5770 aliud
3553 5729 3677 5775 tnu-
