3928 6416
201 350 302 403 609

1576 338 2119 400 MEDITATIONES.

3358 409 3364 414 _
3415 334 3518 386 sio

210 471 314 526 lier
356 470 464 525 ista
511 467 759 541 suggerit
799 481 921 522 esse
968 465 1296 534 faciendum,
1350 469 1455 524 nisi
1497 471 1677 526 omnia
1722 469 1815 524 illa
1843 466 2080 528 Annius
2112 471 2311 518 tantum
2362 461 2538 532 spatio
2588 465 2875 516 contentus
2913 467 3015 526 est,
3064 457 3174 513 imo
3205 458 3392 527 ejectis
3421 467 3513 514 aut

212 559 416 633 gaudia
445 575 568 630 quae
599 558 1002 627 subsequuntur
1030 556 1287 622 lamenta,
1323 566 1580 629 tanquam
1600 568 1810 630 pestem

213 662 596 718 venenumque
627 644 892 700 vitanda?
925 645 1040 699 Nec
1070 646 1460 701 attendendum
1482 648 1608 718 quid
1627 649 1812 702 suavi-

218 734 342 789 tatis
373 733 613 786 habeant
641 730 694 784 in
721 730 976 800 praesenti
1010 729 1140 783 dum
1157 731 1371 799 adsunt,
1397 732 1493 786 sed
1517 733 1645 802 quid
1667 749 1814 786 ama-

217 820 468 877 ritudinis
505 826 768 890 generent
798 818 851 871 in
899 817 1058 872 nobis
1089 833 1210 872 cum
1230 820 1448 875 abeunt.
1508 821 1658 874 Talia
1691 829 1815 874 sunt

218 909 399 966 omnia
429 907 746 979 temporalia
777 907 994 978 gaudia.
1031 907 1139 961 Cur
1168 924 1277 960 non
1299 924 1432 979 ergo
1452 908 1668 962 vineam
1688 926 1813 979 pos-

220 998 522 1066 sidendam,
557 1005 786 1065 pratum,
835 996 1054 1050 domum
1098 997 1408 1066 spatiosam,
1450 1014 1683 1069 agrum;
1718 1015 1816 1052 cur

215 1104 326 1144 non
355 1101 544 1141 aurum
578 1093 992 1156 argentumque,
1029 1101 1125 1140 cur
1161 1101 1270 1139 non
1317 1085 1604 1155 Opiniones
1644 1086 1816 1141 homi-

224 1193 353 1231 num
394 1175 708 1246 laudesque,
749 1190 812 1228 ac
859 1181 1060 1228 caetera
1113 1173 1331 1240 similia,
1397 1176 1590 1230 eadem
1650 1191 1816 1230 causa

223 1265 448 1336 provida
469 1263 680 1319 cautela
702 1261 937 1317 devitem
959 1263 986 1316 Ὺ
1017 1261 1062 1316 Ο
1095 1263 1216 1332 quis
1238 1262 1387 1316 dabit
1409 1263 1689 1334 decrepito
1712 1281 1815 1334 pu-

224 1369 321 1409 ero
353 1361 406 1407 et
451 1361 632 1407 tamen
682 1351 863 1416 stulto,
897 1351 951 1404 id
982 1359 1063 1404 est
1094 1352 1328 1406 humano
1353 1353 1539 1421 generi
1571 1353 1666 1406 toti
1697 1352 1819 1406 orbi

225 1441 444 1507 diffuso,
490 1440 778 1511 quamdam
825 1455 1097 1510 magnam,
1150 1439 1440 1509 quamdam
1473 1440 1817 1511 sapientissi-

226 1547 372 1584 mam
384 1529 667 1594 nutricem,
685 1544 805 1598 quae
817 1527 906 1581 tali
923 1544 1053 1581 cura
1079 1543 1143 1583 ac
1162 1527 1525 1583 sollicitudine
1541 1530 1820 1583 subtrahat

225 1619 296 1682 ei,
328 1618 415 1674 vel
443 1627 664 1673 revocet
693 1633 813 1671 eum
846 1632 879 1670 a
909 1616 1143 1688 gaudiis,
1181 1634 1300 1688 qua:
1328 1616 1625 1672 futurorum
1658 1619 1820 1673 semi-

223 1723 296 1762 na
321 1714 444 1761 sunt
473 1707 721 1762 dolorum
745 1707 772 1761 ‘l
804 1706 911 1761 Sed
941 1706 1085 1760 unde
1115 1714 1296 1760 tantus
1327 1707 1380 1759 in
1413 1715 1525 1761 toto
1553 1708 1686 1762 orbe
1719 1725 1820 1777 ge-

1913 553 2205 612 confractis
2234 551 2378 624 quod
2425 557 2602 621 potest
2652 549 2943 603 multorum
2991 548 3238 616 laterum,
3283 548 3378 603 uni
3407 548 3512 603 sibi

1914 644 2152 700 vindicat
2181 642 2381 696 locum.

1986 731 2128 800 Quid
2186 730 2281 784 tibi
2335 727 2551 783 videtur
2595 727 2663 782 de
2708 743 2773 780 eo
2819 726 2911 797 qui
2955 733 3117 781 totam
3160 726 3514 783 intentionem

1917 838 2091 884 suam,
2125 828 2178 874 et
2225 828 2437 888 tempus
2486 815 2749 886 impendit
2799 816 2866 868 ad
2897 815 3230 871 fulciendam
3279 816 3515 887 aliquam

1915 912 2158 972 domum,
2194 924 2358 978 quam
2403 905 2580 960 fulciri
2631 913 2712 958 est
2758 904 3093 974 impossibile
3140 922 3206 959 ex
3235 905 3321 960 his
3351 906 3516 960 rebus

1917 1011 1982 1049 ex
2030 994 2227 1064 quibus
2266 992 2341 1044 nil
2385 989 2606 1045 omnino
2657 988 2837 1043 fulciri
2886 997 3082 1058 potest,
3127 989 3213 1044 vel
3243 989 3289 1044 si
3318 989 3511 1060 possit,

1919 1084 2050 1152 ipsa:
2079 1081 2294 1135 fultura:
2325 1078 2571 1148 indigent
2602 1077 2826 1131 totidem
2855 1075 3067 1131 fulturis
3089 1078 3209 1132 aliis
3240 1087 3370 1148 quot
3400 1078 3518 1149 ipsa

1919 1173 2115 1226 domus
2146 1186 2265 1241 qua)
2296 1185 2360 1223 ex
2392 1168 2474 1220 his
2507 1166 2776 1222 fulcienda
2825 1174 2941 1232 est;
2975 1175 3026 1221 et
3053 1166 3158 1221 illae
3188 1166 3401 1222 fulturae
3431 1176 3518 1222 to-

1919 1261 2105 1326 tidem,
2133 1267 2184 1313 et
2213 1258 2282 1311 ita
2312 1257 2364 1310 in
2397 1254 2662 1310 infinitum
2688 1260 2709 1310 ?
2741 1255 2860 1309 Vita
2891 1257 3029 1322 haec,
3063 1256 3297 1322 domus;
3331 1255 3515 1323 fultor,

1921 1358 2014 1414 tu;
2047 1347 2280 1415 fulturae,
2335 1345 2676 1416 temporalia,
2729 1359 2848 1416 qua:
2895 1361 3172 1418 nunquam
3222 1346 3276 1400 in
3326 1345 3520 1401 eodem

1921 1446 2064 1492 statu
2093 1443 2428 1506 permanent,
2464 1441 2514 1489 et
2561 1449 2664 1490 nec
2713 1433 2925 1502 fulcire,
2961 1449 3064 1490 nec
3093 1433 3266 1490 fulciri
3297 1433 3520 1490 omnino

1920 1533 2169 1598 possunt.

1994 1616 2236 1687 Longam
2285 1612 2639 1668 tentationem
2670 1612 2822 1683 petit,
2857 1611 2949 1682 qui
2981 1612 3201 1685 longam
3232 1612 3398 1668 vitam
3426 1627 3524 1683 pe-

1923 1704 2002 1758 tit.
2048 1704 2303 1759 Tentatio
2334 1707 2420 1758 est
2458 1701 2601 1755 enim
2650 1702 2766 1756 vita
2814 1701 3058 1756 hominis
3109 1718 3278 1774 super
3306 1706 3522 1758 terram

221 1796 387 1850 mitus
418 1795 658 1859 fletuum,
707 1793 809 1848 nisi
841 1794 968 1864 quia
998 1795 1113 1849 haec
1143 1795 1322 1848 nutrix
1353 1794 1594 1864 piissima
1625 1811 1690 1851 ac
1720 1813 1817 1866 po-
1839 1825 1892 1885 B
1930 1793 2067 1863 (Job.
2103 1808 2201 1857 vn,
2237 1794 2310 1856 1).

223 1884 530 1938 tentissima
569 1899 849 1953 nunquam
893 1891 1089 1946 cessat,
1134 1883 1248 1938 sive
1294 1900 1395 1954 per
1443 1885 1812 1955 semetipsum,

226 1990 326 2028 seu
379 1973 553 2039 aliter,
589 1973 826 2028 humano
876 1972 1087 2045 generi,
1121 1987 1319 2027 causas
1348 1973 1619 2037 dolorum,
1655 1974 1707 2027 id
1739 1983 1819 2028 est

222 2062 564 2134 temporalia,
597 2069 866 2133 tamquam
914 2077 1196 2132 passerem
1241 2077 1434 2132 puero,
1486 2062 1702 2118 auferre
1732 2072 1821 2118 aut

224 2167 338 2206 non
366 2151 520 2207 dare.

779 2274 1175 2330 CAPITULUM
1205 2275 1268 2328 V.

228 2411 303 2464 De
332 2407 667 2480 cupiditate,
701 2424 908 2472 amore,
943 2412 998 2463 et
1018 2409 1357 2479 gloriatione
1381 2412 1739 2465 terrenarum
1770 2415 1825 2464 et

305 2480 728 2551 temporalium,
774 2484 834 2551 et
881 2480 1147 2550 quomodo
1190 2496 1295 2551 per
1342 2497 1407 2536 ea
1437 2497 1567 2536 vera
1594 2482 1826 2536 miseria

302 2549 708 2616 non‘totlatur,
742 2549 835 2604 sed
864 2549 1162 2621 augeatur.

300 2682 529 2738 Duobus
555 2682 754 2747 modis,
789 2698 913 2737 cum
941 2682 1063 2737 duae
1093 2699 1182 2737 res
1213 2691 1336 2737 sunt
1355 2683 1616 2755 aequales,
1650 2692 1828 2754 potest

231 2772 350 2827 haec
378 2772 555 2840 major
583 2771 678 2825 illa
717 2770 856 2836 fieri,
889 2779 980 2825 aut
1011 2787 1108 2826 suo
1135 2772 1360 2842 proprio
1390 2781 1704 2844 augmento,
1738 2781 1830 2828 aut

233 2859 398 2916 sociae
426 2860 769 2915 detrimento.
803 2861 919 2915 Hoc
945 2862 1249 2931 posteriore
1279 2862 1442 2916 modo
1462 2878 1653 2916 omnes
1682 2863 1829 2932 prin-

234 2949 386 3020 cipes
417 2956 470 3004 et
509 2957 804 3019 potestates
847 2950 1030 3004 saeculi
1058 2957 1150 3004 aut
1179 2951 1439 3021 gaudent,
1471 2959 1558 3004 aut
1589 2952 1831 3005 nituntur

233 3037 447 3094 caeteris
476 3037 729 3092 omnibus
761 3053 883 3092 esse
913 3038 1169 3106 majores,
1195 3054 1405 3105 eorum,
1430 3039 1702 3106 videlicet,
1734 3040 1829 3095 de-

231 3127 466 3196 jectione
510 3134 563 3181 et
591 3126 935 3190 detrimento,
967 3142 1076 3181 non
1104 3143 1222 3192 sua,
1256 3127 1309 3181 id
1341 3136 1423 3182 est
1453 3128 1700 3198 corporis
1730 3137 1822 3183 aut

238 3214 404 3270 animi
433 3215 517 3270 sui
560 3215 837 3270 erectione
881 3223 972 3269 aut
1001 3224 1312 3287 augmento.
1345 3217 1535 3287 Neque
1567 3217 1708 3271 enim
1741 3225 1832 3271 aut

239 3319 471 3374 corpora
499 3319 710 3369 eorum,
745 3311 836 3357 aut
879 3312 1089 3358 mentes
1117 3305 1228 3359 ullo
1261 3305 1424 3360 modo
1451 3306 1827 3372 meliorantur,

239 3393 338 3448 sed
367 3393 620 3447 videntur
649 3392 753 3446 sibi
777 3392 1076 3463 profecisse
1106 3401 1159 3448 et
1180 3394 1440 3459 crevisse,
1476 3396 1601 3466 quia
1632 3395 1706 3448 illi
1737 3396 1833 3450 de-

240 3481 488 3538 fecerunt
517 3489 570 3536 et
597 3481 974 3537 decreverunt.
1009 3482 1167 3550 Quod
1199 3482 1243 3536 si
1268 3482 1340 3538 ita
1364 3483 1548 3538 omnia
1568 3483 1833 3537 diminuta

238 3573 446 3632 essent,
482 3573 538 3620 ut
567 3565 620 3619 in
651 3565 879 3620 nihilum
911 3566 1125 3622 redacta
1157 3575 1357 3635 essent,
1388 3566 1442 3620 in
1472 3583 1579 3637 quo
1610 3584 1832 3623 cresce-

239 3662 322 3710 ret
352 3670 418 3710 ex
446 3655 551 3710 hoc
578 3655 759 3709 anima
787 3654 874 3709 vel
903 3670 1104 3726 corpus
1133 3655 1325 3710 tuum?

311 3742 460 3798 Sicut
491 3743 582 3814 qui
625 3743 737 3799 vult
774 3743 977 3799 lateres
1029 3743 1230 3810 facere,
1279 3744 1512 3816 plateam
1543 3754 1830 3816 praeparat,

240 3831 335 3886 ubi
366 3847 462 3887 eos
493 3832 710 3887 interim
754 3841 937 3903 ponat,
989 3849 1099 3888 non
1128 3833 1311 3905 utique
1357 3834 1431 3888 ibi
1461 3850 1830 3902 remansuros,

241 3921 361 3987 sed,
395 3936 520 3976 cum
561 3921 814 3977 exsiccati
862 3921 1078 3990 fuerint,
1131 3923 1259 3976 alibi
1310 3923 1752 3991 transferendos;
1786 3931 1838 3979 et

240 4010 316 4065 ita
345 4009 524 4080 platea
552 4009 647 4065 illa
674 4009 836 4064 nullis
867 4011 1174 4082 specialiter
1204 4011 1462 4066 lateribus
1491 4021 1684 4083 parata
1733 4021 1833 4079 est,

244 4099 342 4155 sed
373 4099 623 4155 omnibus
652 4099 937 4170 aequaliter
981 4099 1073 4170 qui
1117 4099 1349 4155 faciendi
1400 4109 1541 4167 sunt,
1594 4102 1665 4156 ita
1694 4103 1839 4157 hunc

243 4187 425 4244 locum
455 4189 706 4243 humanae
751 4187 1116 4258 habitationis,
1169 4190 1416 4245 creandis
1448 4190 1758 4244 hominibus
1790 4199 1839 4245 et

241 4277 369 4332 alibi
396 4285 621 4349 peracto
651 4292 750 4333 suo
778 4284 1020 4348 tempore
1061 4277 1475 4344 transferendis,
1509 4279 1634 4333 fecit
1665 4281 1830 4334 Deus.

243 4365 335 4434 Et,
369 4365 506 4422 sicut
532 4364 732 4438 ﬁgulus
761 4365 899 4421 alios
929 4366 1122 4432 aufert,
1157 4373 1213 4421 ut
1242 4376 1488 4422 recenter
1509 4367 1634 4423 facti
1666 4368 1718 4422 in
1751 4385 1844 4423 eo-

245 4471 364 4510 rum
409 4455 701 4510 succedant
757 4455 956 4522 locum,
1027 4455 1100 4510 ita
1146 4457 1296 4511 Deus
1343 4465 1540 4524 morte,
1582 4465 1839 4528 tanquam

1996 1881 2154 1948 Quod
2185 1881 2239 1934 in
2283 1879 2396 1934 suis
2441 1879 2629 1935 amicis
2675 1879 2761 1934 vel
2809 1879 3123 1950 parentibus
3171 1894 3280 1934 non
3327 1879 3527 1935 amavit

1921 1973 2088 2036 Deus,
2123 1969 2178 2024 id
2211 1977 2293 2023 est
2322 1969 2641 2039 potentiam,
2689 1968 3049 2036 nobilitatem,
3083 1967 3320 2037 divitias,
3352 1969 3526 2025 hono-

1922 2076 2030 2126 res,
2061 2074 2170 2114 non
2201 2073 2351 2112 ames
2381 2066 2436 2111 tu
2466 2057 2522 2111 in
2549 2057 2675 2111 tuis.

1995 2150 2246 2220 Laqueos
2291 2147 2557 2214 comedis,
2605 2146 2766 2214 bibis,
2822 2147 3009 2216 vestis,
3061 2147 3310 2216 dormis;
3344 2147 3529 2204 omnia

1925 2239 2172 2309 laqueus.

1997 2326 2229 2382 Exsules
2257 2341 2464 2392 amore,
2513 2325 2807 2396 voluptate,
2843 2324 3060 2392 aflectu,
3095 2341 3204 2381 non
3234 2325 3376 2382 loco.
3408 2326 3524 2382 Ex-

1927 2415 2074 2470 sules
2104 2415 2158 2470 in
2189 2414 2412 2485 regione
2460 2414 2839 2485 corruptionis,
2888 2415 3206 2485 passionum
3261 2415 3527 2471 tenebra-

1927 2522 2068 2570 rum,
2103 2503 2444 2576 ignorantiaz,
2479 2503 2752 2558 malorum
2783 2518 3034 2558 amorum
3064 2512 3116 2558 et
3147 2504 3415 2559 odiorum.

2001 2592 2272 2662 Quantum
2323 2591 2509 2663 diligis
2561 2600 2630 2660 te,
2682 2592 2736 2646 id
2767 2600 2849 2646 est
2880 2592 3022 2648 hanc
3054 2593 3215 2648 vitam
3250 2601 3527 2665 tempora-

1926 2682 2056 2749 lem,
2107 2688 2316 2735 tantum
2374 2680 2570 2750 diligas
2615 2681 2938 2748 transitoria,
2991 2681 3108 2736 sine
3158 2681 3355 2753 quibus
3403 2698 3528 2738 esse

1929 2787 2035 2826 non
2065 2779 2238 2841 potes,
2297 2785 2523 2825 necesse
2573 2777 2672 2824 est.
2708 2771 2774 2824 Et
2822 2777 3080 2841 quantum
3127 2770 3339 2841 spernis
3383 2771 3528 2826 hanc

1930 2860 2111 2925 vitam,
2147 2867 2198 2914 et
2230 2859 2345 2927 ejus
2375 2857 2631 2912 fomenta.

2003 2949 2184 3003 Grave
2215 2956 2297 3002 est
2327 2947 2423 3001 tibi
2452 2948 2556 3002 hoc
2590 2946 2676 3002 vel
2709 2946 2840 3002 illud
2871 2948 3141 3004 amisisse.
3200 2949 3282 3004 Ne
3314 2964 3530 3021 quaeras

1931 3053 2066 3108 ergo
2099 3037 2361 3091 amittere.
2407 3035 2609 3104 Quaerit
2654 3037 2799 3090 enim
2848 3037 3115 3104 amittere,
3168 3037 3415 3110 quisquis
3463 3053 3530 3094 ea

1933 3127 2108 3196 diligit
2139 3133 2192 3181 et
2221 3125 2469 3197 acquirit,
2503 3143 2624 3197 quae
2657 3126 2878 3181 retineri
2907 3143 3018 3182 non
3049 3127 3252 3183 valent.

2005 3214 2198 3270 Omnis
2225 3214 2445 3269 miseria
2491 3215 2546 3268 in
2591 3216 2696 3270 hoc
2747 3223 2848 3270 est.
2883 3215 3087 3271 Omnes
3116 3224 3301 3271 amant
3330 3215 3534 3288 aliquid

1933 3304 2327 3375 principaliter,
2361 3303 2452 3357 ubi
2484 3320 2703 3375 semper
2733 3303 3084 3360 intentionem
3117 3306 3320 3361 habent
3348 3304 3530 3360 fixam.

1934 3395 2012 3448 Tu
2044 3410 2175 3449 vero
2204 3393 2378 3464 quid?
2408 3394 2552 3448 Ecce
2597 3409 2786 3448 omnes
2823 3395 2977 3466 quasi
3025 3397 3280 3450 thesauro
3309 3395 3533 3451 invento

1935 3482 2163 3552 arreptis
2193 3481 2379 3536 mundi
2426 3482 2666 3552 partibus
2716 3483 2964 3555 singulis,
2995 3484 3196 3556 singuli
3227 3483 3535 3549 intendunt,

1935 3579 2023 3625 aut
2053 3579 2198 3625 certe
2227 3570 2368 3625 inter
2413 3571 2602 3642 plures
2651 3571 2989 3638 scinduntur,
3031 3589 3094 3628 ac
3138 3573 3185 3627 si
3215 3571 3366 3628 canis
3393 3571 3535 3626 inter

1937 3658 2045 3713 duo
2074 3659 2247 3713 frusta
2294 3660 2474 3715 carnis
2520 3661 2749 3730 positus,
2796 3661 3014 3734 ignoret
3063 3661 3147 3717 cui
3189 3661 3532 3733 potissimum

1936 3749 2350 3820 appropinquet,
2385 3749 2614 3804 alterum
2647 3750 2843 3805 timens
2873 3752 3142 3809 amittere.

2005 3838 2061 3892 Si
2090 3839 2206 3894 haec
2264 3838 2320 3892 in
2365 3839 2562 3909 quibus
2615 3839 2844 3895 confidis
2888 3848 2982 3896 aut
3028 3842 3338 3912 delectaris,
3383 3847 3536 3904 face-

1938 3935 2059 3982 rent
2089 3927 2194 3983 hoc
2226 3927 2279 3982 in
2303 3928 2629 3999 semetipsis,
2654 3929 2912 3985 irrideres
2931 3938 3188 4004 tanquam
3211 3935 3394 4002 stulta,
3427 3938 3538 3995 imo

1940 4015 2161 4087 lugeres
2191 4024 2451 4087 tanquam
2480 4017 2712 4088 perdita.
2744 4020 2813 4074 Et
2843 4020 2888 4074 si
2916 4035 3106 4078 omnes
3135 4022 3210 4078 ita
3239 4024 3534 4095 insaniunt,

1940 4121 2221 4176 nunquam
2265 4105 2465 4160 bonum
2505 4115 2589 4161 est
2625 4107 2720 4161 tibi
2751 4107 2988 4164 insanire
3012 4111 3039 4164 ‘l
3070 4111 3125 4166 Si
3158 4112 3392 4184 teipsum
3425 4123 3536 4171 tam

1942 4193 2281 4248 immundum
2311 4193 2534 4261 toleras,
2568 4211 2664 4251 cur
2693 4213 2802 4251 non
2829 4198 3126 4269 quemlibet
3145 4201 3313 4258 alium
3335 4205 3363 4258 ‘I
3392 4203 3538 4273 Quot

1943 4297 2008 4336 ea
2037 4299 2158 4353 quae
2187 4281 2370 4353 diligis
2399 4283 2616 4340 casibus
2646 4285 2945 4356 subjacent,
2982 4288 3205 4345 totidem
3235 4293 3289 4348 ct
3318 4293 3536 4350 animus

1940 4378 2086 4424 tuus.

2017 4459 2122 4528 Qui
2150 4460 2254 4515 hoc
2284 4469 2430 4516 amat
2468 4462 2612 4533 quod
2659 4465 2944 4520 amandum
2988 4482 3097 4522 non
3129 4476 3227 4536 est,
3261 4469 3431 4525 miser
3459 4479 3545 4527 est

246 4543 596 4598 translatione
637 4544 900 4614 priorum,
952 4545 1289 4600 successuris
1337 4555 1606 4616 praeparat
1637 4546 1837 4602 locum.
1860 4541 1914 4603 D
1947 4557 1995 4605 et
2028 4549 2242 4618 stultus,
2264 4550 2478 4605 etiamsi
2502 4568 2777 4623 nunquam
2801 4555 2886 4609 vel
2910 4554 3044 4625 ipse,
3069 4557 3155 4612 vel
3176 4557 3309 4614 illud
3329 4568 3539 4630 pereat.

251 4632 457 4688 Stultus
478 4648 614 4705 ergo
636 4640 687 4688 et
703 4633 928 4688 insanus
949 4641 1029 4688 est
1051 4634 1142 4704 qui
1163 4633 1218 4687 in
1248 4633 1429 4704 platea
1450 4635 1632 4690 cordis
1654 4652 1841 4690 amore

249 4721 498 4790 inhaeret,
529 4736 596 4777 ac
639 4737 749 4776 non
795 4722 974 4792 potius
1023 4739 1130 4794 quo
1178 4723 1246 4777 sit
1277 4724 1689 4780 transferendus
1719 4725 1844 4781 hinc

248 4826 469 4882 semper
499 4810 763 4866 sollicitus
812 4811 1123 4866 meditatur.
1174 4812 1289 4868 Nec
1334 4812 1590 4882 injustum
1621 4822 1712 4870 aut
1741 4830 1843 4869 au-

248 4906 456 4954 sterum
489 4899 663 4955 videri
693 4900 946 4956 lateribus
977 4901 1158 4967 debet,
1191 4917 1317 4958 cum
1345 4902 1473 4958 hinc
1502 4903 1844 4958 transferun-

248 4996 352 5054 tur,
385 4988 642 5044 nimirum
675 5005 796 5046 cum
839 4991 939 5045 hac
969 4990 1265 5046 intentione
1294 4992 1457 5062 positi
1486 4991 1704 5047 fuerint.
1739 4993 1847 5048 Ne-

253 5095 358 5150 que
389 5078 662 5134 videbitur
691 5077 794 5133 nisi
839 5079 924 5133 his
956 5079 1047 5150 qui
1077 5096 1137 5135 se
1165 5081 1294 5135 hinc
1323 5082 1641 5137 necessario
1671 5091 1847 5137 trans-

255 5166 512 5222 ferendos
538 5183 644 5223 non
691 5167 955 5240 cogitant,
1007 5168 1098 5239 qui
1149 5185 1438 5225 commune
1468 5179 1521 5225 et
1551 5171 1682 5225 nulli
1712 5188 1847 5241 pro-

253 5256 450 5325 prium,
520 5256 618 5311 sed
674 5255 1156 5314 innumerabilibus
1221 5257 1416 5313 futuris
1487 5261 1851 5314 communiter

251 5345 586 5416 deputatum,
619 5345 806 5399 insana
851 5345 1144 5416 cupiditate
1192 5353 1450 5418 tanquam
1481 5365 1639 5402 suum
1669 5349 1850 5404 vindi-

252 5443 374 5490 cant
401 5434 708 5506 proprium.
743 5434 879 5489 Vide
901 5434 955 5488 in
977 5435 1081 5490 bac
1103 5435 1294 5490 eadem
1315 5453 1372 5491 re
1396 5436 1558 5491 aliam
1581 5438 1850 5492 insaniam

250 5523 423 5579 nihilo
454 5523 751 5578 minorem.
811 5524 947 5578 Cum
991 5523 1135 5578 enim
1183 5524 1239 5578 hi
1288 5524 1490 5580 lateres
1520 5525 1632 5582 fere
1662 5542 1854 5583 omnes

249 5613 499 5683 ejusdem
549 5612 655 5668 sint
702 5612 1035 5684 quantitatis,
1089 5613 1178 5669 vix
1219 5621 1402 5670 tamen
1449 5631 1640 5670 eorum
1689 5615 1851 5683 ullus,

1945 4639 2202 4710 Nunquid
2231 4639 2376 4694 enim
2423 4640 2709 4696 idololatra
2753 4651 2975 4713 propter
3006 4645 3108 4701 hoc
3139 4654 3345 4703 tantum
3373 4649 3545 4705 miser

1948 4735 2049 4793 est,
2084 4728 2208 4800 quia
2239 4729 2538 4799 periturum
2557 4739 2635 4785 est
2661 4733 2806 4802 quod
2829 4733 3022 4788 adorat
3046 4733 3074 4788 ‘2
3101 4735 3250 4808 Ergo
3271 4752 3381 4792 non
3398 4746 3546 4796 esset

1947 4818 2134 4882 miser,
2162 4817 2204 4872 si
2224 4818 2354 4874 illud
2374 4835 2482 4874 non
2501 4820 2704 4891 periret
2730 4825 2752 4876 ?
2773 4822 2931 4877 Certe
2954 4831 3204 4880 manente
3226 4825 3372 4883 idolo
3403 4827 3543 4899 ejus,

1948 4906 2287 4962 miserrimus
2318 4916 2400 4962 est
2430 4909 2702 4976 adorator,
2737 4909 2861 4967 licet
2890 4911 3174 4968 incolumis
3204 4931 3459 4988 corpore,
3496 4925 3551 4974 et

1949 4995 2343 5066 temporalibus
2373 4997 2531 5052 bonis
2559 4998 2774 5069 plenus.

2020 5085 2144 5139 Non
2179 5093 2229 5140 te
2267 5085 2471 5141 faciunt
2508 5087 2738 5143 adversa
2779 5089 3080 5146 miserum:
3113 5093 3210 5148 sed
3257 5095 3552 5151 ostendunt

1951 5172 2120 5229 fuisse
2154 5183 2206 5229 et
2255 5176 2470 5231 docent.
2531 5177 2928 5250 Prosperitates
2957 5197 3090 5237 vero
3121 5191 3397 5240 excaecant
3425 5185 3551 5240 ani-

1952 5279 2120 5328 mum,
2157 5265 2393 5337 tegendo
2423 5273 2476 5321 et
2505 5267 2754 5338 augendo
2775 5269 3074 5338 miseriam,
3102 5288 3212 5327 non
3237 5273 3549 5331 auferendo.

2027 5352 2161 5406 Vide
2192 5354 2464 5424 quomodo
2498 5355 2744 5425 capiatur
2771 5357 2954 5412 anima
2982 5360 3142 5414 rebus
3173 5363 3475 5432 corporeis,
3499 5371 3554 5419 et

1955 5449 2110 5511 capta
2141 5443 2430 5509 crucietur,
2466 5451 2650 5514 utpote
2679 5445 2733 5498 in
2771 5462 2959 5516 puero.
2998 5447 3218 5519 Capitur
3255 5451 3403 5506 enim
3434 5451 3554 5507 viso

1955 5545 2195 5599 passere,
2233 5548 2415 5602 quem,
2449 5548 2570 5587 cum
2600 5535 2890 5604 acceperit,
2927 5536 3170 5605 subjacet
3202 5547 3280 5594 tot
3310 5540 3548 5610 casibus,

1958 5626 2088 5688 quot
2114 5634 2307 5689 passer
2323 5620 2460 5690 ipse.
2489 5621 2777 5690 Quomodo
2791 5632 2979 5680 autem
2998 5633 3080 5681 est
3101 5634 3209 5681 tuta
3230 5627 3553 5700 priusquam
