  <div class='ocr_page' id='page_1' title='image "/cluster/home/n/w/nwhite01/storage/ocr_20150623/153-154/uc1.31175019678096/311.png"; bbox 0 0 3928 6440; ppageno 0'>
   <div class='ocr_carea' id='block_1_1' title="bbox 399 365 498 418">
    <p class='ocr_par' dir='ltr' id='par_1_1' title="bbox 399 365 498 418">
     <span class='ocr_line' id='line_1_1' title="bbox 399 365 498 418; baseline 0 0"><span class='ocrx_word' id='word_1_1' title='bbox 399 365 498 418; x_wconf 85' lang='grc'><strong>611</strong></span> 
     </span>
    </p>
   </div>
   <div class='ocr_carea' id='block_1_2' title="bbox 1259 363 2846 423">
    <p class='ocr_par' dir='ltr' id='par_1_2' title="bbox 1259 363 2846 423">
     <span class='ocr_line' id='line_1_2' title="bbox 1259 363 2846 423; baseline 0 -3"><span class='ocrx_word' id='word_1_2' title='bbox 1259 363 1598 422; x_wconf 87' lang='lat' dir='ltr'>GUIGONIS</span> <span class='ocrx_word' id='word_1_3' title='bbox 1637 366 1659 421; x_wconf 84' lang='grc' dir='ltr'>Ι</span> <span class='ocrx_word' id='word_1_4' title='bbox 1697 365 2103 423; x_wconf 69' lang='grc' dir='ltr'>ΟᾹΒΤΗΠΒΙΛΕ</span> <span class='ocrx_word' id='word_1_5' title='bbox 2141 365 2433 422; x_wconf 73' lang='lat' dir='ltr'>MAIORIS</span> <span class='ocrx_word' id='word_1_6' title='bbox 2473 364 2745 423; x_wconf 83' lang='lat' dir='ltr'>PRIORIS</span> <span class='ocrx_word' id='word_1_7' title='bbox 2784 367 2846 423; x_wconf 82' lang='lat' dir='ltr'>V.</span> 
     </span>
    </p>
   </div>
   <div class='ocr_carea' id='block_1_3' title="bbox 3594 367 3705 422">
    <p class='ocr_par' dir='ltr' id='par_1_3' title="bbox 3594 367 3705 422">
     <span class='ocr_line' id='line_1_3' title="bbox 3594 367 3705 422; baseline 0.036 -4"><span class='ocrx_word' id='word_1_8' title='bbox 3594 367 3705 422; x_wconf 71' lang='grc'>612</span> 
     </span>
    </p>
   </div>
   <div class='ocr_carea' id='block_1_4' title="bbox 403 485 3704 562">
    <p class='ocr_par' dir='ltr' id='par_1_4' title="bbox 403 485 3704 562">
     <span class='ocr_line' id='line_1_4' title="bbox 403 485 3704 562; baseline 0.001 -22"><span class='ocrx_word' id='word_1_9' title='bbox 403 486 601 542; x_wconf 89' lang='lat' dir='ltr'>talibus</span> <span class='ocrx_word' id='word_1_10' title='bbox 632 485 922 556; x_wconf 80' lang='lat' dir='ltr'>capiatur?</span> <span class='ocrx_word' id='word_1_11' title='bbox 944 485 1025 541; x_wconf 85' lang='lat' dir='ltr'>Ea</span> <span class='ocrx_word' id='word_1_12' title='bbox 1053 486 1195 541; x_wconf 91' lang='lat' dir='ltr'>enim</span> <span class='ocrx_word' id='word_1_13' title='bbox 1225 503 1346 559; x_wconf 77' lang='lat' dir='ltr'>quae</span> <span class='ocrx_word' id='word_1_14' title='bbox 1377 489 1594 559; x_wconf 88' lang='lat' dir='ltr'>placent</span> <span class='ocrx_word' id='word_1_15' title='bbox 1611 497 1795 545; x_wconf 90' lang='lat' dir='ltr'>tenent</span> <span class='ocrx_word' id='word_1_16' title='bbox 1822 489 1990 556; x_wconf 89' lang='lat' dir='ltr'>illam,</span> <span class='ocrx_word' id='word_1_17' title='bbox 2015 493 2069 551; x_wconf 80' lang='grc' dir='ltr'><strong>Α</strong></span> <span class='ocrx_word' id='word_1_18' title='bbox 2168 492 2338 546; x_wconf 80' lang='lat' dir='ltr'>Amor</span> <span class='ocrx_word' id='word_1_19' title='bbox 2367 491 2894 562; x_wconf 91' lang='lat' dir='ltr'>uniuscujuscunque</span> <span class='ocrx_word' id='word_1_20' title='bbox 2917 490 3153 545; x_wconf 86' lang='lat' dir='ltr'>hominis</span> <span class='ocrx_word' id='word_1_21' title='bbox 3182 498 3264 546; x_wconf 90' lang='lat' dir='ltr'>est</span> <span class='ocrx_word' id='word_1_22' title='bbox 3286 490 3549 545; x_wconf 89' lang='lat' dir='ltr'>omnium.</span> <span class='ocrx_word' id='word_1_23' title='bbox 3575 489 3704 544; x_wconf 88' lang='lat' dir='ltr'>Sin-</span> 
     </span>
    </p>
   </div>
   <div class='ocr_carea' id='block_1_5' title="bbox 401 574 1202 645">
    <p class='ocr_par' dir='ltr' id='par_1_5' title="bbox 401 574 1202 645">
     <span class='ocr_line' id='line_1_5' title="bbox 401 574 1202 645; baseline 0 -15"><span class='ocrx_word' id='word_1_24' title='bbox 401 583 461 630; x_wconf 90' lang='lat' dir='ltr'>ut</span> <span class='ocrx_word' id='word_1_25' title='bbox 491 574 661 645; x_wconf 91' lang='lat' dir='ltr'>possit</span> <span class='ocrx_word' id='word_1_26' title='bbox 693 574 935 629; x_wconf 88' lang='lat' dir='ltr'>adversis</span> <span class='ocrx_word' id='word_1_27' title='bbox 965 574 1202 630; x_wconf 90' lang='lat' dir='ltr'>multari.</span> 
     </span>
    </p>
   </div>
   <div class='ocr_carea' id='block_1_6' title="bbox 472 662 1994 738">
    <p class='ocr_par' dir='ltr' id='par_1_6' title="bbox 472 662 1994 738">
     <span class='ocr_line' id='line_1_6' title="bbox 472 662 1994 738; baseline 0.003 -22"><span class='ocrx_word' id='word_1_28' title='bbox 472 664 608 717; x_wconf 90' lang='lat' dir='ltr'>Data</span> <span class='ocrx_word' id='word_1_29' title='bbox 639 678 796 727; x_wconf 88' lang='lat' dir='ltr'>nave,</span> <span class='ocrx_word' id='word_1_30' title='bbox 829 662 1042 717; x_wconf 81' lang='lat' dir='ltr'>flatibus</span> <span class='ocrx_word' id='word_1_31' title='bbox 1075 662 1388 720; x_wconf 82' lang='lat' dir='ltr'>ferebamur</span> <span class='ocrx_word' id='word_1_32' title='bbox 1413 666 1481 720; x_wconf 88' lang='lat' dir='ltr'>ad</span> <span class='ocrx_word' id='word_1_33' title='bbox 1513 666 1864 738; x_wconf 88' lang='lat' dir='ltr'>gaudendum</span> <span class='ocrx_word' id='word_1_34' title='bbox 1895 681 1994 720; x_wconf 91' lang='lat' dir='ltr'>seu</span> 
     </span>
    </p>
   </div>
   <div class='ocr_carea' id='block_1_7' title="bbox 405 750 1853 810">
    <p class='ocr_par' dir='ltr' id='par_1_7' title="bbox 405 750 1853 810">
     <span class='ocr_line' id='line_1_7' title="bbox 405 750 1853 810; baseline 0.002 -4"><span class='ocrx_word' id='word_1_35' title='bbox 405 751 700 806; x_wconf 91' lang='lat' dir='ltr'>dolendum</span> <span class='ocrx_word' id='word_1_36' title='bbox 730 750 1084 806; x_wconf 90' lang='lat' dir='ltr'>alternatione</span> <span class='ocrx_word' id='word_1_37' title='bbox 1108 755 1514 809; x_wconf 73' lang='lat' dir='ltr'>occursantium</span> <span class='ocrx_word' id='word_1_38' title='bbox 1539 755 1853 810; x_wconf 86' lang='lat' dir='ltr'>formarum.</span> 
     </span>
    </p>
   </div>
   <div class='ocr_carea' id='block_1_8' title="bbox 471 839 1996 914">
    <p class='ocr_par' dir='ltr' id='par_1_8' title="bbox 471 839 1996 914">
     <span class='ocr_line' id='line_1_8' title="bbox 471 839 1996 914; baseline 0.002 -21"><span class='ocrx_word' id='word_1_39' title='bbox 471 839 757 908; x_wconf 87' lang='lat' dir='ltr'>Quomodo</span> <span class='ocrx_word' id='word_1_40' title='bbox 788 855 894 894; x_wconf 90' lang='lat' dir='ltr'>non</span> <span class='ocrx_word' id='word_1_41' title='bbox 918 840 1186 912; x_wconf 80' lang='lat' dir='ltr'>glorietur</span> <span class='ocrx_word' id='word_1_42' title='bbox 1215 852 1307 896; x_wconf 91' lang='lat' dir='ltr'>aut</span> <span class='ocrx_word' id='word_1_43' title='bbox 1333 843 1612 914; x_wconf 83' lang='lat' dir='ltr'>superbiat</span> <span class='ocrx_word' id='word_1_44' title='bbox 1635 845 1702 897; x_wconf 90' lang='lat' dir='ltr'>de</span> <span class='ocrx_word' id='word_1_45' title='bbox 1724 843 1996 898; x_wconf 86' lang='lat' dir='ltr'>fortitudi-</span> 
     </span>
    </p>
   </div>
   <div class='ocr_carea' id='block_1_9' title="bbox 397 927 1996 1000">
    <p class='ocr_par' dir='ltr' id='par_1_9' title="bbox 397 927 1996 1000">
     <span class='ocr_line' id='line_1_9' title="bbox 397 927 1996 1000; baseline 0.001 -17"><span class='ocrx_word' id='word_1_46' title='bbox 397 945 466 983; x_wconf 91' lang='lat' dir='ltr'>ne</span> <span class='ocrx_word' id='word_1_47' title='bbox 497 928 580 982; x_wconf 88' lang='lat' dir='ltr'>vel</span> <span class='ocrx_word' id='word_1_48' title='bbox 608 927 1032 998; x_wconf 84' lang='lat' dir='ltr'>pulchritudine,</span> <span class='ocrx_word' id='word_1_49' title='bbox 1067 931 1286 1000; x_wconf 86' lang='lat' dir='ltr'>quando</span> <span class='ocrx_word' id='word_1_50' title='bbox 1317 932 1386 986; x_wconf 92' lang='lat' dir='ltr'>de</span> <span class='ocrx_word' id='word_1_51' title='bbox 1417 931 1727 986; x_wconf 90' lang='lat' dir='ltr'>inﬁrmitate</span> <span class='ocrx_word' id='word_1_52' title='bbox 1760 931 1845 986; x_wconf 85' lang='lat' dir='ltr'>vel</span> <span class='ocrx_word' id='word_1_53' title='bbox 1877 940 1996 985; x_wconf 85' lang='lat' dir='ltr'>tur-</span> 
     </span>
    </p>
   </div>
   <div class='ocr_carea' id='block_1_10' title="bbox 395 1017 1999 1089">
    <p class='ocr_par' dir='ltr' id='par_1_10' title="bbox 395 1017 1999 1089">
     <span class='ocr_line' id='line_1_10' title="bbox 395 1017 1999 1089; baseline 0.002 -19"><span class='ocrx_word' id='word_1_54' title='bbox 395 1017 636 1088; x_wconf 88' lang='lat' dir='ltr'>pitudiue</span> <span class='ocrx_word' id='word_1_55' title='bbox 667 1017 934 1089; x_wconf 85' lang='lat' dir='ltr'>gloriatur</span> <span class='ocrx_word' id='word_1_56' title='bbox 964 1018 1126 1074; x_wconf 91' lang='lat' dir='ltr'>homo</span> <span class='ocrx_word' id='word_1_57' title='bbox 1149 1019 1177 1074; x_wconf 80' lang='lat'><strong>?</strong></span> <span class='ocrx_word' id='word_1_58' title='bbox 1209 1020 1487 1075; x_wconf 88' lang='lat' dir='ltr'>Gloriatur</span> <span class='ocrx_word' id='word_1_59' title='bbox 1529 1021 1670 1075; x_wconf 90' lang='lat' dir='ltr'>enim</span> <span class='ocrx_word' id='word_1_60' title='bbox 1702 1021 1746 1074; x_wconf 89' lang='lat' dir='ltr'>si</span> <span class='ocrx_word' id='word_1_61' title='bbox 1772 1022 1999 1074; x_wconf 85' lang='lat' dir='ltr'>vehatur</span> 
     </span>
    </p>
   </div>
   <div class='ocr_carea' id='block_1_11' title="bbox 396 1107 1992 1178">
    <p class='ocr_par' dir='ltr' id='par_1_11' title="bbox 396 1107 1992 1178">
     <span class='ocr_line' id='line_1_11' title="bbox 396 1107 1992 1178; baseline 0.002 -19"><span class='ocrx_word' id='word_1_62' title='bbox 396 1122 558 1176; x_wconf 90' lang='lat' dir='ltr'>equo,</span> <span class='ocrx_word' id='word_1_63' title='bbox 592 1113 685 1159; x_wconf 89' lang='lat' dir='ltr'>aut</span> <span class='ocrx_word' id='word_1_64' title='bbox 715 1107 833 1175; x_wconf 87' lang='lat' dir='ltr'>ejus</span> <span class='ocrx_word' id='word_1_65' title='bbox 864 1107 1140 1176; x_wconf 87' lang='lat' dir='ltr'>turpitudo</span> <span class='ocrx_word' id='word_1_66' title='bbox 1186 1123 1492 1178; x_wconf 89' lang='lat' dir='ltr'>pannorum</span> <span class='ocrx_word' id='word_1_67' title='bbox 1535 1109 1736 1164; x_wconf 89' lang='lat' dir='ltr'>decore</span> <span class='ocrx_word' id='word_1_68' title='bbox 1764 1109 1992 1172; x_wconf 88' lang='lat' dir='ltr'>veletur,</span> 
     </span>
    </p>
   </div>
   <div class='ocr_carea' id='block_1_12' title="bbox 394 1194 1995 1267">
    <p class='ocr_par' dir='ltr' id='par_1_12' title="bbox 394 1194 1995 1267">
     <span class='ocr_line' id='line_1_12' title="bbox 394 1194 1995 1267; baseline 0.001 -18"><span class='ocrx_word' id='word_1_69' title='bbox 394 1209 519 1249; x_wconf 92' lang='lat' dir='ltr'>cum</span> <span class='ocrx_word' id='word_1_70' title='bbox 548 1194 728 1264; x_wconf 89' lang='lat' dir='ltr'>potius</span> <span class='ocrx_word' id='word_1_71' title='bbox 778 1194 1005 1264; x_wconf 91' lang='lat' dir='ltr'>gloriari</span> <span class='ocrx_word' id='word_1_72' title='bbox 1050 1211 1214 1265; x_wconf 89' lang='lat' dir='ltr'>posse</span> <span class='ocrx_word' id='word_1_73' title='bbox 1255 1197 1547 1260; x_wconf 80' lang='lat' dir='ltr'>videretur,</span> <span class='ocrx_word' id='word_1_74' title='bbox 1584 1197 1628 1250; x_wconf 90' lang='lat' dir='ltr'>si</span> <span class='ocrx_word' id='word_1_75' title='bbox 1662 1213 1862 1267; x_wconf 88' lang='lat' dir='ltr'>equum</span> <span class='ocrx_word' id='word_1_76' title='bbox 1895 1212 1995 1250; x_wconf 91' lang='lat' dir='ltr'>sua</span> 
     </span>
    </p>
   </div>
   <div class='ocr_carea' id='block_1_13' title="bbox 394 1281 1995 1357">
    <p class='ocr_par' dir='ltr' id='par_1_13' title="bbox 394 1281 1995 1357">
     <span class='ocr_line' id='line_1_13' title="bbox 394 1281 1995 1357; baseline 0.002 -22"><span class='ocrx_word' id='word_1_77' title='bbox 394 1281 511 1352; x_wconf 90' lang='lat' dir='ltr'>ipse</span> <span class='ocrx_word' id='word_1_78' title='bbox 540 1282 738 1337; x_wconf 88' lang='lat' dir='ltr'>virtute</span> <span class='ocrx_word' id='word_1_79' title='bbox 770 1291 1026 1352; x_wconf 90' lang='lat' dir='ltr'>portaret,</span> <span class='ocrx_word' id='word_1_80' title='bbox 1060 1292 1150 1337; x_wconf 92' lang='lat' dir='ltr'>aut</span> <span class='ocrx_word' id='word_1_81' title='bbox 1202 1293 1351 1338; x_wconf 88' lang='lat' dir='ltr'>certe</span> <span class='ocrx_word' id='word_1_82' title='bbox 1383 1301 1448 1339; x_wconf 91' lang='lat' dir='ltr'>eo</span> <span class='ocrx_word' id='word_1_83' title='bbox 1481 1301 1590 1338; x_wconf 89' lang='lat' dir='ltr'>non</span> <span class='ocrx_word' id='word_1_84' title='bbox 1622 1286 1907 1357; x_wconf 83' lang='lat' dir='ltr'>indigeret,</span> <span class='ocrx_word' id='word_1_85' title='bbox 1943 1293 1995 1338; x_wconf 92' lang='lat' dir='ltr'>et</span> 
     </span>
    </p>
   </div>
   <div class='ocr_carea' id='block_1_14' title="bbox 394 1369 1991 1442">
    <p class='ocr_par' dir='ltr' id='par_1_14' title="bbox 394 1369 1991 1442">
     <span class='ocr_line' id='line_1_14' title="bbox 394 1369 1991 1442; baseline 0.001 -17"><span class='ocrx_word' id='word_1_86' title='bbox 394 1369 610 1442; x_wconf 84' lang='lat' dir='ltr'>fulgore</span> <span class='ocrx_word' id='word_1_87' title='bbox 643 1387 740 1425; x_wconf 91' lang='lat' dir='ltr'>suo</span> <span class='ocrx_word' id='word_1_88' title='bbox 769 1379 948 1425; x_wconf 88' lang='lat' dir='ltr'>vestes</span> <span class='ocrx_word' id='word_1_89' title='bbox 982 1372 1097 1441; x_wconf 91' lang='lat' dir='ltr'>ipse</span> <span class='ocrx_word' id='word_1_90' title='bbox 1127 1372 1430 1438; x_wconf 91' lang='lat' dir='ltr'>decoraret,</span> <span class='ocrx_word' id='word_1_91' title='bbox 1465 1381 1553 1426; x_wconf 81' lang='lat' dir='ltr'>aut</span> <span class='ocrx_word' id='word_1_92' title='bbox 1584 1389 1770 1428; x_wconf 87' lang='lat' dir='ltr'>earum</span> <span class='ocrx_word' id='word_1_93' title='bbox 1801 1373 1991 1428; x_wconf 89' lang='lat' dir='ltr'>saltem</span> 
     </span>
    </p>
   </div>
   <div class='ocr_carea' id='block_1_15' title="bbox 393 1458 1991 1530">
    <p class='ocr_par' dir='ltr' id='par_1_15' title="bbox 393 1458 1991 1530">
     <span class='ocr_line' id='line_1_15' title="bbox 393 1458 1991 1530; baseline 0.001 -16"><span class='ocrx_word' id='word_1_94' title='bbox 393 1459 591 1514; x_wconf 85' lang='lat' dir='ltr'>decore</span> <span class='ocrx_word' id='word_1_95' title='bbox 622 1475 731 1513; x_wconf 91' lang='lat' dir='ltr'>non</span> <span class='ocrx_word' id='word_1_96' title='bbox 761 1458 1053 1530; x_wconf 84' lang='lat' dir='ltr'>indigeret.</span> <span class='ocrx_word' id='word_1_97' title='bbox 1088 1460 1215 1516; x_wconf 63' lang='lat' dir='ltr'>Haec</span> <span class='ocrx_word' id='word_1_98' title='bbox 1249 1461 1395 1515; x_wconf 90' lang='lat' dir='ltr'>enim</span> <span class='ocrx_word' id='word_1_99' title='bbox 1427 1470 1479 1516; x_wconf 92' lang='lat' dir='ltr'>et</span> <span class='ocrx_word' id='word_1_100' title='bbox 1508 1461 1591 1515; x_wconf 90' lang='lat' dir='ltr'>his</span> <span class='ocrx_word' id='word_1_101' title='bbox 1621 1462 1816 1515; x_wconf 87' lang='lat' dir='ltr'>similia</span> <span class='ocrx_word' id='word_1_102' title='bbox 1847 1462 1991 1516; x_wconf 90' lang='lat' dir='ltr'>indi-</span> 
     </span>
    </p>
   </div>
   <div class='ocr_carea' id='block_1_16' title="bbox 393 1547 1723 1620">
    <p class='ocr_par' dir='ltr' id='par_1_16' title="bbox 393 1547 1723 1620">
     <span class='ocr_line' id='line_1_16' title="bbox 393 1547 1723 1620; baseline 0.002 -18"><span class='ocrx_word' id='word_1_103' title='bbox 393 1547 632 1620; x_wconf 83' lang='lat' dir='ltr'>gentiam</span> <span class='ocrx_word' id='word_1_104' title='bbox 665 1548 780 1616; x_wconf 88' lang='lat' dir='ltr'>ejus</span> <span class='ocrx_word' id='word_1_105' title='bbox 811 1563 876 1604; x_wconf 90' lang='lat' dir='ltr'>ac</span> <span class='ocrx_word' id='word_1_106' title='bbox 907 1548 1298 1618; x_wconf 89' lang='lat' dir='ltr'>turpitudinem</span> <span class='ocrx_word' id='word_1_107' title='bbox 1329 1559 1723 1620; x_wconf 89' lang='lat' dir='ltr'>protestantur.</span> 
     </span>
    </p>
   </div>
   <div class='ocr_carea' id='block_1_17' title="bbox 467 1635 1991 1710">
    <p class='ocr_par' dir='ltr' id='par_1_17' title="bbox 467 1635 1991 1710">
     <span class='ocr_line' id='line_1_17' title="bbox 467 1635 1991 1710; baseline 0.001 -20"><span class='ocrx_word' id='word_1_108' title='bbox 467 1635 640 1704; x_wconf 88' lang='lat' dir='ltr'>Quam</span> <span class='ocrx_word' id='word_1_109' title='bbox 673 1637 907 1691; x_wconf 89' lang='lat' dir='ltr'>libenter</span> <span class='ocrx_word' id='word_1_110' title='bbox 947 1645 1242 1692; x_wconf 90' lang='lat' dir='ltr'>ostentaret</span> <span class='ocrx_word' id='word_1_111' title='bbox 1289 1639 1454 1693; x_wconf 92' lang='lat' dir='ltr'>homo</span> <span class='ocrx_word' id='word_1_112' title='bbox 1502 1655 1653 1692; x_wconf 91' lang='lat' dir='ltr'>suam</span> <span class='ocrx_word' id='word_1_113' title='bbox 1686 1639 1991 1710; x_wconf 83' lang='lat' dir='ltr'>pulchritu-</span> 
     </span>
    </p>
   </div>
   <div class='ocr_carea' id='block_1_18' title="bbox 393 1724 1992 1796">
    <p class='ocr_par' dir='ltr' id='par_1_18' title="bbox 393 1724 1992 1796">
     <span class='ocr_line' id='line_1_18' title="bbox 393 1724 1992 1796; baseline 0.001 -16"><span class='ocrx_word' id='word_1_114' title='bbox 393 1724 578 1780; x_wconf 87' lang='lat' dir='ltr'>dinem</span> <span class='ocrx_word' id='word_1_115' title='bbox 617 1725 663 1780; x_wconf 91' lang='lat' dir='ltr'>si</span> <span class='ocrx_word' id='word_1_116' title='bbox 712 1724 952 1791; x_wconf 90' lang='lat' dir='ltr'>haberet,</span> <span class='ocrx_word' id='word_1_117' title='bbox 1006 1725 1096 1796; x_wconf 91' lang='lat' dir='ltr'>qui</span> <span class='ocrx_word' id='word_1_118' title='bbox 1148 1734 1254 1780; x_wconf 90' lang='lat' dir='ltr'>tam</span> <span class='ocrx_word' id='word_1_119' title='bbox 1308 1726 1538 1781; x_wconf 87' lang='lat' dir='ltr'>libenter</span> <span class='ocrx_word' id='word_1_120' title='bbox 1580 1735 1814 1782; x_wconf 88' lang='lat' dir='ltr'>ostentat</span> <span class='ocrx_word' id='word_1_121' title='bbox 1855 1727 1992 1781; x_wconf 90' lang='lat' dir='ltr'>alie-</span> 
     </span>
    </p>
   </div>
   <div class='ocr_carea' id='block_1_19' title="bbox 391 1813 1993 1886">
    <p class='ocr_par' dir='ltr' id='par_1_19' title="bbox 391 1813 1993 1886">
     <span class='ocr_line' id='line_1_19' title="bbox 391 1813 1993 1886; baseline 0.001 -18"><span class='ocrx_word' id='word_1_122' title='bbox 391 1829 539 1880; x_wconf 86' lang='lat' dir='ltr'>nam,</span> <span class='ocrx_word' id='word_1_123' title='bbox 572 1813 822 1869; x_wconf 88' lang='lat' dir='ltr'>videlicet</span> <span class='ocrx_word' id='word_1_124' title='bbox 850 1813 903 1867; x_wconf 92' lang='lat' dir='ltr'>in</span> <span class='ocrx_word' id='word_1_125' title='bbox 943 1813 1184 1868; x_wconf 85' lang='lat' dir='ltr'>vestibus</span> <span class='ocrx_word' id='word_1_126' title='bbox 1225 1815 1339 1870; x_wconf 91' lang='lat' dir='ltr'>sive</span> <span class='ocrx_word' id='word_1_127' title='bbox 1381 1815 1632 1886; x_wconf 91' lang='lat' dir='ltr'>pelliciis,</span> <span class='ocrx_word' id='word_1_128' title='bbox 1666 1816 1780 1871; x_wconf 89' lang='lat' dir='ltr'>sive</span> <span class='ocrx_word' id='word_1_129' title='bbox 1811 1816 1993 1884; x_wconf 89' lang='lat' dir='ltr'>cujus-</span> 
     </span>
    </p>
   </div>
   <div class='ocr_carea' id='block_1_20' title="bbox 390 1901 749 1956">
    <p class='ocr_par' dir='ltr' id='par_1_20' title="bbox 390 1901 749 1956">
     <span class='ocr_line' id='line_1_20' title="bbox 390 1901 749 1956; baseline 0.003 -1"><span class='ocrx_word' id='word_1_130' title='bbox 390 1901 522 1956; x_wconf 89' lang='lat' dir='ltr'>libet</span> <span class='ocrx_word' id='word_1_131' title='bbox 551 1902 699 1956; x_wconf 90' lang='lat' dir='ltr'>modi</span> <span class='ocrx_word' id='word_1_132' title='bbox 720 1902 749 1956; x_wconf 71' lang='lat'><strong>7</strong></span> 
     </span>
    </p>
   </div>
   <div class='ocr_carea' id='block_1_21' title="bbox 463 1990 1986 2064">
    <p class='ocr_par' dir='ltr' id='par_1_21' title="bbox 463 1990 1986 2064">
     <span class='ocr_line' id='line_1_21' title="bbox 463 1990 1986 2064; baseline 0.002 -20"><span class='ocrx_word' id='word_1_133' title='bbox 463 1990 586 2046; x_wconf 87' lang='lat' dir='ltr'>Non</span> <span class='ocrx_word' id='word_1_134' title='bbox 613 1990 792 2044; x_wconf 89' lang='lat' dir='ltr'>minus</span> <span class='ocrx_word' id='word_1_135' title='bbox 823 1990 1114 2045; x_wconf 88' lang='lat' dir='ltr'>dolendum</span> <span class='ocrx_word' id='word_1_136' title='bbox 1151 2000 1234 2045; x_wconf 91' lang='lat' dir='ltr'>est</span> <span class='ocrx_word' id='word_1_137' title='bbox 1265 2008 1364 2061; x_wconf 95' lang='lat' dir='ltr'>pro</span> <span class='ocrx_word' id='word_1_138' title='bbox 1395 2008 1460 2047; x_wconf 90' lang='lat' dir='ltr'>eo</span> <span class='ocrx_word' id='word_1_139' title='bbox 1491 1993 1582 2064; x_wconf 88' lang='lat' dir='ltr'>qui</span> <span class='ocrx_word' id='word_1_140' title='bbox 1614 1993 1813 2063; x_wconf 86' lang='lat' dir='ltr'>gaudet</span> <span class='ocrx_word' id='word_1_141' title='bbox 1845 2001 1986 2047; x_wconf 89' lang='lat' dir='ltr'>tem-</span> 
     </span>
    </p>
   </div>
   <div class='ocr_carea' id='block_1_22' title="bbox 391 2079 1986 2150">
    <p class='ocr_par' dir='ltr' id='par_1_22' title="bbox 391 2079 1986 2150">
     <span class='ocr_line' id='line_1_22' title="bbox 391 2079 1986 2150; baseline 0.001 -17"><span class='ocrx_word' id='word_1_142' title='bbox 391 2079 655 2150; x_wconf 89' lang='lat' dir='ltr'>poralium</span> <span class='ocrx_word' id='word_1_143' title='bbox 687 2079 975 2148; x_wconf 88' lang='lat' dir='ltr'>adeptione</span> <span class='ocrx_word' id='word_1_144' title='bbox 1006 2095 1167 2150; x_wconf 89' lang='lat' dir='ltr'>quam</span> <span class='ocrx_word' id='word_1_145' title='bbox 1200 2080 1290 2150; x_wconf 87' lang='lat' dir='ltr'>qui</span> <span class='ocrx_word' id='word_1_146' title='bbox 1312 2081 1606 2136; x_wconf 89' lang='lat' dir='ltr'>amissione</span> <span class='ocrx_word' id='word_1_147' title='bbox 1628 2081 1795 2136; x_wconf 88' lang='lat' dir='ltr'>dolet.</span> <span class='ocrx_word' id='word_1_148' title='bbox 1831 2083 1986 2136; x_wconf 85' lang='lat' dir='ltr'>Uter-</span> 
     </span>
    </p>
   </div>
   <div class='ocr_carea' id='block_1_23' title="bbox 391 2166 1780 2238">
    <p class='ocr_par' dir='ltr' id='par_1_23' title="bbox 391 2166 1780 2238">
     <span class='ocr_line' id='line_1_23' title="bbox 391 2166 1780 2238; baseline 0.002 -17"><span class='ocrx_word' id='word_1_149' title='bbox 391 2183 496 2238; x_wconf 90' lang='lat' dir='ltr'>que</span> <span class='ocrx_word' id='word_1_150' title='bbox 526 2166 669 2222; x_wconf 92' lang='lat' dir='ltr'>enim</span> <span class='ocrx_word' id='word_1_151' title='bbox 700 2166 854 2222; x_wconf 86' lang='lat' dir='ltr'>febre</span> <span class='ocrx_word' id='word_1_152' title='bbox 883 2175 1124 2234; x_wconf 89' lang='lat' dir='ltr'>vexatur,</span> <span class='ocrx_word' id='word_1_153' title='bbox 1160 2168 1214 2222; x_wconf 91' lang='lat' dir='ltr'>id</span> <span class='ocrx_word' id='word_1_154' title='bbox 1245 2178 1324 2223; x_wconf 90' lang='lat' dir='ltr'>est</span> <span class='ocrx_word' id='word_1_155' title='bbox 1353 2185 1537 2225; x_wconf 89' lang='lat' dir='ltr'>amore</span> <span class='ocrx_word' id='word_1_156' title='bbox 1566 2170 1780 2224; x_wconf 91' lang='lat' dir='ltr'>mundi.</span> 
     </span>
    </p>
   </div>
   <div class='ocr_carea' id='block_1_24' title="bbox 924 2328 1441 2385">
    <p class='ocr_par' dir='ltr' id='par_1_24' title="bbox 924 2328 1441 2385">
     <span class='ocr_line' id='line_1_24' title="bbox 924 2328 1441 2385; baseline 0.002 -2"><span class='ocrx_word' id='word_1_157' title='bbox 924 2328 1317 2385; x_wconf 81' lang='lat' dir='ltr'>CAPITULUM</span> <span class='ocrx_word' id='word_1_158' title='bbox 1348 2330 1418 2384; x_wconf 86' lang='lat' dir='ltr'><strong>VI</strong></span> <span class='ocrx_word' id='word_1_159' title='bbox 1429 2371 1441 2383; x_wconf 95' lang='lat'>.</span> 
     </span>
    </p>
   </div>
   <div class='ocr_carea' id='block_1_25' title="bbox 393 2445 1985 2519">
    <p class='ocr_par' dir='ltr' id='par_1_25' title="bbox 393 2445 1985 2519">
     <span class='ocr_line' id='line_1_25' title="bbox 393 2445 1985 2519; baseline 0.001 -18"><span class='ocrx_word' id='word_1_160' title='bbox 393 2445 469 2502; x_wconf 84' lang='lat' dir='ltr'>De</span> <span class='ocrx_word' id='word_1_161' title='bbox 498 2445 699 2501; x_wconf 78' lang='lat' dir='ltr'>inutili</span> <span class='ocrx_word' id='word_1_162' title='bbox 737 2449 792 2501; x_wconf 83' lang='lat' dir='ltr'>et</span> <span class='ocrx_word' id='word_1_163' title='bbox 839 2446 941 2501; x_wconf 79' lang='lat' dir='ltr'>vili</span> <span class='ocrx_word' id='word_1_164' title='bbox 977 2447 1238 2519; x_wconf 74' lang='lat' dir='ltr'>appetitu</span> <span class='ocrx_word' id='word_1_165' title='bbox 1289 2447 1520 2519; x_wconf 80' lang='lat' dir='ltr'>laudum</span> <span class='ocrx_word' id='word_1_166' title='bbox 1563 2450 1619 2502; x_wconf 77' lang='lat' dir='ltr'>et</span> <span class='ocrx_word' id='word_1_167' title='bbox 1649 2448 1864 2519; x_wconf 72' lang='lat' dir='ltr'>gloriae,</span> <span class='ocrx_word' id='word_1_168' title='bbox 1899 2448 1985 2501; x_wconf 82' lang='lat' dir='ltr'>vel</span> 
     </span>
    </p>
   </div>
   <div class='ocr_carea' id='block_1_26' title="bbox 935 2518 1438 2587">
    <p class='ocr_par' dir='ltr' id='par_1_26' title="bbox 935 2518 1438 2587">
     <span class='ocr_line' id='line_1_26' title="bbox 935 2518 1438 2587; baseline 0 -16"><span class='ocrx_word' id='word_1_169' title='bbox 935 2518 1147 2587; x_wconf 82' lang='lat' dir='ltr'>favoris</span> <span class='ocrx_word' id='word_1_170' title='bbox 1179 2518 1438 2571; x_wconf 84' lang='lat' dir='ltr'>humani.</span> 
     </span>
    </p>
   </div>
   <div class='ocr_carea' id='block_1_27' title="bbox 461 2631 1983 2702">
    <p class='ocr_par' dir='ltr' id='par_1_27' title="bbox 461 2631 1983 2702">
     <span class='ocr_line' id='line_1_27' title="bbox 461 2631 1983 2702; baseline -0.001 -16"><span class='ocrx_word' id='word_1_171' title='bbox 461 2631 516 2686; x_wconf 88' lang='lat' dir='ltr'>Si</span> <span class='ocrx_word' id='word_1_172' title='bbox 547 2631 687 2685; x_wconf 90' lang='lat' dir='ltr'>bene</span> <span class='ocrx_word' id='word_1_173' title='bbox 719 2631 890 2686; x_wconf 88' lang='lat' dir='ltr'>scires</span> <span class='ocrx_word' id='word_1_174' title='bbox 919 2639 1170 2685; x_wconf 90' lang='lat' dir='ltr'>naturam</span> <span class='ocrx_word' id='word_1_175' title='bbox 1191 2647 1253 2686; x_wconf 92' lang='lat' dir='ltr'>ac</span> <span class='ocrx_word' id='word_1_176' title='bbox 1273 2631 1568 2701; x_wconf 86' lang='lat' dir='ltr'>potentiam</span> <span class='ocrx_word' id='word_1_177' title='bbox 1589 2631 1839 2686; x_wconf 68' lang='lat' dir='ltr'>humanm</span> <span class='ocrx_word' id='word_1_178' title='bbox 1860 2631 1983 2702; x_wconf 87' lang='lat' dir='ltr'>Opi-</span> 
     </span>
    </p>
   </div>
   <div class='ocr_carea' id='block_1_28' title="bbox 393 2719 1981 2791">
    <p class='ocr_par' dir='ltr' id='par_1_28' title="bbox 393 2719 1981 2791">
     <span class='ocr_line' id='line_1_28' title="bbox 393 2719 1981 2791; baseline -0.002 -17"><span class='ocrx_word' id='word_1_179' title='bbox 393 2719 589 2789; x_wconf 89' lang='lat' dir='ltr'>nionis,</span> <span class='ocrx_word' id='word_1_180' title='bbox 625 2719 709 2774; x_wconf 88' lang='lat' dir='ltr'>vel</span> <span class='ocrx_word' id='word_1_181' title='bbox 741 2719 960 2786; x_wconf 88' lang='lat' dir='ltr'>favoris,</span> <span class='ocrx_word' id='word_1_182' title='bbox 1009 2735 1284 2790; x_wconf 87' lang='lat' dir='ltr'>nunquam</span> <span class='ocrx_word' id='word_1_183' title='bbox 1326 2720 1411 2774; x_wconf 86' lang='lat' dir='ltr'>vel</span> <span class='ocrx_word' id='word_1_184' title='bbox 1443 2720 1635 2791; x_wconf 86' lang='lat' dir='ltr'>exigue</span> <span class='ocrx_word' id='word_1_185' title='bbox 1665 2736 1767 2790; x_wconf 91' lang='lat' dir='ltr'>pro</span> <span class='ocrx_word' id='word_1_186' title='bbox 1797 2720 1876 2774; x_wconf 90' lang='lat' dir='ltr'>eis</span> <span class='ocrx_word' id='word_1_187' title='bbox 1908 2720 1981 2772; x_wconf 91' lang='lat' dir='ltr'>la-</span> 
     </span>
    </p>
   </div>
   <div class='ocr_carea' id='block_1_29' title="bbox 388 2807 1983 2880">
    <p class='ocr_par' dir='ltr' id='par_1_29' title="bbox 388 2807 1983 2880">
     <span class='ocr_line' id='line_1_29' title="bbox 388 2807 1983 2880; baseline -0.001 -18"><span class='ocrx_word' id='word_1_188' title='bbox 388 2809 633 2875; x_wconf 90' lang='lat' dir='ltr'>borares,</span> <span class='ocrx_word' id='word_1_189' title='bbox 666 2816 755 2863; x_wconf 91' lang='lat' dir='ltr'>aut</span> <span class='ocrx_word' id='word_1_190' title='bbox 802 2809 1088 2880; x_wconf 86' lang='lat' dir='ltr'>gauderes,</span> <span class='ocrx_word' id='word_1_191' title='bbox 1140 2815 1228 2861; x_wconf 91' lang='lat' dir='ltr'>aut</span> <span class='ocrx_word' id='word_1_192' title='bbox 1268 2808 1686 2862; x_wconf 90' lang='lat' dir='ltr'>contristareris.</span> <span class='ocrx_word' id='word_1_193' title='bbox 1721 2808 1808 2862; x_wconf 88' lang='lat' dir='ltr'>Nil</span> <span class='ocrx_word' id='word_1_194' title='bbox 1840 2807 1983 2862; x_wconf 89' lang='lat' dir='ltr'>enim</span> 
     </span>
    </p>
   </div>
   <div class='ocr_carea' id='block_1_30' title="bbox 387 2896 1982 2967">
    <p class='ocr_par' dir='ltr' id='par_1_30' title="bbox 387 2896 1982 2967">
     <span class='ocr_line' id='line_1_30' title="bbox 387 2896 1982 2967; baseline -0.001 -16"><span class='ocrx_word' id='word_1_195' title='bbox 387 2904 614 2967; x_wconf 90' lang='lat' dir='ltr'>prosunt</span> <span class='ocrx_word' id='word_1_196' title='bbox 659 2897 744 2951; x_wconf 90' lang='lat' dir='ltr'>cui</span> <span class='ocrx_word' id='word_1_197' title='bbox 778 2896 1202 2967; x_wconf 86' lang='lat' dir='ltr'>impenduntur;</span> <span class='ocrx_word' id='word_1_198' title='bbox 1236 2897 1377 2951; x_wconf 90' lang='lat' dir='ltr'>sicut</span> <span class='ocrx_word' id='word_1_199' title='bbox 1419 2896 1650 2960; x_wconf 91' lang='lat' dir='ltr'>colores,</span> <span class='ocrx_word' id='word_1_200' title='bbox 1686 2905 1738 2950; x_wconf 92' lang='lat' dir='ltr'>et</span> <span class='ocrx_word' id='word_1_201' title='bbox 1770 2905 1982 2951; x_wconf 70' lang='lat' dir='ltr'>caeterze</span> 
     </span>
    </p>
   </div>
   <div class='ocr_carea' id='block_1_31' title="bbox 388 2984 2022 3054">
    <p class='ocr_par' dir='ltr' id='par_1_31' title="bbox 388 2984 2022 3054">
     <span class='ocr_line' id='line_1_31' title="bbox 388 2984 2022 3054; baseline -0.001 -15"><span class='ocrx_word' id='word_1_202' title='bbox 388 2984 591 3052; x_wconf 65' lang='lat' dir='ltr'>formae,</span> <span class='ocrx_word' id='word_1_203' title='bbox 643 3000 889 3054; x_wconf 90' lang='lat' dir='ltr'>corpora,</span> <span class='ocrx_word' id='word_1_204' title='bbox 924 2984 1009 3039; x_wconf 89' lang='lat' dir='ltr'>vel</span> <span class='ocrx_word' id='word_1_205' title='bbox 1056 3001 1147 3038; x_wconf 88' lang='lat' dir='ltr'>res</span> <span class='ocrx_word' id='word_1_206' title='bbox 1197 2985 1392 3054; x_wconf 88' lang='lat' dir='ltr'>quibus</span> <span class='ocrx_word' id='word_1_207' title='bbox 1441 2984 1640 3050; x_wconf 89' lang='lat' dir='ltr'>insunt,</span> <span class='ocrx_word' id='word_1_208' title='bbox 1676 2985 1978 3054; x_wconf 88' lang='lat' dir='ltr'>deturpant,</span> <span class='ocrx_word' id='word_1_209' title='bbox 2019 3015 2022 3019; x_wconf 70' lang='grc' dir='ltr'><em>ι</em></span> 
     </span>
    </p>
   </div>
   <div class='ocr_carea' id='block_1_32' title="bbox 387 3071 1982 3143">
    <p class='ocr_par' dir='ltr' id='par_1_32' title="bbox 387 3071 1982 3143">
     <span class='ocr_line' id='line_1_32' title="bbox 387 3071 1982 3143; baseline 0.001 -16"><span class='ocrx_word' id='word_1_210' title='bbox 387 3081 440 3128; x_wconf 88' lang='lat' dir='ltr'>et</span> <span class='ocrx_word' id='word_1_211' title='bbox 465 3073 598 3143; x_wconf 91' lang='lat' dir='ltr'>ipsis</span> <span class='ocrx_word' id='word_1_212' title='bbox 627 3072 702 3126; x_wconf 91' lang='lat' dir='ltr'>nil</span> <span class='ocrx_word' id='word_1_213' title='bbox 751 3080 980 3142; x_wconf 89' lang='lat' dir='ltr'>prosunt</span> <span class='ocrx_word' id='word_1_214' title='bbox 1024 3080 1114 3126; x_wconf 90' lang='lat' dir='ltr'>aut</span> <span class='ocrx_word' id='word_1_215' title='bbox 1162 3072 1381 3126; x_wconf 89' lang='lat' dir='ltr'>obsunt.</span> <span class='ocrx_word' id='word_1_216' title='bbox 1433 3071 1576 3140; x_wconf 85' lang='lat' dir='ltr'>Quid</span> <span class='ocrx_word' id='word_1_217' title='bbox 1607 3073 1752 3126; x_wconf 91' lang='lat' dir='ltr'>enim</span> <span class='ocrx_word' id='word_1_218' title='bbox 1783 3073 1982 3142; x_wconf 88' lang='lat' dir='ltr'>profuit</span> 
     </span>
    </p>
   </div>
   <div class='ocr_carea' id='block_1_33' title="bbox 387 3159 1982 3231">
    <p class='ocr_par' dir='ltr' id='par_1_33' title="bbox 387 3159 1982 3231">
     <span class='ocr_line' id='line_1_33' title="bbox 387 3159 1982 3231; baseline -0.001 -16"><span class='ocrx_word' id='word_1_219' title='bbox 387 3161 490 3216; x_wconf 92' lang='lat' dir='ltr'>soli</span> <span class='ocrx_word' id='word_1_220' title='bbox 520 3169 613 3215; x_wconf 90' lang='lat' dir='ltr'>aut</span> <span class='ocrx_word' id='word_1_221' title='bbox 640 3161 784 3215; x_wconf 71' lang='lat' dir='ltr'>luna:</span> <span class='ocrx_word' id='word_1_222' title='bbox 815 3160 958 3231; x_wconf 89' lang='lat' dir='ltr'>quod</span> <span class='ocrx_word' id='word_1_223' title='bbox 983 3175 1078 3214; x_wconf 90' lang='lat' dir='ltr'>eos</span> <span class='ocrx_word' id='word_1_224' title='bbox 1100 3159 1298 3230; x_wconf 87' lang='lat' dir='ltr'>pagani</span> <span class='ocrx_word' id='word_1_225' title='bbox 1319 3160 1453 3214; x_wconf 90' lang='lat' dir='ltr'>deos</span> <span class='ocrx_word' id='word_1_226' title='bbox 1476 3161 1847 3229; x_wconf 81' lang='lat' dir='ltr'>putaverunt?</span> <span class='ocrx_word' id='word_1_227' title='bbox 1877 3164 1982 3214; x_wconf 86' lang='lat' dir='ltr'>Aut</span> 
     </span>
    </p>
   </div>
   <div class='ocr_carea' id='block_1_34' title="bbox 388 3249 1977 3320">
    <p class='ocr_par' dir='ltr' id='par_1_34' title="bbox 388 3249 1977 3320">
     <span class='ocr_line' id='line_1_34' title="bbox 388 3249 1977 3320; baseline 0 -17"><span class='ocrx_word' id='word_1_228' title='bbox 388 3250 519 3320; x_wconf 85' lang='lat' dir='ltr'>quid</span> <span class='ocrx_word' id='word_1_229' title='bbox 549 3249 646 3318; x_wconf 90' lang='lat' dir='ltr'>eis,</span> <span class='ocrx_word' id='word_1_230' title='bbox 681 3249 824 3320; x_wconf 85' lang='lat' dir='ltr'>quod</span> <span class='ocrx_word' id='word_1_231' title='bbox 856 3256 912 3302; x_wconf 90' lang='lat' dir='ltr'>tu</span> <span class='ocrx_word' id='word_1_232' title='bbox 945 3265 1040 3302; x_wconf 87' lang='lat' dir='ltr'>eos</span> <span class='ocrx_word' id='word_1_233' title='bbox 1072 3255 1353 3302; x_wconf 90' lang='lat' dir='ltr'>creaturas</span> <span class='ocrx_word' id='word_1_234' title='bbox 1385 3264 1506 3302; x_wconf 87' lang='lat' dir='ltr'>esse</span> <span class='ocrx_word' id='word_1_235' title='bbox 1537 3249 1844 3319; x_wconf 83' lang='lat' dir='ltr'>cognoscis,</span> <span class='ocrx_word' id='word_1_236' title='bbox 1879 3251 1977 3304; x_wconf 91' lang='lat' dir='ltr'>ob-</span> 
     </span>
    </p>
   </div>
   <div class='ocr_carea' id='block_1_35' title="bbox 387 3336 1978 3410">
    <p class='ocr_par' dir='ltr' id='par_1_35' title="bbox 387 3336 1978 3410">
     <span class='ocr_line' id='line_1_35' title="bbox 387 3336 1978 3410; baseline -0.001 -17"><span class='ocrx_word' id='word_1_237' title='bbox 387 3338 514 3393; x_wconf 82' lang='lat' dir='ltr'>est?</span> <span class='ocrx_word' id='word_1_238' title='bbox 545 3336 700 3406; x_wconf 86' lang='lat' dir='ltr'>Quod</span> <span class='ocrx_word' id='word_1_239' title='bbox 733 3337 776 3390; x_wconf 91' lang='lat' dir='ltr'>si</span> <span class='ocrx_word' id='word_1_240' title='bbox 810 3336 966 3390; x_wconf 89' lang='lat' dir='ltr'>etiam</span> <span class='ocrx_word' id='word_1_241' title='bbox 1016 3346 1260 3391; x_wconf 85' lang='lat' dir='ltr'>stercora</span> <span class='ocrx_word' id='word_1_242' title='bbox 1293 3353 1388 3390; x_wconf 91' lang='lat' dir='ltr'>eos</span> <span class='ocrx_word' id='word_1_243' title='bbox 1420 3353 1542 3391; x_wconf 91' lang='lat' dir='ltr'>esse</span> <span class='ocrx_word' id='word_1_244' title='bbox 1573 3345 1812 3407; x_wconf 81' lang='lat' dir='ltr'>putares,</span> <span class='ocrx_word' id='word_1_245' title='bbox 1848 3339 1978 3410; x_wconf 87' lang='lat' dir='ltr'>quid</span> 
     </span>
    </p>
   </div>
   <div class='ocr_carea' id='block_1_36' title="bbox 389 3425 1977 3496">
    <p class='ocr_par' dir='ltr' id='par_1_36' title="bbox 389 3425 1977 3496">
     <span class='ocr_line' id='line_1_36' title="bbox 389 3425 1977 3496; baseline 0 -16"><span class='ocrx_word' id='word_1_246' title='bbox 389 3426 468 3480; x_wconf 91' lang='lat' dir='ltr'>eis</span> <span class='ocrx_word' id='word_1_247' title='bbox 495 3425 762 3481; x_wconf 77' lang='lat' dir='ltr'>noceret?</span> <span class='ocrx_word' id='word_1_248' title='bbox 793 3425 991 3493; x_wconf 87' lang='lat' dir='ltr'>Quare,</span> <span class='ocrx_word' id='word_1_249' title='bbox 1045 3425 1182 3480; x_wconf 90' lang='lat' dir='ltr'>sicut</span> <span class='ocrx_word' id='word_1_250' title='bbox 1229 3434 1473 3479; x_wconf 87' lang='lat' dir='ltr'>naturam</span> <span class='ocrx_word' id='word_1_251' title='bbox 1507 3434 1557 3480; x_wconf 91' lang='lat' dir='ltr'>et</span> <span class='ocrx_word' id='word_1_252' title='bbox 1588 3425 1878 3496; x_wconf 84' lang='lat' dir='ltr'>potentiam</span> <span class='ocrx_word' id='word_1_253' title='bbox 1909 3427 1977 3480; x_wconf 86' lang='lat' dir='ltr'>il-</span> 
     </span>
    </p>
   </div>
   <div class='ocr_carea' id='block_1_37' title="bbox 385 3513 1978 3585">
    <p class='ocr_par' dir='ltr' id='par_1_37' title="bbox 385 3513 1978 3585">
     <span class='ocr_line' id='line_1_37' title="bbox 385 3513 1978 3585; baseline 0 -17"><span class='ocrx_word' id='word_1_254' title='bbox 385 3514 491 3568; x_wconf 90' lang='lat' dir='ltr'>lius</span> <span class='ocrx_word' id='word_1_255' title='bbox 521 3524 613 3569; x_wconf 90' lang='lat' dir='ltr'>aut</span> <span class='ocrx_word' id='word_1_256' title='bbox 642 3514 784 3568; x_wconf 91' lang='lat' dir='ltr'>illius</span> <span class='ocrx_word' id='word_1_257' title='bbox 835 3514 1018 3568; x_wconf 70' lang='lat' dir='ltr'>herba:</span> <span class='ocrx_word' id='word_1_258' title='bbox 1069 3513 1182 3568; x_wconf 92' lang='lat' dir='ltr'>sive</span> <span class='ocrx_word' id='word_1_259' title='bbox 1223 3513 1388 3585; x_wconf 88' lang='lat' dir='ltr'>ligni,</span> <span class='ocrx_word' id='word_1_260' title='bbox 1433 3514 1509 3568; x_wconf 91' lang='lat' dir='ltr'>ita</span> <span class='ocrx_word' id='word_1_261' title='bbox 1558 3515 1744 3568; x_wconf 91' lang='lat' dir='ltr'>harum</span> <span class='ocrx_word' id='word_1_262' title='bbox 1795 3531 1978 3568; x_wconf 88' lang='lat' dir='ltr'>rerum</span> 
     </span>
    </p>
   </div>
   <div class='ocr_carea' id='block_1_38' title="bbox 386 3602 1979 3672">
    <p class='ocr_par' dir='ltr' id='par_1_38' title="bbox 386 3602 1979 3672">
     <span class='ocr_line' id='line_1_38' title="bbox 386 3602 1979 3672; baseline 0.001 -15"><span class='ocrx_word' id='word_1_263' title='bbox 386 3611 644 3658; x_wconf 90' lang='lat' dir='ltr'>scrutare.</span> <span class='ocrx_word' id='word_1_264' title='bbox 679 3603 876 3668; x_wconf 87' lang='lat' dir='ltr'>Facile,</span> <span class='ocrx_word' id='word_1_265' title='bbox 910 3603 1198 3671; x_wconf 89' lang='lat' dir='ltr'>adjuvante</span> <span class='ocrx_word' id='word_1_266' title='bbox 1230 3603 1364 3669; x_wconf 91' lang='lat' dir='ltr'>Deo,</span> <span class='ocrx_word' id='word_1_267' title='bbox 1395 3602 1450 3656; x_wconf 88' lang='lat' dir='ltr'>id</span> <span class='ocrx_word' id='word_1_268' title='bbox 1480 3603 1702 3672; x_wconf 91' lang='lat' dir='ltr'>poteris,</span> <span class='ocrx_word' id='word_1_269' title='bbox 1735 3619 1802 3658; x_wconf 85' lang='lat' dir='ltr'>ex</span> <span class='ocrx_word' id='word_1_270' title='bbox 1825 3604 1979 3672; x_wconf 89' lang='lat' dir='ltr'>cujus</span> 
     </span>
    </p>
   </div>
   <div class='ocr_carea' id='block_1_39' title="bbox 384 3690 1708 3762">
    <p class='ocr_par' dir='ltr' id='par_1_39' title="bbox 384 3690 1708 3762">
     <span class='ocr_line' id='line_1_39' title="bbox 384 3690 1708 3762; baseline -0.001 -17"><span class='ocrx_word' id='word_1_271' title='bbox 384 3691 729 3762; x_wconf 91' lang='lat' dir='ltr'>opinionibus</span> <span class='ocrx_word' id='word_1_272' title='bbox 761 3690 849 3745; x_wconf 90' lang='lat' dir='ltr'>vel</span> <span class='ocrx_word' id='word_1_273' title='bbox 878 3691 1150 3744; x_wconf 87' lang='lat' dir='ltr'>favoribus</span> <span class='ocrx_word' id='word_1_274' title='bbox 1180 3699 1376 3744; x_wconf 73' lang='lat' dir='ltr'>cmtera</span> <span class='ocrx_word' id='word_1_275' title='bbox 1405 3690 1708 3744; x_wconf 90' lang='lat' dir='ltr'>metienda.</span> 
     </span>
    </p>
   </div>
   <div class='ocr_carea' id='block_1_40' title="bbox 456 3778 1981 3852">
    <p class='ocr_par' dir='ltr' id='par_1_40' title="bbox 456 3778 1981 3852">
     <span class='ocr_line' id='line_1_40' title="bbox 456 3778 1981 3852; baseline 0 -18"><span class='ocrx_word' id='word_1_276' title='bbox 456 3782 518 3834; x_wconf 92' lang='lat' dir='ltr'>1n</span> <span class='ocrx_word' id='word_1_277' title='bbox 546 3782 650 3835; x_wconf 90' lang='lat' dir='ltr'>hoc</span> <span class='ocrx_word' id='word_1_278' title='bbox 680 3779 968 3852; x_wconf 87' lang='lat' dir='ltr'>cognoscis</span> <span class='ocrx_word' id='word_1_279' title='bbox 991 3794 1111 3849; x_wconf 68' lang='lat' dir='ltr'>quae</span> <span class='ocrx_word' id='word_1_280' title='bbox 1139 3778 1242 3833; x_wconf 90' lang='lat' dir='ltr'>soli</span> <span class='ocrx_word' id='word_1_281' title='bbox 1273 3779 1386 3833; x_wconf 92' lang='lat' dir='ltr'>Deo</span> <span class='ocrx_word' id='word_1_282' title='bbox 1416 3779 1702 3844; x_wconf 90' lang='lat' dir='ltr'>debentur,</span> <span class='ocrx_word' id='word_1_283' title='bbox 1729 3778 1854 3850; x_wconf 90' lang='lat' dir='ltr'>quia</span> <span class='ocrx_word' id='word_1_284' title='bbox 1882 3795 1981 3834; x_wconf 88' lang='lat' dir='ltr'>ex-</span> 
     </span>
    </p>
   </div>
   <div class='ocr_carea' id='block_1_41' title="bbox 383 3853 1980 3938">
    <p class='ocr_par' dir='ltr' id='par_1_41' title="bbox 383 3853 1980 3938">
     <span class='ocr_line' id='line_1_41' title="bbox 383 3853 1980 3938; baseline 0.001 -17"><span class='ocrx_word' id='word_1_285' title='bbox 383 3867 552 3922; x_wconf 90' lang='lat' dir='ltr'>hibita</span> <span class='ocrx_word' id='word_1_286' title='bbox 581 3867 883 3938; x_wconf 84' lang='lat' dir='ltr'>cuicunque</span> <span class='ocrx_word' id='word_1_287' title='bbox 925 3866 1008 3920; x_wconf 89' lang='lat' dir='ltr'>rei</span> <span class='ocrx_word' id='word_1_288' title='bbox 1036 3866 1112 3919; x_wconf 90' lang='lat' dir='ltr'>nil</span> <span class='ocrx_word' id='word_1_289' title='bbox 1143 3853 1403 3936; x_wconf 78' lang='lat' dir='ltr'>prosunt,</span> <span class='ocrx_word' id='word_1_290' title='bbox 1451 3874 1508 3919; x_wconf 90' lang='lat' dir='ltr'>ut</span> <span class='ocrx_word' id='word_1_291' title='bbox 1537 3867 1795 3938; x_wconf 88' lang='lat' dir='ltr'>cognitio,</span> <span class='ocrx_word' id='word_1_292' title='bbox 1830 3884 1980 3923; x_wconf 91' lang='lat' dir='ltr'>amor</span> 
     </span>
    </p>
   </div>
   <div class='ocr_carea' id='block_1_42' title="bbox 387 3954 1979 4023">
    <p class='ocr_par' dir='ltr' id='par_1_42' title="bbox 387 3954 1979 4023">
     <span class='ocr_line' id='line_1_42' title="bbox 387 3954 1979 4023; baseline 0 -12"><span class='ocrx_word' id='word_1_293' title='bbox 387 3957 458 4011; x_wconf 91' lang='lat' dir='ltr'>ad</span> <span class='ocrx_word' id='word_1_294' title='bbox 490 3955 800 4021; x_wconf 87' lang='lat' dir='ltr'>favendum,</span> <span class='ocrx_word' id='word_1_295' title='bbox 827 3954 1006 4019; x_wconf 87' lang='lat' dir='ltr'>timor,</span> <span class='ocrx_word' id='word_1_296' title='bbox 1032 3955 1363 4022; x_wconf 88' lang='lat' dir='ltr'>reverentia,</span> <span class='ocrx_word' id='word_1_297' title='bbox 1386 3955 1691 4023; x_wconf 87' lang='lat' dir='ltr'>admiratio,</span> <span class='ocrx_word' id='word_1_298' title='bbox 1717 3965 1818 4011; x_wconf 89' lang='lat' dir='ltr'>etc.</span> <span class='ocrx_word' id='word_1_299' title='bbox 1853 3958 1979 4012; x_wconf 62' lang='lat' dir='ltr'>llaec</span> 
     </span>
    </p>
   </div>
   <div class='ocr_carea' id='block_1_43' title="bbox 386 4027 1974 4115">
    <p class='ocr_par' dir='ltr' id='par_1_43' title="bbox 386 4027 1974 4115">
     <span class='ocr_line' id='line_1_43' title="bbox 386 4027 1974 4115; baseline -0.001 -16"><span class='ocrx_word' id='word_1_300' title='bbox 386 4045 551 4114; x_wconf 88' lang='lat' dir='ltr'>enim,</span> <span class='ocrx_word' id='word_1_301' title='bbox 585 4060 651 4099; x_wconf 93' lang='lat' dir='ltr'>eo</span> <span class='ocrx_word' id='word_1_302' title='bbox 700 4044 818 4114; x_wconf 90' lang='lat' dir='ltr'>ipso</span> <span class='ocrx_word' id='word_1_303' title='bbox 857 4043 1000 4114; x_wconf 92' lang='lat' dir='ltr'>quod</span> <span class='ocrx_word' id='word_1_304' title='bbox 1043 4027 1093 4097; x_wconf 75' lang='lat' dir='ltr'>ei</span> <span class='ocrx_word' id='word_1_305' title='bbox 1123 4043 1210 4098; x_wconf 90' lang='lat' dir='ltr'>cui</span> <span class='ocrx_word' id='word_1_306' title='bbox 1259 4043 1582 4098; x_wconf 84' lang='lat' dir='ltr'>exhibentur</span> <span class='ocrx_word' id='word_1_307' title='bbox 1629 4044 1704 4097; x_wconf 90' lang='lat' dir='ltr'>nil</span> <span class='ocrx_word' id='word_1_308' title='bbox 1747 4044 1974 4115; x_wconf 89' lang='lat' dir='ltr'>prosint,</span> 
     </span>
    </p>
   </div>
   <div class='ocr_carea' id='block_1_44' title="bbox 386 4132 1976 4204">
    <p class='ocr_par' dir='ltr' id='par_1_44' title="bbox 386 4132 1976 4204">
     <span class='ocr_line' id='line_1_44' title="bbox 386 4132 1976 4204; baseline -0.001 -16"><span class='ocrx_word' id='word_1_309' title='bbox 386 4133 677 4188; x_wconf 91' lang='lat' dir='ltr'>ostendunt</span> <span class='ocrx_word' id='word_1_310' title='bbox 706 4149 765 4187; x_wconf 93' lang='lat' dir='ltr'>se</span> <span class='ocrx_word' id='word_1_311' title='bbox 797 4132 847 4187; x_wconf 91' lang='lat' dir='ltr'>ei</span> <span class='ocrx_word' id='word_1_312' title='bbox 878 4132 977 4186; x_wconf 91' lang='lat' dir='ltr'>soli</span> <span class='ocrx_word' id='word_1_313' title='bbox 1010 4132 1272 4203; x_wconf 88' lang='lat' dir='ltr'>degeneri</span> <span class='ocrx_word' id='word_1_314' title='bbox 1303 4132 1394 4202; x_wconf 87' lang='lat' dir='ltr'>qui</span> <span class='ocrx_word' id='word_1_315' title='bbox 1416 4132 1563 4187; x_wconf 91' lang='lat' dir='ltr'>nullo</span> <span class='ocrx_word' id='word_1_316' title='bbox 1586 4140 1729 4204; x_wconf 89' lang='lat' dir='ltr'>eget.</span> <span class='ocrx_word' id='word_1_317' title='bbox 1757 4133 1810 4187; x_wconf 90' lang='lat' dir='ltr'>Si</span> <span class='ocrx_word' id='word_1_318' title='bbox 1832 4134 1976 4187; x_wconf 90' lang='lat' dir='ltr'>enim</span> 
     </span>
    </p>
   </div>
   <div class='ocr_carea' id='block_1_45' title="bbox 382 4220 1972 4294">
    <p class='ocr_par' dir='ltr' id='par_1_45' title="bbox 382 4220 1972 4294">
     <span class='ocr_line' id='line_1_45' title="bbox 382 4220 1972 4294; baseline 0 -18"><span class='ocrx_word' id='word_1_319' title='bbox 382 4221 588 4276; x_wconf 91' lang='lat' dir='ltr'>laudari</span> <span class='ocrx_word' id='word_1_320' title='bbox 618 4220 706 4290; x_wconf 71' lang='lat' dir='ltr'>vel</span> <span class='ocrx_word' id='word_1_321' title='bbox 734 4221 995 4294; x_wconf 87' lang='lat' dir='ltr'>cOgnosci</span> <span class='ocrx_word' id='word_1_322' title='bbox 1025 4228 1117 4274; x_wconf 90' lang='lat' dir='ltr'>aut</span> <span class='ocrx_word' id='word_1_323' title='bbox 1146 4220 1489 4275; x_wconf 89' lang='lat' dir='ltr'>admirationi</span> <span class='ocrx_word' id='word_1_324' title='bbox 1519 4237 1642 4275; x_wconf 91' lang='lat' dir='ltr'>esse</span> <span class='ocrx_word' id='word_1_325' title='bbox 1665 4221 1972 4291; x_wconf 88' lang='lat' dir='ltr'>prodesset,</span> 
     </span>
    </p>
   </div>
   <div class='ocr_carea' id='block_1_46' title="bbox 385 4309 1978 4383">
    <p class='ocr_par' dir='ltr' id='par_1_46' title="bbox 385 4309 1978 4383">
     <span class='ocr_line' id='line_1_46' title="bbox 385 4309 1978 4383; baseline -0.002 -18"><span class='ocrx_word' id='word_1_326' title='bbox 385 4310 508 4383; x_wconf 88' lang='lat' dir='ltr'>quis</span> <span class='ocrx_word' id='word_1_327' title='bbox 535 4325 642 4365; x_wconf 89' lang='lat' dir='ltr'>non</span> <span class='ocrx_word' id='word_1_328' title='bbox 674 4310 911 4381; x_wconf 91' lang='lat' dir='ltr'>quotidie</span> <span class='ocrx_word' id='word_1_329' title='bbox 931 4309 1182 4364; x_wconf 91' lang='lat' dir='ltr'>mercede</span> <span class='ocrx_word' id='word_1_330' title='bbox 1205 4309 1532 4364; x_wconf 90' lang='lat' dir='ltr'>conduceret</span> <span class='ocrx_word' id='word_1_331' title='bbox 1563 4318 1819 4380; x_wconf 88' lang='lat' dir='ltr'>tanquam</span> <span class='ocrx_word' id='word_1_332' title='bbox 1853 4323 1978 4380; x_wconf 84' lang='lat' dir='ltr'>Ope-</span> 
     </span>
    </p>
   </div>
   <div class='ocr_carea' id='block_1_47' title="bbox 383 4397 1977 4472">
    <p class='ocr_par' dir='ltr' id='par_1_47' title="bbox 383 4397 1977 4472">
     <span class='ocr_line' id='line_1_47' title="bbox 383 4397 1977 4472; baseline -0.001 -19"><span class='ocrx_word' id='word_1_333' title='bbox 383 4399 574 4466; x_wconf 90' lang='lat' dir='ltr'>rarios,</span> <span class='ocrx_word' id='word_1_334' title='bbox 603 4399 693 4472; x_wconf 92' lang='lat' dir='ltr'>qui</span> <span class='ocrx_word' id='word_1_335' title='bbox 739 4399 856 4453; x_wconf 68' lang='lat' dir='ltr'>haec</span> <span class='ocrx_word' id='word_1_336' title='bbox 885 4398 989 4453; x_wconf 91' lang='lat' dir='ltr'>sibi</span> <span class='ocrx_word' id='word_1_337' title='bbox 1030 4397 1348 4452; x_wconf 85' lang='lat' dir='ltr'>exhiberent</span> <span class='ocrx_word' id='word_1_338' title='bbox 1378 4398 1616 4462; x_wconf 90' lang='lat' dir='ltr'>assidue,</span> <span class='ocrx_word' id='word_1_339' title='bbox 1654 4405 1712 4451; x_wconf 93' lang='lat' dir='ltr'>ut</span> <span class='ocrx_word' id='word_1_340' title='bbox 1740 4398 1856 4452; x_wconf 91' lang='lat' dir='ltr'>sine</span> <span class='ocrx_word' id='word_1_341' title='bbox 1888 4398 1977 4452; x_wconf 92' lang='lat' dir='ltr'>in-</span> 
     </span>
    </p>
   </div>
   <div class='ocr_carea' id='block_1_48' title="bbox 381 4484 1976 4558">
    <p class='ocr_par' dir='ltr' id='par_1_48' title="bbox 381 4484 1976 4558">
     <span class='ocr_line' id='line_1_48' title="bbox 381 4484 1976 4558; baseline -0.001 -17"><span class='ocrx_word' id='word_1_342' title='bbox 381 4487 723 4543; x_wconf 84' lang='lat' dir='ltr'>termissione</span> <span class='ocrx_word' id='word_1_343' title='bbox 769 4486 1038 4558; x_wconf 80' lang='lat' dir='ltr'>proiicere</span> <span class='ocrx_word' id='word_1_344' title='bbox 1077 4486 1305 4556; x_wconf 79' lang='lat' dir='ltr'>posset?</span> <span class='ocrx_word' id='word_1_345' title='bbox 1337 4484 1472 4553; x_wconf 77' lang='lat' dir='ltr'>Quae</span> <span class='ocrx_word' id='word_1_346' title='bbox 1499 4493 1676 4540; x_wconf 90' lang='lat' dir='ltr'>mater</span> <span class='ocrx_word' id='word_1_347' title='bbox 1707 4485 1829 4539; x_wconf 80' lang='lat' dir='ltr'>filiis</span> <span class='ocrx_word' id='word_1_348' title='bbox 1862 4487 1976 4540; x_wconf 91' lang='lat' dir='ltr'>suis</span> 
     </span>
    </p>
   </div>
   <div class='ocr_carea' id='block_1_49' title="bbox 380 4557 2048 4645">
    <p class='ocr_par' dir='ltr' id='par_1_49' title="bbox 380 4557 2048 4645">
     <span class='ocr_line' id='line_1_49' title="bbox 380 4557 2048 4645; baseline 0 -15"><span class='ocrx_word' id='word_1_349' title='bbox 380 4576 438 4631; x_wconf 90' lang='lat' dir='ltr'>id</span> <span class='ocrx_word' id='word_1_350' title='bbox 472 4592 580 4630; x_wconf 91' lang='lat' dir='ltr'>non</span> <span class='ocrx_word' id='word_1_351' title='bbox 627 4576 744 4630; x_wconf 89' lang='lat' dir='ltr'>sine</span> <span class='ocrx_word' id='word_1_352' title='bbox 776 4557 1093 4631; x_wconf 85' lang='lat' dir='ltr'>cessatione</span> <span class='ocrx_word' id='word_1_353' title='bbox 1135 4575 1524 4645; x_wconf 77' lang='lat' dir='ltr'>impenderet?</span> <span class='ocrx_word' id='word_1_354' title='bbox 1557 4573 1690 4641; x_wconf 90' lang='lat' dir='ltr'>Quis</span> <span class='ocrx_word' id='word_1_355' title='bbox 1734 4590 1844 4628; x_wconf 90' lang='lat' dir='ltr'>non</span> <span class='ocrx_word' id='word_1_356' title='bbox 1875 4591 1974 4630; x_wconf 91' lang='lat' dir='ltr'>ve-</span> <span class='ocrx_word' id='word_1_357' title='bbox 1995 4557 2048 4616; x_wconf 70' lang='grc' dir='ltr'><strong><em>Β</em></strong></span> 
     </span>
    </p>
   </div>
   <div class='ocr_carea' id='block_1_50' title="bbox 381 4663 1977 4735">
    <p class='ocr_par' dir='ltr' id='par_1_50' title="bbox 381 4663 1977 4735">
     <span class='ocr_line' id='line_1_50' title="bbox 381 4663 1977 4735; baseline 0 -17"><span class='ocrx_word' id='word_1_358' title='bbox 381 4672 512 4729; x_wconf 90' lang='lat' dir='ltr'>stes,</span> <span class='ocrx_word' id='word_1_359' title='bbox 553 4664 778 4735; x_wconf 79' lang='lat' dir='ltr'>praedia,</span> <span class='ocrx_word' id='word_1_360' title='bbox 805 4664 1175 4734; x_wconf 88' lang='lat' dir='ltr'>jumentaque,</span> <span class='ocrx_word' id='word_1_361' title='bbox 1211 4663 1562 4734; x_wconf 90' lang='lat' dir='ltr'>seipsumque</span> <span class='ocrx_word' id='word_1_362' title='bbox 1591 4663 1680 4718; x_wconf 90' lang='lat' dir='ltr'>die</span> <span class='ocrx_word' id='word_1_363' title='bbox 1702 4671 1977 4733; x_wconf 90' lang='lat' dir='ltr'>noctuque</span> 
     </span>
    </p>
   </div>
   <div class='ocr_carea' id='block_1_51' title="bbox 381 4750 1978 4821">
    <p class='ocr_par' dir='ltr' id='par_1_51' title="bbox 381 4750 1978 4821">
     <span class='ocr_line' id='line_1_51' title="bbox 381 4750 1978 4821; baseline -0.001 -14"><span class='ocrx_word' id='word_1_364' title='bbox 381 4753 526 4808; x_wconf 90' lang='lat' dir='ltr'>bona</span> <span class='ocrx_word' id='word_1_365' title='bbox 563 4753 786 4821; x_wconf 90' lang='lat' dir='ltr'>diceret,</span> <span class='ocrx_word' id='word_1_366' title='bbox 829 4760 888 4808; x_wconf 87' lang='lat' dir='ltr'>ut</span> <span class='ocrx_word' id='word_1_367' title='bbox 934 4754 1014 4808; x_wconf 91' lang='lat' dir='ltr'>sic</span> <span class='ocrx_word' id='word_1_368' title='bbox 1071 4750 1301 4806; x_wconf 89' lang='lat' dir='ltr'>meliora</span> <span class='ocrx_word' id='word_1_369' title='bbox 1357 4751 1626 4806; x_wconf 89' lang='lat' dir='ltr'>laudando</span> <span class='ocrx_word' id='word_1_370' title='bbox 1675 4751 1978 4806; x_wconf 81' lang='lat' dir='ltr'>redderet?</span> 
     </span>
    </p>
   </div>
   <div class='ocr_carea' id='block_1_52' title="bbox 379 4838 1976 4913">
    <p class='ocr_par' dir='ltr' id='par_1_52' title="bbox 379 4838 1976 4913">
     <span class='ocr_line' id='line_1_52' title="bbox 379 4838 1976 4913; baseline -0.002 -17"><span class='ocrx_word' id='word_1_371' title='bbox 379 4841 527 4896; x_wconf 87' lang='lat' dir='ltr'>Nihil</span> <span class='ocrx_word' id='word_1_372' title='bbox 586 4857 722 4913; x_wconf 90' lang='lat' dir='ltr'>ergo</span> <span class='ocrx_word' id='word_1_373' title='bbox 779 4841 879 4894; x_wconf 92' lang='lat' dir='ltr'>ista</span> <span class='ocrx_word' id='word_1_374' title='bbox 939 4847 1188 4910; x_wconf 89' lang='lat' dir='ltr'>prosunt,</span> <span class='ocrx_word' id='word_1_375' title='bbox 1240 4838 1325 4893; x_wconf 89' lang='lat' dir='ltr'>cui</span> <span class='ocrx_word' id='word_1_376' title='bbox 1386 4838 1791 4910; x_wconf 89' lang='lat' dir='ltr'>impenduntur.</span> <span class='ocrx_word' id='word_1_377' title='bbox 1841 4838 1976 4906; x_wconf 92' lang='lat' dir='ltr'>Quis</span> 
     </span>
    </p>
   </div>
   <div class='ocr_carea' id='block_1_53' title="bbox 381 4927 2038 4996">
    <p class='ocr_par' dir='ltr' id='par_1_53' title="bbox 381 4927 2038 4996">
     <span class='ocr_line' id='line_1_53' title="bbox 381 4927 2038 4996; baseline -0.001 -12"><span class='ocrx_word' id='word_1_378' title='bbox 381 4937 562 4984; x_wconf 89' lang='lat' dir='ltr'>autem</span> <span class='ocrx_word' id='word_1_379' title='bbox 593 4929 832 4996; x_wconf 84' lang='lat' dir='ltr'>exhibet,</span> <span class='ocrx_word' id='word_1_380' title='bbox 886 4927 1191 4983; x_wconf 87' lang='lat' dir='ltr'>exhibendo</span> <span class='ocrx_word' id='word_1_381' title='bbox 1239 4927 1481 4982; x_wconf 88' lang='lat' dir='ltr'>deterior</span> <span class='ocrx_word' id='word_1_382' title='bbox 1529 4935 1618 4982; x_wconf 90' lang='lat' dir='ltr'>aut</span> <span class='ocrx_word' id='word_1_383' title='bbox 1664 4928 1862 4983; x_wconf 89' lang='lat' dir='ltr'>melior</span> <span class='ocrx_word' id='word_1_384' title='bbox 1889 4927 1975 4982; x_wconf 90' lang='lat' dir='ltr'>ef-</span> <span class='ocrx_word' id='word_1_385' title='bbox 2033 4982 2038 4990; x_wconf 82' lang='grc'>,</span> 
     </span>
    </p>
   </div>
   <div class='ocr_carea' id='block_1_54' title="bbox 379 5016 1977 5083">
    <p class='ocr_par' dir='ltr' id='par_1_54' title="bbox 379 5016 1977 5083">
     <span class='ocr_line' id='line_1_54' title="bbox 379 5016 1977 5083; baseline 0 -12"><span class='ocrx_word' id='word_1_386' title='bbox 379 5017 577 5074; x_wconf 85' lang='lat' dir='ltr'>ﬁcitur.</span> <span class='ocrx_word' id='word_1_387' title='bbox 627 5018 682 5072; x_wconf 94' lang='lat' dir='ltr'>Si</span> <span class='ocrx_word' id='word_1_388' title='bbox 737 5024 914 5070; x_wconf 90' lang='lat' dir='ltr'>autem</span> <span class='ocrx_word' id='word_1_389' title='bbox 967 5023 1132 5083; x_wconf 90' lang='lat' dir='ltr'>amat,</span> <span class='ocrx_word' id='word_1_390' title='bbox 1185 5023 1275 5070; x_wconf 89' lang='lat' dir='ltr'>aut</span> <span class='ocrx_word' id='word_1_391' title='bbox 1312 5016 1633 5080; x_wconf 87' lang='lat' dir='ltr'>admiratur,</span> <span class='ocrx_word' id='word_1_392' title='bbox 1687 5024 1780 5070; x_wconf 90' lang='lat' dir='ltr'>aut</span> <span class='ocrx_word' id='word_1_393' title='bbox 1823 5016 1977 5071; x_wconf 91' lang='lat' dir='ltr'>timet</span> 
     </span>
    </p>
   </div>
   <div class='ocr_carea' id='block_1_55' title="bbox 377 5103 1974 5177">
    <p class='ocr_par' dir='ltr' id='par_1_55' title="bbox 377 5103 1974 5177">
     <span class='ocr_line' id='line_1_55' title="bbox 377 5103 1974 5177; baseline -0.001 -17"><span class='ocrx_word' id='word_1_394' title='bbox 377 5106 433 5161; x_wconf 89' lang='lat' dir='ltr'>id</span> <span class='ocrx_word' id='word_1_395' title='bbox 461 5105 609 5177; x_wconf 89' lang='lat' dir='ltr'>quod</span> <span class='ocrx_word' id='word_1_396' title='bbox 639 5105 820 5173; x_wconf 90' lang='lat' dir='ltr'>debet,</span> <span class='ocrx_word' id='word_1_397' title='bbox 852 5103 1048 5159; x_wconf 89' lang='lat' dir='ltr'>melior</span> <span class='ocrx_word' id='word_1_398' title='bbox 1071 5123 1086 5171; x_wconf 85' lang='lat'><strong>;</strong></span> <span class='ocrx_word' id='word_1_399' title='bbox 1118 5104 1164 5158; x_wconf 92' lang='lat' dir='ltr'>si</span> <span class='ocrx_word' id='word_1_400' title='bbox 1195 5113 1377 5159; x_wconf 88' lang='lat' dir='ltr'>autem</span> <span class='ocrx_word' id='word_1_401' title='bbox 1397 5121 1506 5160; x_wconf 93' lang='lat' dir='ltr'>non</span> <span class='ocrx_word' id='word_1_402' title='bbox 1529 5105 1712 5169; x_wconf 92' lang='lat' dir='ltr'>debet,</span> <span class='ocrx_word' id='word_1_403' title='bbox 1732 5104 1974 5159; x_wconf 90' lang='lat' dir='ltr'>deterior</span> 
     </span>
    </p>
   </div>
   <div class='ocr_carea' id='block_1_56' title="bbox 376 5192 1974 5265">
    <p class='ocr_par' dir='ltr' id='par_1_56' title="bbox 376 5192 1974 5265">
     <span class='ocr_line' id='line_1_56' title="bbox 376 5192 1974 5265; baseline -0.002 -16"><span class='ocrx_word' id='word_1_404' title='bbox 376 5194 562 5265; x_wconf 88' lang='lat' dir='ltr'>utique</span> <span class='ocrx_word' id='word_1_405' title='bbox 607 5192 686 5248; x_wconf 88' lang='lat' dir='ltr'>ﬁt.</span> <span class='ocrx_word' id='word_1_406' title='bbox 750 5192 1006 5249; x_wconf 88' lang='lat' dir='ltr'>Similiter</span> <span class='ocrx_word' id='word_1_407' title='bbox 1049 5192 1103 5247; x_wconf 91' lang='lat' dir='ltr'>in</span> <span class='ocrx_word' id='word_1_408' title='bbox 1159 5194 1387 5249; x_wconf 72' lang='lat' dir='ltr'>caeteris.</span> <span class='ocrx_word' id='word_1_409' title='bbox 1457 5193 1635 5261; x_wconf 90' lang='lat' dir='ltr'>Quam</span> <span class='ocrx_word' id='word_1_410' title='bbox 1679 5209 1809 5264; x_wconf 90' lang='lat' dir='ltr'>ergo</span> <span class='ocrx_word' id='word_1_411' title='bbox 1853 5193 1974 5263; x_wconf 92' lang='lat' dir='ltr'>pius</span> 
     </span>
    </p>
   </div>
   <div class='ocr_carea' id='block_1_57' title="bbox 379 5281 1968 5353">
    <p class='ocr_par' dir='ltr' id='par_1_57' title="bbox 379 5281 1968 5353">
     <span class='ocr_line' id='line_1_57' title="bbox 379 5281 1968 5353; baseline -0.002 -16"><span class='ocrx_word' id='word_1_412' title='bbox 379 5291 463 5338; x_wconf 91' lang='lat' dir='ltr'>est</span> <span class='ocrx_word' id='word_1_413' title='bbox 493 5281 777 5345; x_wconf 89' lang='lat' dir='ltr'>Dominus,</span> <span class='ocrx_word' id='word_1_414' title='bbox 812 5281 902 5353; x_wconf 89' lang='lat' dir='ltr'>qui</span> <span class='ocrx_word' id='word_1_415' title='bbox 931 5282 1064 5336; x_wconf 88' lang='lat' dir='ltr'>nihil</span> <span class='ocrx_word' id='word_1_416' title='bbox 1093 5299 1123 5336; x_wconf 92' lang='lat' dir='ltr'>a</span> <span class='ocrx_word' id='word_1_417' title='bbox 1152 5283 1309 5336; x_wconf 91' lang='lat' dir='ltr'>nobis</span> <span class='ocrx_word' id='word_1_418' title='bbox 1336 5281 1526 5353; x_wconf 87' lang='lat' dir='ltr'>exigit,</span> <span class='ocrx_word' id='word_1_419' title='bbox 1556 5289 1614 5335; x_wconf 89' lang='lat' dir='ltr'>ut</span> <span class='ocrx_word' id='word_1_420' title='bbox 1643 5281 1745 5335; x_wconf 91' lang='lat' dir='ltr'>sibi</span> <span class='ocrx_word' id='word_1_421' title='bbox 1777 5282 1968 5351; x_wconf 88' lang='lat' dir='ltr'>prosit,</span> 
     </span>
    </p>
   </div>
   <div class='ocr_carea' id='block_1_58' title="bbox 377 5370 1970 5442">
    <p class='ocr_par' dir='ltr' id='par_1_58' title="bbox 377 5370 1970 5442">
     <span class='ocr_line' id='line_1_58' title="bbox 377 5370 1970 5442; baseline -0.001 -17"><span class='ocrx_word' id='word_1_422' title='bbox 377 5371 711 5442; x_wconf 87' lang='lat' dir='ltr'>multumque</span> <span class='ocrx_word' id='word_1_423' title='bbox 737 5386 770 5426; x_wconf 91' lang='lat' dir='ltr'>a</span> <span class='ocrx_word' id='word_1_424' title='bbox 798 5371 954 5426; x_wconf 90' lang='lat' dir='ltr'>nobis</span> <span class='ocrx_word' id='word_1_425' title='bbox 985 5371 1087 5425; x_wconf 89' lang='lat' dir='ltr'>sibi</span> <span class='ocrx_word' id='word_1_426' title='bbox 1118 5370 1312 5425; x_wconf 76' lang='lat' dir='ltr'>serviri</span> <span class='ocrx_word' id='word_1_427' title='bbox 1344 5377 1578 5440; x_wconf 88' lang='lat' dir='ltr'>reputat,</span> <span class='ocrx_word' id='word_1_428' title='bbox 1615 5370 1660 5424; x_wconf 92' lang='lat' dir='ltr'>si</span> <span class='ocrx_word' id='word_1_429' title='bbox 1693 5371 1836 5441; x_wconf 88' lang='lat' dir='ltr'>quod</span> <span class='ocrx_word' id='word_1_430' title='bbox 1865 5387 1970 5425; x_wconf 92' lang='lat' dir='ltr'>no-</span> 
     </span>
    </p>
   </div>
   <div class='ocr_carea' id='block_1_59' title="bbox 377 5460 1245 5531">
    <p class='ocr_par' dir='ltr' id='par_1_59' title="bbox 377 5460 1245 5531">
     <span class='ocr_line' id='line_1_59' title="bbox 377 5460 1245 5531; baseline -0.003 -16"><span class='ocrx_word' id='word_1_431' title='bbox 377 5461 461 5515; x_wconf 92' lang='lat' dir='ltr'>bis</span> <span class='ocrx_word' id='word_1_432' title='bbox 489 5467 571 5515; x_wconf 90' lang='lat' dir='ltr'>est</span> <span class='ocrx_word' id='word_1_433' title='bbox 600 5460 729 5515; x_wconf 90' lang='lat' dir='ltr'>utile</span> <span class='ocrx_word' id='word_1_434' title='bbox 757 5477 974 5531; x_wconf 91' lang='lat' dir='ltr'>semper</span> <span class='ocrx_word' id='word_1_435' title='bbox 1000 5475 1245 5531; x_wconf 90' lang='lat' dir='ltr'>agamus.</span> 
     </span>
    </p>
   </div>
   <div class='ocr_carea' id='block_1_60' title="bbox 449 5547 1971 5614">
    <p class='ocr_par' dir='ltr' id='par_1_60' title="bbox 449 5547 1971 5614">
     <span class='ocr_line' id='line_1_60' title="bbox 449 5547 1971 5614; baseline -0.003 -9"><span class='ocrx_word' id='word_1_436' title='bbox 449 5550 598 5606; x_wconf 85' lang='lat' dir='ltr'>Sicut</span> <span class='ocrx_word' id='word_1_437' title='bbox 633 5549 894 5614; x_wconf 89' lang='lat' dir='ltr'>radicum,</span> <span class='ocrx_word' id='word_1_438' title='bbox 938 5548 1248 5612; x_wconf 83' lang='lat' dir='ltr'>herbarum,</span> <span class='ocrx_word' id='word_1_439' title='bbox 1291 5547 1377 5603; x_wconf 92' lang='lat' dir='ltr'>vel</span> <span class='ocrx_word' id='word_1_440' title='bbox 1417 5553 1736 5602; x_wconf 64' lang='lat' dir='ltr'>caeterarum</span> <span class='ocrx_word' id='word_1_441' title='bbox 1785 5565 1971 5604; x_wconf 90' lang='lat' dir='ltr'>rerum</span> 
     </span>
    </p>
   </div>
   <div class='ocr_carea' id='block_1_61' title="bbox 373 5634 1967 5709">
    <p class='ocr_par' dir='ltr' id='par_1_61' title="bbox 373 5634 1967 5709">
     <span class='ocr_line' id='line_1_61' title="bbox 373 5634 1967 5709; baseline -0.001 -17"><span class='ocrx_word' id='word_1_442' title='bbox 373 5646 617 5707; x_wconf 87' lang='lat' dir='ltr'>naturas,</span> <span class='ocrx_word' id='word_1_443' title='bbox 649 5638 725 5693; x_wconf 90' lang='lat' dir='ltr'>ita</span> <span class='ocrx_word' id='word_1_444' title='bbox 755 5635 1050 5709; x_wconf 88' lang='lat' dir='ltr'>opinionis,</span> <span class='ocrx_word' id='word_1_445' title='bbox 1082 5634 1303 5706; x_wconf 86' lang='lat' dir='ltr'>favoris,</span> <span class='ocrx_word' id='word_1_446' title='bbox 1344 5635 1540 5703; x_wconf 88' lang='lat' dir='ltr'>laudis,</span> <span class='ocrx_word' id='word_1_447' title='bbox 1573 5637 1660 5692; x_wconf 88' lang='lat' dir='ltr'>vel</span> <span class='ocrx_word' id='word_1_448' title='bbox 1693 5638 1967 5708; x_wconf 86' lang='lat' dir='ltr'>vitupera-</span> 
     </span>
    </p>
   </div>
   <div class='ocr_carea' id='block_1_62' title="bbox 372 5727 861 5799">
    <p class='ocr_par' dir='ltr' id='par_1_62' title="bbox 372 5727 861 5799">
     <span class='ocr_line' id='line_1_62' title="bbox 372 5727 861 5799; baseline -0.004 -16"><span class='ocrx_word' id='word_1_449' title='bbox 372 5727 554 5797; x_wconf 90' lang='lat' dir='ltr'>tionis,</span> <span class='ocrx_word' id='word_1_450' title='bbox 591 5727 861 5799; x_wconf 89' lang='lat' dir='ltr'>expende.</span> 
     </span>
    </p>
   </div>
   <div class='ocr_carea' id='block_1_63' title="bbox 2100 577 3700 651">
    <p class='ocr_par' dir='ltr' id='par_1_63' title="bbox 2100 577 3700 651">
     <span class='ocr_line' id='line_1_63' title="bbox 2100 577 3700 651; baseline -0.001 -19"><span class='ocrx_word' id='word_1_451' title='bbox 2100 579 2214 650; x_wconf 90' lang='lat' dir='ltr'>guli</span> <span class='ocrx_word' id='word_1_452' title='bbox 2244 580 2388 634; x_wconf 91' lang='lat' dir='ltr'>enim</span> <span class='ocrx_word' id='word_1_453' title='bbox 2416 596 2606 636; x_wconf 89' lang='lat' dir='ltr'>omnes</span> <span class='ocrx_word' id='word_1_454' title='bbox 2646 597 2828 634; x_wconf 90' lang='lat' dir='ltr'>amare</span> <span class='ocrx_word' id='word_1_455' title='bbox 2871 580 3090 634; x_wconf 89' lang='lat' dir='ltr'>debent.</span> <span class='ocrx_word' id='word_1_456' title='bbox 3123 579 3227 648; x_wconf 91' lang='lat' dir='ltr'>Qui</span> <span class='ocrx_word' id='word_1_457' title='bbox 3255 595 3389 651; x_wconf 88' lang='lat' dir='ltr'>ergo</span> <span class='ocrx_word' id='word_1_458' title='bbox 3419 581 3564 632; x_wconf 90' lang='lat' dir='ltr'>hunc</span> <span class='ocrx_word' id='word_1_459' title='bbox 3593 577 3700 630; x_wconf 86' lang='lat' dir='ltr'>sibi</span> 
     </span>
    </p>
   </div>
   <div class='ocr_carea' id='block_1_64' title="bbox 2100 667 3700 739">
    <p class='ocr_par' dir='ltr' id='par_1_64' title="bbox 2100 667 3700 739">
     <span class='ocr_line' id='line_1_64' title="bbox 2100 667 3700 739; baseline -0.001 -18"><span class='ocrx_word' id='word_1_460' title='bbox 2100 669 2408 738; x_wconf 90' lang='lat' dir='ltr'>specialiter</span> <span class='ocrx_word' id='word_1_461' title='bbox 2448 669 2688 724; x_wconf 89' lang='lat' dir='ltr'>exhiberi</span> <span class='ocrx_word' id='word_1_462' title='bbox 2733 668 2866 735; x_wconf 89' lang='lat' dir='ltr'>vult,</span> <span class='ocrx_word' id='word_1_463' title='bbox 2916 678 3102 739; x_wconf 89' lang='lat' dir='ltr'>raptor</span> <span class='ocrx_word' id='word_1_464' title='bbox 3144 675 3244 733; x_wconf 91' lang='lat' dir='ltr'>est,</span> <span class='ocrx_word' id='word_1_465' title='bbox 3295 674 3348 722; x_wconf 88' lang='lat' dir='ltr'>et</span> <span class='ocrx_word' id='word_1_466' title='bbox 3395 667 3519 722; x_wconf 87' lang='lat' dir='ltr'>ideo</span> <span class='ocrx_word' id='word_1_467' title='bbox 3569 681 3700 720; x_wconf 88' lang='lat' dir='ltr'>reus</span> 
     </span>
    </p>
   </div>
   <div class='ocr_carea' id='block_1_65' title="bbox 2099 757 2784 813">
    <p class='ocr_par' dir='ltr' id='par_1_65' title="bbox 2099 757 2784 813">
     <span class='ocr_line' id='line_1_65' title="bbox 2099 757 2784 813; baseline -0.001 -1"><span class='ocrx_word' id='word_1_468' title='bbox 2099 766 2283 812; x_wconf 86' lang='lat' dir='ltr'>contra</span> <span class='ocrx_word' id='word_1_469' title='bbox 2314 773 2504 812; x_wconf 89' lang='lat' dir='ltr'>omnes</span> <span class='ocrx_word' id='word_1_470' title='bbox 2537 757 2784 813; x_wconf 79' lang='lat' dir='ltr'>eﬁicitur.</span> 
     </span>
    </p>
   </div>
   <div class='ocr_carea' id='block_1_66' title="bbox 2169 861 3696 934">
    <p class='ocr_par' dir='ltr' id='par_1_66' title="bbox 2169 861 3696 934">
     <span class='ocr_line' id='line_1_66' title="bbox 2169 861 3696 934; baseline -0.002 -17"><span class='ocrx_word' id='word_1_471' title='bbox 2169 863 2311 918; x_wconf 83' lang='lat' dir='ltr'>Ecce</span> <span class='ocrx_word' id='word_1_472' title='bbox 2353 863 2480 919; x_wconf 89' lang='lat' dir='ltr'>huic</span> <span class='ocrx_word' id='word_1_473' title='bbox 2529 864 2743 934; x_wconf 88' lang='lat' dir='ltr'>corpori</span> <span class='ocrx_word' id='word_1_474' title='bbox 2782 863 3064 918; x_wconf 89' lang='lat' dir='ltr'>immistus.</span> <span class='ocrx_word' id='word_1_475' title='bbox 3119 862 3249 916; x_wconf 90' lang='lat' dir='ltr'>satis</span> <span class='ocrx_word' id='word_1_476' title='bbox 3299 861 3465 916; x_wconf 90' lang='lat' dir='ltr'>miser</span> <span class='ocrx_word' id='word_1_477' title='bbox 3527 877 3696 928; x_wconf 89' lang='lat' dir='ltr'>eras;</span> 
     </span>
    </p>
   </div>
   <div class='ocr_carea' id='block_1_67' title="bbox 2097 951 3698 1022">
    <p class='ocr_par' dir='ltr' id='par_1_67' title="bbox 2097 951 3698 1022">
     <span class='ocr_line' id='line_1_67' title="bbox 2097 951 3698 1022; baseline -0.002 -16"><span class='ocrx_word' id='word_1_478' title='bbox 2097 953 2346 1006; x_wconf 90' lang='lat' dir='ltr'>omnibus</span> <span class='ocrx_word' id='word_1_479' title='bbox 2378 953 2520 1006; x_wconf 90' lang='lat' dir='ltr'>enim</span> <span class='ocrx_word' id='word_1_480' title='bbox 2555 953 2671 1021; x_wconf 83' lang='lat' dir='ltr'>ejus</span> <span class='ocrx_word' id='word_1_481' title='bbox 2703 951 3143 1022; x_wconf 91' lang='lat' dir='ltr'>corruptionibus</span> <span class='ocrx_word' id='word_1_482' title='bbox 3170 967 3340 1022; x_wconf 88' lang='lat' dir='ltr'>usque</span> <span class='ocrx_word' id='word_1_483' title='bbox 3362 951 3428 1004; x_wconf 84' lang='lat' dir='ltr'>ad</span> <span class='ocrx_word' id='word_1_484' title='bbox 3453 965 3698 1004; x_wconf 89' lang='lat' dir='ltr'>morsum</span> 
     </span>
    </p>
   </div>
   <div class='ocr_carea' id='block_1_68' title="bbox 2095 1037 3688 1110">
    <p class='ocr_par' dir='ltr' id='par_1_68' title="bbox 2095 1037 3688 1110">
     <span class='ocr_line' id='line_1_68' title="bbox 2095 1037 3688 1110; baseline -0.001 -17"><span class='ocrx_word' id='word_1_485' title='bbox 2095 1040 2307 1110; x_wconf 91' lang='lat' dir='ltr'>pulicis,</span> <span class='ocrx_word' id='word_1_486' title='bbox 2340 1040 2427 1094; x_wconf 89' lang='lat' dir='ltr'>vel</span> <span class='ocrx_word' id='word_1_487' title='bbox 2466 1041 2740 1095; x_wconf 89' lang='lat' dir='ltr'>sorunculi</span> <span class='ocrx_word' id='word_1_488' title='bbox 2791 1041 3134 1109; x_wconf 83' lang='lat' dir='ltr'>subjacebas.</span> <span class='ocrx_word' id='word_1_489' title='bbox 3185 1039 3307 1094; x_wconf 91' lang='lat' dir='ltr'>Non</span> <span class='ocrx_word' id='word_1_490' title='bbox 3339 1037 3548 1093; x_wconf 81' lang='lat' dir='ltr'>suil&#39;ecit</span> <span class='ocrx_word' id='word_1_491' title='bbox 3582 1039 3688 1092; x_wconf 90' lang='lat' dir='ltr'>hoc</span> 
     </span>
    </p>
   </div>
   <div class='ocr_carea' id='block_1_69' title="bbox 2097 1125 3690 1199">
    <p class='ocr_par' dir='ltr' id='par_1_69' title="bbox 2097 1125 3690 1199">
     <span class='ocr_line' id='line_1_69' title="bbox 2097 1125 3690 1199; baseline -0.001 -18"><span class='ocrx_word' id='word_1_492' title='bbox 2097 1128 2212 1181; x_wconf 88' lang='lat' dir='ltr'>tibi.</span> <span class='ocrx_word' id='word_1_493' title='bbox 2266 1128 2611 1183; x_wconf 90' lang='lat' dir='ltr'>Immiscuisti</span> <span class='ocrx_word' id='word_1_494' title='bbox 2661 1128 2805 1182; x_wconf 92' lang='lat' dir='ltr'>enim</span> <span class='ocrx_word' id='word_1_495' title='bbox 2855 1138 2907 1183; x_wconf 92' lang='lat' dir='ltr'>te</span> <span class='ocrx_word' id='word_1_496' title='bbox 2951 1129 3090 1192; x_wconf 85' lang='lat' dir='ltr'>aliis,</span> <span class='ocrx_word' id='word_1_497' title='bbox 3145 1127 3300 1199; x_wconf 88' lang='lat' dir='ltr'>quasi</span> <span class='ocrx_word' id='word_1_498' title='bbox 3344 1125 3690 1196; x_wconf 90' lang='lat' dir='ltr'>corporibus,</span> 
     </span>
    </p>
   </div>
   <div class='ocr_carea' id='block_1_70' title="bbox 2095 1214 3692 1286">
    <p class='ocr_par' dir='ltr' id='par_1_70' title="bbox 2095 1214 3692 1286">
     <span class='ocr_line' id='line_1_70' title="bbox 2095 1214 3692 1286; baseline -0.002 -16"><span class='ocrx_word' id='word_1_499' title='bbox 2095 1217 2335 1286; x_wconf 88' lang='lat' dir='ltr'>Opinioni</span> <span class='ocrx_word' id='word_1_500' title='bbox 2386 1217 2686 1282; x_wconf 89' lang='lat' dir='ltr'>hominum,</span> <span class='ocrx_word' id='word_1_501' title='bbox 2720 1217 3084 1282; x_wconf 89' lang='lat' dir='ltr'>admirationi,</span> <span class='ocrx_word' id='word_1_502' title='bbox 3139 1215 3332 1280; x_wconf 89' lang='lat' dir='ltr'>amori,</span> <span class='ocrx_word' id='word_1_503' title='bbox 3364 1214 3577 1278; x_wconf 89' lang='lat' dir='ltr'>honori,</span> <span class='ocrx_word' id='word_1_504' title='bbox 3615 1214 3692 1267; x_wconf 89' lang='lat' dir='ltr'>ti-</span> 
     </span>
    </p>
   </div>
   <div class='ocr_carea' id='block_1_71' title="bbox 2093 1303 3694 1373">
    <p class='ocr_par' dir='ltr' id='par_1_71' title="bbox 2093 1303 3694 1373">
     <span class='ocr_line' id='line_1_71' title="bbox 2093 1303 3694 1373; baseline -0.002 -15"><span class='ocrx_word' id='word_1_505' title='bbox 2093 1305 2248 1371; x_wconf 90' lang='lat' dir='ltr'>mori,</span> <span class='ocrx_word' id='word_1_506' title='bbox 2283 1313 2335 1360; x_wconf 87' lang='lat' dir='ltr'>et</span> <span class='ocrx_word' id='word_1_507' title='bbox 2357 1305 2479 1359; x_wconf 91' lang='lat' dir='ltr'>aliis</span> <span class='ocrx_word' id='word_1_508' title='bbox 2511 1305 2797 1371; x_wconf 80' lang='lat' dir='ltr'>similibus,</span> <span class='ocrx_word' id='word_1_509' title='bbox 2841 1313 2892 1360; x_wconf 93' lang='lat' dir='ltr'>et</span> <span class='ocrx_word' id='word_1_510' title='bbox 2925 1305 3062 1360; x_wconf 87' lang='lat' dir='ltr'>sicut</span> <span class='ocrx_word' id='word_1_511' title='bbox 3105 1321 3168 1359; x_wconf 90' lang='lat' dir='ltr'>ex</span> <span class='ocrx_word' id='word_1_512' title='bbox 3219 1303 3488 1373; x_wconf 90' lang='lat' dir='ltr'>corporis,</span> <span class='ocrx_word' id='word_1_513' title='bbox 3521 1303 3594 1355; x_wconf 89' lang='lat' dir='ltr'>ita</span> <span class='ocrx_word' id='word_1_514' title='bbox 3627 1317 3694 1355; x_wconf 89' lang='lat' dir='ltr'>ex</span> 
     </span>
    </p>
   </div>
   <div class='ocr_carea' id='block_1_72' title="bbox 2095 1389 3694 1462">
    <p class='ocr_par' dir='ltr' id='par_1_72' title="bbox 2095 1389 3694 1462">
     <span class='ocr_line' id='line_1_72' title="bbox 2095 1389 3694 1462; baseline -0.003 -16"><span class='ocrx_word' id='word_1_515' title='bbox 2095 1395 2286 1447; x_wconf 91' lang='lat' dir='ltr'>horum</span> <span class='ocrx_word' id='word_1_516' title='bbox 2317 1393 2557 1461; x_wconf 69' lang='lat' dir='ltr'>laesione,</span> <span class='ocrx_word' id='word_1_517' title='bbox 2591 1393 2781 1447; x_wconf 89' lang='lat' dir='ltr'>dolore</span> <span class='ocrx_word' id='word_1_518' title='bbox 2812 1393 3066 1448; x_wconf 79' lang='lat' dir='ltr'>aﬁiceris.</span> <span class='ocrx_word' id='word_1_519' title='bbox 3105 1394 3339 1462; x_wconf 87' lang='lat' dir='ltr'>Ipsemet</span> <span class='ocrx_word' id='word_1_520' title='bbox 3368 1391 3536 1460; x_wconf 87' lang='lat' dir='ltr'>ligna,</span> <span class='ocrx_word' id='word_1_521' title='bbox 3568 1389 3694 1460; x_wconf 87' lang='lat' dir='ltr'>qui-</span> 
     </span>
    </p>
   </div>
   <div class='ocr_carea' id='block_1_73' title="bbox 2094 1479 3690 1546">
    <p class='ocr_par' dir='ltr' id='par_1_73' title="bbox 2094 1479 3690 1546">
     <span class='ocr_line' id='line_1_73' title="bbox 2094 1479 3690 1546; baseline -0.003 -12"><span class='ocrx_word' id='word_1_522' title='bbox 2094 1483 2192 1534; x_wconf 92' lang='lat' dir='ltr'>bus</span> <span class='ocrx_word' id='word_1_523' title='bbox 2245 1481 2584 1536; x_wconf 90' lang='lat' dir='ltr'>combureris</span> <span class='ocrx_word' id='word_1_524' title='bbox 2646 1481 2738 1534; x_wconf 89' lang='lat' dir='ltr'>tibi</span> <span class='ocrx_word' id='word_1_525' title='bbox 2811 1480 3124 1535; x_wconf 89' lang='lat' dir='ltr'>adhibuisti.</span> <span class='ocrx_word' id='word_1_526' title='bbox 3186 1479 3422 1534; x_wconf 78' lang='lat' dir='ltr'>Lzeditur</span> <span class='ocrx_word' id='word_1_527' title='bbox 3489 1493 3690 1546; x_wconf 90' lang='lat' dir='ltr'>nempe</span> 
     </span>
    </p>
   </div>
   <div class='ocr_carea' id='block_1_74' title="bbox 2092 1565 3693 1633">
    <p class='ocr_par' dir='ltr' id='par_1_74' title="bbox 2092 1565 3693 1633">
     <span class='ocr_line' id='line_1_74' title="bbox 2092 1565 3693 1633; baseline -0.003 -10"><span class='ocrx_word' id='word_1_528' title='bbox 2092 1570 2268 1623; x_wconf 90' lang='lat' dir='ltr'>honor</span> <span class='ocrx_word' id='word_1_529' title='bbox 2317 1578 2440 1623; x_wconf 93' lang='lat' dir='ltr'>tuus</span> <span class='ocrx_word' id='word_1_530' title='bbox 2480 1584 2602 1624; x_wconf 90' lang='lat' dir='ltr'>cum</span> <span class='ocrx_word' id='word_1_531' title='bbox 2653 1569 3058 1633; x_wconf 89' lang='lat' dir='ltr'>contemneris;</span> <span class='ocrx_word' id='word_1_532' title='bbox 3093 1569 3171 1623; x_wconf 90' lang='lat' dir='ltr'>sic</span> <span class='ocrx_word' id='word_1_533' title='bbox 3216 1568 3284 1622; x_wconf 89' lang='lat' dir='ltr'>de</span> <span class='ocrx_word' id='word_1_534' title='bbox 3327 1565 3557 1623; x_wconf 74' lang='lat' dir='ltr'>caeteris.</span> <span class='ocrx_word' id='word_1_535' title='bbox 3611 1565 3693 1618; x_wconf 90' lang='lat' dir='ltr'>Ita</span> 
     </span>
    </p>
   </div>
   <div class='ocr_carea' id='block_1_75' title="bbox 2092 1657 3118 1729">
    <p class='ocr_par' dir='ltr' id='par_1_75' title="bbox 2092 1657 3118 1729">
     <span class='ocr_line' id='line_1_75' title="bbox 2092 1657 3118 1729; baseline -0.002 -17"><span class='ocrx_word' id='word_1_536' title='bbox 2092 1658 2255 1712; x_wconf 88' lang='lat' dir='ltr'>etiam</span> <span class='ocrx_word' id='word_1_537' title='bbox 2285 1657 2352 1711; x_wconf 88' lang='lat' dir='ltr'>de</span> <span class='ocrx_word' id='word_1_538' title='bbox 2384 1658 2570 1711; x_wconf 82' lang='lat' dir='ltr'>formis</span> <span class='ocrx_word' id='word_1_539' title='bbox 2602 1674 2884 1728; x_wconf 87' lang='lat' dir='ltr'>corporum</span> <span class='ocrx_word' id='word_1_540' title='bbox 2920 1657 3118 1729; x_wconf 88' lang='lat' dir='ltr'>cogita.</span> 
     </span>
    </p>
   </div>
   <div class='ocr_carea' id='block_1_76' title="bbox 2163 1761 3691 1833">
    <p class='ocr_par' dir='ltr' id='par_1_76' title="bbox 2163 1761 3691 1833">
     <span class='ocr_line' id='line_1_76' title="bbox 2163 1761 3691 1833; baseline -0.001 -16"><span class='ocrx_word' id='word_1_541' title='bbox 2163 1764 2283 1833; x_wconf 90' lang='lat' dir='ltr'>Quo</span> <span class='ocrx_word' id='word_1_542' title='bbox 2314 1773 2364 1819; x_wconf 91' lang='lat' dir='ltr'>te</span> <span class='ocrx_word' id='word_1_543' title='bbox 2395 1764 2482 1818; x_wconf 91' lang='lat' dir='ltr'>ille</span> <span class='ocrx_word' id='word_1_544' title='bbox 2513 1772 2602 1818; x_wconf 88' lang='lat' dir='ltr'>aut</span> <span class='ocrx_word' id='word_1_545' title='bbox 2633 1765 2722 1818; x_wconf 89' lang='lat' dir='ltr'>ille</span> <span class='ocrx_word' id='word_1_546' title='bbox 2768 1764 2897 1818; x_wconf 88' lang='lat' dir='ltr'>vitio</span> <span class='ocrx_word' id='word_1_547' title='bbox 2947 1763 3288 1833; x_wconf 88' lang='lat' dir='ltr'>contempsit,</span> <span class='ocrx_word' id='word_1_548' title='bbox 3334 1761 3526 1815; x_wconf 91' lang='lat' dir='ltr'>eodem</span> <span class='ocrx_word' id='word_1_549' title='bbox 3551 1768 3608 1814; x_wconf 90' lang='lat' dir='ltr'>tu</span> <span class='ocrx_word' id='word_1_550' title='bbox 3640 1769 3691 1815; x_wconf 91' lang='lat' dir='ltr'>te</span> 
     </span>
    </p>
   </div>
   <div class='ocr_carea' id='block_1_77' title="bbox 2011 1845 3684 1924">
    <p class='ocr_par' dir='ltr' id='par_1_77' title="bbox 2011 1845 3684 1924">
     <span class='ocr_line' id='line_1_77' title="bbox 2011 1845 3684 1924; baseline -0.002 -20"><span class='ocrx_word' id='word_1_551' title='bbox 2011 1845 2062 1904; x_wconf 89' lang='lat' dir='ltr'><strong>B</strong></span> <span class='ocrx_word' id='word_1_552' title='bbox 2092 1861 2456 1922; x_wconf 90' lang='lat' dir='ltr'>contemptum</span> <span class='ocrx_word' id='word_1_553' title='bbox 2488 1861 2744 1924; x_wconf 83' lang='lat' dir='ltr'>tanquam</span> <span class='ocrx_word' id='word_1_554' title='bbox 2793 1852 3010 1906; x_wconf 89' lang='lat' dir='ltr'>timidus</span> <span class='ocrx_word' id='word_1_555' title='bbox 3057 1850 3296 1914; x_wconf 88' lang='lat' dir='ltr'>doluisti,</span> <span class='ocrx_word' id='word_1_556' title='bbox 3349 1848 3551 1904; x_wconf 89' lang='lat' dir='ltr'>scilicet</span> <span class='ocrx_word' id='word_1_557' title='bbox 3581 1865 3684 1902; x_wconf 88' lang='lat' dir='ltr'>su-</span> 
     </span>
    </p>
   </div>
   <div class='ocr_carea' id='block_1_78' title="bbox 2087 1936 3681 2011">
    <p class='ocr_par' dir='ltr' id='par_1_78' title="bbox 2087 1936 3681 2011">
     <span class='ocr_line' id='line_1_78' title="bbox 2087 1936 3681 2011; baseline -0.003 -17"><span class='ocrx_word' id='word_1_558' title='bbox 2087 1941 2296 2011; x_wconf 89' lang='lat' dir='ltr'>perbia.</span> <span class='ocrx_word' id='word_1_559' title='bbox 2333 1942 2400 1994; x_wconf 89' lang='lat' dir='ltr'>Et</span> <span class='ocrx_word' id='word_1_560' title='bbox 2430 1957 2535 2011; x_wconf 89' lang='lat' dir='ltr'>quo</span> <span class='ocrx_word' id='word_1_561' title='bbox 2567 1942 2663 1994; x_wconf 90' lang='lat' dir='ltr'>tibi</span> <span class='ocrx_word' id='word_1_562' title='bbox 2704 1941 2834 1995; x_wconf 89' lang='lat' dir='ltr'>vitio</span> <span class='ocrx_word' id='word_1_563' title='bbox 2878 1940 3113 2004; x_wconf 85' lang='lat' dir='ltr'>abstulit,</span> <span class='ocrx_word' id='word_1_564' title='bbox 3149 1939 3340 1994; x_wconf 90' lang='lat' dir='ltr'>eodem</span> <span class='ocrx_word' id='word_1_565' title='bbox 3371 1945 3427 1991; x_wconf 89' lang='lat' dir='ltr'>tu</span> <span class='ocrx_word' id='word_1_566' title='bbox 3457 1936 3681 1990; x_wconf 87' lang='lat' dir='ltr'>doluisti</span> 
     </span>
    </p>
   </div>
   <div class='ocr_carea' id='block_1_79' title="bbox 2089 2028 3099 2098">
    <p class='ocr_par' dir='ltr' id='par_1_79' title="bbox 2089 2028 3099 2098">
     <span class='ocr_line' id='line_1_79' title="bbox 2089 2028 3099 2098; baseline -0.001 -15"><span class='ocrx_word' id='word_1_567' title='bbox 2089 2029 2285 2093; x_wconf 85' lang='lat' dir='ltr'>ablata,</span> <span class='ocrx_word' id='word_1_568' title='bbox 2320 2028 2372 2082; x_wconf 90' lang='lat' dir='ltr'>id</span> <span class='ocrx_word' id='word_1_569' title='bbox 2396 2038 2476 2082; x_wconf 91' lang='lat' dir='ltr'>est</span> <span class='ocrx_word' id='word_1_570' title='bbox 2505 2045 2686 2084; x_wconf 91' lang='lat' dir='ltr'>amore</span> <span class='ocrx_word' id='word_1_571' title='bbox 2719 2029 3099 2098; x_wconf 84' lang='lat' dir='ltr'>Periturorum.</span> 
     </span>
    </p>
   </div>
   <div class='ocr_carea' id='block_1_80' title="bbox 2157 2129 3688 2206">
    <p class='ocr_par' dir='ltr' id='par_1_80' title="bbox 2157 2129 3688 2206">
     <span class='ocr_line' id='line_1_80' title="bbox 2157 2129 3688 2206; baseline -0.005 -16"><span class='ocrx_word' id='word_1_572' title='bbox 2157 2135 2274 2190; x_wconf 89' lang='lat' dir='ltr'>Nisi</span> <span class='ocrx_word' id='word_1_573' title='bbox 2303 2136 2696 2204; x_wconf 86' lang='lat' dir='ltr'>contempseris</span> <span class='ocrx_word' id='word_1_574' title='bbox 2739 2135 3003 2206; x_wconf 87' lang='lat' dir='ltr'>quidquid</span> <span class='ocrx_word' id='word_1_575' title='bbox 3047 2141 3275 2205; x_wconf 91' lang='lat' dir='ltr'>possunt</span> <span class='ocrx_word' id='word_1_576' title='bbox 3323 2130 3570 2184; x_wconf 88' lang='lat' dir='ltr'>homines</span> <span class='ocrx_word' id='word_1_577' title='bbox 3600 2129 3688 2184; x_wconf 89' lang='lat' dir='ltr'>vel</span> 
     </span>
    </p>
   </div>
   <div class='ocr_carea' id='block_1_81' title="bbox 2087 2221 3683 2293">
    <p class='ocr_par' dir='ltr' id='par_1_81' title="bbox 2087 2221 3683 2293">
     <span class='ocr_line' id='line_1_81' title="bbox 2087 2221 3683 2293; baseline -0.004 -15"><span class='ocrx_word' id='word_1_578' title='bbox 2087 2224 2450 2289; x_wconf 88' lang='lat' dir='ltr'>adversando,</span> <span class='ocrx_word' id='word_1_579' title='bbox 2485 2223 2571 2277; x_wconf 90' lang='lat' dir='ltr'>vel</span> <span class='ocrx_word' id='word_1_580' title='bbox 2604 2223 2939 2291; x_wconf 88' lang='lat' dir='ltr'>adjuvando,</span> <span class='ocrx_word' id='word_1_581' title='bbox 2971 2239 3078 2277; x_wconf 89' lang='lat' dir='ltr'>non</span> <span class='ocrx_word' id='word_1_582' title='bbox 3111 2221 3316 2293; x_wconf 91' lang='lat' dir='ltr'>poteris</span> <span class='ocrx_word' id='word_1_583' title='bbox 3334 2227 3683 2274; x_wconf 89' lang='lat' dir='ltr'>contemnere</span> 
     </span>
    </p>
   </div>
   <div class='ocr_carea' id='block_1_82' title="bbox 2087 2311 3684 2378">
    <p class='ocr_par' dir='ltr' id='par_1_82' title="bbox 2087 2311 3684 2378">
     <span class='ocr_line' id='line_1_82' title="bbox 2087 2311 3684 2378; baseline -0.004 -11"><span class='ocrx_word' id='word_1_584' title='bbox 2087 2329 2274 2367; x_wconf 92' lang='lat' dir='ltr'>eorum</span> <span class='ocrx_word' id='word_1_585' title='bbox 2307 2311 2554 2377; x_wconf 71' lang='lat' dir='ltr'>allectus,</span> <span class='ocrx_word' id='word_1_586' title='bbox 2589 2311 2644 2365; x_wconf 91' lang='lat' dir='ltr'>id</span> <span class='ocrx_word' id='word_1_587' title='bbox 2676 2320 2756 2366; x_wconf 87' lang='lat' dir='ltr'>est</span> <span class='ocrx_word' id='word_1_588' title='bbox 2804 2312 2930 2366; x_wconf 88' lang='lat' dir='ltr'>odia</span> <span class='ocrx_word' id='word_1_589' title='bbox 2959 2311 3044 2366; x_wconf 89' lang='lat' dir='ltr'>vel</span> <span class='ocrx_word' id='word_1_590' title='bbox 3075 2325 3289 2366; x_wconf 91' lang='lat' dir='ltr'>amores</span> <span class='ocrx_word' id='word_1_591' title='bbox 3318 2327 3333 2375; x_wconf 86' lang='lat'><strong>;</strong></span> <span class='ocrx_word' id='word_1_592' title='bbox 3363 2323 3547 2378; x_wconf 89' lang='lat' dir='ltr'>quare,</span> <span class='ocrx_word' id='word_1_593' title='bbox 3579 2322 3684 2361; x_wconf 88' lang='lat' dir='ltr'>nec</span> 
     </span>
    </p>
   </div>
   <div class='ocr_carea' id='block_1_83' title="bbox 2086 2401 2908 2472">
    <p class='ocr_par' dir='ltr' id='par_1_83' title="bbox 2086 2401 2908 2472">
     <span class='ocr_line' id='line_1_83' title="bbox 2086 2401 2908 2472; baseline -0.004 -15"><span class='ocrx_word' id='word_1_594' title='bbox 2086 2401 2370 2472; x_wconf 86' lang='lat' dir='ltr'>Opiniones</span> <span class='ocrx_word' id='word_1_595' title='bbox 2404 2401 2578 2454; x_wconf 88' lang='lat' dir='ltr'>bonas</span> <span class='ocrx_word' id='word_1_596' title='bbox 2608 2401 2908 2454; x_wconf 89' lang='lat' dir='ltr'>autmalas.</span> 
     </span>
    </p>
   </div>
   <div class='ocr_carea' id='block_1_84' title="bbox 2159 2507 3682 2578">
    <p class='ocr_par' dir='ltr' id='par_1_84' title="bbox 2159 2507 3682 2578">
     <span class='ocr_line' id='line_1_84' title="bbox 2159 2507 3682 2578; baseline 0.003 -17"><span class='ocrx_word' id='word_1_597' title='bbox 2159 2508 2294 2561; x_wconf 86' lang='lat' dir='ltr'>Vide</span> <span class='ocrx_word' id='word_1_598' title='bbox 2324 2507 2598 2578; x_wconf 91' lang='lat' dir='ltr'>quomodo</span> <span class='ocrx_word' id='word_1_599' title='bbox 2631 2507 2822 2562; x_wconf 89' lang='lat' dir='ltr'>vendis</span> <span class='ocrx_word' id='word_1_600' title='bbox 2854 2523 3095 2562; x_wconf 90' lang='lat' dir='ltr'>amorem</span> <span class='ocrx_word' id='word_1_601' title='bbox 3129 2515 3178 2562; x_wconf 93' lang='lat' dir='ltr'>et</span> <span class='ocrx_word' id='word_1_602' title='bbox 3208 2516 3433 2563; x_wconf 82' lang='lat' dir='ltr'>caeteros</span> <span class='ocrx_word' id='word_1_603' title='bbox 3454 2509 3682 2565; x_wconf 83' lang='lat' dir='ltr'>aﬁ&#39;ectus</span> 
     </span>
    </p>
   </div>
   <div class='ocr_carea' id='block_1_85' title="bbox 2086 2595 3682 2661">
    <p class='ocr_par' dir='ltr' id='par_1_85' title="bbox 2086 2595 3682 2661">
     <span class='ocr_line' id='line_1_85' title="bbox 2086 2595 3682 2661; baseline 0.002 -11"><span class='ocrx_word' id='word_1_604' title='bbox 2086 2595 2252 2650; x_wconf 90' lang='lat' dir='ltr'>animi</span> <span class='ocrx_word' id='word_1_605' title='bbox 2285 2596 2359 2649; x_wconf 93' lang='lat' dir='ltr'>tui</span> <span class='ocrx_word' id='word_1_606' title='bbox 2389 2596 2454 2649; x_wconf 92' lang='lat' dir='ltr'>ad</span> <span class='ocrx_word' id='word_1_607' title='bbox 2496 2596 2739 2650; x_wconf 87' lang='lat' dir='ltr'>obolatas</span> <span class='ocrx_word' id='word_1_608' title='bbox 2769 2604 2861 2650; x_wconf 88' lang='lat' dir='ltr'>aut</span> <span class='ocrx_word' id='word_1_609' title='bbox 2891 2605 3210 2661; x_wconf 87' lang='lat' dir='ltr'>nummatas,</span> <span class='ocrx_word' id='word_1_610' title='bbox 3247 2596 3386 2651; x_wconf 89' lang='lat' dir='ltr'>sicut</span> <span class='ocrx_word' id='word_1_611' title='bbox 3414 2597 3466 2650; x_wconf 92' lang='lat' dir='ltr'>in</span> <span class='ocrx_word' id='word_1_612' title='bbox 3499 2600 3682 2653; x_wconf 87' lang='lat' dir='ltr'>taber-</span> 
     </span>
    </p>
   </div>
   <div class='ocr_carea' id='block_1_86' title="bbox 2085 2683 3682 2756">
    <p class='ocr_par' dir='ltr' id='par_1_86' title="bbox 2085 2683 3682 2756">
     <span class='ocr_line' id='line_1_86' title="bbox 2085 2683 3682 2756; baseline 0.001 -18"><span class='ocrx_word' id='word_1_613' title='bbox 2085 2699 2156 2738; x_wconf 88' lang='lat' dir='ltr'>na</span> <span class='ocrx_word' id='word_1_614' title='bbox 2186 2683 2394 2738; x_wconf 91' lang='lat' dir='ltr'>vinum.</span> <span class='ocrx_word' id='word_1_615' title='bbox 2427 2685 2662 2738; x_wconf 84' lang='lat' dir='ltr'>Rursum</span> <span class='ocrx_word' id='word_1_616' title='bbox 2694 2685 2908 2738; x_wconf 88' lang='lat' dir='ltr'>attende</span> <span class='ocrx_word' id='word_1_617' title='bbox 2958 2684 3188 2754; x_wconf 89' lang='lat' dir='ltr'>qualiter</span> <span class='ocrx_word' id='word_1_618' title='bbox 3215 2701 3367 2740; x_wconf 90' lang='lat' dir='ltr'>emas</span> <span class='ocrx_word' id='word_1_619' title='bbox 3397 2685 3682 2756; x_wconf 89' lang='lat' dir='ltr'>Opiniones</span> 
     </span>
    </p>
   </div>
   <div class='ocr_carea' id='block_1_87' title="bbox 2085 2771 3681 2839">
    <p class='ocr_par' dir='ltr' id='par_1_87' title="bbox 2085 2771 3681 2839">
     <span class='ocr_line' id='line_1_87' title="bbox 2085 2771 3681 2839; baseline 0.001 -13"><span class='ocrx_word' id='word_1_620' title='bbox 2085 2780 2138 2826; x_wconf 91' lang='lat' dir='ltr'>et</span> <span class='ocrx_word' id='word_1_621' title='bbox 2166 2788 2380 2826; x_wconf 92' lang='lat' dir='ltr'>amores</span> <span class='ocrx_word' id='word_1_622' title='bbox 2411 2788 2472 2827; x_wconf 90' lang='lat' dir='ltr'>ac</span> <span class='ocrx_word' id='word_1_623' title='bbox 2500 2781 2724 2827; x_wconf 68' lang='lat' dir='ltr'>cmteros</span> <span class='ocrx_word' id='word_1_624' title='bbox 2773 2771 3016 2839; x_wconf 70' lang='lat' dir='ltr'>allectus,</span> <span class='ocrx_word' id='word_1_625' title='bbox 3058 2773 3172 2827; x_wconf 85' lang='lat' dir='ltr'>sive</span> <span class='ocrx_word' id='word_1_626' title='bbox 3200 2781 3379 2827; x_wconf 91' lang='lat' dir='ltr'>motus</span> <span class='ocrx_word' id='word_1_627' title='bbox 3408 2774 3681 2828; x_wconf 89' lang='lat' dir='ltr'>humano-</span> 
     </span>
    </p>
   </div>
   <div class='ocr_carea' id='block_1_88' title="bbox 2084 2861 3678 2928">
    <p class='ocr_par' dir='ltr' id='par_1_88' title="bbox 2084 2861 3678 2928">
     <span class='ocr_line' id='line_1_88' title="bbox 2084 2861 3678 2928; baseline 0.001 -13"><span class='ocrx_word' id='word_1_628' title='bbox 2084 2877 2201 2915; x_wconf 91' lang='lat' dir='ltr'>rum</span> <span class='ocrx_word' id='word_1_629' title='bbox 2232 2861 2553 2927; x_wconf 90' lang='lat' dir='ltr'>animorum,</span> <span class='ocrx_word' id='word_1_630' title='bbox 2602 2861 2673 2916; x_wconf 89' lang='lat' dir='ltr'>ad</span> <span class='ocrx_word' id='word_1_631' title='bbox 2718 2861 2962 2916; x_wconf 87' lang='lat' dir='ltr'>obolatas</span> <span class='ocrx_word' id='word_1_632' title='bbox 3007 2870 3058 2916; x_wconf 92' lang='lat' dir='ltr'>et</span> <span class='ocrx_word' id='word_1_633' title='bbox 3105 2869 3426 2928; x_wconf 90' lang='lat' dir='ltr'>nummatas,</span> <span class='ocrx_word' id='word_1_634' title='bbox 3463 2863 3598 2918; x_wconf 90' lang='lat' dir='ltr'>sicut</span> <span class='ocrx_word' id='word_1_635' title='bbox 3625 2863 3678 2917; x_wconf 89' lang='lat' dir='ltr'>in</span> 
     </span>
    </p>
   </div>
   <div class='ocr_carea' id='block_1_89' title="bbox 2082 2949 2540 3003">
    <p class='ocr_par' dir='ltr' id='par_1_89' title="bbox 2082 2949 2540 3003">
     <span class='ocr_line' id='line_1_89' title="bbox 2082 2949 2540 3003; baseline 0.002 -1"><span class='ocrx_word' id='word_1_636' title='bbox 2082 2950 2308 3003; x_wconf 90' lang='lat' dir='ltr'>taberna</span> <span class='ocrx_word' id='word_1_637' title='bbox 2337 2949 2540 3003; x_wconf 91' lang='lat' dir='ltr'>vinum.</span> 
     </span>
    </p>
   </div>
   <div class='ocr_carea' id='block_1_90' title="bbox 2155 3055 3679 3130">
    <p class='ocr_par' dir='ltr' id='par_1_90' title="bbox 2155 3055 3679 3130">
     <span class='ocr_line' id='line_1_90' title="bbox 2155 3055 3679 3130; baseline 0.003 -20"><span class='ocrx_word' id='word_1_638' title='bbox 2155 3057 2253 3110; x_wconf 90' lang='lat' dir='ltr'>Ilic</span> <span class='ocrx_word' id='word_1_639' title='bbox 2283 3057 2445 3110; x_wconf 91' lang='lat' dir='ltr'>homo</span> <span class='ocrx_word' id='word_1_640' title='bbox 2477 3055 2622 3110; x_wconf 90' lang='lat' dir='ltr'>dedit</span> <span class='ocrx_word' id='word_1_641' title='bbox 2645 3071 2742 3126; x_wconf 91' lang='lat' dir='ltr'>pro</span> <span class='ocrx_word' id='word_1_642' title='bbox 2772 3055 3026 3110; x_wconf 90' lang='lat' dir='ltr'>laudibus</span> <span class='ocrx_word' id='word_1_643' title='bbox 3058 3056 3239 3111; x_wconf 89' lang='lat' dir='ltr'>omnia</span> <span class='ocrx_word' id='word_1_644' title='bbox 3271 3074 3405 3125; x_wconf 89' lang='lat' dir='ltr'>sua;</span> <span class='ocrx_word' id='word_1_645' title='bbox 3436 3059 3545 3126; x_wconf 88' lang='lat' dir='ltr'>ille,</span> <span class='ocrx_word' id='word_1_646' title='bbox 3579 3076 3679 3130; x_wconf 91' lang='lat' dir='ltr'>pro</span> 
     </span>
    </p>
   </div>
   <div class='ocr_carea' id='block_1_91' title="bbox 2082 3144 3680 3218">
    <p class='ocr_par' dir='ltr' id='par_1_91' title="bbox 2082 3144 3680 3218">
     <span class='ocr_line' id='line_1_91' title="bbox 2082 3144 3680 3218; baseline 0.004 -22"><span class='ocrx_word' id='word_1_647' title='bbox 2082 3144 2355 3214; x_wconf 87' lang='lat' dir='ltr'>voluptate</span> <span class='ocrx_word' id='word_1_648' title='bbox 2384 3144 2594 3198; x_wconf 86' lang='lat' dir='ltr'>ventris</span> <span class='ocrx_word' id='word_1_649' title='bbox 2627 3153 2678 3198; x_wconf 91' lang='lat' dir='ltr'>et</span> <span class='ocrx_word' id='word_1_650' title='bbox 2702 3145 2952 3214; x_wconf 85' lang='lat' dir='ltr'>gutturis.</span> <span class='ocrx_word' id='word_1_651' title='bbox 2987 3144 3118 3212; x_wconf 89' lang='lat' dir='ltr'>Quis</span> <span class='ocrx_word' id='word_1_652' title='bbox 3149 3146 3336 3200; x_wconf 91' lang='lat' dir='ltr'>horum</span> <span class='ocrx_word' id='word_1_653' title='bbox 3367 3148 3524 3218; x_wconf 90' lang='lat' dir='ltr'>pejus</span> <span class='ocrx_word' id='word_1_654' title='bbox 3553 3164 3680 3218; x_wconf 87' lang='lat' dir='ltr'>ope-</span> 
     </span>
    </p>
   </div>
   <div class='ocr_carea' id='block_1_92' title="bbox 2081 3232 3678 3306">
    <p class='ocr_par' dir='ltr' id='par_1_92' title="bbox 2081 3232 3678 3306">
     <span class='ocr_line' id='line_1_92' title="bbox 2081 3232 3678 3306; baseline 0.004 -21"><span class='ocrx_word' id='word_1_655' title='bbox 2081 3240 2228 3286; x_wconf 90' lang='lat' dir='ltr'>ratus</span> <span class='ocrx_word' id='word_1_656' title='bbox 2258 3240 2338 3286; x_wconf 93' lang='lat' dir='ltr'>est</span> <span class='ocrx_word' id='word_1_657' title='bbox 2357 3232 2385 3284; x_wconf 65' lang='lat'>‘3</span> <span class='ocrx_word' id='word_1_658' title='bbox 2415 3233 2530 3287; x_wconf 90' lang='lat' dir='ltr'>lIoc</span> <span class='ocrx_word' id='word_1_659' title='bbox 2562 3233 2781 3302; x_wconf 76' lang='lat' dir='ltr'>quidem</span> <span class='ocrx_word' id='word_1_660' title='bbox 2813 3233 3018 3297; x_wconf 91' lang='lat' dir='ltr'>nescio,</span> <span class='ocrx_word' id='word_1_661' title='bbox 3051 3233 3146 3287; x_wconf 88' lang='lat' dir='ltr'>sed</span> <span class='ocrx_word' id='word_1_662' title='bbox 3170 3234 3282 3288; x_wconf 91' lang='lat' dir='ltr'>scio</span> <span class='ocrx_word' id='word_1_663' title='bbox 3299 3233 3527 3290; x_wconf 91' lang='lat' dir='ltr'>alterum</span> <span class='ocrx_word' id='word_1_664' title='bbox 3549 3251 3678 3306; x_wconf 90' lang='lat' dir='ltr'>por-</span> 
     </span>
    </p>
   </div>
   <div class='ocr_carea' id='block_1_93' title="bbox 2080 3320 3316 3391">
    <p class='ocr_par' dir='ltr' id='par_1_93' title="bbox 2080 3320 3316 3391">
     <span class='ocr_line' id='line_1_93' title="bbox 2080 3320 3316 3391; baseline 0.002 -17"><span class='ocrx_word' id='word_1_665' title='bbox 2080 3320 2221 3384; x_wconf 89' lang='lat' dir='ltr'>cina,</span> <span class='ocrx_word' id='word_1_666' title='bbox 2256 3320 2484 3374; x_wconf 89' lang='lat' dir='ltr'>alterum</span> <span class='ocrx_word' id='word_1_667' title='bbox 2514 3321 2785 3375; x_wconf 89' lang='lat' dir='ltr'>diabolica</span> <span class='ocrx_word' id='word_1_668' title='bbox 2816 3321 3088 3391; x_wconf 87' lang='lat' dir='ltr'>voluptate</span> <span class='ocrx_word' id='word_1_669' title='bbox 3117 3330 3316 3378; x_wconf 88' lang='lat' dir='ltr'>actum.</span> 
     </span>
    </p>
   </div>
   <div class='ocr_carea' id='block_1_94' title="bbox 2146 3425 3678 3499">
    <p class='ocr_par' dir='ltr' id='par_1_94' title="bbox 2146 3425 3678 3499">
     <span class='ocr_line' id='line_1_94' title="bbox 2146 3425 3678 3499; baseline 0.003 -20"><span class='ocrx_word' id='word_1_670' title='bbox 2146 3425 2325 3494; x_wconf 89' lang='lat' dir='ltr'>Quare</span> <span class='ocrx_word' id='word_1_671' title='bbox 2356 3427 2436 3480; x_wconf 85' lang='lat' dir='ltr'>vis</span> <span class='ocrx_word' id='word_1_672' title='bbox 2466 3425 2633 3479; x_wconf 91' lang='lat' dir='ltr'>amari</span> <span class='ocrx_word' id='word_1_673' title='bbox 2661 3426 2728 3480; x_wconf 89' lang='lat' dir='ltr'>ab</span> <span class='ocrx_word' id='word_1_674' title='bbox 2761 3426 3068 3480; x_wconf 90' lang='lat' dir='ltr'>hominibus</span> <span class='ocrx_word' id='word_1_675' title='bbox 3089 3426 3116 3480; x_wconf 85' lang='lat'><strong><em>?</em></strong></span> <span class='ocrx_word' id='word_1_676' title='bbox 3148 3429 3360 3499; x_wconf 86' lang='lat' dir='ltr'>Utique,</span> <span class='ocrx_word' id='word_1_677' title='bbox 3409 3436 3466 3482; x_wconf 86' lang='lat' dir='ltr'>ut</span> <span class='ocrx_word' id='word_1_678' title='bbox 3495 3429 3678 3483; x_wconf 88' lang='lat' dir='ltr'>adsint</span> 
     </span>
    </p>
   </div>
   <div class='ocr_carea' id='block_1_95' title="bbox 2079 3515 3672 3587">
    <p class='ocr_par' dir='ltr' id='par_1_95' title="bbox 2079 3515 3672 3587">
     <span class='ocr_line' id='line_1_95' title="bbox 2079 3515 3672 3587; baseline 0.002 -20"><span class='ocrx_word' id='word_1_679' title='bbox 2079 3515 2228 3579; x_wconf 89' lang='lat' dir='ltr'>mihi,</span> <span class='ocrx_word' id='word_1_680' title='bbox 2263 3515 2316 3568; x_wconf 90' lang='lat' dir='ltr'>id</span> <span class='ocrx_word' id='word_1_681' title='bbox 2349 3523 2429 3568; x_wconf 90' lang='lat' dir='ltr'>est</span> <span class='ocrx_word' id='word_1_682' title='bbox 2459 3516 2581 3569; x_wconf 89' lang='lat' dir='ltr'>huic</span> <span class='ocrx_word' id='word_1_683' title='bbox 2625 3515 2746 3569; x_wconf 64' lang='lat' dir='ltr'>vitae</span> <span class='ocrx_word' id='word_1_684' title='bbox 2779 3531 2931 3570; x_wconf 74' lang='lat' dir='ltr'>meae.</span> <span class='ocrx_word' id='word_1_685' title='bbox 2962 3516 3111 3586; x_wconf 86' lang='lat' dir='ltr'>Ergo</span> <span class='ocrx_word' id='word_1_686' title='bbox 3144 3517 3270 3587; x_wconf 90' lang='lat' dir='ltr'>quia</span> <span class='ocrx_word' id='word_1_687' title='bbox 3302 3517 3470 3572; x_wconf 90' lang='lat' dir='ltr'>sentis</span> <span class='ocrx_word' id='word_1_688' title='bbox 3501 3525 3550 3571; x_wconf 92' lang='lat' dir='ltr'>te</span> <span class='ocrx_word' id='word_1_689' title='bbox 3583 3517 3672 3570; x_wconf 91' lang='lat' dir='ltr'>in—</span> 
     </span>
    </p>
   </div>
   <div class='ocr_carea' id='block_1_96' title="bbox 2080 3601 3670 3676">
    <p class='ocr_par' dir='ltr' id='par_1_96' title="bbox 2080 3601 3670 3676">
     <span class='ocr_line' id='line_1_96' title="bbox 2080 3601 3670 3676; baseline 0.003 -21"><span class='ocrx_word' id='word_1_690' title='bbox 2080 3601 2328 3667; x_wconf 87' lang='lat' dir='ltr'>ﬁrmum,</span> <span class='ocrx_word' id='word_1_691' title='bbox 2363 3611 2415 3656; x_wconf 90' lang='lat' dir='ltr'>et</span> <span class='ocrx_word' id='word_1_692' title='bbox 2443 3619 2634 3658; x_wconf 90' lang='lat' dir='ltr'>eorum</span> <span class='ocrx_word' id='word_1_693' title='bbox 2677 3604 2947 3658; x_wconf 71' lang='lat' dir='ltr'>violentia:</span> <span class='ocrx_word' id='word_1_694' title='bbox 2997 3605 3352 3659; x_wconf 90' lang='lat' dir='ltr'>succumbere</span> <span class='ocrx_word' id='word_1_695' title='bbox 3397 3613 3670 3676; x_wconf 90' lang='lat' dir='ltr'>paratum.</span> 
     </span>
    </p>
   </div>
   <div class='ocr_carea' id='block_1_97' title="bbox 2081 3691 3675 3760">
    <p class='ocr_par' dir='ltr' id='par_1_97' title="bbox 2081 3691 3675 3760">
     <span class='ocr_line' id='line_1_97' title="bbox 2081 3691 3675 3760; baseline 0.003 -16"><span class='ocrx_word' id='word_1_696' title='bbox 2081 3691 2244 3758; x_wconf 89' lang='lat' dir='ltr'>Quasi</span> <span class='ocrx_word' id='word_1_697' title='bbox 2291 3693 2440 3747; x_wconf 87' lang='lat' dir='ltr'>dicas</span> <span class='ocrx_word' id='word_1_698' title='bbox 2476 3710 2488 3746; x_wconf 89' lang='lat'><strong>:</strong></span> <span class='ocrx_word' id='word_1_699' title='bbox 2525 3693 2579 3748; x_wconf 92' lang='lat' dir='ltr'>Si</span> <span class='ocrx_word' id='word_1_700' title='bbox 2607 3692 2872 3746; x_wconf 88' lang='lat' dir='ltr'>voluerint</span> <span class='ocrx_word' id='word_1_701' title='bbox 2914 3693 3182 3757; x_wconf 89' lang='lat' dir='ltr'>homines,</span> <span class='ocrx_word' id='word_1_702' title='bbox 3229 3694 3464 3760; x_wconf 89' lang='lat' dir='ltr'>moriar;</span> <span class='ocrx_word' id='word_1_703' title='bbox 3498 3694 3542 3747; x_wconf 91' lang='lat' dir='ltr'>si</span> <span class='ocrx_word' id='word_1_704' title='bbox 3571 3709 3675 3748; x_wconf 89' lang='lat' dir='ltr'>vo-</span> 
     </span>
    </p>
   </div>
   <div class='ocr_carea' id='block_1_98' title="bbox 2078 3780 3675 3848">
    <p class='ocr_par' dir='ltr' id='par_1_98' title="bbox 2078 3780 3675 3848">
     <span class='ocr_line' id='line_1_98' title="bbox 2078 3780 3675 3848; baseline 0.002 -16"><span class='ocrx_word' id='word_1_705' title='bbox 2078 3780 2292 3845; x_wconf 89' lang='lat' dir='ltr'>luerint,</span> <span class='ocrx_word' id='word_1_706' title='bbox 2327 3781 2524 3835; x_wconf 87' lang='lat' dir='ltr'>vivam.</span> <span class='ocrx_word' id='word_1_707' title='bbox 2555 3780 2712 3848; x_wconf 87' lang='lat' dir='ltr'>Quod</span> <span class='ocrx_word' id='word_1_708' title='bbox 2763 3780 2956 3834; x_wconf 88' lang='lat' dir='ltr'>falsum</span> <span class='ocrx_word' id='word_1_709' title='bbox 3007 3789 3110 3835; x_wconf 90' lang='lat' dir='ltr'>est.</span> <span class='ocrx_word' id='word_1_710' title='bbox 3160 3781 3484 3836; x_wconf 89' lang='lat' dir='ltr'>Necessario</span> <span class='ocrx_word' id='word_1_711' title='bbox 3528 3781 3675 3835; x_wconf 89' lang='lat' dir='ltr'>enim</span> 
     </span>
    </p>
   </div>
   <div class='ocr_carea' id='block_1_99' title="bbox 2078 3868 3673 3939">
    <p class='ocr_par' dir='ltr' id='par_1_99' title="bbox 2078 3868 3673 3939">
     <span class='ocr_line' id='line_1_99' title="bbox 2078 3868 3673 3939; baseline 0.001 -18"><span class='ocrx_word' id='word_1_712' title='bbox 2078 3868 2352 3935; x_wconf 90' lang='lat' dir='ltr'>morieris,</span> <span class='ocrx_word' id='word_1_713' title='bbox 2384 3868 2498 3924; x_wconf 91' lang='lat' dir='ltr'>sive</span> <span class='ocrx_word' id='word_1_714' title='bbox 2529 3869 2605 3922; x_wconf 89' lang='lat' dir='ltr'>illi</span> <span class='ocrx_word' id='word_1_715' title='bbox 2636 3869 2825 3936; x_wconf 82' lang='lat' dir='ltr'>velint,</span> <span class='ocrx_word' id='word_1_716' title='bbox 2861 3869 2975 3923; x_wconf 87' lang='lat' dir='ltr'>sive</span> <span class='ocrx_word' id='word_1_717' title='bbox 2997 3869 3188 3924; x_wconf 91' lang='lat' dir='ltr'>nolint.</span> <span class='ocrx_word' id='word_1_718' title='bbox 3216 3869 3357 3936; x_wconf 89' lang='lat' dir='ltr'>Quid</span> <span class='ocrx_word' id='word_1_719' title='bbox 3377 3869 3519 3924; x_wconf 90' lang='lat' dir='ltr'>enim</span> <span class='ocrx_word' id='word_1_720' title='bbox 3537 3885 3673 3939; x_wconf 89' lang='lat' dir='ltr'>ages</span> 
     </span>
    </p>
   </div>
   <div class='ocr_carea' id='block_1_100' title="bbox 2079 3957 3672 4030">
    <p class='ocr_par' dir='ltr' id='par_1_100' title="bbox 2079 3957 3672 4030">
     <span class='ocr_line' id='line_1_100' title="bbox 2079 3957 3672 4030; baseline 0.001 -20"><span class='ocrx_word' id='word_1_721' title='bbox 2079 3965 2137 4010; x_wconf 92' lang='lat' dir='ltr'>ut</span> <span class='ocrx_word' id='word_1_722' title='bbox 2165 3972 2273 4010; x_wconf 91' lang='lat' dir='ltr'>non</span> <span class='ocrx_word' id='word_1_723' title='bbox 2305 3957 2559 4012; x_wconf 90' lang='lat' dir='ltr'>moriaris</span> <span class='ocrx_word' id='word_1_724' title='bbox 2581 3958 2608 4012; x_wconf 84' lang='lat'><strong><em>?</em></strong></span> <span class='ocrx_word' id='word_1_725' title='bbox 2639 3958 2785 4029; x_wconf 89' lang='lat' dir='ltr'>Ergo</span> <span class='ocrx_word' id='word_1_726' title='bbox 2816 3965 2971 4027; x_wconf 91' lang='lat' dir='ltr'>optas</span> <span class='ocrx_word' id='word_1_727' title='bbox 3004 3974 3201 4030; x_wconf 87' lang='lat' dir='ltr'>magna</span> <span class='ocrx_word' id='word_1_728' title='bbox 3230 3959 3298 4012; x_wconf 86' lang='lat' dir='ltr'>de</span> <span class='ocrx_word' id='word_1_729' title='bbox 3329 3966 3381 4012; x_wconf 90' lang='lat' dir='ltr'>te</span> <span class='ocrx_word' id='word_1_730' title='bbox 3410 3958 3496 4012; x_wconf 86' lang='lat' dir='ltr'>vel</span> <span class='ocrx_word' id='word_1_731' title='bbox 3527 3958 3672 4012; x_wconf 90' lang='lat' dir='ltr'>bona</span> 
     </span>
    </p>
   </div>
   <div class='ocr_carea' id='block_1_101' title="bbox 2078 4045 3675 4116">
    <p class='ocr_par' dir='ltr' id='par_1_101' title="bbox 2078 4045 3675 4116">
     <span class='ocr_line' id='line_1_101' title="bbox 2078 4045 3675 4116; baseline -0.001 -16"><span class='ocrx_word' id='word_1_732' title='bbox 2078 4046 2291 4116; x_wconf 90' lang='lat' dir='ltr'>opinari</span> <span class='ocrx_word' id='word_1_733' title='bbox 2337 4045 2603 4111; x_wconf 87' lang='lat' dir='ltr'>homines,</span> <span class='ocrx_word' id='word_1_734' title='bbox 2638 4054 2696 4099; x_wconf 90' lang='lat' dir='ltr'>ut</span> <span class='ocrx_word' id='word_1_735' title='bbox 2740 4054 2792 4100; x_wconf 91' lang='lat' dir='ltr'>te</span> <span class='ocrx_word' id='word_1_736' title='bbox 2833 4054 3015 4100; x_wconf 91' lang='lat' dir='ltr'>ament</span> <span class='ocrx_word' id='word_1_737' title='bbox 3063 4055 3152 4099; x_wconf 88' lang='lat' dir='ltr'>aut</span> <span class='ocrx_word' id='word_1_738' title='bbox 3204 4046 3441 4100; x_wconf 89' lang='lat' dir='ltr'>timeant.</span> <span class='ocrx_word' id='word_1_739' title='bbox 3479 4048 3675 4102; x_wconf 81' lang='lat' dir='ltr'>Ament</span> 
     </span>
    </p>
   </div>
   <div class='ocr_carea' id='block_1_102' title="bbox 2077 4133 3671 4204">
    <p class='ocr_par' dir='ltr' id='par_1_102' title="bbox 2077 4133 3671 4204">
     <span class='ocr_line' id='line_1_102' title="bbox 2077 4133 3671 4204; baseline 0.001 -18"><span class='ocrx_word' id='word_1_740' title='bbox 2077 4142 2255 4188; x_wconf 88' lang='lat' dir='ltr'>autem</span> <span class='ocrx_word' id='word_1_741' title='bbox 2287 4133 2372 4187; x_wconf 87' lang='lat' dir='ltr'>vel</span> <span class='ocrx_word' id='word_1_742' title='bbox 2403 4133 2645 4197; x_wconf 87' lang='lat' dir='ltr'>timeant,</span> <span class='ocrx_word' id='word_1_743' title='bbox 2679 4141 2736 4187; x_wconf 84' lang='lat' dir='ltr'>ut</span> <span class='ocrx_word' id='word_1_744' title='bbox 2766 4134 2994 4204; x_wconf 67' lang='lat' dir='ltr'>prosint,</span> <span class='ocrx_word' id='word_1_745' title='bbox 3028 4133 3114 4188; x_wconf 88' lang='lat' dir='ltr'>vel</span> <span class='ocrx_word' id='word_1_746' title='bbox 3133 4150 3239 4188; x_wconf 89' lang='lat' dir='ltr'>non</span> <span class='ocrx_word' id='word_1_747' title='bbox 3261 4133 3462 4188; x_wconf 90' lang='lat' dir='ltr'>obsint.</span> <span class='ocrx_word' id='word_1_748' title='bbox 3487 4135 3671 4189; x_wconf 86' lang='lat' dir='ltr'>Econ-</span> 
     </span>
    </p>
   </div>
   <div class='ocr_carea' id='block_1_103' title="bbox 2077 4222 3669 4292">
    <p class='ocr_par' dir='ltr' id='par_1_103' title="bbox 2077 4222 3669 4292">
     <span class='ocr_line' id='line_1_103' title="bbox 2077 4222 3669 4292; baseline -0.001 -16"><span class='ocrx_word' id='word_1_749' title='bbox 2077 4231 2158 4276; x_wconf 90' lang='lat' dir='ltr'>tra</span> <span class='ocrx_word' id='word_1_750' title='bbox 2188 4222 2385 4276; x_wconf 90' lang='lat' dir='ltr'>metuis</span> <span class='ocrx_word' id='word_1_751' title='bbox 2416 4222 2500 4276; x_wconf 91' lang='lat' dir='ltr'>vel</span> <span class='ocrx_word' id='word_1_752' title='bbox 2531 4222 2767 4276; x_wconf 89' lang='lat' dir='ltr'>abhores</span> <span class='ocrx_word' id='word_1_753' title='bbox 2795 4238 2961 4292; x_wconf 85' lang='lat' dir='ltr'>prava</span> <span class='ocrx_word' id='word_1_754' title='bbox 2993 4222 3060 4275; x_wconf 92' lang='lat' dir='ltr'>de</span> <span class='ocrx_word' id='word_1_755' title='bbox 3089 4230 3140 4276; x_wconf 92' lang='lat' dir='ltr'>te</span> <span class='ocrx_word' id='word_1_756' title='bbox 3165 4222 3252 4276; x_wconf 87' lang='lat' dir='ltr'>vel</span> <span class='ocrx_word' id='word_1_757' title='bbox 3281 4222 3425 4276; x_wconf 90' lang='lat' dir='ltr'>mala</span> <span class='ocrx_word' id='word_1_758' title='bbox 3457 4222 3669 4292; x_wconf 84' lang='lat' dir='ltr'>opinari</span> 
     </span>
    </p>
   </div>
   <div class='ocr_carea' id='block_1_104' title="bbox 2078 4310 3672 4376">
    <p class='ocr_par' dir='ltr' id='par_1_104' title="bbox 2078 4310 3672 4376">
     <span class='ocr_line' id='line_1_104' title="bbox 2078 4310 3672 4376; baseline 0.001 -13"><span class='ocrx_word' id='word_1_759' title='bbox 2078 4310 2346 4376; x_wconf 90' lang='lat' dir='ltr'>homines,</span> <span class='ocrx_word' id='word_1_760' title='bbox 2398 4327 2466 4364; x_wconf 90' lang='lat' dir='ltr'>ne</span> <span class='ocrx_word' id='word_1_761' title='bbox 2514 4310 2725 4364; x_wconf 90' lang='lat' dir='ltr'>oderint</span> <span class='ocrx_word' id='word_1_762' title='bbox 2765 4319 2854 4364; x_wconf 90' lang='lat' dir='ltr'>aut</span> <span class='ocrx_word' id='word_1_763' title='bbox 2909 4318 3275 4376; x_wconf 88' lang='lat' dir='ltr'>contemnant,</span> <span class='ocrx_word' id='word_1_764' title='bbox 3330 4319 3422 4364; x_wconf 90' lang='lat' dir='ltr'>aut</span> <span class='ocrx_word' id='word_1_765' title='bbox 3467 4327 3535 4364; x_wconf 91' lang='lat' dir='ltr'>ne</span> <span class='ocrx_word' id='word_1_766' title='bbox 3566 4325 3672 4364; x_wconf 81' lang='lat' dir='ltr'>no-</span> 
     </span>
    </p>
   </div>
   <div class='ocr_carea' id='block_1_105' title="bbox 2077 4399 3670 4469">
    <p class='ocr_par' dir='ltr' id='par_1_105' title="bbox 2077 4399 3670 4469">
     <span class='ocr_line' id='line_1_105' title="bbox 2077 4399 3670 4469; baseline -0.001 -15"><span class='ocrx_word' id='word_1_767' title='bbox 2077 4407 2253 4463; x_wconf 88' lang='lat' dir='ltr'>ceant,</span> <span class='ocrx_word' id='word_1_768' title='bbox 2292 4406 2384 4453; x_wconf 89' lang='lat' dir='ltr'>aut</span> <span class='ocrx_word' id='word_1_769' title='bbox 2415 4407 2564 4454; x_wconf 92' lang='lat' dir='ltr'>certe</span> <span class='ocrx_word' id='word_1_770' title='bbox 2593 4407 2650 4453; x_wconf 93' lang='lat' dir='ltr'>ut</span> <span class='ocrx_word' id='word_1_771' title='bbox 2691 4414 2800 4454; x_wconf 92' lang='lat' dir='ltr'>non</span> <span class='ocrx_word' id='word_1_772' title='bbox 2831 4399 3062 4469; x_wconf 91' lang='lat' dir='ltr'>prosint.</span> <span class='ocrx_word' id='word_1_773' title='bbox 3097 4399 3214 4454; x_wconf 88' lang='lat' dir='ltr'>Hoc</span> <span class='ocrx_word' id='word_1_774' title='bbox 3240 4407 3416 4453; x_wconf 89' lang='lat' dir='ltr'>autem</span> <span class='ocrx_word' id='word_1_775' title='bbox 3447 4405 3670 4469; x_wconf 89' lang='lat' dir='ltr'>propter</span> 
     </span>
    </p>
   </div>
   <div class='ocr_carea' id='block_1_106' title="bbox 2077 4486 3672 4558">
    <p class='ocr_par' dir='ltr' id='par_1_106' title="bbox 2077 4486 3672 4558">
     <span class='ocr_line' id='line_1_106' title="bbox 2077 4486 3672 4558; baseline -0.001 -16"><span class='ocrx_word' id='word_1_776' title='bbox 2077 4489 2252 4558; x_wconf 90' lang='lat' dir='ltr'>ipsam</span> <span class='ocrx_word' id='word_1_777' title='bbox 2319 4487 2705 4557; x_wconf 87' lang='lat' dir='ltr'>experientiam</span> <span class='ocrx_word' id='word_1_778' title='bbox 2770 4486 3091 4542; x_wconf 87' lang='lat' dir='ltr'>inﬁrmitatis</span> <span class='ocrx_word' id='word_1_779' title='bbox 3153 4496 3316 4558; x_wconf 88' lang='lat' dir='ltr'>atque</span> <span class='ocrx_word' id='word_1_780' title='bbox 3379 4487 3672 4542; x_wconf 89' lang='lat' dir='ltr'>debilitatis</span> 
     </span>
    </p>
   </div>
   <div class='ocr_carea' id='block_1_107' title="bbox 2076 4575 3670 4648">
    <p class='ocr_par' dir='ltr' id='par_1_107' title="bbox 2076 4575 3670 4648">
     <span class='ocr_line' id='line_1_107' title="bbox 2076 4575 3670 4648; baseline 0 -18"><span class='ocrx_word' id='word_1_781' title='bbox 2076 4592 2237 4648; x_wconf 88' lang='lat' dir='ltr'>quam</span> <span class='ocrx_word' id='word_1_782' title='bbox 2272 4575 2608 4644; x_wconf 69' lang='lat' dir='ltr'>contraxisti,</span> <span class='ocrx_word' id='word_1_783' title='bbox 2643 4593 2675 4628; x_wconf 90' lang='lat' dir='ltr'>a</span> <span class='ocrx_word' id='word_1_784' title='bbox 2705 4577 2820 4630; x_wconf 92' lang='lat' dir='ltr'>Deo</span> <span class='ocrx_word' id='word_1_785' title='bbox 2855 4577 3185 4640; x_wconf 87' lang='lat' dir='ltr'>recedendo,</span> <span class='ocrx_word' id='word_1_786' title='bbox 3244 4583 3297 4629; x_wconf 91' lang='lat' dir='ltr'>et</span> <span class='ocrx_word' id='word_1_787' title='bbox 3327 4575 3670 4630; x_wconf 89' lang='lat' dir='ltr'>instabilibus</span> 
     </span>
    </p>
   </div>
   <div class='ocr_carea' id='block_1_108' title="bbox 2078 4663 3666 4736">
    <p class='ocr_par' dir='ltr' id='par_1_108' title="bbox 2078 4663 3666 4736">
     <span class='ocr_line' id='line_1_108' title="bbox 2078 4663 3666 4736; baseline -0.001 -17"><span class='ocrx_word' id='word_1_788' title='bbox 2078 4673 2242 4736; x_wconf 91' lang='lat' dir='ltr'>atque</span> <span class='ocrx_word' id='word_1_789' title='bbox 2272 4663 2498 4718; x_wconf 89' lang='lat' dir='ltr'>inﬁrmis</span> <span class='ocrx_word' id='word_1_790' title='bbox 2528 4664 2844 4719; x_wconf 69' lang='lat' dir='ltr'>inhaarendo</span> <span class='ocrx_word' id='word_1_791' title='bbox 2876 4673 2928 4719; x_wconf 88' lang='lat' dir='ltr'>et</span> <span class='ocrx_word' id='word_1_792' title='bbox 2959 4664 3260 4718; x_wconf 91' lang='lat' dir='ltr'>innitendo.</span> <span class='ocrx_word' id='word_1_793' title='bbox 3295 4664 3350 4719; x_wconf 91' lang='lat' dir='ltr'>Si</span> <span class='ocrx_word' id='word_1_794' title='bbox 3381 4664 3525 4718; x_wconf 90' lang='lat' dir='ltr'>enim</span> <span class='ocrx_word' id='word_1_795' title='bbox 3555 4679 3666 4718; x_wconf 89' lang='lat' dir='ltr'>non</span> 
     </span>
    </p>
   </div>
   <div class='ocr_carea' id='block_1_109' title="bbox 2077 4751 3670 4824">
    <p class='ocr_par' dir='ltr' id='par_1_109' title="bbox 2077 4751 3670 4824">
     <span class='ocr_line' id='line_1_109' title="bbox 2077 4751 3670 4824; baseline -0.003 -16"><span class='ocrx_word' id='word_1_796' title='bbox 2077 4754 2307 4808; x_wconf 89' lang='lat' dir='ltr'>sentires</span> <span class='ocrx_word' id='word_1_797' title='bbox 2338 4769 2523 4807; x_wconf 89' lang='lat' dir='ltr'>eorum</span> <span class='ocrx_word' id='word_1_798' title='bbox 2553 4753 2810 4808; x_wconf 90' lang='lat' dir='ltr'>vilitatem</span> <span class='ocrx_word' id='word_1_799' title='bbox 2843 4761 3004 4824; x_wconf 88' lang='lat' dir='ltr'>atque</span> <span class='ocrx_word' id='word_1_800' title='bbox 3034 4751 3424 4821; x_wconf 87' lang='lat' dir='ltr'>inﬁrmitatem,</span> <span class='ocrx_word' id='word_1_801' title='bbox 3458 4768 3566 4806; x_wconf 92' lang='lat' dir='ltr'>non</span> <span class='ocrx_word' id='word_1_802' title='bbox 3597 4752 3670 4805; x_wconf 92' lang='lat' dir='ltr'>ti-</span> 
     </span>
    </p>
   </div>
   <div class='ocr_carea' id='block_1_110' title="bbox 2076 4840 3670 4913">
    <p class='ocr_par' dir='ltr' id='par_1_110' title="bbox 2076 4840 3670 4913">
     <span class='ocr_line' id='line_1_110' title="bbox 2076 4840 3670 4913; baseline 0 -19"><span class='ocrx_word' id='word_1_803' title='bbox 2076 4857 2258 4897; x_wconf 90' lang='lat' dir='ltr'>meres</span> <span class='ocrx_word' id='word_1_804' title='bbox 2294 4857 2392 4912; x_wconf 92' lang='lat' dir='ltr'>pro</span> <span class='ocrx_word' id='word_1_805' title='bbox 2441 4842 2542 4900; x_wconf 90' lang='lat' dir='ltr'>eis.</span> <span class='ocrx_word' id='word_1_806' title='bbox 2583 4849 2744 4913; x_wconf 88' lang='lat' dir='ltr'>atque</span> <span class='ocrx_word' id='word_1_807' title='bbox 2776 4841 3008 4895; x_wconf 90' lang='lat' dir='ltr'>doleres.</span> <span class='ocrx_word' id='word_1_808' title='bbox 3044 4841 3151 4896; x_wconf 90' lang='lat' dir='ltr'>Sed</span> <span class='ocrx_word' id='word_1_809' title='bbox 3183 4841 3340 4895; x_wconf 91' lang='lat' dir='ltr'>times</span> <span class='ocrx_word' id='word_1_810' title='bbox 3368 4857 3467 4910; x_wconf 91' lang='lat' dir='ltr'>pro</span> <span class='ocrx_word' id='word_1_811' title='bbox 3495 4840 3574 4894; x_wconf 90' lang='lat' dir='ltr'>eis</span> <span class='ocrx_word' id='word_1_812' title='bbox 3604 4855 3670 4894; x_wconf 89' lang='lat' dir='ltr'>ac</span> 
     </span>
    </p>
   </div>
   <div class='ocr_carea' id='block_1_111' title="bbox 2075 4928 3669 5000">
    <p class='ocr_par' dir='ltr' id='par_1_111' title="bbox 2075 4928 3669 5000">
     <span class='ocr_line' id='line_1_111' title="bbox 2075 4928 3669 5000; baseline -0.001 -16"><span class='ocrx_word' id='word_1_813' title='bbox 2075 4930 2247 4996; x_wconf 91' lang='lat' dir='ltr'>doles,</span> <span class='ocrx_word' id='word_1_814' title='bbox 2283 4946 2408 4985; x_wconf 90' lang='lat' dir='ltr'>cum</span> <span class='ocrx_word' id='word_1_815' title='bbox 2436 4929 2687 4985; x_wconf 90' lang='lat' dir='ltr'>videlicet</span> <span class='ocrx_word' id='word_1_816' title='bbox 2737 4938 2962 5000; x_wconf 89' lang='lat' dir='ltr'>pereunt</span> <span class='ocrx_word' id='word_1_817' title='bbox 3010 4937 3101 4983; x_wconf 87' lang='lat' dir='ltr'>aut</span> <span class='ocrx_word' id='word_1_818' title='bbox 3153 4928 3487 4983; x_wconf 88' lang='lat' dir='ltr'>auferuntur.</span> <span class='ocrx_word' id='word_1_819' title='bbox 3521 4930 3669 5000; x_wconf 87' lang='lat' dir='ltr'>Ergo</span> 
     </span>
    </p>
   </div>
   <div class='ocr_carea' id='block_1_112' title="bbox 2075 5016 3671 5090">
    <p class='ocr_par' dir='ltr' id='par_1_112' title="bbox 2075 5016 3671 5090">
     <span class='ocr_line' id='line_1_112' title="bbox 2075 5016 3671 5090; baseline -0.003 -17"><span class='ocrx_word' id='word_1_820' title='bbox 2075 5019 2366 5090; x_wconf 85' lang='lat' dir='ltr'>cognoscis</span> <span class='ocrx_word' id='word_1_821' title='bbox 2395 5034 2583 5073; x_wconf 91' lang='lat' dir='ltr'>eorum</span> <span class='ocrx_word' id='word_1_822' title='bbox 2632 5017 2890 5072; x_wconf 89' lang='lat' dir='ltr'>vilitatem</span> <span class='ocrx_word' id='word_1_823' title='bbox 2919 5026 2972 5072; x_wconf 93' lang='lat' dir='ltr'>et</span> <span class='ocrx_word' id='word_1_824' title='bbox 3001 5016 3384 5071; x_wconf 88' lang='lat' dir='ltr'>inﬁrmitatem.</span> <span class='ocrx_word' id='word_1_825' title='bbox 3419 5017 3671 5086; x_wconf 86' lang='lat' dir='ltr'>Quapro-</span> 
     </span>
    </p>
   </div>
   <div class='ocr_carea' id='block_1_113' title="bbox 2073 5105 3667 5177">
    <p class='ocr_par' dir='ltr' id='par_1_113' title="bbox 2073 5105 3667 5177">
     <span class='ocr_line' id='line_1_113' title="bbox 2073 5105 3667 5177; baseline -0.002 -16"><span class='ocrx_word' id='word_1_826' title='bbox 2073 5115 2196 5177; x_wconf 91' lang='lat' dir='ltr'>pter</span> <span class='ocrx_word' id='word_1_827' title='bbox 2226 5107 2428 5161; x_wconf 91' lang='lat' dir='ltr'>nullam</span> <span class='ocrx_word' id='word_1_828' title='bbox 2457 5115 2610 5176; x_wconf 91' lang='lat' dir='ltr'>potes</span> <span class='ocrx_word' id='word_1_829' title='bbox 2631 5106 2852 5161; x_wconf 90' lang='lat' dir='ltr'>omnino</span> <span class='ocrx_word' id='word_1_830' title='bbox 2874 5106 3280 5160; x_wconf 90' lang='lat' dir='ltr'>excusationem</span> <span class='ocrx_word' id='word_1_831' title='bbox 3303 5105 3667 5175; x_wconf 71' lang='lat' dir='ltr'>praetendere,</span> 
     </span>
    </p>
   </div>
   <div class='ocr_carea' id='block_1_114' title="bbox 2075 5191 3671 5266">
    <p class='ocr_par' dir='ltr' id='par_1_114' title="bbox 2075 5191 3671 5266">
     <span class='ocr_line' id='line_1_114' title="bbox 2075 5191 3671 5266; baseline -0.003 -18"><span class='ocrx_word' id='word_1_832' title='bbox 2075 5195 2221 5266; x_wconf 92' lang='lat' dir='ltr'>quod</span> <span class='ocrx_word' id='word_1_833' title='bbox 2261 5211 2327 5250; x_wconf 90' lang='lat' dir='ltr'>ea</span> <span class='ocrx_word' id='word_1_834' title='bbox 2360 5195 2562 5266; x_wconf 86' lang='lat' dir='ltr'>diligis,</span> <span class='ocrx_word' id='word_1_835' title='bbox 2597 5202 2685 5249; x_wconf 90' lang='lat' dir='ltr'>aut</span> <span class='ocrx_word' id='word_1_836' title='bbox 2715 5195 2794 5249; x_wconf 90' lang='lat' dir='ltr'>eis</span> <span class='ocrx_word' id='word_1_837' title='bbox 2824 5194 3098 5248; x_wconf 89' lang='lat' dir='ltr'>inniteris.</span> <span class='ocrx_word' id='word_1_838' title='bbox 3137 5194 3332 5247; x_wconf 90' lang='lat' dir='ltr'>Mirum</span> <span class='ocrx_word' id='word_1_839' title='bbox 3348 5201 3526 5248; x_wconf 90' lang='lat' dir='ltr'>tamen</span> <span class='ocrx_word' id='word_1_840' title='bbox 3557 5191 3671 5247; x_wconf 82' lang='lat' dir='ltr'>val-</span> 
     </span>
    </p>
   </div>
   <div class='ocr_carea' id='block_1_115' title="bbox 2073 5281 3674 5351">
    <p class='ocr_par' dir='ltr' id='par_1_115' title="bbox 2073 5281 3674 5351">
     <span class='ocr_line' id='line_1_115' title="bbox 2073 5281 3674 5351; baseline -0.003 -13"><span class='ocrx_word' id='word_1_841' title='bbox 2073 5284 2142 5338; x_wconf 90' lang='lat' dir='ltr'>de</span> <span class='ocrx_word' id='word_1_842' title='bbox 2190 5293 2270 5338; x_wconf 87' lang='lat' dir='ltr'>est</span> <span class='ocrx_word' id='word_1_843' title='bbox 2320 5283 2544 5351; x_wconf 88' lang='lat' dir='ltr'>alicujus</span> <span class='ocrx_word' id='word_1_844' title='bbox 2597 5283 2675 5337; x_wconf 90' lang='lat' dir='ltr'>rei</span> <span class='ocrx_word' id='word_1_845' title='bbox 2730 5281 3099 5336; x_wconf 89' lang='lat' dir='ltr'>inﬁrmitatem</span> <span class='ocrx_word' id='word_1_846' title='bbox 3138 5282 3361 5346; x_wconf 90' lang='lat' dir='ltr'>sentire,</span> <span class='ocrx_word' id='word_1_847' title='bbox 3410 5290 3462 5335; x_wconf 91' lang='lat' dir='ltr'>et</span> <span class='ocrx_word' id='word_1_848' title='bbox 3491 5289 3674 5335; x_wconf 88' lang='lat' dir='ltr'>tamen</span> 
     </span>
    </p>
   </div>
   <div class='ocr_carea' id='block_1_116' title="bbox 2073 5369 3665 5438">
    <p class='ocr_par' dir='ltr' id='par_1_116' title="bbox 2073 5369 3665 5438">
     <span class='ocr_line' id='line_1_116' title="bbox 2073 5369 3665 5438; baseline -0.001 -14"><span class='ocrx_word' id='word_1_849' title='bbox 2073 5371 2226 5426; x_wconf 89' lang='lat' dir='ltr'>inniti</span> <span class='ocrx_word' id='word_1_850' title='bbox 2256 5372 2324 5438; x_wconf 90' lang='lat' dir='ltr'>ei,</span> <span class='ocrx_word' id='word_1_851' title='bbox 2356 5371 2616 5426; x_wconf 88' lang='lat' dir='ltr'>vilitatem</span> <span class='ocrx_word' id='word_1_852' title='bbox 2648 5387 2831 5438; x_wconf 90' lang='lat' dir='ltr'>nosse,</span> <span class='ocrx_word' id='word_1_853' title='bbox 2866 5380 2918 5425; x_wconf 90' lang='lat' dir='ltr'>et</span> <span class='ocrx_word' id='word_1_854' title='bbox 2939 5387 3122 5425; x_wconf 90' lang='lat' dir='ltr'>amare</span> <span class='ocrx_word' id='word_1_855' title='bbox 3146 5371 3258 5424; x_wconf 89' lang='lat' dir='ltr'>sive</span> <span class='ocrx_word' id='word_1_856' title='bbox 3285 5369 3491 5423; x_wconf 90' lang='lat' dir='ltr'>mirari.</span> <span class='ocrx_word' id='word_1_857' title='bbox 3525 5370 3665 5422; x_wconf 91' lang='lat' dir='ltr'>Dum</span> 
     </span>
    </p>
   </div>
   <div class='ocr_carea' id='block_1_117' title="bbox 2074 5457 3671 5533">
    <p class='ocr_par' dir='ltr' id='par_1_117' title="bbox 2074 5457 3671 5533">
     <span class='ocr_line' id='line_1_117' title="bbox 2074 5457 3671 5533; baseline -0.003 -19"><span class='ocrx_word' id='word_1_858' title='bbox 2074 5476 2208 5533; x_wconf 89' lang='lat' dir='ltr'>ergo</span> <span class='ocrx_word' id='word_1_859' title='bbox 2239 5468 2527 5530; x_wconf 84' lang='lat' dir='ltr'>prepterea</span> <span class='ocrx_word' id='word_1_860' title='bbox 2565 5460 2719 5514; x_wconf 90' lang='lat' dir='ltr'>doles</span> <span class='ocrx_word' id='word_1_861' title='bbox 2752 5468 2842 5514; x_wconf 88' lang='lat' dir='ltr'>aut</span> <span class='ocrx_word' id='word_1_862' title='bbox 2870 5459 3086 5524; x_wconf 86' lang='lat' dir='ltr'>metuis,</span> <span class='ocrx_word' id='word_1_863' title='bbox 3114 5459 3223 5513; x_wconf 93' lang='lat' dir='ltr'>duo</span> <span class='ocrx_word' id='word_1_864' title='bbox 3252 5458 3308 5512; x_wconf 91' lang='lat' dir='ltr'>in</span> <span class='ocrx_word' id='word_1_865' title='bbox 3340 5467 3410 5523; x_wconf 93' lang='lat' dir='ltr'>te,</span> <span class='ocrx_word' id='word_1_866' title='bbox 3444 5473 3564 5527; x_wconf 65' lang='lat' dir='ltr'>quae</span> <span class='ocrx_word' id='word_1_867' title='bbox 3595 5457 3671 5510; x_wconf 88' lang='lat' dir='ltr'>si-</span> 
     </span>
    </p>
   </div>
   <div class='ocr_carea' id='block_1_118' title="bbox 2072 5545 3676 5619">
    <p class='ocr_par' dir='ltr' id='par_1_118' title="bbox 2072 5545 3676 5619">
     <span class='ocr_line' id='line_1_118' title="bbox 2072 5545 3676 5619; baseline -0.002 -17"><span class='ocrx_word' id='word_1_868' title='bbox 2072 5549 2183 5602; x_wconf 92' lang='lat' dir='ltr'>mul</span> <span class='ocrx_word' id='word_1_869' title='bbox 2232 5565 2394 5619; x_wconf 91' lang='lat' dir='ltr'>posse</span> <span class='ocrx_word' id='word_1_870' title='bbox 2434 5565 2555 5602; x_wconf 91' lang='lat' dir='ltr'>esse</span> <span class='ocrx_word' id='word_1_871' title='bbox 2602 5564 2710 5602; x_wconf 89' lang='lat' dir='ltr'>non</span> <span class='ocrx_word' id='word_1_872' title='bbox 2751 5548 3002 5603; x_wconf 89' lang='lat' dir='ltr'>videntur</span> <span class='ocrx_word' id='word_1_873' title='bbox 3046 5563 3168 5602; x_wconf 91' lang='lat' dir='ltr'>esse</span> <span class='ocrx_word' id='word_1_874' title='bbox 3221 5546 3584 5610; x_wconf 87' lang='lat' dir='ltr'>demonstras,</span> <span class='ocrx_word' id='word_1_875' title='bbox 3620 5545 3676 5599; x_wconf 89' lang='lat' dir='ltr'>id</span> 
     </span>
    </p>
   </div>
   <div class='ocr_carea' id='block_1_119' title="bbox 2073 5633 3672 5692">
    <p class='ocr_par' dir='ltr' id='par_1_119' title="bbox 2073 5633 3672 5692">
     <span class='ocr_line' id='line_1_119' title="bbox 2073 5633 3672 5692; baseline -0.001 -2"><span class='ocrx_word' id='word_1_876' title='bbox 2073 5645 2156 5690; x_wconf 90' lang='lat' dir='ltr'>est</span> <span class='ocrx_word' id='word_1_877' title='bbox 2186 5645 2239 5691; x_wconf 92' lang='lat' dir='ltr'>et</span> <span class='ocrx_word' id='word_1_878' title='bbox 2270 5653 2433 5691; x_wconf 86' lang='lat' dir='ltr'>nosse</span> <span class='ocrx_word' id='word_1_879' title='bbox 2463 5645 2514 5691; x_wconf 91' lang='lat' dir='ltr'>te</span> <span class='ocrx_word' id='word_1_880' title='bbox 2544 5645 2596 5691; x_wconf 89' lang='lat' dir='ltr'>et</span> <span class='ocrx_word' id='word_1_881' title='bbox 2627 5637 2830 5692; x_wconf 89' lang='lat' dir='ltr'>sentire</span> <span class='ocrx_word' id='word_1_882' title='bbox 2863 5653 3055 5691; x_wconf 89' lang='lat' dir='ltr'>eorum</span> <span class='ocrx_word' id='word_1_883' title='bbox 3085 5635 3456 5690; x_wconf 89' lang='lat' dir='ltr'>inﬁrmitatem</span> <span class='ocrx_word' id='word_1_884' title='bbox 3489 5649 3555 5688; x_wconf 91' lang='lat' dir='ltr'>ac</span> <span class='ocrx_word' id='word_1_885' title='bbox 3585 5633 3672 5688; x_wconf 89' lang='lat' dir='ltr'>vi-</span> 
     </span>
    </p>
   </div>
   <div class='ocr_carea' id='block_1_120' title="bbox 2071 5722 3674 5796">
    <p class='ocr_par' dir='ltr' id='par_1_120' title="bbox 2071 5722 3674 5796">
     <span class='ocr_line' id='line_1_120' title="bbox 2071 5722 3674 5796; baseline -0.002 -16"><span class='ocrx_word' id='word_1_886' title='bbox 2071 5725 2298 5796; x_wconf 90' lang='lat' dir='ltr'>litatem,</span> <span class='ocrx_word' id='word_1_887' title='bbox 2331 5734 2382 5780; x_wconf 91' lang='lat' dir='ltr'>et</span> <span class='ocrx_word' id='word_1_888' title='bbox 2412 5733 2596 5780; x_wconf 89' lang='lat' dir='ltr'>tamen</span> <span class='ocrx_word' id='word_1_889' title='bbox 2637 5741 2824 5780; x_wconf 89' lang='lat' dir='ltr'>amare</span> <span class='ocrx_word' id='word_1_890' title='bbox 2855 5733 2907 5780; x_wconf 93' lang='lat' dir='ltr'>et</span> <span class='ocrx_word' id='word_1_891' title='bbox 2950 5723 3102 5778; x_wconf 90' lang='lat' dir='ltr'>inniti</span> <span class='ocrx_word' id='word_1_892' title='bbox 3135 5722 3234 5778; x_wconf 92' lang='lat' dir='ltr'>eis.</span> <span class='ocrx_word' id='word_1_893' title='bbox 3266 5723 3407 5778; x_wconf 91' lang='lat' dir='ltr'>Nam</span> <span class='ocrx_word' id='word_1_894' title='bbox 3438 5722 3543 5776; x_wconf 90' lang='lat' dir='ltr'>nisi</span> <span class='ocrx_word' id='word_1_895' title='bbox 3571 5723 3674 5777; x_wconf 80' lang='lat' dir='ltr'>ho-</span> 
     </span>
    </p>
   </div>
  </div>
