3928 6412
109 368 222 420 613

1516 362 2061 421 MEDITATIONES.

3319 365 3423 419 6M

105 504 238 543 rum
268 488 508 544 alterum
537 489 738 545 inesset
768 490 883 559 tibi,
917 490 972 545 id
1004 498 1105 557 est,
1138 491 1185 546 si
1233 498 1324 545 aut
1353 506 1463 546 non
1509 505 1724 546 amares
1745 491 1797 549 A
1826 487 2149 544 reverentia
2177 495 2338 559 atque
2368 486 2745 542 admirationis
2785 485 3002 542 aﬂ‘ectu.
3035 487 3131 542 Hic
3161 487 3305 542 enim
3338 505 3428 545 so-

105 585 202 632 aut
233 593 351 633 non
382 593 578 634 nosses
607 594 797 633 eorum
839 578 1114 646 vilitatem,
1165 580 1314 635 nullo
1355 580 1520 636 modo
1566 579 1724 635 dole-

111 682 209 721 res
238 682 349 738 pro
381 667 463 722 eis
500 668 869 739 pereuntibus.

664 820 1063 876 CAPITULUM
1093 820 1209 876 VII.

118 933 196 988 De
227 945 370 986 vera
391 928 566 984 laudo
579 928 889 998 justorum,
915 931 968 982 et
988 927 1406 998 vituperatione
1420 927 1724 992 malorum,

344 1002 403 1056 et
433 1001 556 1073 quis
585 1001 661 1055 sit
694 999 856 1054 laude
887 999 1092 1069 dignus
1121 999 1206 1053 vel
1237 999 1525 1068 indignus.

192 1107 332 1163 Esto
364 1105 487 1161 talis
517 1105 608 1176 qui
636 1103 916 1170 lauderis;
949 1118 1056 1158 non
1083 1103 1224 1158 enim
1269 1103 1408 1158 bene
1456 1102 1726 1168 laudatur,

117 1195 226 1250 nisi
260 1196 474 1258 bonus',
525 1193 672 1265 quod
719 1208 828 1248 non
877 1201 960 1248 est
1003 1192 1096 1264 qui
1140 1192 1316 1246 laudis
1366 1192 1594 1262 cupidus
1625 1199 1724 1257 est,

119 1301 231 1339 non
265 1299 409 1356 ergo
441 1283 715 1337 laudatur.
749 1282 883 1337 Cum
915 1297 1046 1354 ergo
1078 1281 1344 1336 laudatori
1373 1281 1606 1335 blandus
1638 1297 1726 1347 es,

113 1373 232 1441 jam
263 1387 378 1428 non
406 1379 500 1426 tuo
528 1371 790 1425 laudatori
821 1370 1054 1424 blandus
1080 1386 1173 1436 es;
1206 1385 1317 1425 non
1365 1369 1508 1424 enim
1533 1370 1645 1438 jam
1673 1375 1731 1424 tu

117 1460 388 1524 laudaris,
421 1460 622 1532 quippe
651 1468 761 1514 tam
791 1475 982 1514 vanus.

195 1550 335 1604 Cum
369 1548 569 1604 dicitur
597 1563 757 1619 quam
798 1549 988 1610 bonus,
1045 1563 1204 1619 quam
1248 1547 1444 1616 justus,
1495 1547 1585 1618 qui
1629 1548 1732 1602 hoc

124 1646 210 1693 est
238 1637 524 1702 laudatur,
557 1652 666 1691 non
694 1645 750 1690 tu
778 1636 870 1708 qui
900 1652 1008 1691 non
1031 1652 1110 1703 es,
1134 1636 1243 1691 imo
1264 1637 1425 1691 etiam
1455 1635 1730 1706 vitupera-

120 1727 196 1782 ris
226 1742 340 1782 non
372 1741 590 1796 parum,
625 1725 826 1798 quippe
859 1733 971 1780 tam
999 1725 1192 1792 malus,
1227 1733 1447 1796 tamque
1478 1725 1728 1794 injustus.

1827 577 1912 632 lus
1943 577 2118 632 cultus
2148 593 2309 632 verus
2340 584 2392 631 et
2422 576 2715 647 perfectus.
2743 575 3067 646 Quicunque
3097 592 3234 648 ergo
3263 576 3428 633 alicui

1830 667 1909 722 rei
1939 676 2302 738 praeterquam
2335 667 2451 720 Deo
2479 667 2621 720 hunc
2653 650 2891 734 exhibet,
2945 664 3236 721 idololatra
3265 683 3428 722 verus

1830 764 1937 810 est.
1977 755 2083 823 Qui
2132 770 2264 810 vero
2310 755 2424 809 hzec
2474 753 2586 810 vult
2629 753 2731 807 sibi
2781 753 3045 820 exhiberi,
3096 755 3269 823 cujus,
3323 755 3429 810 nisi

1828 843 2027 899 diaboli
2078 844 2349 899 veraciter
2389 843 2570 898 locum
2612 849 2778 908 tenet,
2830 841 2922 913 qui
2965 841 3139 896 modis
3179 843 3431 899 omnibus

1828 934 1946 988 hinc
1975 933 2042 987 ab
2071 933 2380 987 hominibus
2410 939 2637 987 conatur
2684 938 3005 1002 extorquere
3025 931 3054 985 ?
3091 931 3278 1003 Itaque
3309 948 3429 988 om-

1829 1039 1929 1077 nes
1977 1022 2227 1094 quazrelaa
2275 1021 2553 1076 hominum
2601 1020 2656 1074 in
2706 1020 2807 1075 hoc
2864 1026 2988 1073 sunt
3034 1021 3178 1091 quod
3225 1022 3432 1078 scilicet

1829 1120 1916 1166 aut
1945 1119 2194 1182 pereunt,
2228 1117 2320 1164 aut
2367 1109 2687 1165 auferuntur
2732 1109 2812 1163 eis
2860 1108 2934 1162 dii
2982 1123 3193 1176 eorum,
3243 1110 3297 1165 id
3346 1119 3430 1166 est

1831 1207 2111 1266 creaturae,
2145 1198 2341 1272 quibus
2367 1199 2509 1254 hunc
2541 1214 2730 1253 verum
2747 1205 2799 1252 et
2827 1197 3071 1252 divinum
3101 1197 3430 1255 exhibebant

1830 1289 2054 1354 cultum,
2089 1289 2202 1343 sive
2249 1288 2394 1360 quod
2441 1287 2561 1342 talis
2609 1287 2688 1342 eis
2733 1303 2843 1342 non
2888 1285 3172 1342 exhibetur
3216 1288 3419 1344 cultus.

1833 1377 1966 1431 Vide
1997 1393 2132 1449 ergo
2164 1385 2424 1448 quantum
2467 1376 2643 1431 adhuc
2669 1376 2724 1429 in
2753 1384 2824 1442 te,
2875 1383 2927 1430 et
2969 1374 3021 1428 in
3071 1383 3183 1431 toto
3225 1378 3430 1433 mundo

1831 1474 2020 1538 regnet
2051 1465 2374 1520 idololatria.

1901 1572 2062 1628 Nulla
2091 1589 2181 1627 res
2212 1573 2373 1627 debet
2403 1571 2540 1628 velle
2569 1572 2738 1628 amari
2768 1579 3024 1645 tanquam
3069 1573 3292 1643 bonum,
3325 1573 3429 1630 nisi

1831 1678 1952 1734 quae
1982 1677 2047 1717 eo
2075 1661 2195 1732 ipso
2225 1661 2370 1733 quod
2409 1669 2640 1728 amatur,
2693 1678 2848 1716 suum
2895 1662 3165 1719 beatificat
3215 1671 3430 1718 amato-

1831 1767 1966 1806 rem.
1999 1751 2159 1805 Nulla
2187 1759 2366 1804 autem
2397 1751 2502 1806 hoc
2531 1749 2674 1816 facit,
2709 1750 2814 1805 nisi
2861 1767 2982 1822 quae
3031 1760 3275 1807 amatore
3322 1768 3434 1808 non

119 1815 443 1912 La‘f3_enifn
467 1814 623 1912 Ξ¹¹⁵ίίν
683 1813 865 1912 ίηίυῗίί
899 1821 981 1912 εἶδε
1028 1814 1370 1912 νξίξῳθῗθίίο·
1392 1901 1402 1912 _
1423 1814 1570 1912 ΕΓὲξο
1617 1821 1727 1883 tua:
1751 1849 1802 1908 Β
1832 1848 1976 1912 eget,
2011 1839 2063 1894 id
2095 1847 2175 1894 est
2207 1839 2292 1894 cui
2321 1854 2428 1894 non
2457 1813 2674 1909 prodest
2708 1855 2808 1894 nec
2857 1813 2927 1894 ab
2976 1839 3083 1895 alio
3113 1841 3287 1896 amari
3332 1857 3434 1897 nec

121 1912 182 1958 ut
211 1903 426 1972 injusti.
460 1903 591 1958 Cum
640 1919 775 1975 ergo
816 1903 1074 1958 laudatori
1107 1903 1240 1972 justi
1282 1901 1586 1972 applaudis,
1638 1911 1730 1958 tuo

120 1993 417 2048 verissimo
465 1991 814 2061 vituperatori
863 1991 1167 2062 applaudis,
1217 1991 1344 2062 quia
1390 1991 1620 2059 injustus
1650 2008 1728 2045 es.

122 2081 248 2136 Non
281 2089 368 2136 est
402 2080 549 2135 enim
572 2081 774 2150 justus,
808 2081 899 2152 qui
929 2097 988 2135 se
1012 2081 1218 2150 justum
1240 2087 1410 2150 putat,
1443 2095 1546 2136 nec
1576 2080 1734 2134 unius

127 2170 236 2225 diei
267 2169 473 2224 infans.

196 2258 306 2327 Qui
337 2257 546 2332 gaudet
573 2257 840 2323 laudibus,
871 2257 1048 2328 perdit
1077 2256 1286 2312 laudes.
1338 2256 1394 2312 Si
1421 2271 1575 2312 amas
1622 2257 1737 2312 lau-

127 2348 246 2416 des,
281 2347 396 2402 noli
430 2346 622 2401 laudes
650 2346 797 2409 sciri.
829 2346 933 2401 hoc
953 2354 1052 2412 est,
1075 2346 1120 2400 si
1147 2346 1230 2401 vis
1251 2345 1479 2413 laudari,
1501 2362 1570 2401 ne
1599 2346 1736 2401 velis

129 2436 364 2491 laudari.
402 2437 528 2490 Non
557 2435 701 2490 enim
731 2443 910 2506 potest
937 2451 1066 2490 vere
1112 2435 1319 2489 laudari
1350 2435 1440 2506 qui
1477 2436 1590 2490 vult
1619 2435 1736 2490 lau-

129 2525 265 2580 dari.
302 2525 398 2580 Ille
431 2525 700 2591 laudatur,
732 2525 888 2594 cujus
914 2524 1057 2578 bona
1097 2525 1384 2594 jactantur.
1420 2523 1524 2592 Qui
1554 2532 1736 2580 autem

127 2614 241 2669 vult
265 2613 504 2678 laudari,
534 2629 644 2668 non
673 2613 850 2668 solum
878 2629 1081 2668 vacuus
1128 2620 1209 2667 est
1253 2613 1402 2668 omni
1439 2613 1602 2679 bono,
1637 2613 1736 2668 sed

132 2703 357 2774 insuper
383 2702 584 2773 plenus
613 2709 696 2758 est
723 2717 924 2773 magno
953 2709 1008 2756 et
1034 2701 1305 2757 diabolico
1355 2702 1519 2769 malo,
1571 2701 1736 2756 nimi-

133 2809 255 2846 rum
284 2807 492 2864 magna
522 2791 846 2863 arrogantia.
880 2791 1002 2846 Non
1049 2807 1181 2863 ergo
1231 2790 1502 2846 laudatur.
1553 2791 1738 2846 Justus

134 2889 310 2935 autem
338 2879 649 2936 econtrario
691 2895 911 2950 semper
939 2879 1223 2946 laudatur;
1254 2880 1408 2947 cujus
1455 2880 1737 2950 vitupera-

136 2968 209 3024 tio
237 2968 386 3024 nulla
419 2984 547 3024 esse
575 2976 771 3040 potest.
822 2967 1157 3038 Vituperatio
1203 2969 1404 3040 quippe
1452 2976 1535 3022 est
1565 2968 1738 3023 malo-

140 3074 260 3112 rum
290 3057 660 3128 improbatio;
693 3073 815 3128 quae
845 3065 1025 3112 autem
1067 3057 1246 3126 justus
1276 3073 1384 3112 non
1415 3057 1595 3122 habet,
1629 3073 1740 3111 non

140 3157 361 3216 possunt
390 3147 440 3201 ei
473 3146 851 3217 improperari,
883 3162 1051 3217 quare
1071 3162 1181 3201 non
1211 3154 1385 3216 potest
1417 3146 1736 3217 vituperari.

142 3235 532 3291 Universaliter
558 3243 738 3290 autem
767 3235 945 3290 omnis
989 3235 1256 3304 justorum
1307 3235 1568 3304 laudatio,
1601 3235 1738 3304 inju-

141 3331 339 3378 storum
373 3332 459 3379 est
489 3324 828 3394 vituperatio,
861 3331 914 3378 et
941 3323 1118 3378 omnis
1167 3323 1491 3392 injustorum
1522 3325 1737 3394 vitupe-

142 3412 278 3467 ratio
321 3421 404 3468 est
452 3413 726 3481 justorum
776 3428 905 3467 vera
950 3412 1205 3466 laudatio.
1256 3413 1392 3466 Cum
1440 3427 1569 3467 vero
1617 3412 1740 3482 quis

144 3500 210 3554 de
239 3500 382 3557 bono
411 3501 686 3568 laudatur,
716 3517 826 3556 non
871 3500 1112 3567 laudato,
1164 3499 1260 3556 sed
1308 3500 1575 3556 laudatori
1616 3517 1742 3571 pro-

144 3588 278 3643 dest.

213 3677 418 3734 Laudat
448 3685 504 3733 te
533 3677 652 3749 quis
681 3685 902 3748 prapter
922 3677 1286 3743 sanctitatem,
1306 3693 1522 3732 sursum
1547 3677 1738 3733 tendit.

148 3765 298 3821 Ultra
328 3775 378 3822 te
410 3774 496 3822 est
523 3767 668 3821 enim
689 3767 834 3838 quod
852 3766 901 3821 ei
924 3766 1122 3837 placet,
1154 3767 1208 3821 id
1245 3775 1326 3822 est
1358 3767 1634 3822 sanctitas.
1665 3768 1743 3821 Tu

148 3870 276 3909 vero
305 3855 350 3909 si
381 3871 534 3909 amas
561 3855 709 3910 illum
741 3871 848 3910 non
870 3863 1128 3927 tanquam
1158 3855 1243 3911 cui
1261 3855 1438 3927 placet
1463 3855 1736 3920 sanctitas,

152 3942 246 3998 sed
276 3951 332 3999 tu
360 3943 624 4000 deorsum
656 3943 850 3999 tendis.

216 4031 321 4101 Qui
385 4033 533 4088 dolet
594 4040 686 4088 aut
725 4032 978 4088 irascitur
1031 4032 1236 4088 amisso
1298 4032 1482 4104 aliquo
1526 4040 1743 4102 tempo-

152 4120 264 4186 rali,
315 4136 382 4177 eo
427 4122 550 4193 ipso
616 4138 676 4178 se
735 4121 961 4194 dignum
1021 4123 1114 4194 qui
1160 4123 1430 4177 amitteret
1485 4122 1740 4177 ostendit.

155 4208 410 4266 Similiter
435 4211 530 4283 qui
569 4219 793 4282 accepto
839 4211 1086 4267 convicio
1129 4211 1403 4280 irascitur,
1455 4219 1547 4266 aut
1575 4211 1742 4277 dolet,

154 4313 216 4352 eo
246 4315 304 4354 se
334 4299 562 4370 dignum
602 4299 769 4355 fuisse
800 4300 1157 4356 demonstrat.
1191 4302 1419 4355 Tantum
1448 4299 1595 4355 enim
1626 4299 1746 4355 vel-

157 4385 225 4441 let
251 4387 484 4456 laudari,
518 4398 780 4461 quantum
807 4390 981 4444 noluit
1009 4390 1331 4446 conviciari.

225 4477 578 4550 Contemptus
606 4487 699 4534 aut
728 4479 884 4550 parvi
911 4479 1126 4534 habitus
1182 4479 1442 4546 doluisti;
1474 4479 1579 4534 hoc
1625 4477 1745 4549 ipso

1835 1945 2022 1983 amare
2053 1929 2220 1982 aliud.
2256 1927 2645 1983 Crudelissima
2674 1927 2839 2000 igitur
2884 1945 2976 1983 res
3003 1936 3104 1996 est,
3155 1946 3277 2000 qua:
3321 1929 3435 1985 vult

1836 2025 1893 2072 ut
1923 2017 2043 2088 quis
2073 2017 2126 2070 in
2158 2032 2224 2072 ea
2253 2017 2604 2071 intentionem
2634 2032 2786 2071 suam
2827 2024 2882 2072 et
2911 2016 3166 2072 affectum
3197 2027 3249 2073 et
3278 2035 3434 2090 spem

1836 2107 2142 2172 constituat,
2177 2121 2299 2161 cum
2328 2106 2447 2176 ipsa
2477 2104 2527 2160 ei
2557 2105 2822 2175 prodesse
2853 2121 2961 2160 non
2989 2107 3182 2176 possit.
3215 2107 3330 2162 Hoc
3357 2107 3436 2162 fa-

1836 2195 1982 2251 ciunt
2027 2195 2322 2260 daamones,
2375 2194 2466 2266 qui
2515 2209 2615 2265 pro
2663 2195 2763 2250 Dei
2810 2195 3049 2263 servitio,
3103 2211 3202 2250 suo
3250 2196 3438 2251 volunt

1835 2284 2084 2339 homines
2114 2283 2389 2355 occupari.
2425 2283 2611 2338 Clama
2641 2283 2807 2356 igitur
2835 2291 2891 2337 tu
2921 2285 3259 2339 amatoribus
3288 2285 3393 2340 tuis
3418 2299 3431 2340 :

1837 2373 2060 2428 Cessate
2075 2373 2206 2442 jam,
2233 2372 2439 2441 miseri,
2470 2387 2615 2428 nunc
2647 2388 2735 2427 me
2759 2372 3040 2438 admirari,
3064 2373 3324 2440 revereri,
3348 2374 3436 2430 vel

1837 2461 2080 2533 quolibet
2111 2463 2380 2517 honorare
2429 2462 2612 2527 modo,
2663 2461 2918 2532 quoniam
2968 2477 3072 2533 ego
3120 2461 3290 2518 miser
3334 2480 3437 2520 nec

1835 2550 1968 2605 mihi
1997 2566 2099 2606 nec
2120 2551 2275 2606 vobis
2292 2549 2552 2605 auxilium
2571 2550 2742 2604 ullum
2759 2549 2901 2606 ferre
2921 2567 3166 2622 possum,
3200 2552 3308 2607 imo
3329 2568 3435 2624 ego

1837 2655 1975 2712 egeo
2006 2648 2208 2694 vestro.

1909 2745 2182 2814 Quantum
2213 2745 2267 2799 in
2296 2752 2349 2800 te
2377 2753 2477 2812 est,
2511 2761 2703 2801 omnes
2732 2745 2982 2802 homines
3015 2746 3321 2817 perdidisti,
3355 2747 3437 2802 in-

1836 2834 2147 2906 terposuisti
2179 2834 2321 2890 enim
2352 2843 2404 2889 te
2431 2835 2573 2890 inter
2603 2835 2774 2890 Deum
2807 2843 2859 2890 et
2888 2835 3055 2906 ipsos,
3090 2843 3167 2902 ut,
3200 2853 3364 2892 verso
3385 2836 3440 2891 in

1839 2932 1890 2979 te
1921 2923 2134 2988 intuitu,
2168 2931 2238 2990 et,
2273 2923 2499 2978 dimisso
2529 2925 2663 2990 Deo,
2696 2933 2748 2979 te
2787 2923 2962 2979 solum
3009 2925 3434 2993 admirarentur,

1838 3013 2204 3079 intuerentur,
2235 3019 2396 3084 atque
2426 3012 2715 3067 laudarent
2748 3029 2761 3067 :
2795 3013 3000 3086 tibique
3022 3021 3075 3069 et
3101 3013 3181 3069 eis
3214 3014 3438 3070 omnino

1838 3101 1943 3157 hoc
1973 3102 2180 3167 inutile,
2210 3117 2313 3157 nec
2344 3102 2524 3157 dicam
2556 3101 2898 3157 damnosum.

1769 3209 1816 3270 Ο
1907 3208 1996 3262 Nil
2025 3208 2249 3281 dignius
2276 3208 2331 3262 in
2369 3209 2628 3264 creaturis
2678 3209 3108 3276 rationabilibus,
3168 3211 3441 3268 mentibus

1846 3298 2144 3367 praesertim
2177 3297 2301 3369 piis,
2333 3297 2409 3352 nil
2445 3297 2605 3352 vilius
2647 3298 3083 3370 corruptionibus
3128 3315 3441 3370 corporum.

1844 3387 1978 3440 Cum
2006 3386 2191 3458 itaque
2223 3387 2304 3440 vis
2323 3403 2445 3441 esse
2466 3387 2806 3441 admirationi
2833 3387 3163 3454 hominibus,
3196 3389 3296 3445 hac
3326 3389 3444 3460 ipsa

1844 3475 2098 3545 superbia
2129 3483 2378 3541 cmcatus,
2411 3475 2535 3530 vide
2564 3475 2633 3530 ad
2662 3491 2827 3547 quam
2854 3477 3170 3532 miseranda
3199 3478 3444 3533 devene-

1843 3565 1936 3618 ris.
1964 3565 2097 3619 Vide
2145 3579 2280 3636 ergo
2319 3564 2583 3633 justitiam
2629 3565 2748 3620 Dei.
2799 3566 2877 3620 Tu
2921 3565 3065 3620 eni'n
3112 3566 3446 3638 proposuisti

1846 3661 1896 3708 te
1927 3655 2118 3718 Deum,
2154 3653 2206 3706 id
2238 3661 2318 3707 est
2349 3653 2732 3709 admirandum
2779 3654 3251 3710 eacellentissimae
3300 3655 3444 3726 parti

1844 3750 2236 3810 creaturarum,
2285 3750 2338 3798 et
2383 3742 2475 3798 ille
2526 3743 2753 3813 subjecit
2800 3752 2854 3798 te
2900 3742 3119 3800 infimae.
3171 3745 3250 3799 Tu
3298 3745 3444 3800 enim

1843 3831 2063 3886 voluisti
2093 3839 2148 3886 et
2175 3831 2370 3898 fecisti,
2404 3841 2668 3904 quantum
2698 3832 2751 3886 in
2778 3841 2829 3888 te
2860 3831 2976 3898 fuit,
3009 3842 3061 3888 te
3090 3833 3161 3888 ab
3191 3833 3444 3889 omnibus

1844 3921 2154 3976 hominibus
2186 3921 2332 3989 sciri,
2362 3921 2554 3990 videri,
2587 3921 2818 3992 laudari,
2870 3921 3215 3977 admirationi
3245 3930 3298 3977 et
3345 3939 3446 3978 ve-

1845 4010 2110 4066 nerationi
2138 4010 2348 4080 haberi,
2381 4011 2576 4076 amari,
2611 4010 2808 4076 timeri,
2844 4011 3138 4078 honorari;
3173 4028 3294 4084 quae
3322 4027 3446 4067 om-

1844 4099 1936 4153 nia
1964 4099 2034 4153 ab
2063 4099 2516 4154 excellentissima
2564 4099 2803 4154 omnium
2855 4109 3219 4156 creaturarum
3269 4109 3443 4172 parte,

1845 4188 1899 4241 id
1931 4196 2010 4243 est
2037 4188 2166 4243 solis
2187 4187 2602 4244 rationabilibus
2629 4188 2923 4256 mentibus,
2958 4189 3059 4244 soli
3093 4191 3209 4245 Deo
3241 4191 3450 4246 deben-

1847 4285 1950 4332 tur.
1981 4278 2130 4332 Juste
2160 4294 2296 4349 ergo
2321 4276 2519 4333 factum
2543 4285 2625 4332 est
2656 4286 2715 4332 ut
2756 4277 2850 4350 qui
2896 4280 3069 4334 Deum
3110 4279 3450 4352 dignissimis

1847 4374 2110 4422 creaturae
2139 4367 2383 4438 partibus
2411 4375 2462 4422 te
2491 4367 2852 4438 proponebas,
2886 4368 3032 4438 quod
3062 4368 3117 4423 in
3147 4385 3213 4423 ea
3241 4369 3450 4424 vilissi-

1846 4473 1996 4511 mum
2024 4465 2127 4525 est,
2160 4464 2216 4511 ut
2248 4459 2421 4511 Deum
2452 4455 2751 4526 acciperes,
2785 4464 2837 4511 et
2866 4457 2957 4528 qui
2999 4457 3070 4512 ab
3100 4457 3452 4514 excellentis-

158 4568 605 4623 contemuendum
643 4583 706 4624 ac
747 4568 899 4638 parvi
942 4568 1251 4623 habendum
1300 4567 1487 4633 fuisse,
1539 4575 1592 4624 et
1624 4567 1737 4623 idec

1851 4546 2022 4613 simis,
2055 4545 2314 4618 quidquid
2344 4544 2444 4600 soli
2474 4545 2590 4599 Deo
2610 4543 2930 4611 debebatur,
2965 4554 3294 4617 extorquere
3324 4563 3452 4617 per-

153 4651 270 4719 jure
297 4655 351 4710 id
379 4656 582 4713 factum
612 4657 1020 4712 demonstraris.
1053 4657 1172 4711 Nisi
1203 4657 1349 4714 enim
1387 4665 1737 4713 contemnen-

1852 4651 2013 4690 versa
2041 4634 2394 4706 usurpatione
2435 4633 2672 4701 voluisti,
2723 4633 2985 4706 quidquid
3033 4633 3151 4705 ipse
3182 4634 3448 4703 debebas,

161 4741 256 4798 dus
285 4759 348 4801 ac
375 4746 531 4818 parvi
563 4746 844 4802 habendus
874 4746 1090 4814 fuisses,
1122 4746 1396 4802 contemni
1445 4761 1548 4802 nec
1593 4749 1737 4817 parvi

1853 4725 1955 4780 soli
1984 4725 2099 4781 Deo
2127 4723 2432 4789 vilissimis,
2467 4722 2522 4778 id
2553 4731 2638 4778 est
2663 4722 2930 4794 corruptis
2959 4738 3247 4794 corporum
3292 4724 3452 4779 cada-

161 4829 341 4888 haberi
358 4851 698 4906 nequaquam
721 4835 995 4890 timuisses
1023 4843 1118 4890 aut
1137 4835 1433 4891 doluisses.
1465 4837 1581 4891 Hoc
1606 4834 1737 4891 enirr

1853 4813 2076 4869 veribus
2105 4813 2473 4884 impenderes.
2506 4813 2648 4867 Nam
2677 4813 2862 4868 omnia
2903 4829 3023 4884 qua:
3070 4813 3318 4884 superius
3348 4828 3453 4884 po-

162 4918 274 4989 ίρεο
305 4901 827 4990 3010",,el'maxime
847 4925 1279 4980 contemnendus
1309 4924 1752 4996 etpawihabem
1855 4902 2028 4996 suisti,
2063 4902 2163 4957 soli
2195 4904 2312 4958 Deo
2350 4901 2530 4996 debita
2577 4917 2820 4957 amorem
2867 4901 3094 4967 scilicet,
3144 4909 3302 4996 etc”-
3326 4901 3456 4996 istis

166 5007 262 5063 dus
290 5027 368 5078 es,
399 5013 547 5085 quod
577 5013 631 5068 id
656 5013 814 5069 times
843 5021 932 5069 aut
963 5013 1138 5070 doles.
1194 4991 1423 5070 Prorsus
1460 5029 1569 5069 non
1599 5013 1737 5068 timet

1855 4993 2081 5048 exhibes
2112 5001 2224 5047 toto
2255 4991 2442 5048 corde.
2474 4993 2616 5047 Dum
2647 5006 2779 5063 ergo
2825 5007 3056 5062 usurpas
3084 4991 3346 5063 quidquid
3375 5000 3458 5048 est

163 5097 282 5154 νίιίε
327 5079 515 5159 hab'eri
569 5117 673 5158 nec
714 5103 1006 5170 contemni;
1059 5102 1164 5159 nisi
1209 5103 1332 5159 vilis
1381 5111 1435 5159 et
1479 5101 1754 5159 contemni
1857 5081 1977 5148 Dei,
2010 5081 2221 5136 laudari
2251 5081 2478 5147 scilicet,
2511 5088 2640 5170 etc.,
2671 5079 2900 5170 amisisti
2939 5079 3200 5152 quidquid
3239 5089 3323 5136 est
3350 5081 3457 5136 ho-

170 5184 378 5259 dignus.
996 5169 999 5170 7
1856 5171 2038 5238 minis,
2069 5170 2290 5226 laudare
2321 5171 2517 5259 Deum,
2551 5169 2619 5224 ad
2663 5169 2810 5242 quod
2851 5177 3070 5225 creatus
3116 5177 3346 5259 es,4etc.
3391 5171 3461 5259 Et

1857 5260 1984 5333 quia
2011 5276 2175 5330 supra
2206 5275 2478 5314 summum
2500 5258 2657 5314 locus
2702 5273 2812 5314 non
2860 5266 2965 5323 est,
2996 5274 3100 5314 nec
3148 5257 3285 5313 infra
3330 5257 3461 5313 inﬁ-

1859 5366 2026 5419 mum,
2075 5349 2206 5404 dum
2256 5363 2423 5419 supra
2469 5363 2742 5402 summum
2785 5347 2985 5413 tendis,
3040 5346 3179 5402 infra
3216 5347 3461 5404 intimum

1861 5455 2052 5494 rursus
2083 5455 2160 5493 es.
2197 5437 2300 5506 Qui
2321 5438 2466 5493 enim
2515 5436 2698 5508 aliquo
2745 5435 2960 5505 fruitur,
3013 5436 3062 5492 ei
3107 5453 3336 5493 necesse
3379 5445 3466 5494 est

1860 5543 1961 5598 per
2005 5543 2248 5582 amorem
2298 5526 2580 5581 subdatur.
2641 5526 2720 5580 Tu
2765 5533 2948 5580 autem
2993 5525 3193 5581 frueris
3236 5524 3459 5583 infimis.

1860 5617 2014 5689 Ergo
2042 5615 2182 5670 intra
2211 5613 2400 5670 infima
2427 5623 2613 5670 trusus
2642 5630 2723 5680 es,
2755 5613 2848 5670 ubi
2878 5615 3031 5670 locus
3060 5614 3242 5670 nullus
3273 5623 3375 5669 est.

723 5298 1118 5355 CAPITULUM
1145 5299 1288 5356 VIII.

171 5397 241 5452 De
272 5398 354 5455 his
382 5404 476 5474 qui
503 5404 700 5460 volunt
730 5407 917 5460 amari
954 5409 1011 5460 et
1038 5404 1412 5460 admirationi
1455 5403 1666 5471 haberi,
1700 5406 1758 5458 et

236 5475 493 5548 quomodo
524 5491 626 5546 per
656 5477 830 5531 talem
857 5478 1170 5548 appetitum
1193 5475 1352 5530 homo
1373 5475 1588 5530 diabolo
1618 5477 1758 5530 assi-

237 5543 489 5611 milatur,
523 5543 579 5601 et
609 5548 858 5618 seipsum
887 5543 1032 5617 facit
1060 5547 1278 5602 idolum
1318 5550 1676 5603 exterarum.

236 5645 368 5703 Vere
397 5651 524 5706 colit
552 5653 724 5707 Deum
755 5653 847 5707 ille
878 5653 1222 5708 solummodo
1251 5653 1344 5724 qui
1392 5651 1446 5707 in
1478 5669 1603 5708 eum
1633 5667 1759 5707 vere

172 5728 406 5805 intendit,
438 5754 564 5796 eum
594 5756 728 5797 vero
755 5741 988 5811 timoris,
1022 5741 1109 5798 vel
1153 5741 1376 5810 amoris,
1419 5739 1642 5797 honoris
1671 5739 1760 5795 vel
1933 5740 2204 5796 Amicitia
2228 5739 2430 5796 mundi
2457 5740 2644 5811 hujus,
2686 5745 2742 5794 ut
2788 5738 2978 5793 beatus
3025 5737 3262 5794 Iacobus
3304 5737 3455 5802 dicit,
