3928 6442
451 359 556 414 615

1299 362 1639 420 GUIGONIS
1679 363 1701 418 Ι
1739 361 2146 422 ΟΛΒΤΗΠΞΙᾸΞ
2186 360 2476 419 MAIORIS
2515 363 2792 424 PBJORIS
2829 367 2894 424 ν.
2945 391 2952 398 ·

3639 375 3736 428 616

456 484 701 540 inimica
716 488 800 540 est
819 486 943 540 Deo.
970 485 1075 552 Qui
1094 485 1248 541 enim
1262 487 1632 543 volueritessc
1644 490 2046 544 amicussazcu-
2069 490 2122 548 Α
2222 486 2327 556 Qui
2348 495 2400 543 te
2429 489 2483 543 in
2514 498 2564 545 te
2594 491 2696 546 frui
2725 491 2858 559 vult,
2883 506 2978 546 eas
3010 498 3118 546 ate
3149 491 3355 564 gratias
3382 491 3583 548 meruit
3612 510 3741 566 quas

458 571 990 644 lihujusdnimicm
1014 575 1109 629 Dei
1133 577 1508 631 constituitur
1527 578 1666 646 (Jac.
1709 592 1786 644 tv,
1827 577 1903 648 ι).
1943 575 2047 644 Qui

455 667 636 714 autem
665 660 838 731 diligit
868 661 954 716 vel
983 677 1142 716 unam
1167 678 1409 718 muscam
1427 664 1485 726 in
1509 665 1611 719 hoc
1631 665 1852 728 mundo,
1878 672 2046 719 totum

452 749 709 802 mundum
741 749 930 821 diligat
979 767 1207 806 necesse
1246 760 1347 806 est.
1393 753 1557 807 Totus
1597 753 1738 808 enim
1787 753 1838 808 ei
1885 768 2044 823 quam

452 836 630 907 diligit
658 837 736 892 rei
769 839 1114 894 necessarius
1144 849 1246 895 est.
1281 842 1451 896 Porro
1484 842 1724 912 quandiu
1755 857 1910 896 amor
1938 842 2044 895 hu-

447 923 535 992 jus
565 926 769 992 mundi,
802 927 988 981 tandiu
1018 927 1311 984 inimicitia:
1343 929 1483 983 inter
1515 931 1686 984 Deum
1716 937 1768 984 et
1799 929 2047 984 homines

454 1021 595 1067 sunt.
629 1015 763 1069 Cum
793 1031 927 1085 ergo
955 1015 1022 1070 ab
1050 1017 1129 1070 eis
1179 1025 1231 1072 te
1271 1017 1354 1071 vis
1413 1017 1582 1088 diligi,
1617 1025 1671 1072 ut
1701 1017 1902 1072 inimici
1932 1019 2046 1073 Deo

453 1099 580 1156 fiant
611 1102 712 1156 vis.
747 1103 1016 1159 Predicas
1045 1113 1226 1160 autem
1256 1113 1312 1159 ut
1342 1105 1602 1176 quidquid
1651 1114 1733 1160 est
1779 1114 2044 1171 creatum,

451 1197 846 1259 contemnatur,
882 1201 1146 1264 quatenus
1177 1194 1291 1248 Deo
1321 1193 1759 1248 reconcilientur.
1790 1193 2046 1264 Nunquid

452 1296 588 1353 ergo
628 1287 681 1334 te
711 1280 887 1335 solum
917 1290 1239 1352 excepturus
1279 1297 1358 1345 es,
1409 1281 1760 1354 dicturusque
1808 1283 2046 1337 homini-

452 1369 552 1423 bus
587 1387 599 1423 :
634 1368 830 1424 Omnia
859 1371 1184 1424 contemnite
1228 1377 1448 1440 propter
1491 1371 1662 1424 Deum
1713 1378 1908 1439 printer
1935 1387 2042 1435 me,

449 1465 506 1511 ut
538 1457 744 1513 scilicet
773 1457 847 1511 nil
893 1457 960 1511 sit
1007 1458 1152 1512 aliud
1195 1459 1341 1529 quod
1390 1458 1652 1528 impediat
1699 1459 2047 1514 reconciliari

447 1546 694 1600 homines
728 1547 858 1612 Deo,
913 1547 1015 1599 nisi
1063 1553 1140 1612 tu,
1186 1555 1344 1617 atque
1391 1545 1466 1601 ita
1507 1554 1730 1616 propter
1769 1555 1822 1603 te
1870 1548 2046 1603 solum

449 1634 742 1690 inimicitiae
772 1634 913 1688 inter
943 1635 1116 1689 Deum
1147 1643 1196 1689 et
1233 1635 1484 1690 homines
1527 1645 1900 1705 perseverent,
1954 1637 2047 1692 sit-

451 1739 556 1794 que
586 1738 747 1777 nemo
777 1722 981 1791 salvus,
1015 1723 1144 1776 dum
1176 1722 1451 1793 diligendo
1483 1731 1553 1788 te,
1588 1731 1754 1778 totum
1787 1724 2045 1779 mundum

447 1811 678 1882 diligere
708 1819 976 1882 coguntur
1005 1819 1262 1881 tanquam
1295 1810 1399 1864 sibi
1431 1811 1803 1867 necessarium
1827 1813 1854 1867 ‘l
1883 1812 2042 1868 Aliud
2066 1842 2115 1900 Β

448 1907 530 1954 est
560 1906 739 1953 autem
787 1898 1016 1970 diligere
1047 1899 1295 1954 homines
1325 1899 1379 1953 in
1434 1899 1640 1954 mundo
1687 1899 1775 1955 vel
1821 1910 2045 1972 prOpter

451 1987 734 2052 mundum,
769 1987 913 2041 aliud
941 1987 994 2041 in
1025 1987 1139 2042 Deo
1169 1988 1255 2042 vel
1303 1995 1525 2059 propter
1552 1987 1745 2057 Deum,
1779 1988 1926 2044 aliud
1954 2005 2041 2044 cu-

451 2075 577 2146 pide
604 2074 692 2131 vel
720 2075 1164 2131 misericorditer.

911 2235 1306 2292 CAPITULUM
1345 2235 1440 2292 IX.

451 2359 527 2417 De
554 2360 750 2416 anima
779 2376 900 2433 qua:
926 2377 1030 2432 per
1057 2361 1398 2433 fruitionem
1435 2362 1492 2433 et
1541 2375 1788 2416 amorem
1829 2364 2042 2433 tempo-

521 2433 736 2555 ναιίἷιτη
765 2431 938 2486 ᾱυεσ
970 2431 1199 2499 recedit,
1253 2436 1310 2487 et
1335 2449 1370 2487 α
1421 2432 1764 2488 dcemanibu:
1809 2431 2042 2488 constu-

521 2518 626 2555 υνα
660 2519 746 2555 ur.

519 2518 746 2574 pratur.

521 2628 715 2683 Dicant
746 2625 1057 2696 temporalia
1088 2626 1228 2681 bona
1259 2644 1272 2680 :
1307 2626 1364 2682 Si
1394 2628 1542 2683 Deus
1569 2628 1846 2683 sanaverit
1874 2643 1975 2684 nos
2013 2645 2046 2682 a

445 2716 637 2771 morbo
668 2714 1049 2785 corruptionis,
1083 2715 1211 2786 quid
1240 2731 1371 2786 ages
1393 2717 1420 2770 ?
1449 2717 1510 2770 In
1555 2717 1675 2788 ipso
1726 2733 1826 2770 usu
1856 2717 2042 2772 consi-

448 2805 584 2860 dera
613 2803 667 2858 in
698 2819 804 2875 quo
833 2803 1028 2858 melior
1057 2819 1123 2858 ex
1153 2803 1311 2859 nobis
1339 2801 1456 2870 fias,
1487 2805 1572 2860 vel
1605 2804 1734 2876 quid
1764 2805 1890 2860 inde
1919 2822 2045 2875 spe-

448 2909 540 2949 res
568 2893 623 2947 in
653 2900 951 2963 posterum.
985 2893 1255 2962 Expertus
1299 2909 1359 2948 es
1407 2909 1524 2948 nos.
1563 2892 1707 2961 Quid
1737 2909 1869 2966 ergo
1891 2894 1920 2948 ‘I
1950 2893 2044 2949 Vis

446 2982 501 3036 in
531 2996 632 3036 nos
677 2979 891 3044 mutari,
941 2995 1010 3034 an
1059 2995 1159 3034 nos
1202 2980 1259 3034 in
1286 2980 1546 3048 te?Quid
1594 2981 1690 3035 tibi
1744 2989 1796 3035 et
1838 2981 2044 3037 nobis?

449 3069 590 3139 Quid
619 3068 773 3124 doles
819 3068 886 3122 de
916 3069 1143 3122 transitu
1191 3070 1429 3124 nostro?
1476 3069 1762 3124 Maluimus
1800 3069 2038 3137 interire,

2147 592 2348 632 muscae
2377 585 2429 632 et
2456 579 2688 649 pulices,
2722 589 2872 636 tuum
2903 587 3163 653 sugentes
3195 582 3538 653 sanguinem.

2219 664 2275 719 Si
2313 665 2429 720 haec
2475 667 2696 738 (quibus
2737 669 2790 724 in
2837 677 3013 724 mente
3046 676 3131 723 tua
3180 669 3461 739 impressis
3512 670 3742 724 admira-

2144 753 2288 808 tione
2319 762 2370 808 et
2399 771 2603 821 amore,
2628 757 2719 828 qui
2741 759 2917 813 cultus
2947 758 3049 813 soli
3085 759 3202 813 Deo
3225 758 3469 827 debetur,
3503 774 3748 815 succum-

2146 842 2252 909 bis)
2283 843 2338 896 in
2366 843 2546 914 aliquo
2575 845 2776 916 angulo
2805 847 3020 914 domus,
3055 863 3152 902 seu
3184 847 3417 918 sculpta,
3452 863 3549 902 seu
3579 847 3740 918 picta,

2145 929 2504 986 admiratione
2557 948 2653 988 seu
2701 950 2910 1000 amore,
2961 951 3058 990 seu
3107 935 3353 1005 corporis
3401 935 3744 991 inclinatione

2145 1019 2513 1084 venerareris,
2547 1029 2600 1075 et
2647 1022 3015 1080 innotesceret
3059 1023 3282 1095 populo,
3315 1023 3445 1095 quid
3470 1024 3540 1080 de
3569 1032 3620 1079 te
3666 1023 3746 1078 fa-

2147 1123 2292 1169 ceret
2313 1117 2340 1170 τ

2217 1204 2407 1259 Mulier
2436 1220 2558 1275 qua:
2587 1208 2809 1273 propter
2837 1201 2942 1256 hoc
2970 1216 3080 1256 non
3109 1199 3426 1269 fornicatur,
3460 1209 3513 1255 et
3545 1200 3745 1256 deserit

2145 1292 2424 1363 proprium
2473 1291 2666 1356 virum,
2728 1289 2855 1360 quia
2883 1305 2991 1344 non
3049 1288 3254 1344 invenit
3304 1288 3605 1343 adulterum
3652 1289 3743 1343 diu

2145 1396 2483 1446 mansurum,
2516 1395 2624 1434 non
2655 1378 2784 1432 vitat
2799 1376 3142 1442 adulterium,
3185 1377 3282 1432 sed
3313 1377 3502 1448 quierit
3533 1376 3744 1432 diutur-

2145 1485 2294 1523 num.
2325 1469 2403 1524 Tu
2429 1477 2607 1523 autem
2639 1467 2708 1522 ad
2739 1466 2866 1520 mali
2915 1465 3189 1520 cumulum
3237 1465 3549 1520 divaricasti
3586 1481 3744 1520 crura

2146 1557 2344 1612 mentis
2390 1564 2496 1611 tua;
2536 1555 2685 1610 omni
2743 1553 3064 1616 transeunti,
3111 1561 3167 1607 ut
3216 1552 3302 1608 vel
3351 1554 3745 1609 momentaneis

2147 1645 2426 1699 adulteriis
2456 1643 2736 1710 fruereris,
2769 1643 2896 1714 quia
2923 1641 3192 1697 diuturnis
3239 1640 3326 1696 vel
3374 1641 3594 1697 aeternis
3633 1657 3741 1697 non

2145 1742 2364 1804 poteras
2377 1774 2390 1788 .

2218 1822 2346 1876 Haec
2375 1827 2456 1876 est
2487 1835 2712 1891 prorsus
2742 1818 3024 1890 pravitatis
3069 1818 3320 1873 humanae
3359 1833 3588 1887 summa,
3619 1833 3740 1874 me-

2143 1909 2274 1965 liora
2304 1925 2362 1964 se
2393 1909 2670 1974 deserere,
2705 1907 2758 1961 id
2789 1915 2872 1961 est
2901 1908 3074 1962 Deum
3099 1925 3112 1971 ;
3147 1914 3198 1960 et
3236 1905 3536 1960 minoribus
3564 1921 3624 1961 se
3653 1905 3742 1960 in-

2144 1997 2388 2066 tendere,
2422 1996 2763 2067 fruendoque
2811 1995 2892 2052 eis
2939 1995 3222 2060 inhrerere,
3255 1993 3311 2048 id
3339 2001 3423 2050 est
3466 2001 3740 2066 tempora-

2145 2087 2305 2142 libus.

2217 2173 2535 2230 Scarabmus
2595 2173 2722 2227 dum
2791 2171 3122 2243 supervolat,
3156 2178 3348 2226 cuncta
3407 2170 3620 2226 intuens
3667 2171 3744 2227 nil

2143 2262 2429 2333 pulchrum
2454 2269 2547 2316 aut
2575 2277 2767 2316 sanum
2797 2261 2912 2316 sive
2941 2259 3188 2316 durabile
3217 2259 3386 2330 eligit,
3419 2258 3536 2327 sed,
3568 2259 3742 2316 sicubi

2144 2360 2386 2407 stercora
2409 2351 2593 2420 jacent
2617 2350 2858 2416 fetentia,
2893 2349 2972 2405 eis
3020 2348 3267 2419 protinus
3296 2347 3513 2413 insidet,
3545 2349 3742 2419 spretis

2143 2447 2221 2495 tot
2249 2439 2510 2511 pulchris.
2542 2441 2618 2494 Ita
2650 2439 2864 2494 animus
2905 2445 3029 2492 tuus
3073 2436 3271 2492 cwlum
3319 2444 3643 2508 terramque,
3689 2445 3746 2492 et

2145 2544 2266 2600 quae
2287 2528 2342 2582 in
2363 2528 2443 2583 eis
2464 2543 2665 2598 magna
2695 2535 2746 2582 et
2783 2527 3025 2598 pretiosa
3044 2533 3186 2591 sunt,
3214 2524 3404 2579 intuitu
3427 2526 3740 2596 pervolans,

2143 2615 2279 2670 nulli
2309 2617 2569 2681 adhzeret,
2603 2615 3036 2686 contemptisque
3078 2613 3351 2678 omnibus,
3399 2613 3522 2668 vilia
3570 2613 3743 2668 multa

2143 2719 2209 2760 ac
2238 2705 2478 2771 sordida,
2513 2721 2633 2777 quae
2661 2704 2918 2775 cogitanti
2967 2709 3283 2770 occurrunt,
3323 2699 3499 2758 libens
3529 2701 3746 2774 ample-

2143 2793 2324 2848 ctitur.
2358 2793 2638 2850 Erubesce
2670 2810 2736 2848 e-x
2768 2793 2871 2847 his.

2633 2907 3029 2963 CAPITULUM
3059 2904 3131 2959 X.

2143 3003 2219 3057 De
2249 2997 2692 3072 impudentiaet
2723 2997 3089 3072 frontositate
3133 2998 3342 3072 anima:
3369 2995 3734 3072 fat-uiantis,

2364 3088 2487 3144 quae
2514 3070 2659 3142 petit
2690 3086 2724 3123 a
2754 3069 2862 3126 Deo
2899 3069 2961 3124 in
2991 3084 3090 3125 suo
3121 3071 3327 3126 scelere
3357 3069 3662 3136 confoveri.

449 3157 746 3214 secundum
808 3157 1022 3211 Domini
1080 3155 1431 3222 voluntatem,
1480 3173 1642 3229 quam
1682 3173 1904 3214 manere
1950 3175 2041 3214 se-
2065 3197 2111 3257 Ο
2214 3162 2349 3218 Cum
2378 3173 2545 3231 rogas
2574 3159 2745 3212 Deum
2775 3166 2834 3211 ut
2863 3173 2972 3213 non
3019 3158 3228 3214 auferat
3274 3155 3370 3210 tibi
3417 3154 3622 3226 aliquid
3651 3153 3742 3252 cui

447 3246 683 3302 cundum
713 3253 854 3300 tuam
886 3245 1252 3316 cupiditatem.
1285 3245 1474 3300 Nullas
1503 3245 1598 3300 tibi
1628 3261 1728 3316 pro
1758 3247 1861 3301 hoc
1890 3262 2040 3302 amo-

445 3350 503 3390 re
535 3343 624 3390 tuo
653 3334 941 3389 referimus
973 3333 1196 3406 gratias,
1229 3333 1329 3387 sed
1357 3333 1533 3404 potius
1563 3341 1621 3388 ut
1661 3334 1881 3389 stultum
1911 3335 2038 3390 irri-

446 3423 660 3478 demus.
684 3422 779 3477 Cui
811 3423 954 3476 enim
985 3421 1326 3492 potissimum
1356 3421 1582 3477 obedire
1605 3423 1888 3489 debemus,
1923 3425 2037 3479 Deo

445 3527 515 3567 an
545 3511 686 3566 tibi?
713 3510 829 3579 Dic,
864 3510 910 3563 si
939 3510 1127 3577 audes,
1159 3525 1339 3564 nonne
1370 3511 1469 3565 hoc
1501 3518 1582 3564 est
1629 3511 1740 3566 fere
1769 3519 1922 3567 tuum
1951 3520 2038 3567 to-

444 3610 554 3656 tum
585 3599 838 3666 ofﬁcium,
871 3614 972 3653 nos
1002 3597 1058 3652 in
1105 3598 1421 3669 putredines
1466 3599 1776 3656 devorando
1805 3615 2038 3657 conver-

447 3698 562 3745 tere
580 3688 608 3742 ?

521 3779 651 3833 Haec
678 3783 772 3831 tua
797 3774 1015 3840 utilitas,
1049 3781 1142 3830 tua
1162 3775 1423 3847 potentia,
1456 3784 1514 3832 ut
1543 3792 1641 3848 per
1669 3785 1720 3833 te
1749 3785 1938 3833 nostra
1958 3792 2040 3833 sa-

447 3866 565 3921 nies
597 3871 832 3920 transeat
862 3863 1178 3930 affluenter;
1233 3879 1341 3919 non
1385 3865 1529 3920 enim
1578 3865 1762 3921 facere
1801 3866 1952 3922 vales
1982 3874 2038 3922 ut

444 3961 664 4009 maneat
692 3955 796 4009 hoc
837 3960 986 4008 tuum
1026 3953 1288 4008 studium.
1341 3955 1468 4010 Hzec
1514 3962 1608 4010 tua
1653 3955 1948 4021 beatitudo,
1981 3963 2041 4010 ut

445 4043 648 4099 nostris
675 4057 784 4097 non
814 4057 1000 4098 careas
1031 4041 1302 4108 sordibus,
1338 4043 1532 4114 quibus
1580 4044 1760 4099 votive
1788 4059 2039 4100 succum-

450 4131 554 4200 bis,
587 4138 969 4202 corrumpente
991 4138 1042 4186 et
1071 4139 1454 4201 constuprante
1473 4140 1526 4187 te
1547 4148 1646 4202 per
1676 4148 1771 4188 eas
1799 4132 2034 4200 diabolo,

450 4236 561 4276 non
591 4220 708 4275 sine
737 4235 834 4275 sua
858 4219 1132 4291 voluptate
1159 4235 1381 4291 magna,
1413 4229 1463 4276 et
1493 4221 1695 4293 gaudio
1716 4223 1784 4277 de
1815 4229 1907 4277 tua
1935 4221 2038 4277 de-

449 4309 697 4381 ceptione
728 4316 780 4365 et
800 4308 1034 4364 interitu.

521 4398 855 4470 Quacunque
885 4396 1062 4453 forma
1087 4396 1304 4464 frueris,
1349 4413 1415 4452 ea
1459 4398 1616 4469 quasi
1657 4398 1928 4455 masculus
1958 4407 2042 4455 est

445 4497 548 4543 tuae
576 4486 763 4543 menti.
793 4486 949 4542 Cedit
980 4486 1124 4540 enim
1155 4493 1207 4540 et
1236 4486 1537 4542 succumbit
1568 4487 1654 4553 ei;
1689 4495 1741 4542 et
1787 4504 1896 4544 non
1923 4488 2040 4559 ipsa

2138 3248 2401 3305 inhaesisti
2433 3245 2648 3317 cupide,
2682 3245 2758 3300 ita
2787 3253 2870 3300 est
2895 3261 2962 3302 ac
2992 3247 3037 3301 si
3075 3245 3293 3311 mulier,
3325 3259 3356 3298 a
3385 3243 3504 3300 viro
3548 3257 3649 3297 suo
3679 3241 3740 3296 in

2137 3338 2258 3410 ipso
2279 3335 2542 3392 adulterio
2565 3334 2925 3404 deprehensa,
2949 3351 3070 3390 cum
3092 3335 3290 3390 debeat
3307 3339 3494 3403 petere
3523 3330 3739 3386 veniam

2138 3425 2402 3491 criminis,
2435 3429 2592 3494 roget
2620 3421 2798 3494 potius
2826 3437 2895 3478 ne
2923 3423 3282 3494 interrumpat
3309 3421 3359 3476 ei
3386 3419 3559 3492 ipsius
3577 3417 3742 3474 adul-

2138 3515 2259 3572 terii
2285 3513 2618 3584 voluptatem
2630 3551 2644 3565 .

2208 3603 2331 3659 Non
2365 3601 2494 3656 satis
2525 3600 2617 3654 tibi
2645 3607 2729 3654 est
2757 3615 2788 3654 a
2817 3600 2933 3655 Deo
2977 3598 3244 3665 fornicari,
3296 3597 3402 3652 nisi
3443 3596 3624 3667 ipsum
3666 3595 3746 3650 ad

2139 3693 2245 3748 hoc
2272 3690 2519 3755 inclines,
2559 3696 2617 3743 ut
2645 3704 2708 3744 ea
2737 3687 2935 3760 quibus
2965 3686 3332 3758 corrumperis
3361 3685 3610 3751 fruendo,
3645 3698 3743 3739 au-

2139 3787 2283 3852 geat,
2314 3785 2620 3841 conservet,
2653 3784 2706 3832 et
2734 3783 2970 3848 coaptat,
3002 3777 3059 3832 id
3087 3783 3168 3831 est
3195 3775 3396 3832 formas
3423 3788 3740 3845 corporum,

2140 3884 2362 3941 sapores
2392 3875 2447 3924 et
2474 3867 2710 3923 colores.

2210 3957 2346 4026 Quae
2375 3963 2460 4012 est
2486 3956 2626 4010 adeo
2645 3953 2932 4025 impudens
2951 3952 3145 4009 mulier
3173 3960 3232 4008 ut
3259 3952 3402 4008 dicat
3434 3951 3551 4007 viro
3581 3965 3684 4006 suo
3719 3969 3736 4006 :

2140 4045 2336 4116 Quaere
2360 4044 2492 4099 mihi
2518 4043 2671 4098 illum
2699 4049 2788 4098 aut
2817 4042 2969 4097 illum
2999 4057 3122 4097 cum
3152 4055 3262 4114 quo
3289 4039 3575 4104 dormiam,
3607 4038 3744 4110 quia

2138 4134 2336 4207 placuit
2365 4132 2498 4188 mihi
2528 4131 2648 4202 plus
2677 4139 2752 4200 te,
2785 4129 3024 4202 alioquin
3051 4144 3160 4186 non
3199 4129 3476 4201 quiescam
3495 4129 3524 4184 ?
3550 4128 3632 4182 Tu
3661 4135 3743 4182 ta-

2138 4239 2264 4278 men
2290 4221 2424 4277 facis
2454 4222 2558 4277 hoc
2584 4220 2703 4276 viro
2733 4227 2844 4284 tuo,
2879 4219 2935 4274 id
2973 4226 3057 4274 est
3098 4217 3350 4283 Domino,
3381 4232 3507 4272 cum
3536 4223 3742 4288 praeter

2138 4311 2319 4383 ipsum
2348 4309 2554 4381 aliquid
2582 4309 2836 4379 diligens,
2868 4306 2924 4361 id
2953 4307 3130 4377 ipsum
3157 4306 3227 4360 ab
3255 4321 3322 4361 eo
3355 4305 3514 4376 petis.

2211 4400 2348 4455 Cum
2376 4399 2514 4454 dicis
2541 4399 2656 4452 Deo
2692 4411 2705 4450 :
2739 4397 2817 4451 Da
2846 4395 2976 4450 mihi
3004 4397 3109 4450 hoc
3129 4402 3220 4450 aut
3238 4393 3391 4460 illud,
3423 4395 3528 4449 hoc
3556 4400 3640 4449 est
3658 4392 3741 4448 di-

2139 4503 2267 4545 cere
2299 4502 2312 4542 :
2346 4488 2428 4542 Da
2456 4485 2589 4540 mihi
2613 4485 2668 4539 in
2698 4500 2806 4556 quo
2837 4492 2889 4540 te
2923 4483 3214 4548 oﬂ'endam,
3245 4491 3299 4538 et
3329 4498 3362 4538 a
3391 4490 3443 4538 te
3473 4481 3736 4538 fornicer.

443 4576 559 4643 tibi,
592 4575 692 4631 sed
715 4583 771 4630 tu
813 4574 917 4646 ipsi
962 4574 1326 4630 conformaris
1373 4583 1424 4630 et
1466 4575 1825 4631 assimiliaris.
1877 4577 2040 4646 Ejus-
2070 4559 2277 4633 1)Cum
2313 4576 2458 4632 enim
2505 4573 2710 4645 aliquid
2751 4572 2897 4628 aliud
2925 4572 2993 4627 ab
3023 4587 3088 4628 eo
3137 4587 3296 4643 quam
3345 4571 3523 4642 ipsum
3565 4571 3734 4641 petis,

447 4666 681 4736 demque
728 4663 918 4720 formae
954 4663 1140 4736 imago
1183 4672 1424 4719 remanet
1465 4664 1735 4735 impressa
1781 4673 2037 4736 tanquam

444 4753 786 4809 simulacrum
816 4753 872 4807 in
900 4752 1103 4822 templo
1134 4767 1253 4818 suo,
1285 4753 1372 4807 cui
1407 4769 1519 4809 non
1546 4754 1760 4820 bovem,
1794 4769 1904 4809 non
1932 4753 2040 4809 bir-

442 4859 585 4911 cum,
619 4842 718 4898 sed
746 4840 981 4896 animam
1011 4839 1330 4896 rationalem
1373 4849 1426 4897 et
1465 4857 1686 4913 corpus,
1733 4842 1786 4897 id
1830 4849 1913 4899 est
1957 4849 2037 4898 te-

440 4931 617 5002 ipsum
648 4937 815 4985 totum
848 4929 1114 4995 immolas,
1149 4944 1273 4985 cum
1303 4945 1370 4986 ea
1397 4929 1610 4986 frueris.

515 5019 646 5073 Vide
676 5017 968 5088 quomodo,
1001 5017 1153 5089 quasi
1207 5017 1260 5072 in
1303 5018 1554 5088 taberna,
1599 5034 1836 5076 amorem
1881 5028 2034 5076 tuum

439 5102 596 5174 quasi
624 5101 871 5158 venalem
901 5102 1262 5173 prostitueris,
1297 5111 1352 5158 et
1379 5104 1449 5157 ad
1486 5119 1801 5159 mensuram
1831 5120 2030 5160 mune-

434 5207 554 5245 rum
583 5189 791 5260 pariter
816 5190 993 5261 ipsum
1020 5191 1636 5261 hominibusimpendis.
1667 5191 1814 5247 Nihil
1841 5193 1898 5247 in
1929 5193 2030 5248 hac

431 5279 657 5334 taberna
685 5279 881 5350 accipit
906 5280 996 5351 qui
1039 5279 1172 5333 nihil
1206 5279 1318 5344 dat,
1350 5287 1437 5333 aut
1487 5280 1710 5336 daturus
1758 5290 2024 5353 speratur.

428 5369 498 5423 Et
527 5376 707 5423 tamen
737 5384 838 5423 nec
866 5368 1012 5439 quod
1042 5367 1312 5422 venderes
1358 5367 1608 5435 haberes,
1660 5369 1765 5424 nisi
1813 5370 1909 5424 tibi
1953 5372 2027 5427 nil

427 5456 575 5511 danti
614 5456 790 5529 gratis
839 5463 984 5511 esset
1031 5455 1214 5511 datum
1262 5455 1517 5528 desuper.
1573 5458 1843 5530 Recepisti
1890 5475 2026 5532 ergo

426 5547 732 5600 mercedem
763 5553 927 5599 tuam.

488 5633 784 5690 Evacuatio
814 5641 867 5689 et
897 5631 1172 5705 elongatio
1201 5648 1232 5688 a
1263 5635 1379 5691 Deo
1406 5642 1676 5706 praeparat
1725 5635 1795 5712 ad
1825 5650 2025 5693 concu-

420 5721 739 5792 piscendum
751 5762 766 5776 .

2138 4665 2254 4736 ipsa
2275 4664 2544 4736 petitione
2563 4670 2652 4718 tua
2680 4669 2894 4717 reatum
2923 4660 2974 4716 ei
3018 4668 3169 4715 tuum
3215 4667 3269 4715 et
3322 4658 3741 4716 fornicationem

2138 4754 2208 4809 ab
2236 4769 2304 4810 eo
2330 4751 2590 4820 ostendis,
2622 4757 2672 4805 et
2700 4749 2900 4806 nescis.

2207 4841 2512 4897 Misericors
2569 4839 2830 4907 vindicta,
2877 4837 2925 4892 si
2973 4853 3223 4908 sponsus,
3276 4852 3530 4908 sponsam
3577 4849 3741 4890 suam

2135 4920 2434 4987 adulteram
2495 4927 2929 4999 deprehendens,
2963 4941 3084 4981 eam
3122 4933 3334 4982 tantum
3361 4923 3623 4980 subtrahit
3652 4924 3740 4980 eis

2134 5034 2258 5076 cum
2290 5019 2488 5090 quibus
2529 5016 2923 5072 fornicabatur.
2981 5013 3156 5083 Quam
3199 5030 3333 5071 vero
3377 5013 3650 5085 impudica
3681 5021 3744 5067 et

2133 5106 2504 5163 inverecunda
2531 5113 2615 5160 est
2643 5105 2783 5175 ipsa,
2833 5103 2880 5158 si
2918 5103 2987 5158 ad
3016 5103 3266 5172 injuriam
3313 5103 3416 5159 hoc
3462 5101 3737 5173 accipiat!

2132 5196 2292 5251 Nulla
2321 5195 2428 5250 alia
2455 5193 2571 5249 fere
2599 5194 2696 5248 tibi
2727 5201 2812 5248 est
2862 5207 3022 5246 causa
3065 5191 3305 5256 dolendi,
3356 5191 3461 5246 nisi
3500 5190 3642 5256 talis,
3676 5190 3740 5244 id

2132 5292 2215 5340 est
2242 5285 2311 5339 de
2341 5283 2632 5339 subtractis
2661 5280 3110 5337 fornicationibus
3151 5280 3277 5335 tuis.
3327 5281 3436 5351 Ipsi
3467 5294 3598 5352 ergo
3626 5279 3742 5334 do-

2129 5373 2278 5427 lores
2309 5372 2384 5426 tui
2412 5377 2648 5443 arguunt
2688 5367 3075 5425 fornicationes
3120 5377 3260 5435 tuas,
3308 5368 3381 5424 ita
3409 5377 3465 5423 ut
3506 5384 3618 5424 non
3664 5369 3744 5423 sit

2129 5477 2268 5532 opus
2297 5461 2419 5515 aliis
2449 5460 2698 5516 testibus.

2200 5550 2329 5604 Haec
2359 5549 2497 5604 solet
2527 5563 2560 5604 a
2588 5549 2777 5618 sponsi
2804 5547 2976 5605 oculis
3025 5547 3324 5618 quamlibet
3361 5545 3743 5601 inverecunda

2128 5646 2182 5694 et
2220 5637 2498 5708 impudica
2526 5637 2718 5692 mulier
2745 5637 3111 5704 abscondere,
3163 5636 3437 5708 lacrymas
3466 5649 3606 5706 quas
3634 5651 3748 5707 pro

2126 5725 2343 5782 damnis
2369 5741 2492 5798 quae
2521 5725 2842 5799 contingunt
2867 5725 3133 5793 adultero,
3158 5731 3212 5780 et
3243 5739 3378 5796 quas
3398 5738 3497 5796 pro
3525 5722 3753 5793 injuriis
