3928 6408
178 333 281 387 617

1559 320 2108 379 MEDITATIONES.

3385 331 3492 384 618

180 453 248 535 ab
279 451 553 519 adultero,
595 449 698 504 sibi
752 449 905 515 irato,
963 448 1125 502 illatis
1153 448 1363 515 fundit;
1395 448 1544 518 ipsas
1575 461 1792 518 quoque
1819 445 1993 505 Ased
2042 446 2203 500 etiam
2258 459 2517 515 magnum
2558 444 2753 499 anima:
2811 461 2924 500 suae
2979 446 3362 502 detrimentum
3426 450 3503 504 in-

179 541 427 611 injurias,
463 538 710 593 similiter
754 545 806 592 et
834 536 1056 610 gaudia.
1090 537 1226 592 Vide
1257 552 1400 592 nunc
1437 537 1482 590 si
1513 537 1568 591 id
1598 535 1789 590 saltem

185 638 242 685 tu
263 629 333 684 ad
365 630 541 683 Deum
570 625 762 691 facias,
796 625 841 680 si
871 640 980 680 non
1003 633 1186 696 aperte
1206 641 1392 680 coram
1413 641 1478 680 eo
1506 640 1604 696 pro
1635 624 1789 678 dam-

187 718 273 773 nis
303 715 558 772 adulterii
579 715 676 784 tui,
695 714 752 769 id
775 722 857 769 est
886 714 1074 769 mundi
1103 714 1282 782 hujus,
1332 714 1509 786 luges,
1572 721 1623 766 et
1661 727 1789 782 pro-

189 806 367 878 speris
388 803 646 860 exsultas.
669 804 844 859 Frons
856 818 988 876 ergo
1017 803 1340 859 meretricis
1360 801 1621 858 mulieris
1630 804 1790 871 facta

189 898 272 950 est
303 894 404 950 tibi
435 892 574 964 (Jer.
607 906 687 958 ut,
721 892 799 962 3).

747 1058 1141 1116 CAPITULUM
1182 1059 1281 1113 XI.

195 1223 269 1278 De
297 1220 625 1293 ignorantia
637 1219 728 1274 sui
744 1219 923 1293 ipsius
942 1234 1052 1289 qua
1065 1218 1246 1293 hqmo,
1272 1233 1372 1289 per
1401 1233 1650 1293 amorem
1673 1221 1792 1272 ter-

259 1287 535 1417 re'norwtn
568 1293 740 1416 extra
763 1287 1024 1361 'sez'ps-dm
1065 1287 1309 1358 eﬂiuas,
1351 1305 1409 1344 se
1434 1287 1792 1345 considerare

259 1381 377 1417 non
408 1379 478 1417 no
510 1378 566 1417 es
599 1402 612 1416 .

259 1381 377 1420 non
404 1378 612 1435 pateat.

259 1495 496 1552 Penuria
527 1491 806 1549 interioris
835 1491 1154 1563 spectaculi,
1187 1491 1243 1547 id
1273 1499 1356 1547 est
1375 1491 1476 1547 Dei
1499 1492 1632 1562 (non
1647 1491 1794 1564 quod

191 1601 302 1642 non
331 1584 481 1650 insit,
513 1583 611 1638 sed
642 1582 786 1652 quod
809 1588 914 1636 ate
943 1580 1170 1636 interius
1192 1580 1340 1651 lippo
1368 1595 1478 1636 non
1498 1580 1790 1650 videatur),

1892 534 2077 588 currit.
2113 535 2251 588 Dum
2276 532 2418 587 enim
2441 533 2718 602 propriam
2768 534 2978 604 qumrit,
3013 549 3126 606 qua-
3164 536 3313 590 nulla
3374 553 3497 594 esse

1891 629 2147 692 potest,a
2190 621 2463 676 communi
2520 621 2818 691 repellitur,
2870 622 2924 676 id
2955 631 3093 677 esta
3141 625 3275 680 Deo.
3349 626 3498 682 Sicut

1892 709 2034 764 enim
2057 709 2299 765 omnium
2327 709 2609 764 hominum
2637 725 2746 764 una
2774 718 2856 765 est
2897 719 3108 774 natura,
3167 713 3242 768 ita
3288 721 3340 770 et
3387 716 3488 770 uti-

1892 797 2036 852 litas.

1966 885 2113 940 Felix
2137 894 2220 940 est
2265 886 2442 941 omnis
2496 886 2588 957 qui
2617 887 2745 943 nihil
2796 887 2908 942 vult
2958 889 3104 958 quod
3161 890 3264 945 sibi
3303 893 3496 962 prosit.

1898 975 2079 1028 Potest
2109 991 2241 1046 ergo
2270 975 2433 1030 homo
2457 975 2596 1030 velle
2629 975 2775 1046 quod
2806 976 2906 1030 sibi
2928 986 3021 1032 aut
3048 995 3157 1034 non
3187 980 3380 1050 prosit,
3405 991 3496 1037 aut

1893 1063 2084 1116 obsit?
2115 1063 2332 1119 Utinam
2361 1063 2446 1118 vel
2470 1064 2639 1118 semel
2670 1064 2726 1118 in
2757 1065 2866 1119 vita
2887 1073 2979 1120 tua
3009 1074 3118 1122 tota
3168 1069 3304 1124 velis
3352 1071 3499 1142 quod

1894 1151 2109 1220 expedit
2149 1151 2288 1206 sicut
2343 1152 2635 1206 volendum
2685 1152 2810 1208 est!
2863 1153 2908 1209 Ο
2938 1154 3141 1211 misera
3200 1173 3342 1225 sors,
3389 1174 3499 1214 non

1893 1253 2058 1308 posse
2087 1239 2232 1294 nolle
2255 1241 2400 1310 quod
2430 1241 2586 1295 obest
2624 1240 2634 1294 !

1966 1327 2023 1382 Si
2053 1327 2359 1397 interroges
2399 1329 2648 1384 homines
2679 1346 2848 1401 quare
2905 1333 3010 1387 sint
3045 1333 3252 1400 miseri,
3314 1343 3498 1391 utrum

1898 1430 2006 1470 non
2038 1415 2206 1469 velint
2233 1416 2378 1486 quod
2411 1417 2514 1470 sibi
2551 1418 2619 1472 sit
2655 1419 2816 1485 utile,
2857 1436 2926 1474 an
2959 1421 3087 1492 quia
3123 1439 3232 1478 non
3262 1424 3501 1479 habeant

1898 1503 2044 1574 quod
2074 1503 2284 1567 nolunt,
2317 1505 2720 1575 respondebunt
2761 1508 2938 1562 statim
2981 1510 3108 1580 quia
3135 1527 3245 1566 non
3273 1520 3501 1582 possunt

1895 1592 2098 1646 habere
2130 1592 2274 1663 quod
2303 1592 2508 1647 volunt.
2530 1594 2642 1649 Hoc
2697 1603 2877 1650 autem
2911 1605 2992 1652 est
3038 1597 3222 1655 dicere
3250 1614 3263 1653 :
3295 1599 3498 1655 Illumi-

189 1673 323 1730 facit
341 1681 401 1728 ut
435 1687 469 1727 a
498 1671 604 1726 tuis
644 1669 989 1724 interioribus
1030 1668 1178 1723 foras
1209 1669 1438 1724 libenter
1466 1684 1651 1734 exeas,
1685 1669 1793 1723 imo
1893 1680 2007 1734 nati
2039 1680 2259 1751 quidem
2291 1697 2499 1747 sumus,
2534 1689 2586 1736 et
2618 1683 2756 1738 bene
2788 1683 2917 1755 quid
2947 1685 3074 1741 mile
3105 1687 3264 1742 nobis
3304 1688 3373 1743 είι
3395 1705 3498 1744 no-

189 1764 244 1818 in
273 1771 326 1818 te
365 1769 620 1832 tanquam
648 1758 702 1812 in
760 1757 1001 1812 tenebris
1058 1773 1298 1829 nequeas
1363 1757 1709 1824 commorari,
1745 1765 1797 1812 et
1825 1768 2075 1852 Bvimus
2132 1776 2183 1823 et
2234 1783 2502 1833 amamus,
2547 1770 2642 1824 sed
2674 1770 3029 1828 inﬁrmam“,
3074 1773 3235 1841 Quod
3292 1775 3494 1831 falsum

187 1848 554 1907 exterioribus
583 1861 872 1916 corporum
916 1845 1123 1910 formis,
1159 1861 1254 1900 seu
1312 1845 1659 1916 opinionibus
1689 1846 1793 1901 ho-

187 1939 397 1994 minum
426 1951 593 1992 vaces
622 1933 964 1990 admirando.
1008 1934 1122 1988 Nec
1163 1933 1399 2004 imputes
1447 1932 1634 1987 formis
1666 1949 1794 1989 cor-

189 2025 394 2098 poreis,
419 2023 567 2095 quod
597 2030 649 2078 te
667 2029 760 2077 aut
788 2021 1035 2077 detinent
1063 2029 1156 2076 aut
1193 2028 1417 2086 terrent,
1451 2020 1566 2077 sive
1612 2021 1796 2093 aliquo

188 2115 354 2171 modo
385 2119 628 2178 movent,
649 2110 746 2166 sed
765 2117 868 2165 tuae
885 2109 1137 2175 caecitati,
1162 2117 1324 2180 atque
1357 2125 1389 2164 a
1419 2125 1632 2164 summo
1654 2109 1796 2165 bono

189 2201 471 2260 vacuitati.

256 2289 396 2346 Vide
427 2296 690 2360 quantum
722 2285 956 2357 teipsum
981 2285 1224 2358 ignores.
1249 2286 1407 2340 Nulla
1424 2294 1508 2340 est
1537 2287 1680 2340 enim
1703 2301 1796 2340 re-

191 2377 282 2451 gio
302 2385 417 2433 tam
446 2383 657 2432 remota
688 2382 742 2430 et
770 2374 958 2446 ignota
987 2374 1101 2441 tibi,
1137 2375 1206 2429 de
1235 2390 1340 2446 qua
1369 2373 1579 2431 facilius
1603 2375 1798 2430 credas

191 2466 330 2523 falsa
362 2464 625 2521 narranti.

261 2552 574 2628 Aliquando
617 2551 820 2607 malum
879 2551 1131 2622 diSplicet
1169 2551 1286 2606 sine
1327 2552 1584 2608 mercede
1645 2551 1795 2619 boni,

190 2643 368 2709 velut,
405 2643 454 2697 si
474 2642 582 2697 duo
611 2640 784 2697 velint
812 2641 868 2694 in
896 2639 1060 2695 domo
1098 2654 1208 2694 una
1257 2640 1535 2710 pr0priam
1567 2641 1800 2710 superbe

192 2747 456 2788 exercere
486 2729 840 2794 voluntatem,
877 2735 1108 2800 uterque
1128 2727 1330 2782 malum
1359 2728 1489 2784 vult.
1524 2730 1726 2783 Horum
1754 2729 1798 2782 si

197 2819 524 2875 alterutrum
555 2817 656 2872 sibi
673 2816 999 2888 displiceant
1023 2816 1344 2882 voluntates,
1379 2832 1488 2871 non
1545 2817 1672 2871 odio
1702 2833 1800 2871 su-
1861 2837 1870 2842 -

191 2907 399 2979 perbiae
416 2905 497 2971 ﬁt,
515 2905 614 2961 sed
632 2920 820 2960 amore
833 2946 846 2959 .
879 2904 1007 2960 Odit
1029 2905 1172 2960 enim
1194 2904 1337 2959 illius
1355 2905 1688 2975 superbiam,
1714 2905 1802 2961 hic

195 2996 284 3068 qui
312 3002 463 3050 amat
491 3009 668 3064 suam,
695 3010 818 3066 quas
847 2993 1141 3064 impeditur
1168 2994 1236 3048 ab
1264 2993 1384 3048 illo.
1434 2993 1535 3050 Hic
1575 2994 1801 3065 laqueus

193 3091 276 3141 est
290 3083 454 3140 valde
472 3082 733 3139 occultus.

265 3173 346 3227 Ita
376 3180 429 3227 te
450 3171 621 3226 habes
651 3171 708 3225 in
739 3170 842 3226 hoc
874 3170 1099 3236 mundo,
1135 3171 1290 3241 quasi
1319 3172 1388 3226 ad
1446 3171 1806 3242 spectandum
1833 3143 1882 3204 Ο

196 3260 246 3316 ei
326 3258 645 3315 mirandum
729 3257 939 3313 formas
993 3274 1284 3328 corporum
1338 3260 1444 3314 huc
1495 3259 1802 3314 adveneris.

266 3349 325 3405 Si
354 3345 688 3418 spectaculis
720 3346 1073 3402 interioribus
1100 3363 1212 3403 non
1245 3361 1466 3402 careres
1485 3391 1498 3415 ,
1530 3363 1805 3418 nunquam

195 3437 263 3493 ad
284 3435 562 3492 exteriora
578 3434 781 3501 exires,
806 3435 923 3491 sive
951 3449 1193 3492 vacares.

263 3523 414 3581 Sicut
443 3523 500 3578 in
530 3522 716 3578 fabula
743 3523 926 3594 puella
973 3522 1174 3580 defecit
1213 3523 1473 3580 intuendo
1505 3525 1699 3594 solem,
1731 3524 1807 3579 ita

199 3630 258 3670 es
289 3621 345 3668 tu
377 3611 454 3668 ad
483 3611 800 3668 necessario
836 3611 1106 3684 perituras
1151 3627 1443 3684 corporum
1500 3613 1707 3667 formas
1755 3620 1808 3668 et

197 3701 489 3774 opiniones
518 3700 802 3755 humanas.

269 3791 387 3845 Hoc
426 3789 797 3860 spectaculum
826 3787 1030 3843 nullius
1082 3788 1256 3845 oculis
1286 3789 1340 3843 in
1382 3789 1486 3844 hac
1545 3789 1671 3855 vita,
1705 3790 1809 3844 nisi

195 3878 297 3934 Dei
316 3877 574 3944 maxime,
607 3885 660 3933 et
681 3877 784 3932 tuis
816 3892 916 3949 pro
945 3884 1108 3949 captu
1136 3885 1228 3932 tuo
1256 3885 1406 3948 patet
1462 3893 1624 3950 quam
1656 3878 1809 3934 vide-

195 3966 323 4024 licet
343 3965 688 4036 corporibus,
719 3973 773 4020 et
821 3981 1013 4022 eorum
1055 3965 1264 4034 formis,
1316 3966 1404 4021 vel
1463 3966 1810 4037 Opinionibus

199 4055 456 4111 humanis
476 4061 531 4110 et
553 4053 830 4111 favoribus
861 4054 1234 4127 superferatur
1281 4055 1497 4111 animus
1527 4063 1670 4124 tuus,
1717 4063 1811 4110 aut

203 4143 503 4213 subiaceat.

272 4233 410 4289 Vide
452 4231 728 4304 quomodo
771 4247 998 4288 aversus
1045 4248 1076 4286 a
1125 4233 1240 4288 Deo
1295 4232 1502 4287 intrasti
1565 4232 1617 4287 in
1666 4233 1810 4310 hunc

201 4321 487 4388 mundum,
511 4319 752 4377 inhiante
781 4335 874 4378 ore
895 4321 966 4377 ad
986 4321 1171 4376 omnia
1198 4329 1396 4392 praeter
1429 4321 1627 4394 ipsum.

727 4517 1121 4574 CAPITULUM
1142 4516 1263 4572 XII.

203 4663 280 4719 De
297 4678 431 4719 vera
452 4660 716 4716 utilitate
733 4658 996 4737 hominis,
1020 4663 1077 4715 et
1097 4660 1345 4737 qyaliter
1356 4659 1615 4737 omnium
1633 4657 1810 4737 hpmi-

515 4747 658 4786 num
683 4733 768 4786 est
800 4746 919 4786 una
938 4735 995 4786 et
1040 4729 1234 4786 eadem
1278 4731 1525 4786 utilitas.

273 4877 475 4932 Beatus
522 4872 614 4945 qui
647 4872 798 4944 eligit
826 4881 884 4928 ut
931 4886 1122 4929 secure
1170 4871 1401 4928 laboret.
1434 4873 1562 4929 Haec
1594 4881 1674 4928 est
1721 4888 1819 4928 au-

201 4974 310 5021 tem
343 4977 546 5020 secura
573 4961 786 5026 electio,
852 4968 906 5015 et
924 4960 1079 5015 labor
1120 4960 1286 5027 utilis,
1334 4960 1387 5016 id
1428 4969 1511 5016 est
1565 4962 1818 5016 omnibus

205 5053 347 5109 velle
378 5051 671 5124 prodesse,
712 5049 788 5104 ita
819 5056 877 5104 ut
932 5049 1053 5103 talis
1097 5049 1234 5103 velis
1293 5065 1416 5104 esse
1468 5050 1547 5104 eis
1588 5051 1678 5122 qui
1726 5058 1819 5106 tuo

206 5158 314 5198 non
346 5147 549 5213 egeant
584 5137 802 5194 auxilio.
839 5139 1014 5194 Tanto
1049 5137 1194 5193 enim
1224 5138 1405 5192 minus
1460 5147 1627 5209 agunt
1673 5139 1820 5210 quod

209 5230 446 5302 expedit,
483 5233 685 5299 quanto
707 5226 945 5297 propriis
985 5225 1307 5281 utilitatibus
1337 5227 1590 5282 videntur
1637 5226 1821 5282 inten-

210 5320 363 5375 dere.
397 5318 529 5372 Hmc
559 5323 642 5371 est
687 5323 868 5370 autem
919 5314 1143 5386 propria
1198 5315 1621 5387 uniuscujusque
1679 5315 1822 5370 utili-

211 5415 316 5473 tas,
341 5404 599 5462 omnibus
644 5403 784 5459 velle
838 5403 1121 5474 prodesse.
1181 5404 1295 5458 Hoc
1348 5411 1528 5459 autem
1561 5403 1680 5475 quis
1734 5403 1822 5457 in-

1823 4455 1878 4556 n

215 5495 428 5569 telligat
455 5494 484 5547 ?
510 5491 614 5562 Qui
651 5506 787 5565 ergo
837 5491 1115 5563 pr0priam
1164 5491 1354 5563 quaarit
1412 5507 1580 5564 agere
1619 5491 1823 5547 utilita-
1861 5499 1864 5502 ’

214 5591 343 5651 tem,
395 5597 507 5637 non
551 5579 726 5635 solum
781 5579 984 5635 nullam
1041 5594 1196 5635 suam
1251 5579 1535 5636 utilitatem
1599 5579 1821 5646 invenit,

438 5733 680 5787 Px'rnon.
721 5729 902 5787 CLIII.

1899 1864 2001 1910 est.
2036 1855 2172 1923 Quis
2202 1857 2347 1910 enim
2391 1857 2735 1912 saecularium
2778 1861 3019 1915 omnium
3068 1862 3240 1933 diligit
3299 1863 3502 1935 aliquid

1899 1945 2045 2014 quod
2076 1960 2200 1998 eum
2231 1944 2415 2000 facere
2435 1953 2613 2015 potest
2643 1947 2924 2002 meliorem
2944 1948 2972 2002 ?
2993 1949 3081 2002 Nil
3103 1959 3290 2020 optant
3321 1951 3504 2007 homi-

1898 2048 1998 2087 nes
2019 2032 2166 2103 quod
2194 2048 2304 2087 non
2335 2033 2404 2087 sit
2447 2033 2607 2088 vilius
2655 2034 2807 2105 ipsis.
2841 2037 2909 2090 Et
2958 2039 3230 2108 quomodo
3257 2039 3310 2094 id
3360 2041 3504 2111 quod

1898 2120 2096 2175 melius
2127 2129 2179 2174 et
2210 2121 2504 2190 pretiosius
2532 2130 2615 2176 est
2645 2138 2710 2178 ac
2758 2123 2997 2195 dignius,
3033 2143 3098 2181 ex
3143 2127 3506 2183 deterioribus

1900 2223 1965 2264 ac
1985 2208 2265 2264 vilioribus
2286 2217 2338 2264 et
2367 2210 2766 2281 indignioribus
2796 2222 2976 2282 potest
3003 2215 3279 2270 meliorari
3311 2218 3339 2270 ?
3388 2217 3508 2273 Heu

1901 2304 2031 2368 quot
2070 2298 2305 2367 suntqui
2335 2307 2504 2370 agunt
2562 2300 2706 2370 quod
2755 2302 2962 2366 volunt,
2999 2319 3162 2373 quam
3211 2305 3373 2374 pauci
3415 2306 3508 2376 qui

1901 2385 2068 2440 velint
2104 2386 2246 2456 quod
2283 2385 2385 2440 sibi
2409 2387 2581 2456 prosit
2616 2389 2871 2459 adeptum
2899 2389 2910 2444 l
2944 2391 3012 2445 Et
3041 2399 3216 2446 tamen
3250 2392 3372 2464 quis
3400 2409 3507 2447 un-

1900 2490 2062 2545 quam
2104 2475 2306 2544 poterit
2351 2475 2453 2530 hoc
2511 2478 2843 2546 persuadere
2889 2477 3013 2533 ﬁliis
3062 2480 3190 2535 Ada:
3217 2480 3246 2534 ?
3278 2481 3510 2548 Quando

1901 2563 2195 2616 credentur
2227 2578 2335 2617 non
2383 2579 2568 2618 amare
2609 2565 2895 2620 utilitatem
2945 2583 3119 2636 suam,
3153 2583 3276 2623 cum
3332 2570 3511 2640 parati

1902 2650 2008 2704 sint
2029 2651 2239 2719 jurare,
2264 2650 2398 2704 nihil
2427 2668 2485 2706 se
2517 2652 2618 2706 sibi
2665 2654 2808 2708 male
2861 2662 3073 2725 optare,
3099 2663 3151 2712 et
3172 2657 3355 2711 omnia
3387 2675 3510 2729 qua:

1900 2738 2177 2808 patiuntur
2206 2739 2259 2792 in
2289 2745 2368 2793 tot
2407 2739 2687 2795 laboribus
2733 2751 2961 2813 propter
3019 2759 3176 2798 suam
3222 2744 3507 2801 utilitatem

1901 2842 1960 2881 se
1984 2825 2218 2881 tolerare
2248 2827 2276 2882 ?
2315 2828 2595 2899 Tanquam
2628 2829 2672 2883 si
2719 2830 2871 2886 dicas
2904 2831 3206 2887 idololatria
3237 2834 3360 2904 quia
3399 2849 3510 2888 non

1903 2915 2029 2970 colit
2059 2916 2251 2970 Deum.
2304 2915 2497 2971 Statim
2530 2917 2672 2971 enim
2710 2918 2932 2987 insilict,
2972 2921 3160 2988 jurans
3212 2937 3271 2977 se
3327 2922 3509 2978 colere

1901 3005 2077 3058 Deum
2109 3047 2124 3069 ,
2161 3011 2213 3058 et
2231 3011 2431 3074 quanta
2461 3004 2516 3058 in
2557 3005 2702 3061 cultu
2759 3007 2874 3076 ejus
2935 3009 3205 3078 expendat
3245 3023 3508 3065 annume-

1901 3092 2063 3158 rabit,
2097 3092 2385 3163 ipsumque
2417 3092 2576 3147 etiam
2608 3111 2768 3165 quem
2805 3097 2932 3151 colit
2962 3098 3133 3151 Deum
3160 3139 3173 3167 ,
3207 3097 3376 3168 digito
3407 3099 3508 3153 de-

1907 3181 2261 3236 monstrabit.
2328 3182 2394 3235 Et
2449 3190 2629 3237 tamen
2660 3198 2768 3238 non
2801 3184 2931 3240 colit
2961 3186 3154 3251 Deum,
3197 3186 3292 3240 sed
3321 3202 3511 3242 errore

1909 3270 2171 3341 deceptus
2228 3285 2329 3340 pro
2359 3271 2477 3325 Deo
2511 3271 2694 3326 habet.
2741 3274 2817 3326 Ita
2865 3273 3118 3329 homines
3174 3273 3291 3329 sine
3345 3275 3512 3329 dubio

1907 3374 2015 3414 non
2037 3358 2320 3413 utilitatem
2358 3375 2513 3414 suam
2571 3360 2804 3432 diligunt
2830 3370 2922 3416 aut
2965 3363 3169 3429 volunt,
3205 3362 3303 3418 sed
3362 3363 3510 3434 quod

1909 3455 2157 3503 errantes
2208 3447 2488 3502 utilitatem
2536 3465 2687 3503 suam
2737 3457 2947 3520 putant.
2980 3451 3050 3506 Et
3076 3450 3200 3506 ideo
3248 3450 3512 3522 quidquid

1909 3551 2006 3606 pro
2037 3535 2220 3590 re-taii
2250 3544 2339 3590 aut
2366 3545 2536 3607 agunt
2567 3544 2660 3592 aut
2704 3539 3000 3608 patiuntur,
3031 3554 3130 3609 pro
3176 3537 3405 3593 utilitate
3450 3555 3510 3594 se

1910 3639 2078 3696 agere
2107 3632 2295 3694 putant
2324 3633 2417 3679 aut
2443 3625 2574 3695 pati.
2626 3627 2748 3681 Non
2800 3634 2980 3681 autem
3039 3625 3154 3681 vult
3195 3634 3285 3682 aut
3334 3626 3512 3699 diligit

1908 3712 2192 3767 utilitatem
2223 3727 2395 3779 suam,
2428 3713 2534 3767 nisi
2565 3713 2657 3784 qui
2689 3715 2862 3769 Deum
2893 3714 3086 3787 diligit.
3138 3716 3261 3788 Ipse
3310 3719 3512 3792 quippe

1911 3801 2079 3867 solus,
2110 3808 2224 3856 tota
2255 3809 2305 3857 et
2327 3802 2444 3858 sola
2465 3811 2547 3858 est
2567 3802 3052 3860 utilitas‘humanae
3095 3814 3324 3865 naturae.
3360 3809 3512 3866 Scri-

1910 3897 2061 3960 ptum
2089 3906 2219 3946 vero
2251 3899 2334 3946 est
2364 3908 2377 3947 :
2411 3892 2677 3961 Quoniam
2709 3893 2804 3965 qui
2833 3898 3030 3948 manet
3051 3896 3114 3950 in
3136 3895 3510 3969 charitate,id

1910 3991 1988 4040 est
2017 3985 2107 4056 qui
2138 3985 2308 4038 Deum
2339 3981 2537 4054 diligit,
2572 3983 2633 4036 in
2661 3982 2768 4038 Deo
2799 3986 3018 4048 manet,
3050 3988 3106 4039 et
3139 3985 3284 4042 Deus
3336 3989 3399 4043 in
3449 4005 3513 4046 eo

1911 4074 1961 4142 (Ι
1987 4075 2148 4131 Joan.
2182 4071 2395 4140 1v,16).
2426 4069 2574 4124 Talis
2617 4077 2699 4124 est
2737 4085 2868 4141 ergo
2917 4071 3117 4126 utilitas
3166 4073 3403 4131 humana
3458 4087 3516 4134 ut

1912 4177 2050 4231 eam,
2084 4160 2188 4214 nisi
2219 4159 2312 4231 qui
2353 4158 2538 4224 habet,
2586 4157 2818 4229 diligere
2866 4175 3028 4214 nemo
3061 4161 3254 4230 possit,
3304 4171 3358 4218 et
3393 4182 3516 4237 quae

1910 4265 1943 4305 a
1973 4265 2073 4304 suo
2101 4248 2364 4304 dilectore
2394 4262 2503 4302 non
2532 4246 2706 4318 possit
2726 4247 2946 4303 omnino
2975 4249 3210 4321 sejungi.
3235 4251 3349 4308 Hoc
3379 4269 3516 4326 ergo

1910 4339 2086 4409 ipsum
2136 4336 2282 4409 quod
2340 4336 2528 4391 dicunt
2582 4335 2831 4390 homines
2893 4335 3123 4408 diligere
3181 4353 3240 4392 se
3297 4340 3516 4411 quidem

1909 4427 2195 4484 utilitatem
2226 4441 2378 4480 suam
2409 4424 2553 4496 (quis
2575 4431 2659 4479 est
2702 4423 2845 4479 enim
2892 4423 2982 4495 qui
3011 4424 3118 4480 hoc
3159 4440 3269 4480 non
3299 4427 3368 4482 sit
3420 4429 3515 4498 ju-

1909 4531 2036 4572 rare
2065 4515 2223 4571 etiam
2249 4521 2475 4586 paratus
2491 4514 2540 4584 7)
2562 4514 2660 4568 sed
2677 4528 2800 4568 eam
2821 4528 2930 4568 non
2951 4512 3174 4579 habere,
3196 4514 3512 4588 hocipsum,

1908 4606 2151 4676 inquam,
2204 4603 2574 4659 testimonium
2614 4611 2713 4669 est,
2774 4620 2870 4659 eos
2918 4600 3068 4656 aliud
3109 4607 3364 4680 diligere,
3407 4624 3518 4663 non

1912 4695 2090 4765 ipsam
2120 4709 2273 4749 suam
2293 4692 2596 4747 utilitatem.
2629 4691 2776 4746 Nihil
2813 4693 2958 4748 enim
2989 4695 3134 4751 aliud
3172 4695 3380 4751 homini
3433 4697 3515 4752 fa-

1914 4782 2170 4838 ciendum
2202 4790 2285 4838 est
2321 4790 2377 4836 ut
2413 4781 2695 4837 utilitatem
2736 4798 2888 4837 suam
2938 4783 3166 4851 habeat,
3225 4785 3330 4839 nisi
3386 4785 3514 4840 dili-

1919 4887 2069 4941 gere.
2105 4871 2215 4926 Sed
2246 4871 2350 4942 ipsi
2379 4871 2626 4926 homines
2655 4881 2923 4926 conantur
2944 4873 3163 4929 assidue
3183 4872 3366 4929 facere
3396 4889 3520 4930 eam

1922 4959 2080 5030 quasi
2110 4975 2221 5014 non
2273 4959 2363 5026 sit,
2413 4959 2552 5015 sicut
2601 4959 2804 5031 pagani
2834 4962 3030 5017 Deum.
3079 4963 3216 5017 Nam
3275 4961 3321 5016 si
3367 4962 3519 5018 solus

1921 5049 2068 5102 Deus
2101 5048 2305 5102 utilitas
2351 5055 2433 5102 est
2479 5049 2786 5114 hominum,
2823 5067 2930 5121 quo
2957 5067 3146 5107 carere
3177 5067 3286 5106 non
3317 5060 3516 5122 potest,

1922 5137 2034 5216 nisi.
2056 5137 2148 5208 Qui
2175 5154 2299 5191 eum
2331 5153 2677 5209 nequaquam
2707 5138 2901 5209 diligit,
2933 5155 3042 5193 non
3073 5139 3315 5195 facienda
3336 5141 3520 5212 utique

1923 5235 2023 5294 est,
2057 5241 2180 5282 cum
2213 5225 2281 5280 sit
2308 5233 2534 5289 aaterna,
2578 5225 2675 5281 sed
2707 5235 2911 5281 tantum
2941 5228 3237 5299 diligenda.
3286 5230 3399 5284 Hoc
3433 5246 3521 5284 so-

1923 5317 2030 5371 lum
2063 5331 2289 5386 prorsus
2320 5322 2404 5368 est
2433 5315 2592 5369 totius
2621 5314 2858 5370 miseriae
2894 5324 3091 5371 nostras
3140 5333 3301 5372 causa
3327 5362 3341 5384 ,
3377 5319 3523 5388 quod

1925 5403 2130 5458 scilicet
2161 5403 2445 5457 utilitatem
2474 5410 2565 5456 aut
2587 5418 2694 5457 non
2726 5404 3109 5476 cognoscimus
3140 5413 3192 5459 et
3221 5422 3329 5460 non
3368 5421 3523 5460 ama-

1925 5507 2066 5557 mus,
2129 5499 2218 5546 aut
2255 5507 2364 5545 non
2406 5498 2664 5561 quantum
2713 5491 2798 5546 vel
2841 5491 2980 5547 sicut
3036 5494 3423 5564 cognoscenda
3473 5502 3527 5550 et

1927 5579 2161 5635 amanda
2190 5587 2291 5640 est,
2322 5578 2705 5652 cognoscimus
2733 5587 2786 5634 et
2805 5595 3069 5634 amamus.

3247 5738 3315 5790 20
