3928 6408
491 397 592 449 619

988 580 1381 639 CAPITULUM
1411 578 1563 634 XIII.

496 733 567 784 De
586 729 854 800 prudenti
875 726 1107 800 cautela
1118 741 1239 800 _qua
1258 722 1535 800 utendum
1555 719 1720 800 estad
1742 731 1903 798 suam
1917 715 2085 770 utili-

658 804 836 854 tatem
863 790 1199 868 quibuslibet
1218 793 1503 866 prosperis
1531 792 1618 846 vel
1647 790 1910 843 adversis.

564 943 707 997 Ecce
738 940 1112 996 constristatus
1144 946 1196 993 et
1225 936 1593 998 conturbatus,
1629 928 1876 1003 quereris
1903 928 1972 982 de
1994 927 2087 983 illo

494 1039 583 1084 aut
613 1030 722 1095 illo,
758 1029 903 1100 quod
939 1026 1331 1084 contumeliosa
1362 1032 1414 1079 et
1442 1023 1568 1078 odio
1596 1021 1759 1091 plena
1805 1016 1901 1071 tibi
1929 1016 2084 1070 dixe-

494 1119 771 1173 ritverba.
805 1116 972 1172 Doles
1000 1132 1135 1187 ergo
1166 1122 1259 1170 aut
1290 1112 1418 1168 talia
1460 1110 1572 1175 tibi,
1626 1116 1715 1163 aut
1761 1106 1852 1161 tali
1906 1112 2087 1159 mente

497 1224 619 1261 esse
650 1207 910 1261 locutum.
934 1206 1077 1259 Bene
1108 1203 1349 1272 omnino,
1382 1201 1426 1255 si
1457 1206 1683 1270 propter
1739 1197 1855 1264 ejus
1883 1193 2087 1248 utilita—

495 1304 604 1349 tem
644 1294 819 1350 doles.

564 1384 687 1438 Non
717 1382 860 1438 enim
891 1383 995 1438 hoc
1025 1382 1075 1436 ei
1123 1381 1356 1452 expedit.
1417 1381 1472 1436 Si
1517 1389 1697 1437 autem
1734 1387 1958 1452 propter
2013 1386 2085 1447 te,

493 1488 683 1544 prave.
714 1472 802 1526 Nil
832 1471 975 1526 enim
998 1478 1106 1524 tam
1145 1478 1389 1525 sanctum
1421 1485 1487 1525 ac
1536 1471 1738 1525 bonum
1772 1487 1785 1523 :
1819 1477 1927 1522 tam
1957 1483 2088 1521 san-

495 1569 582 1617 cte
612 1576 677 1616 ac
706 1561 845 1615 bene
876 1560 971 1614 tibi
1001 1559 1184 1614 dicere
1218 1558 1500 1629 potuisset,
1534 1559 1678 1630 quod
1732 1564 1877 1612 esset
1905 1555 2089 1610 utilius

498 1650 593 1703 tibi
624 1666 788 1720 quam
816 1649 934 1704 haec
966 1656 1140 1713 erunt,
1173 1647 1219 1701 si
1248 1648 1385 1701 bene
1417 1647 1495 1701 eis
1553 1647 1740 1701 utaris.
1775 1647 1898 1700 Sive
1945 1644 2089 1699 enim

497 1740 639 1793 bona
668 1738 784 1792 sive
805 1736 969 1802 mala,
1003 1736 1143 1791 bene
1186 1735 1273 1790 vel
1302 1735 1444 1790 male
1501 1735 1647 1791 dicat
1692 1734 1787 1787 tibi
1840 1732 1962 1804 quis
2004 1731 2090 1786 vel

497 1825 676 1895 faciat,
708 1825 838 1879 talia
860 1825 954 1878 tibi
981 1831 1140 1879 erunt
1188 1823 1419 1895 qualiter
1444 1823 1524 1878 eis
1553 1839 1684 1877 usus
1740 1822 1926 1877 fueris.
1976 1819 2090 1875 Sibi

498 1922 675 1967 autem
694 1913 785 1983 qui
816 1912 941 1967 fecit
971 1920 1060 1965 aut
1089 1912 1242 1978 dixit,
1269 1912 1392 1965 talia
1414 1920 1587 1977 erunt,
1622 1912 1769 1982 quali
1800 1926 1866 1965 ea
1893 1910 2089 1965 volun-

498 2010 605 2055 tate
638 2002 761 2055 fecit
799 2010 888 2055 aut
931 2002 1079 2055 dixit.
1126 2001 1273 2054 Sient
1330 2000 1473 2053 enim
1526 2000 1782 2054 mentitur
1840 1999 2091 2069 iniquitas

500 2090 601 2141 sibi
624 2090 1015 2153 tantummodo,
1050 2105 1157 2141 non
1191 2088 1303 2153 tibi,
1358 2089 1400 2140 si
1439 2103 1545 2141 non
1605 2088 1929 2147 consentias,
1963 2096 2014 2139 et
2047 2086 2089 2139 si

498 2178 819 2245 radat-guns,
856 2178 924 2230 ita
954 2178 1137 2230 omnia
1158 2177 1295 2229 mala
1330 2176 1453 2231 facit
1498 2176 1599 2228 sibi
1638 2192 1701 2229 ac
1744 2174 1891 2238 dicit,
1926 2174 1979 2228 id
2009 2183 2089 2227 est

496 2267 561 2320 ad
591 2266 889 2335 perniciem
911 2281 1085 2332 suam,
1120 2266 1162 2318 si
1186 2265 1272 2333 pie
1304 2281 1367 2319 ac
1396 2265 1786 2333 compatienter
1817 2280 1922 2317 non
1954 2280 2087 2315 con-

496 2354 695 2410 sentias
716 2354 815 2409 sed
829 2354 1147 2424 redarguas.
1174 2353 1238 2407 Ei
1258 2368 1392 2424 ergo
1415 2352 1507 2423 qui
1522 2352 1722 2407 malum
1744 2351 1840 2405 tibi
1855 2351 1980 2406 fecit
2000 2361 2089 2405 aut

497 2441 649 2509 dixit,
669 2440 964 2497 condolere
985 2441 1173 2508 debes,
1190 2456 1300 2496 non
1328 2441 1444 2507 tibi,
1466 2440 1553 2496 cui
1573 2440 1735 2495 etiam
1755 2439 1934 2494 aliena
1944 2438 2090 2494 mala

492 2530 548 2583 in
573 2530 795 2595 bonum,
829 2529 875 2584 si
896 2530 975 2584 eis
1004 2530 1143 2585 bene
1159 2529 1343 2597 utaris,
1368 2530 1581 2594 cedent,
1605 2536 1657 2584 et
1677 2528 1732 2583 in
1755 2537 1865 2582 tam
1885 2528 2089 2583 bonum

495 2634 655 2689 quam
685 2618 823 2673 bene
852 2616 934 2672 eis
956 2618 1144 2673 uteris.
1159 2619 1306 2689 Ergo
1323 2625 1375 2672 et
1396 2624 1601 2672 tantum
1625 2617 1681 2672 in
1700 2616 1903 2672 malum
1924 2631 2085 2687 quam

490 2707 630 2761 male
669 2706 837 2761 uteris
867 2707 968 2775 eis,
1000 2706 1112 2761 sive
1141 2705 1284 2759 mala
1313 2705 1449 2769 sint,
1485 2705 1600 2760 sive
1628 2706 1768 2760 bona
1797 2720 1917 2776 quae
1947 2704 2089 2759 facta

490 2796 576 2850 vel
598 2795 742 2850 dicta
770 2795 864 2849 tibi
890 2801 1031 2861 sunt,
1049 2796 1314 2865 quoniam
1329 2794 1693 2864 diligentibus
1704 2795 1879 2849 Deum
1893 2794 2087 2847 omnia

486 2887 859 2956 cooperantur
886 2884 949 2937 in
992 2884 1195 2938 bonum
1244 2884 1420 2951 (Rom.
1453 2896 1573 2946 vni,
1621 2882 1734 2951 28),
1766 2882 1822 2935 in
1877 2889 2087 2935 tantum

488 2971 686 3037 omnia,
743 2979 801 3025 ut
856 2971 1018 3026 etiam
1079 2970 1255 3024 aliena
1302 2970 1462 3024 mala.
1526 2968 1848 3024 Odientibus
1903 2977 2084 3024 autem

489 3059 684 3124 Deum,
738 3058 1046 3114 econtrario
1113 3057 1298 3113 omnia
1355 3064 1717 3128 cooperantur
1772 3058 1827 3111 in
1883 3058 2084 3113 malum

488 3147 752 3217 ipsorum,
786 3147 913 3202 etin
944 3153 1153 3201 tantum
1172 3145 1376 3212 omnia,
1408 3153 1466 3200 ut
1489 3146 1655 3201 etiam
1700 3146 1863 3201 bona.
1897 3147 2082 3201 Totam

489 3235 655 3306 igitur
704 3234 985 3306 querelam
1038 3235 1095 3289 in
1150 3234 1382 3305 teipsum
1427 3234 1572 3288 male
1619 3241 1859 3289 utentem
1906 3242 2078 3289 verte.

488 3323 630 3376 Nam
659 3322 781 3378 etsi
809 3338 866 3378 re
912 3338 1045 3378 vera
1083 3323 1229 3377 mala
1270 3330 1394 3377 sunt
1450 3338 1571 3393 quae
1618 3322 1754 3377 facta
1808 3330 1900 3377 aut
1942 3323 2081 3378 dicta

490 3418 614 3466 sunt
641 3410 754 3479 tibi,
793 3410 887 3465 tibi
903 3418 1052 3467 certe
1081 3411 1224 3466 mala
1252 3427 1375 3466 esse
1405 3410 1553 3466 nullo
1587 3411 1750 3466 modo
1804 3419 2077 3482 poterunt,

488 3499 593 3554 nisi
623 3499 703 3554 eis
730 3499 874 3555 male
889 3499 1054 3555 utaris
1086 3518 1101 3567 ;
1134 3498 1213 3554 sic
1256 3514 1357 3555 nec
1407 3498 1551 3554 bona
1588 3498 1749 3569 bona,
1783 3499 1886 3554 nisi
1941 3500 2081 3555 bene

488 3588 568 3642 eis
599 3604 730 3643 usus
758 3587 945 3643 fueris.

562 3678 677 3733 Hoc
717 3693 934 3748 semper
967 3677 1284 3733 intuendum
1305 3678 1436 3751 quid
1462 3676 1555 3732 fiat
1581 3677 1636 3732 in
1683 3676 1865 3732 animo
1920 3684 2011 3732 tuo
2062 3694 2077 3743 ;

490 3781 590 3820 nec
612 3765 742 3839 quid
771 3766 887 3821 sive
915 3765 1043 3821 boni
1075 3766 1191 3823 sive
1234 3767 1361 3822 mali
1394 3765 1485 3821 alii
1540 3765 1769 3834 faciant,
1803 3765 1902 3821 sed
1949 3764 2079 3837 quid

489 3861 546 3908 tu
576 3853 645 3908 de
673 3853 806 3924 ipsis
842 3869 1031 3909 eorum
1090 3854 1247 3911 factis
1301 3854 1491 3923 facias,
1544 3854 1817 3925 quomodo
1873 3853 2079 3909 scilicet

488 3941 658 3996 utaris
686 3942 844 3997 bonis
874 3950 926 3997 et
973 3942 1133 3997 malis
1189 3958 1401 4009 eorum,
1459 3950 1822 4014 quantumque
1879 3958 1945 3997 ex
1999 3941 2078 3996 eis

485 4028 745 4100 proﬁcias
776 4030 890 4087 sive
939 4029 1171 4087 favendo
1207 4039 1260 4087 et
1297 4031 1625 4101 adjuvando,
1684 4031 1800 4087 sive
1853 4046 2077 4101 compa-

486 4119 669 4173 tiendo
698 4126 750 4173 et
780 4119 1141 4175 emendando.
1175 4120 1326 4175 Tunc
1354 4120 1498 4174 enim
1519 4120 1587 4175 de
1616 4119 1870 4175 omnibus
1921 4118 2078 4174 factis

483 4206 763 4262 hominum
792 4208 932 4264 bene
962 4210 1223 4279 operaris,
1260 4225 1383 4265 cum
1412 4209 1573 4263 nullis
1630 4224 1816 4263 eorum
1868 4205 2071 4263 benefi-

484 4296 582 4350 ciis
612 4295 835 4351 illiceris
864 4297 933 4351 ad
964 4296 1224 4363 favorem,
1259 4297 1492 4353 nullisve
1539 4295 1842 4352 malefactis
1889 4296 2077 4350 deter-

484 4385 618 4439 reris
647 4385 713 4438 ab
744 4401 953 4441 amore.
987 4386 1137 4440 Tunc
1158 4385 1301 4441 enim
1331 4386 1536 4458 gratias
1565 4399 1737 4439 amas.
1783 4385 1906 4439 Non
1932 4383 2075 4439 enim

484 4481 563 4527 est
587 4473 747 4527 ullius
776 4474 951 4529 meriti
978 4490 1169 4545 pacem
1197 4474 1420 4539 habere,
1441 4474 1545 4528 nisi
1566 4490 1689 4529 cum
1717 4473 1783 4527 iis
1832 4473 1923 4543 qui
1955 4488 2075 4527 eam

481 4561 765 4618 nobiscum
794 4577 904 4617 non
924 4563 1144 4618 habent.

551 4648 826 4721 Quidquid
856 4649 947 4705 ﬁat
976 4651 1092 4717 tibi,
1116 4650 1412 4706 dummodo
1441 4650 1654 4705 animus
1684 4657 1806 4705 tuus
1826 4665 1929 4705 nec
1954 4649 2071 4716 iraa,

476 4753 578 4794 nec
597 4737 710 4793 odii
735 4781 748 4804 ,
796 4753 900 4794 nec
938 4738 1165 4794 tristitia:
1195 4782 1208 4805 ,
1258 4754 1360 4796 nec
1386 4747 1565 4795 metus
1622 4747 1830 4795 motum
1882 4738 2073 4793 incur-

473 4835 577 4894 rat,
603 4843 783 4899 neque
828 4828 1024 4884 horum
1080 4842 1323 4894 causam,
1379 4827 1436 4883 in
1463 4827 1641 4883 futuro
1693 4826 1893 4884 amulo
1939 4826 2073 4882 nihil

472 4916 709 4972 nocebit.

544 5002 774 5074 Oppone
806 5004 943 5059 duas
972 5004 1113 5077 pilas
1168 5002 1325 5059 radio
1373 5003 1523 5069 solis,
1569 5018 1735 5059 unam
1762 5003 1832 5059 de
1860 5002 2064 5075 argila,

471 5090 700 5147 alteram
728 5092 798 5147 de
829 5108 954 5148 cera
985 5110 1000 5159 ;
1048 5091 1294 5164 quamvis
1324 5090 1392 5146 sit
1420 5108 1560 5146 unus
1588 5091 1843 5163 idemque
1880 5090 2067 5146 radius

466 5195 575 5235 non
598 5187 776 5236 tamen
805 5180 947 5235 idem
977 5180 1033 5234 in
1061 5188 1288 5251 utraque
1336 5180 1550 5250 cperari
1598 5187 1794 5250 potest,
1846 5179 1944 5235 sed
1973 5196 2065 5234 se-

465 5269 703 5324 cundum
733 5267 1156 5340 praeparationes
1188 5282 1405 5334 earum,
1464 5268 1685 5324 diversa
1726 5267 1783 5322 in
1810 5266 1888 5324 eis
1927 5267 2061 5340 agit,

463 5357 604 5413 banc
629 5357 917 5423 indurans,
950 5356 1098 5411 illam
1127 5356 1363 5426 liquans,
1423 5371 1602 5426 neque
1633 5355 1777 5411 enim
1825 5364 2063 5411 terream

460 5443 694 5517 liquare,
724 5453 817 5501 aut
843 5458 1062 5502 caream
1091 5444 1286 5500 durare
1313 5451 1515 5516 potest.
1548 5445 1626 5499 Ita
1654 5452 1709 5500 et
1727 5459 1838 5501 una
1854 5443 2061 5500 metalli

462 5534 695 5604 species,
728 5548 917 5590 aurum
950 5531 1176 5600 scilicet,
1209 5539 1561 5604 conspectum
1590 5546 1623 5587 a
1655 5531 1924 5604 pluribus,
1977 5531 2059 5588 di-

458 5636 651 5677 versos
691 5622 747 5677 in
795 5623 896 5689 eis,
953 5620 1254 5677 secundum
1295 5620 1744 5691 praeparationem
1798 5620 2058 5675 mentium

1336 383 1677 442 GUIGONIS
1729 383 1747 435 I
1795 373 2205 434 CARTHUSIE
2236 371 2528 427 MAJORIS
2561 366 2832 424 PRIORIS
2863 364 2926 419 V.

2114 500 2395 561 Aeorum,
2464 494 2660 549 excitat
2704 498 2902 545 motus.
2974 485 3125 542 Alius
3173 482 3319 538 enim
3355 477 3671 537 accenditur
3718 474 3794 530 ad

3685 354 3793 407 620

2187 585 2523 657 rapiendum,
2559 582 2697 637 alius
2727 579 2797 635 ad
2817 575 3124 643 furandum,
3158 572 3293 627 alius
3336 577 3518 657 autem
3547 565 3618 657 ad
3646 580 3791 635 pau-

2185 656 2407 746 peribus
2427 669 2781 742 erogandum.
2833 664 2939 735 Qui
2981 662 3174 718 stultus
3218 667 3320 729 est,
3379 656 3507 713 dicit
3561 656 3792 709 beatum

2188 764 2304 832 ejus
2320 764 2702 832 possessorem
2718 775 2733 822 ;
2765 755 2856 827 qui
2887 752 3123 824 sapiens,
3149 750 3297 820 luget
3319 748 3436 816 ejus
3461 749 3789 832 amatorem.

2186 829 2385 904 Nec—in
2418 849 2555 902 bona
2591 852 2772 900 mente
2820 841 3038 907 malam,
3082 854 3184 893 nec
3212 838 3267 891 in
3290 840 3472 889 mente
3518 830 3662 885 mala
3690 829 3794 883 bo-

2187 954 2309 992 nam
2339 936 2669 990 voluntatem
2701 930 2935 987 excitare
2974 926 3138 993 valet,
3180 924 3276 979 sed
3316 921 3536 978 omnino
3564 926 3617 973 et
3646 918 3793 980 haec,

2190 1034 2242 1080 et
2271 1024 2388 1079 aliae
2428 1040 2522 1077 seu
2568 1019 2871 1091 corporum]
2915 1032 3012 1072 seu
3050 1029 3235 1069 rerum
3299 1011 3526 1065 aliarum
3574 1005 3796 1077 species

2191 1113 2304 1168 sive
2334 1127 2530 1177 causze,
2560 1116 2772 1164 mentes
2820 1107 3103 1168 humanas,
3154 1098 3458 1156 secundum
3502 1108 3794 1166 praepara-

2190 1202 2364 1256 tiones
2394 1198 2730 1262 earumdem,
2762 1200 3001 1249 movent.
3024 1191 3092 1245 Et
3122 1189 3244 1243 ideo
3277 1193 3385 1241 tota
3414 1197 3579 1240 causa
3626 1179 3797 1235 mali-

2190 1289 2383 1344 tiarum
2412 1295 2724 1342 nostrarum
2774 1282 2933 1337 nobis
2978 1279 3113 1350 ipsis
3168 1272 3483 1346 imputanda
3540 1278 3642 1336 est,
3678 1284 3794 1323 non

2191 1378 2322 1448 ipsis
2353 1376 2518 1431 rebus
2549 1374 2604 1427 in
2661 1371 2857 1443 quibus
2913 1381 3225 1439 peccamus.
3258 1364 3406 1434 Ergo
3450 1358 3597 1445 nihil.
3640 1356 3796 1448 aliud

2191 1444 2349 1520 nobis
2377 1463 2596 1530 faciunt,
2630 1459 2734 1514 nisi
2763 1458 3027 1530 probare.
3076 1451 3381 1510 Ostendunt
3409 1448 3553 1504 enim
3590 1444 3797 1518 quales

2192 1554 2246 1607 in
2277 1551 2490 1608 occulto
2511 1565 2747 1622 eramus,
2780 1561 2890 1602 non
2910 1543 3114 1600 faciunt
3143 1556 3244 1596 nos
3275 1535 3619 1605 tales.Quam
3644 1532 3796 1622 enim

2191 1640 2345 1695 tirmo
2393 1648 2442 1694 et
2472 1620 2740 1692 immobili
2771 1649 2959 1689 amore
3001 1644 3205 1701 sponsa
3256 1640 3458 1697 sponso
3496 1620 3793 1688 adhaereat,

2193 1729 2421 1783 aliorum
2505 1726 2745 1782 virorum
2798 1721 2993 1793 probat
3046 1716 3289 1773 intuitus.
3346 1714 3404 1769 Si
3460 1711 3605 1767 enim
3646 1709 3791 1763 bene

2118 1825 2339 1908 Bcasta
2371 1823 2472 1884 est,
2506 1813 2703 1868 nullius
2755 1810 2977 1865 alterius
3034 1802 3436 1908 pulchritqdine
3493 1812 3791 1908 pJeerove-

2192 1914 2299 1959 tur.
2334 1905 2411 1958 Ita
2441 1917 2657 1973 quoque
2689 1908 2763 1965 tu,
2815 1899 2860 1953 si
2891 1895 3202 1951 firmissimo
3234 1890 3431 1946 affectu
3474 1888 3794 1942 adbzereres

2194 1996 2326 2056 Deo,
2383 1990 2578 2045 nullius
2619 1996 2874 2043 creaturae
2948 1981 3229 2038 illicereris
3286 1986 3528 2048 aspectu.
3592 1974 3788 2025 Omnia

2192 2098 2468 2150 namque,
2518 2087 2660 2131 tuani
2712 2092 2840 2145 erga
2892 2075 3100 2137 Deum,
3162 2077 3354 2139 quanta
3403 2066 3502 2131 sit,
3554 2062 3791 2133 probant

2191 2169 2508 2222 castitatem.

2687 2305 3081 2361 CAPITULUM
3126 2303 3270 2355 XIV.

2189 2441 2265 2495 De
2293 2437 2724 2495 adversitatibu:
2738 2434 2905 2505 hujus
2932 2432 3145 2505 saeculi,
3191 2430 3437 2505 qualiter
3473 2425 3790 2505 toleranda:

2259 2514 2416 2581 sunt,
2448 2510 2580 2581 quia
2622 2522 2725 2579 per
2773 2497 2867 2561 eas
2914 2497 3170 2575 cogimur
3197 2497 3422 2555 utiliter
3476 2497 3547 2552 ad
3604 2498 3788 2552 Deum

2261 2579 2465 2636 redire.

2264 2714 2399 2769 Vide
2429 2710 2701 2783 quomodo
2721 2716 2774 2764 te
2804 2713 3011 2779 pungat
3055 2706 3223 2772 Deus,
3272 2715 3594 2774 quocunque
3623 2705 3783 2754 extra

2186 2820 2309 2860 eum
2347 2798 2658 2857 extenderis
2689 2813 2785 2869 per
2828 2792 3324 2865 concupiscentiam
3366 2790 3423 2845 in
3490 2788 3783 2854 creaturis,

2185 2901 2443 2962 tanquam
2471 2887 2649 2943 nutrix
2676 2884 2835 2956 pueri
2864 2882 3146 2939 brachium
3173 2887 3447 2936 extentum
3474 2884 3623 2933 extra
3678 2892 3781 2932 cu-

2184 2997 2282 3036 nas
2310 2995 2379 3033 ne
2409 2982 2600 3049 pereat
2615 2973 2838 3046 frigore.

2256 3065 2525 3137 PrOpitius
2553 3062 2648 3118 tibi
2680 3062 2747 3117 sit
2775 3062 2941 3128 Deus,
2974 3074 3044 3113 ne
3068 3055 3307 3114 inveniat
3334 3054 3428 3110 ubi
3476 3051 3785 3124 requiescat

2182 3172 2280 3228 pes
2306 3144 2505 3210 mentis
2534 3160 2679 3217 tuae;
2712 3157 2770 3204 ut
2799 3149 2988 3204 saltem
3020 3152 3226 3215 coacta,
3257 3159 3291 3199 ο
3321 3142 3522 3212 anima,
3581 3139 3781 3195 redeas

2183 3244 2250 3299 ad
2272 3257 2478 3309 arcam,
2511 3237 2917 3295 sicutcolumba
2946 3236 3084 3289 Noe.

2255 3334 2485 3403 Egestas
2543 3328 2680 3399 ipsa,
2722 3326 2810 3382 vel
2854 3323 3152 3395 asperitas,
3193 3316 3507 3390 temporalis
3562 3314 3786 3371 tortoris

2181 3420 2299 3477 vice
2327 3418 2476 3491 cogit
2505 3432 2605 3472 nos
2653 3415 2815 3480 bona,
2862 3420 3024 3483 atque
3041 3410 3128 3465 his
3173 3408 3390 3464 diversa
3432 3404 3775 3461 desiderare.

2183 3508 2291 3564 Sed
2322 3506 2450 3579 quia
2503 3521 2606 3561 nos
2644 3510 2853 3559 tantum
2897 3497 3281 3571 temporalibus
3328 3493 3533 3551 assueti
3570 3508 3780 3559 sumus,

2181 3595 2424 3666 nihilque
2453 3593 2601 3649 aliud
2629 3591 2899 3655 novimus,
2931 3604 3043 3643 non
3081 3585 3309 3641 multum
3336 3582 3558 3639 diversa
3603 3581 3674 3635 ab
3695 3579 3783 3635 his

2182 3700 2302 3755 quae
2330 3681 2568 3752 patimur
2598 3678 2999 3742 desideramus,
3034 3683 3086 3731 et
3114 3673 3203 3731 vel
3223 3674 3332 3727 iras
3357 3685 3568 3738 eorum,
3617 3668 3674 3724 id
3700 3674 3786 3724 est

2180 3770 2528 3842 asperitates,
2564 3773 3014 3838 temperamento,
3057 3761 3216 3834 quasi
3262 3759 3497 3833 quadam
3535 3758 3785 3814 reconci-

2178 3860 2419 3928 liatione,
2452 3857 2524 3913 ad
2555 3863 2891 3912 momentum
2919 3854 3341 3922 interrumpere,
3375 3847 3463 3904 vel
3505 3862 3617 3902 non
3642 3845 3784 3901 mul-

2179 3956 2294 4002 tum
2331 3947 2548 4002 diversa
2575 3944 2643 3999 ab
2672 3944 2778 4010 his,
2807 3942 2992 3998 subire
3023 3946 3309 4011 optamus.

2251 4034 2297 4091 Ο
2327 4036 2491 4090 homo
2520 4034 2614 4105 qui
2636 4032 2880 4088 dolorem
2900 4029 3123 4102 pateris,
3147 4027 3229 4082 vis
3242 4040 3364 4083 eum
3381 4024 3591 4080 lenire?
3619 4023 3776 4081 Volo.

2178 4122 2573 4195 Temporaliter
2602 4137 2671 4175 an
2698 4119 3021 4176 aeternaliter
3045 4118 3073 4171 τ
3102 4113 3469 4170 ιΕῐθΙἭᾶῙίῐϐΓ.
3501 4113 3779 4168 1Eternum

2178 4227 2315 4284 ergo
2343 4210 2698 4277 linimentum,
2733 4209 2787 4263 id
2816 4216 2897 4261 est
2943 4207 3137 4271 Deum,
3169 4202 3423 4257 desidera
3453 4219 3468 4268 ;
3499 4216 3627 4256 nam
3656 4200 3780 4256 ideo

2176 4308 2228 4355 te
2259 4299 2543 4370 percussit,
2602 4306 2661 4352 ut
2706 4313 2832 4351 eum
2874 4294 3176 4357 desideres,
3232 4305 3339 4345 non
3393 4289 3620 4357 herbas,
3667 4304 3774 4344 non

2177 4388 2462 4460 ligaturas.
2931 4407 2953 4431 ο

2246 4478 2366 4532 Una
2387 4475 2554 4531 febris
2583 4474 2762 4529 aufert
2808 4472 2992 4528 omnia
3040 4476 3233 4525 contra
3271 4482 3393 4538 quae
3433 4481 3663 4538 pugnas,
3724 4465 3777 4520 id

2094 4552 2147 4612 D
2177 4573 2260 4621 est
2298 4564 2693 4620 oblectamenta
2758 4562 2997 4633 quinque
3053 4571 3334 4612 sensuum.
3414 4553 3556 4622 Quid
3611 4561 3777 4609 restat

2173 4668 2328 4725 ergo,
2360 4652 2465 4706 nisi
2501 4659 2561 4706 ut
2590 4652 2706 4707 Deo
2736 4649 2939 4722 gratias
2965 4662 3064 4719 pro
3109 4644 3307 4702 collata
3356 4641 3583 4699 victoria
3636 4641 3777 4698 refe-

2171 4757 2256 4796 ras
2275 4741 2303 4794 ?
2335 4743 2402 4795 At
2431 4747 2486 4795 tu
2515 4747 2704 4796 contra
2733 4737 2935 4811 quaeris
2964 4734 3053 4792 cui
3099 4730 3451 4797 succumbas,
3482 4729 3675 4786 odiens
3708 4730 3773 4785 li-

2169 4829 2458 4885 bertatem.

2240 4917 2373 4987 Quae
2396 4932 2522 4987 spes
2552 4923 2655 4984 est,
2692 4915 2740 4970 si
2770 4915 2982 4987 laqueis
3011 4914 3216 4972 inimici
3239 4916 3411 4989 gratis
3424 4914 3695 4972 incumbis
3725 4922 3778 4970 et

2160 5005 2375 5076 jaculis,
2410 5005 2457 5059 si
2477 5005 2595 5061 haec
2633 5019 2743 5060 non
2775 5003 2950 5060 solum
2988 5020 3100 5060 non
3128 5020 3312 5072 caves,
3337 5004 3435 5060 sed
3460 5004 3683 5075 insuper
3712 5002 3774 5057 li-

2166 5094 2358 5149 benter
2386 5093 2750 5164 amplecteris,
2782 5101 2943 5164 teque
2971 5092 3079 5148 illis
3107 5092 3339 5166 detegis,
3365 5092 3434 5148 ab
3456 5092 3564 5147 illis
3595 5092 3666 5147 ad
3681 5090 3774 5146 illa

2165 5181 2413 5255 confugis
2442 5182 2470 5237 ?
2500 5183 2584 5237 Ea
2612 5188 2776 5253 putas
2808 5181 3129 5250 remedium,
3154 5197 3223 5238 ea
3252 5181 3526 5249 solatium,
3553 5196 3619 5237 ea
3638 5180 3776 5235 desi-

2163 5271 2347 5335 deras,
2382 5277 2435 5325 et
2464 5270 2660 5325 abesse
2691 5285 2801 5325 non
2820 5269 3051 5343 pateris.

2234 5358 2575 5429 Prosperitas
2603 5357 2834 5430 laqueus
2863 5366 2967 5426 est,
3019 5357 3194 5415 culter
3222 5358 3471 5414 incidens
3514 5358 3661 5414 hunc
3688 5357 3773 5413 la-

2162 5462 2382 5519 queum,
2417 5447 2724 5503 adversitas
2754 5466 2774 5516 ;
2806 5461 3000 5504 carcer
3028 5446 3231 5503 amoris
3259 5446 3383 5518 Dei,
3413 5446 3771 5519 prosperitas;

2159 5534 2513 5608 confringens
2532 5535 2678 5592 hunc
2709 5535 2876 5606 aries,
2910 5535 3214 5592 adversitas

2230 5623 2371 5678 Dicit
2408 5623 2504 5678 tibi
2555 5623 2861 5681 adversitas
2898 5637 2911 5678 :
2941 5624 3146 5681 Niteris
3182 5632 3241 5680 ut
3270 5623 3546 5681 recedam.
3615 5622 3772 5694 Quod
