  <div class='ocr_page' id='page_1' title='image "/cluster/home/n/w/nwhite01/storage/ocr_20150623/153-154/uc1.31175019678096/316.png"; bbox 0 0 3928 6416; ppageno 0'>
   <div class='ocr_carea' id='block_1_1' title="bbox 75 389 167 442">
    <p class='ocr_par' dir='ltr' id='par_1_1' title="bbox 75 389 167 442">
     <span class='ocr_line' id='line_1_1' title="bbox 75 389 167 442; baseline 0 -2"><span class='ocrx_word' id='word_1_1' title='bbox 75 389 167 442; x_wconf 69' lang='grc'><strong>621</strong></span> 
     </span>
    </p>
   </div>
   <div class='ocr_carea' id='block_1_2' title="bbox 1451 384 1993 441">
    <p class='ocr_par' dir='ltr' id='par_1_2' title="bbox 1451 384 1993 441">
     <span class='ocr_line' id='line_1_2' title="bbox 1451 384 1993 441; baseline -0.004 0"><span class='ocrx_word' id='word_1_2' title='bbox 1451 384 1993 441; x_wconf 80' lang='lat' dir='ltr'><strong>MEDITATIONES.</strong></span> 
     </span>
    </p>
   </div>
   <div class='ocr_carea' id='block_1_3' title="bbox 3220 385 3375 438">
    <p class='ocr_par' dir='ltr' id='par_1_3' title="bbox 3220 385 3375 438">
     <span class='ocr_line' id='line_1_3' title="bbox 3220 385 3375 438; baseline 0.013 -2"><span class='ocrx_word' id='word_1_3' title='bbox 3220 388 3229 396; x_wconf 79' lang='grc'><strong><em>’</em></strong></span> <span class='ocrx_word' id='word_1_4' title='bbox 3272 385 3375 438; x_wconf 69' lang='grc'><strong>622</strong></span> 
     </span>
    </p>
   </div>
   <div class='ocr_carea' id='block_1_4' title="bbox 82 490 3375 580">
    <p class='ocr_par' dir='ltr' id='par_1_4' title="bbox 82 490 3375 580">
     <span class='ocr_line' id='line_1_4' title="bbox 82 490 3375 580; baseline -0.001 -16"><span class='ocrx_word' id='word_1_5' title='bbox 82 515 222 565; x_wconf 87' lang='lat' dir='ltr'><strong>certe</strong></span> <span class='ocrx_word' id='word_1_6' title='bbox 251 507 405 562; x_wconf 90' lang='lat' dir='ltr'><strong>nullo</strong></span> <span class='ocrx_word' id='word_1_7' title='bbox 433 504 599 563; x_wconf 91' lang='lat' dir='ltr'><strong>modo</strong></span> <span class='ocrx_word' id='word_1_8' title='bbox 627 505 990 578; x_wconf 90' lang='lat' dir='ltr'><strong>prohiberes;</strong></span> <span class='ocrx_word' id='word_1_9' title='bbox 1019 505 1067 561; x_wconf 89' lang='lat' dir='ltr'><strong>si</strong></span> <span class='ocrx_word' id='word_1_10' title='bbox 1096 506 1238 563; x_wconf 86' lang='lat' dir='ltr'><strong>bene</strong></span> <span class='ocrx_word' id='word_1_11' title='bbox 1264 505 1419 575; x_wconf 86' lang='lat' dir='ltr'><strong>velis,</strong></span> <span class='ocrx_word' id='word_1_12' title='bbox 1450 490 1673 580; x_wconf 78' lang='lat' dir='ltr'><strong>poteris.</strong></span> <span class='ocrx_word' id='word_1_13' title='bbox 1704 511 1757 571; x_wconf 80' lang='grc' dir='ltr'><strong>Α</strong></span> <span class='ocrx_word' id='word_1_14' title='bbox 1779 507 1911 579; x_wconf 90' lang='lat' dir='ltr'><strong>quid</strong></span> <span class='ocrx_word' id='word_1_15' title='bbox 1937 506 2247 578; x_wconf 88' lang='lat' dir='ltr'><strong>bujusmodi</strong></span> <span class='ocrx_word' id='word_1_16' title='bbox 2266 549 2280 577; x_wconf 88' lang='lat'><strong>,</strong></span> <span class='ocrx_word' id='word_1_17' title='bbox 2312 505 2588 562; x_wconf 87' lang='lat' dir='ltr'><strong>materiam</strong></span> <span class='ocrx_word' id='word_1_18' title='bbox 2636 521 2853 578; x_wconf 89' lang='lat' dir='ltr'><strong>quoque</strong></span> <span class='ocrx_word' id='word_1_19' title='bbox 2884 505 3030 560; x_wconf 88' lang='lat' dir='ltr'><strong>unde</strong></span> <span class='ocrx_word' id='word_1_20' title='bbox 3087 504 3221 559; x_wconf 89' lang='lat' dir='ltr'><strong>illud</strong></span> <span class='ocrx_word' id='word_1_21' title='bbox 3255 504 3375 560; x_wconf 79' lang='lat' dir='ltr'><strong>fieri</strong></span> 
     </span>
    </p>
   </div>
   <div class='ocr_carea' id='block_1_5' title="bbox 81 594 1672 667">
    <p class='ocr_par' dir='ltr' id='par_1_5' title="bbox 81 594 1672 667">
     <span class='ocr_line' id='line_1_5' title="bbox 81 594 1672 667; baseline 0.002 -16"><span class='ocrx_word' id='word_1_22' title='bbox 81 597 200 652; x_wconf 86' lang='lat' dir='ltr'><strong>Non</strong></span> <span class='ocrx_word' id='word_1_23' title='bbox 256 596 404 652; x_wconf 88' lang='lat' dir='ltr'>enim</span> <span class='ocrx_word' id='word_1_24' title='bbox 452 611 678 667; x_wconf 91' lang='lat' dir='ltr'><strong>possum</strong></span> <span class='ocrx_word' id='word_1_25' title='bbox 751 594 986 651; x_wconf 89' lang='lat' dir='ltr'><strong>Domino</strong></span> <span class='ocrx_word' id='word_1_26' title='bbox 1039 595 1353 653; x_wconf 91' lang='lat' dir='ltr'><strong>modulante</strong></span> <span class='ocrx_word' id='word_1_27' title='bbox 1428 613 1672 667; x_wconf 89' lang='lat' dir='ltr'><strong>manere,</strong></span> 
     </span>
    </p>
   </div>
   <div class='ocr_carea' id='block_1_6' title="bbox 84 684 1501 756">
    <p class='ocr_par' dir='ltr' id='par_1_6' title="bbox 84 684 1501 756">
     <span class='ocr_line' id='line_1_6' title="bbox 84 684 1501 756; baseline 0.001 -18"><span class='ocrx_word' id='word_1_28' title='bbox 84 684 279 756; x_wconf 85' lang='lat' dir='ltr'><strong>quippe</strong></span> <span class='ocrx_word' id='word_1_29' title='bbox 310 684 545 755; x_wconf 78' lang='lat' dir='ltr'><strong>syllaba.</strong></span> <span class='ocrx_word' id='word_1_30' title='bbox 1486 743 1501 752; x_wconf 68' lang='grc'><em>,</em></span> 
     </span>
    </p>
   </div>
   <div class='ocr_carea' id='block_1_7' title="bbox 153 772 1671 847">
    <p class='ocr_par' dir='ltr' id='par_1_7' title="bbox 153 772 1671 847">
     <span class='ocr_line' id='line_1_7' title="bbox 153 772 1671 847; baseline 0.001 -18"><span class='ocrx_word' id='word_1_31' title='bbox 153 774 208 829; x_wconf 89' lang='lat' dir='ltr'><strong>Si</strong></span> <span class='ocrx_word' id='word_1_32' title='bbox 237 789 374 845; x_wconf 86' lang='lat' dir='ltr'><strong>erga</strong></span> <span class='ocrx_word' id='word_1_33' title='bbox 402 772 655 829; x_wconf 83' lang='lat' dir='ltr'><strong>homines</strong></span> <span class='ocrx_word' id='word_1_34' title='bbox 678 772 950 843; x_wconf 84' lang='lat' dir='ltr'><strong>pessimos</strong></span> <span class='ocrx_word' id='word_1_35' title='bbox 973 772 1120 829; x_wconf 90' lang='lat' dir='ltr'><strong>velut</strong></span> <span class='ocrx_word' id='word_1_36' title='bbox 1139 790 1316 847; x_wconf 87' lang='lat' dir='ltr'><strong>agnus</strong></span> <span class='ocrx_word' id='word_1_37' title='bbox 1336 791 1459 831; x_wconf 91' lang='lat' dir='ltr'><strong>esse</strong></span> <span class='ocrx_word' id='word_1_38' title='bbox 1480 775 1671 842; x_wconf 86' lang='lat' dir='ltr'><strong>debes,</strong></span> 
     </span>
    </p>
   </div>
   <div class='ocr_carea' id='block_1_8' title="bbox 83 861 1676 936">
    <p class='ocr_par' dir='ltr' id='par_1_8' title="bbox 83 861 1676 936">
     <span class='ocr_line' id='line_1_8' title="bbox 83 861 1676 936; baseline 0 -17"><span class='ocrx_word' id='word_1_39' title='bbox 83 864 204 936; x_wconf 91' lang='lat' dir='ltr'><strong>quid</strong></span> <span class='ocrx_word' id='word_1_40' title='bbox 233 863 301 918; x_wconf 89' lang='lat' dir='ltr'><strong>ad</strong></span> <span class='ocrx_word' id='word_1_41' title='bbox 333 863 529 927; x_wconf 90' lang='lat' dir='ltr'><strong>Deum,</strong></span> <span class='ocrx_word' id='word_1_42' title='bbox 560 877 684 917; x_wconf 89' lang='lat' dir='ltr'><strong>cum</strong></span> <span class='ocrx_word' id='word_1_43' title='bbox 705 861 774 915; x_wconf 91' lang='lat' dir='ltr'><strong>ab</strong></span> <span class='ocrx_word' id='word_1_44' title='bbox 803 877 870 917; x_wconf 92' lang='lat' dir='ltr'><strong>eo</strong></span> <span class='ocrx_word' id='word_1_45' title='bbox 890 861 1188 932; x_wconf 89' lang='lat' dir='ltr'><strong>corriperis</strong></span> <span class='ocrx_word' id='word_1_46' title='bbox 1210 864 1426 936; x_wconf 84' lang='lat' dir='ltr'><strong>ﬂagello</strong></span> <span class='ocrx_word' id='word_1_47' title='bbox 1447 864 1627 936; x_wconf 90' lang='lat' dir='ltr'><strong>aliquo</strong></span> <span class='ocrx_word' id='word_1_48' title='bbox 1648 864 1676 918; x_wconf 82' lang='lat'><strong>?</strong></span> 
     </span>
    </p>
   </div>
   <div class='ocr_carea' id='block_1_9' title="bbox 152 949 1669 1022">
    <p class='ocr_par' dir='ltr' id='par_1_9' title="bbox 152 949 1669 1022">
     <span class='ocr_line' id='line_1_9' title="bbox 152 949 1669 1022; baseline 0 -14"><span class='ocrx_word' id='word_1_49' title='bbox 152 952 284 1008; x_wconf 83' lang='lat' dir='ltr'>Vide</span> <span class='ocrx_word' id='word_1_50' title='bbox 341 950 621 1022; x_wconf 92' lang='lat' dir='ltr'><strong>quomodo</strong></span> <span class='ocrx_word' id='word_1_51' title='bbox 667 949 743 1005; x_wconf 89' lang='lat' dir='ltr'><strong>sis</strong></span> <span class='ocrx_word' id='word_1_52' title='bbox 788 950 946 1022; x_wconf 91' lang='lat' dir='ltr'><strong>quasi</strong></span> <span class='ocrx_word' id='word_1_53' title='bbox 975 950 1031 1005; x_wconf 90' lang='lat' dir='ltr'><strong>in</strong></span> <span class='ocrx_word' id='word_1_54' title='bbox 1089 950 1271 1006; x_wconf 87' lang='lat' dir='ltr'><strong>bello:</strong></span> <span class='ocrx_word' id='word_1_55' title='bbox 1304 952 1433 1006; x_wconf 91' lang='lat' dir='ltr'><strong>Sitis</strong></span> <span class='ocrx_word' id='word_1_56' title='bbox 1481 962 1669 1018; x_wconf 91' lang='lat' dir='ltr'><strong>torret,</strong></span> 
     </span>
    </p>
   </div>
   <div class='ocr_carea' id='block_1_10' title="bbox 86 1038 1671 1113">
    <p class='ocr_par' dir='ltr' id='par_1_10' title="bbox 86 1038 1671 1113">
     <span class='ocr_line' id='line_1_10' title="bbox 86 1038 1671 1113; baseline -0.002 -15"><span class='ocrx_word' id='word_1_57' title='bbox 86 1040 306 1113; x_wconf 86' lang='lat' dir='ltr'><strong>opponis</strong></span> <span class='ocrx_word' id='word_1_58' title='bbox 342 1047 571 1111; x_wconf 90' lang='lat' dir='ltr'><strong>potum:</strong></span> <span class='ocrx_word' id='word_1_59' title='bbox 600 1038 772 1093; x_wconf 85' lang='lat' dir='ltr'><strong>fames</strong></span> <span class='ocrx_word' id='word_1_60' title='bbox 828 1039 1050 1104; x_wconf 87' lang='lat' dir='ltr'><strong>cruciat,</strong></span> <span class='ocrx_word' id='word_1_61' title='bbox 1084 1039 1317 1110; x_wconf 87' lang='lat' dir='ltr'><strong>opponis</strong></span> <span class='ocrx_word' id='word_1_62' title='bbox 1345 1056 1537 1106; x_wconf 85' lang='lat' dir='ltr'><strong>escas;</strong></span> <span class='ocrx_word' id='word_1_63' title='bbox 1569 1040 1671 1095; x_wconf 91' lang='lat' dir='ltr'><strong>fri-</strong></span> 
     </span>
    </p>
   </div>
   <div class='ocr_carea' id='block_1_11' title="bbox 84 1126 1670 1203">
    <p class='ocr_par' dir='ltr' id='par_1_11' title="bbox 84 1126 1670 1203">
     <span class='ocr_line' id='line_1_11' title="bbox 84 1126 1670 1203; baseline -0.001 -18"><span class='ocrx_word' id='word_1_64' title='bbox 84 1129 218 1203; x_wconf 89' lang='lat' dir='ltr'><strong>gori,</strong></span> <span class='ocrx_word' id='word_1_65' title='bbox 258 1136 469 1185; x_wconf 78' lang='lat' dir='ltr'>vestem</span> <span class='ocrx_word' id='word_1_66' title='bbox 506 1134 595 1181; x_wconf 89' lang='lat' dir='ltr'><strong>aut</strong></span> <span class='ocrx_word' id='word_1_67' title='bbox 623 1126 841 1198; x_wconf 86' lang='lat' dir='ltr'><strong>ignem;</strong></span> <span class='ocrx_word' id='word_1_68' title='bbox 871 1127 1100 1193; x_wconf 85' lang='lat' dir='ltr'><strong>morbis,</strong></span> <span class='ocrx_word' id='word_1_69' title='bbox 1140 1127 1490 1184; x_wconf 86' lang='lat' dir='ltr'><strong>medicinam.</strong></span> <span class='ocrx_word' id='word_1_70' title='bbox 1523 1129 1670 1185; x_wconf 83' lang='lat' dir='ltr'><strong>Con-</strong></span> 
     </span>
    </p>
   </div>
   <div class='ocr_carea' id='block_1_12' title="bbox 81 1215 1670 1294">
    <p class='ocr_par' dir='ltr' id='par_1_12' title="bbox 81 1215 1670 1294">
     <span class='ocr_line' id='line_1_12' title="bbox 81 1215 1670 1294; baseline -0.001 -22"><span class='ocrx_word' id='word_1_71' title='bbox 81 1228 161 1273; x_wconf 88' lang='lat' dir='ltr'><strong>tra</strong></span> <span class='ocrx_word' id='word_1_72' title='bbox 188 1219 303 1273; x_wconf 60' lang='lat' dir='ltr'><strong>hac</strong></span> <span class='ocrx_word' id='word_1_73' title='bbox 349 1216 534 1272; x_wconf 86' lang='lat' dir='ltr'>omnia</span> <span class='ocrx_word' id='word_1_74' title='bbox 587 1230 724 1294; x_wconf 92' lang='lat' dir='ltr'><strong>opus</strong></span> <span class='ocrx_word' id='word_1_75' title='bbox 754 1223 836 1271; x_wconf 92' lang='lat' dir='ltr'><strong>est</strong></span> <span class='ocrx_word' id='word_1_76' title='bbox 882 1215 1167 1286; x_wconf 80' lang='lat' dir='ltr'><strong>patientia,</strong></span> <span class='ocrx_word' id='word_1_77' title='bbox 1213 1223 1268 1272; x_wconf 89' lang='lat' dir='ltr'><strong>et</strong></span> <span class='ocrx_word' id='word_1_78' title='bbox 1314 1217 1503 1272; x_wconf 91' lang='lat' dir='ltr'><strong>mundi</strong></span> <span class='ocrx_word' id='word_1_79' title='bbox 1533 1233 1670 1273; x_wconf 86' lang='lat' dir='ltr'><strong>con-</strong></span> 
     </span>
    </p>
   </div>
   <div class='ocr_carea' id='block_1_13' title="bbox 82 1302 1666 1377">
    <p class='ocr_par' dir='ltr' id='par_1_13' title="bbox 82 1302 1666 1377">
     <span class='ocr_line' id='line_1_13' title="bbox 82 1302 1666 1377; baseline 0 -17"><span class='ocrx_word' id='word_1_80' title='bbox 82 1314 300 1377; x_wconf 89' lang='lat' dir='ltr'><strong>temptu,</strong></span> <span class='ocrx_word' id='word_1_81' title='bbox 331 1320 402 1360; x_wconf 92' lang='lat' dir='ltr'><strong>ne</strong></span> <span class='ocrx_word' id='word_1_82' title='bbox 431 1303 543 1359; x_wconf 90' lang='lat' dir='ltr'><strong>alio</strong></span> <span class='ocrx_word' id='word_1_83' title='bbox 563 1302 726 1372; x_wconf 91' lang='lat' dir='ltr'><strong>bello,</strong></span> <span class='ocrx_word' id='word_1_84' title='bbox 777 1304 924 1375; x_wconf 91' lang='lat' dir='ltr'><strong>quod</strong></span> <span class='ocrx_word' id='word_1_85' title='bbox 952 1303 1079 1360; x_wconf 88' lang='lat' dir='ltr'><strong>hinc</strong></span> <span class='ocrx_word' id='word_1_86' title='bbox 1129 1304 1325 1376; x_wconf 80' lang='lat' dir='ltr'><strong>surgit,</strong></span> <span class='ocrx_word' id='word_1_87' title='bbox 1366 1305 1666 1376; x_wconf 88' lang='lat' dir='ltr'><strong>supereris,</strong></span> 
     </span>
    </p>
   </div>
   <div class='ocr_carea' id='block_1_14' title="bbox 79 1391 899 1451">
    <p class='ocr_par' dir='ltr' id='par_1_14' title="bbox 79 1391 899 1451">
     <span class='ocr_line' id='line_1_14' title="bbox 79 1391 899 1451; baseline -0.004 -1"><span class='ocrx_word' id='word_1_88' title='bbox 79 1393 302 1451; x_wconf 85' lang='lat' dir='ltr'><strong>catervis</strong></span> <span class='ocrx_word' id='word_1_89' title='bbox 331 1392 590 1449; x_wconf 81' lang='lat' dir='ltr'><strong>videlicet</strong></span> <span class='ocrx_word' id='word_1_90' title='bbox 628 1391 899 1447; x_wconf 91' lang='lat' dir='ltr'><strong>vitiorum.</strong></span> 
     </span>
    </p>
   </div>
   <div class='ocr_carea' id='block_1_15' title="bbox 147 1479 1671 1553">
    <p class='ocr_par' dir='ltr' id='par_1_15' title="bbox 147 1479 1671 1553">
     <span class='ocr_line' id='line_1_15' title="bbox 147 1479 1671 1553; baseline 0.001 -16"><span class='ocrx_word' id='word_1_91' title='bbox 147 1481 378 1551; x_wconf 85' lang='lat' dir='ltr'><strong>Quando</strong></span> <span class='ocrx_word' id='word_1_92' title='bbox 408 1480 630 1553; x_wconf 84' lang='lat' dir='ltr'><strong>quidem</strong></span> <span class='ocrx_word' id='word_1_93' title='bbox 660 1479 779 1536; x_wconf 91' lang='lat' dir='ltr'><strong>sola</strong></span> <span class='ocrx_word' id='word_1_94' title='bbox 803 1480 1081 1551; x_wconf 84' lang='lat' dir='ltr'>voluptate</span> <span class='ocrx_word' id='word_1_95' title='bbox 1110 1481 1346 1552; x_wconf 85' lang='lat' dir='ltr'><strong>caperis,</strong></span> <span class='ocrx_word' id='word_1_96' title='bbox 1380 1481 1500 1537; x_wconf 93' lang='lat' dir='ltr'><strong>sola</strong></span> <span class='ocrx_word' id='word_1_97' title='bbox 1528 1482 1671 1539; x_wconf 89' lang='lat' dir='ltr'><strong>dele-</strong></span> 
     </span>
    </p>
   </div>
   <div class='ocr_carea' id='block_1_16' title="bbox 76 1569 1669 1642">
    <p class='ocr_par' dir='ltr' id='par_1_16' title="bbox 76 1569 1669 1642">
     <span class='ocr_line' id='line_1_16' title="bbox 76 1569 1669 1642; baseline -0.001 -15"><span class='ocrx_word' id='word_1_98' title='bbox 76 1570 288 1628; x_wconf 89' lang='lat' dir='ltr'><strong>ctabilia</strong></span> <span class='ocrx_word' id='word_1_99' title='bbox 318 1577 445 1625; x_wconf 90' lang='lat' dir='ltr'><strong>sunt</strong></span> <span class='ocrx_word' id='word_1_100' title='bbox 495 1570 758 1624; x_wconf 89' lang='lat' dir='ltr'><strong>cavenda.</strong></span> <span class='ocrx_word' id='word_1_101' title='bbox 809 1569 1095 1641; x_wconf 84' lang='lat' dir='ltr'><strong>Nusquam</strong></span> <span class='ocrx_word' id='word_1_102' title='bbox 1141 1586 1278 1642; x_wconf 85' lang='lat' dir='ltr'><strong>ergo</strong></span> <span class='ocrx_word' id='word_1_103' title='bbox 1334 1584 1530 1627; x_wconf 90' lang='lat' dir='ltr'><strong>secura</strong></span> <span class='ocrx_word' id='word_1_104' title='bbox 1588 1578 1669 1626; x_wconf 90' lang='lat' dir='ltr'><strong>est</strong></span> 
     </span>
    </p>
   </div>
   <div class='ocr_carea' id='block_1_17' title="bbox 76 1657 1122 1725">
    <p class='ocr_par' dir='ltr' id='par_1_17' title="bbox 76 1657 1122 1725">
     <span class='ocr_line' id='line_1_17' title="bbox 76 1657 1122 1725; baseline -0.003 -10"><span class='ocrx_word' id='word_1_105' title='bbox 76 1660 252 1715; x_wconf 85' lang='lat' dir='ltr'><strong>anima</strong></span> <span class='ocrx_word' id='word_1_106' title='bbox 280 1657 614 1725; x_wconf 83' lang='lat' dir='ltr'><strong>Christiana,</strong></span> <span class='ocrx_word' id='word_1_107' title='bbox 636 1657 741 1711; x_wconf 90' lang='lat' dir='ltr'>nisi</span> <span class='ocrx_word' id='word_1_108' title='bbox 769 1657 825 1711; x_wconf 93' lang='lat' dir='ltr'>in</span> <span class='ocrx_word' id='word_1_109' title='bbox 856 1657 1122 1713; x_wconf 80' lang='lat' dir='ltr'><strong>adversis.</strong></span> 
     </span>
    </p>
   </div>
   <div class='ocr_carea' id='block_1_18' title="bbox 141 1745 1667 1821">
    <p class='ocr_par' dir='ltr' id='par_1_18' title="bbox 141 1745 1667 1821">
     <span class='ocr_line' id='line_1_18' title="bbox 141 1745 1667 1821; baseline -0.001 -18"><span class='ocrx_word' id='word_1_110' title='bbox 141 1750 221 1804; x_wconf 92' lang='lat' dir='ltr'><strong>De</strong></span> <span class='ocrx_word' id='word_1_111' title='bbox 249 1748 334 1802; x_wconf 89' lang='lat' dir='ltr'><strong>his</strong></span> <span class='ocrx_word' id='word_1_112' title='bbox 363 1763 489 1818; x_wconf 70' lang='lat' dir='ltr'><strong>quae</strong></span> <span class='ocrx_word' id='word_1_113' title='bbox 520 1745 724 1818; x_wconf 83' lang='lat' dir='ltr'><strong>diligis,</strong></span> <span class='ocrx_word' id='word_1_114' title='bbox 763 1745 861 1799; x_wconf 91' lang='lat' dir='ltr'>tibi</span> <span class='ocrx_word' id='word_1_115' title='bbox 916 1745 1044 1802; x_wconf 90' lang='lat' dir='ltr'><strong>fecit</strong></span> <span class='ocrx_word' id='word_1_116' title='bbox 1088 1747 1235 1802; x_wconf 90' lang='lat' dir='ltr'><strong>Deus</strong></span> <span class='ocrx_word' id='word_1_117' title='bbox 1284 1747 1496 1821; x_wconf 82' lang='lat' dir='ltr'><strong>virgas.</strong></span> <span class='ocrx_word' id='word_1_118' title='bbox 1539 1748 1667 1802; x_wconf 87' lang='lat' dir='ltr'><strong>Pro-</strong></span> 
     </span>
    </p>
   </div>
   <div class='ocr_carea' id='block_1_19' title="bbox 1775 592 3374 669">
    <p class='ocr_par' dir='ltr' id='par_1_19' title="bbox 1775 592 3374 669">
     <span class='ocr_line' id='line_1_19' title="bbox 1775 592 3374 669; baseline -0.002 -17"><span class='ocrx_word' id='word_1_119' title='bbox 1775 597 1966 668; x_wconf 90' lang='lat' dir='ltr'><strong>possit,</strong></span> <span class='ocrx_word' id='word_1_120' title='bbox 2002 604 2174 665; x_wconf 89' lang='lat' dir='ltr'><strong>amat,</strong></span> <span class='ocrx_word' id='word_1_121' title='bbox 2203 596 2354 669; x_wconf 88' lang='lat' dir='ltr'><strong>ligna</strong></span> <span class='ocrx_word' id='word_1_122' title='bbox 2382 595 2583 651; x_wconf 88' lang='lat' dir='ltr'><strong>scilicet</strong></span> <span class='ocrx_word' id='word_1_123' title='bbox 2614 602 2704 649; x_wconf 89' lang='lat' dir='ltr'><strong>aut</strong></span> <span class='ocrx_word' id='word_1_124' title='bbox 2734 593 2970 665; x_wconf 84' lang='lat' dir='ltr'><strong>lapides.</strong></span> <span class='ocrx_word' id='word_1_125' title='bbox 3014 592 3209 647; x_wconf 92' lang='lat' dir='ltr'>Omnis</span> <span class='ocrx_word' id='word_1_126' title='bbox 3239 609 3374 665; x_wconf 87' lang='lat' dir='ltr'><strong>ergo</strong></span> 
     </span>
    </p>
   </div>
   <div class='ocr_carea' id='block_1_20' title="bbox 1775 682 3375 757">
    <p class='ocr_par' dir='ltr' id='par_1_20' title="bbox 1775 682 3375 757">
     <span class='ocr_line' id='line_1_20' title="bbox 1775 682 3375 757; baseline -0.002 -17"><span class='ocrx_word' id='word_1_127' title='bbox 1775 685 1869 756; x_wconf 89' lang='lat' dir='ltr'><strong>qui</strong></span> <span class='ocrx_word' id='word_1_128' title='bbox 1899 685 2073 741; x_wconf 90' lang='lat' dir='ltr'><strong>bonos</strong></span> <span class='ocrx_word' id='word_1_129' title='bbox 2103 684 2298 757; x_wconf 82' lang='lat' dir='ltr'><strong>diligit,</strong></span> <span class='ocrx_word' id='word_1_130' title='bbox 2330 684 2522 750; x_wconf 89' lang='lat' dir='ltr'><strong>malos,</strong></span> <span class='ocrx_word' id='word_1_131' title='bbox 2556 699 2621 739; x_wconf 92' lang='lat' dir='ltr'><strong>eo</strong></span> <span class='ocrx_word' id='word_1_132' title='bbox 2651 684 2798 755; x_wconf 89' lang='lat' dir='ltr'><strong>quod</strong></span> <span class='ocrx_word' id='word_1_133' title='bbox 2829 698 3105 754; x_wconf 87' lang='lat' dir='ltr'><strong>nunquam</strong></span> <span class='ocrx_word' id='word_1_134' title='bbox 3157 682 3375 738; x_wconf 85' lang='lat' dir='ltr'><strong>aliunde</strong></span> 
     </span>
    </p>
   </div>
   <div class='ocr_carea' id='block_1_21' title="bbox 1775 771 3374 844">
    <p class='ocr_par' dir='ltr' id='par_1_21' title="bbox 1775 771 3374 844">
     <span class='ocr_line' id='line_1_21' title="bbox 1775 771 3374 844; baseline -0.001 -17"><span class='ocrx_word' id='word_1_135' title='bbox 1775 773 1905 828; x_wconf 87' lang='lat' dir='ltr'><strong>boni</strong></span> <span class='ocrx_word' id='word_1_136' title='bbox 1934 771 2081 842; x_wconf 84' lang='lat' dir='ltr'><strong>ﬁant,</strong></span> <span class='ocrx_word' id='word_1_137' title='bbox 2115 772 2307 844; x_wconf 84' lang='lat' dir='ltr'><strong>diligat</strong></span> <span class='ocrx_word' id='word_1_138' title='bbox 2336 788 2563 829; x_wconf 89' lang='lat' dir='ltr'><strong>necesse</strong></span> <span class='ocrx_word' id='word_1_139' title='bbox 2594 780 2699 827; x_wconf 92' lang='lat' dir='ltr'><strong>est.</strong></span> <span class='ocrx_word' id='word_1_140' title='bbox 2740 772 2849 827; x_wconf 88' lang='lat' dir='ltr'><strong>Cur</strong></span> <span class='ocrx_word' id='word_1_141' title='bbox 2905 771 3047 826; x_wconf 90' lang='lat' dir='ltr'><strong>enim</strong></span> <span class='ocrx_word' id='word_1_142' title='bbox 3079 786 3189 827; x_wconf 92' lang='lat' dir='ltr'><strong>non</strong></span> <span class='ocrx_word' id='word_1_143' title='bbox 3219 786 3374 825; x_wconf 88' lang='lat' dir='ltr'><strong>amas</strong></span> 
     </span>
    </p>
   </div>
   <div class='ocr_carea' id='block_1_22' title="bbox 1772 858 3372 933">
    <p class='ocr_par' dir='ltr' id='par_1_22' title="bbox 1772 858 3372 933">
     <span class='ocr_line' id='line_1_22' title="bbox 1772 858 3372 933; baseline -0.001 -18"><span class='ocrx_word' id='word_1_144' title='bbox 1772 862 1829 916; x_wconf 91' lang='lat' dir='ltr'>id</span> <span class='ocrx_word' id='word_1_145' title='bbox 1858 861 2002 916; x_wconf 88' lang='lat' dir='ltr'><strong>unde</strong></span> <span class='ocrx_word' id='word_1_146' title='bbox 2032 870 2212 933; x_wconf 87' lang='lat' dir='ltr'><strong>potest</strong></span> <span class='ocrx_word' id='word_1_147' title='bbox 2241 861 2469 932; x_wconf 84' lang='lat' dir='ltr'><strong>angelus</strong></span> <span class='ocrx_word' id='word_1_148' title='bbox 2499 858 2634 930; x_wconf 83' lang='lat' dir='ltr'><strong>fieri,</strong></span> <span class='ocrx_word' id='word_1_149' title='bbox 2668 860 2714 914; x_wconf 92' lang='lat' dir='ltr'><strong>si</strong></span> <span class='ocrx_word' id='word_1_150' title='bbox 2745 859 2876 915; x_wconf 90' lang='lat' dir='ltr'><strong>illud</strong></span> <span class='ocrx_word' id='word_1_151' title='bbox 2906 876 3058 913; x_wconf 90' lang='lat' dir='ltr'><strong>amas</strong></span> <span class='ocrx_word' id='word_1_152' title='bbox 3079 859 3221 914; x_wconf 90' lang='lat' dir='ltr'><strong>unde</strong></span> <span class='ocrx_word' id='word_1_153' title='bbox 3243 876 3372 931; x_wconf 76' lang='lat' dir='ltr'><strong>scy-</strong></span> 
     </span>
    </p>
   </div>
   <div class='ocr_carea' id='block_1_23' title="bbox 1771 948 3369 1021">
    <p class='ocr_par' dir='ltr' id='par_1_23' title="bbox 1771 948 3369 1021">
     <span class='ocr_line' id='line_1_23' title="bbox 1771 948 3369 1021; baseline -0.001 -18"><span class='ocrx_word' id='word_1_154' title='bbox 1771 950 1913 1020; x_wconf 85' lang='lat' dir='ltr'><strong>phus</strong></span> <span class='ocrx_word' id='word_1_155' title='bbox 1940 949 2057 1005; x_wconf 83' lang='lat' dir='ltr'><strong>fieri</strong></span> <span class='ocrx_word' id='word_1_156' title='bbox 2085 950 2306 1021; x_wconf 81' lang='lat' dir='ltr'><strong>possit?</strong></span> <span class='ocrx_word' id='word_1_157' title='bbox 2340 950 2612 1020; x_wconf 88' lang='lat' dir='ltr'><strong>Scriptum</strong></span> <span class='ocrx_word' id='word_1_158' title='bbox 2649 964 2885 1020; x_wconf 88' lang='lat' dir='ltr'><strong>namque</strong></span> <span class='ocrx_word' id='word_1_159' title='bbox 2918 957 2999 1003; x_wconf 91' lang='lat' dir='ltr'><strong>est</strong></span> <span class='ocrx_word' id='word_1_160' title='bbox 3029 948 3097 1004; x_wconf 91' lang='lat' dir='ltr'><strong>de</strong></span> <span class='ocrx_word' id='word_1_161' title='bbox 3127 948 3369 1003; x_wconf 88' lang='lat' dir='ltr'><strong>homini-</strong></span> 
     </span>
    </p>
   </div>
   <div class='ocr_carea' id='block_1_24' title="bbox 1773 1038 3252 1110">
    <p class='ocr_par' dir='ltr' id='par_1_24' title="bbox 1773 1038 3252 1110">
     <span class='ocr_line' id='line_1_24' title="bbox 1773 1038 3252 1110; baseline 0 -19"><span class='ocrx_word' id='word_1_162' title='bbox 1773 1038 1873 1092; x_wconf 86' lang='lat' dir='ltr'><strong>bus</strong></span> <span class='ocrx_word' id='word_1_163' title='bbox 1907 1054 1918 1091; x_wconf 94' lang='lat'>:</span> <span class='ocrx_word' id='word_1_164' title='bbox 1952 1039 2137 1094; x_wconf 83' lang='lat' dir='ltr'><strong>Erunt</strong></span> <span class='ocrx_word' id='word_1_165' title='bbox 2166 1039 2408 1110; x_wconf 69' lang='lat' dir='ltr'><strong>mquales</strong></span> <span class='ocrx_word' id='word_1_166' title='bbox 2438 1039 2655 1110; x_wconf 77' lang='lat' dir='ltr'><strong>angelis</strong></span> <span class='ocrx_word' id='word_1_167' title='bbox 2684 1039 2783 1093; x_wconf 85' lang='lat' dir='ltr'><strong>Dei</strong></span> <span class='ocrx_word' id='word_1_168' title='bbox 2805 1040 2963 1107; x_wconf 80' lang='lat' dir='ltr'><strong>(Luc.</strong></span> <span class='ocrx_word' id='word_1_169' title='bbox 2994 1051 3095 1103; x_wconf 81' lang='lat' dir='ltr'><strong>xx,</strong></span> <span class='ocrx_word' id='word_1_170' title='bbox 3131 1038 3252 1107; x_wconf 83' lang='lat'><strong>36).</strong></span> 
     </span>
    </p>
   </div>
   <div class='ocr_carea' id='block_1_25' title="bbox 1842 1125 3369 1198">
    <p class='ocr_par' dir='ltr' id='par_1_25' title="bbox 1842 1125 3369 1198">
     <span class='ocr_line' id='line_1_25' title="bbox 1842 1125 3369 1198; baseline 0.001 -17"><span class='ocrx_word' id='word_1_171' title='bbox 1842 1125 2019 1195; x_wconf 88' lang='lat' dir='ltr'><strong>Quam</strong></span> <span class='ocrx_word' id='word_1_172' title='bbox 2049 1127 2275 1198; x_wconf 90' lang='lat' dir='ltr'><strong>pulchra</strong></span> <span class='ocrx_word' id='word_1_173' title='bbox 2303 1143 2396 1182; x_wconf 91' lang='lat' dir='ltr'><strong>ars</strong></span> <span class='ocrx_word' id='word_1_174' title='bbox 2425 1128 2647 1183; x_wconf 86' lang='lat' dir='ltr'><strong>vincere</strong></span> <span class='ocrx_word' id='word_1_175' title='bbox 2676 1126 2730 1181; x_wconf 94' lang='lat' dir='ltr'>in</span> <span class='ocrx_word' id='word_1_176' title='bbox 2778 1127 2921 1182; x_wconf 89' lang='lat' dir='ltr'><strong>bono</strong></span> <span class='ocrx_word' id='word_1_177' title='bbox 2965 1125 3206 1193; x_wconf 90' lang='lat' dir='ltr'><strong>malum;</strong></span> <span class='ocrx_word' id='word_1_178' title='bbox 3238 1141 3369 1182; x_wconf 90' lang='lat' dir='ltr'><strong>con-</strong></span> 
     </span>
    </p>
   </div>
   <div class='ocr_carea' id='block_1_26' title="bbox 1770 1215 2866 1287">
    <p class='ocr_par' dir='ltr' id='par_1_26' title="bbox 1770 1215 2866 1287">
     <span class='ocr_line' id='line_1_26' title="bbox 1770 1215 2866 1287; baseline 0.001 -19"><span class='ocrx_word' id='word_1_179' title='bbox 1770 1215 1932 1269; x_wconf 87' lang='lat' dir='ltr'><strong>traria</strong></span> <span class='ocrx_word' id='word_1_180' title='bbox 1960 1215 2107 1270; x_wconf 91' lang='lat' dir='ltr'><strong>enim</strong></span> <span class='ocrx_word' id='word_1_181' title='bbox 2137 1231 2170 1270; x_wconf 90' lang='lat' dir='ltr'><strong>a</strong></span> <span class='ocrx_word' id='word_1_182' title='bbox 2198 1216 2486 1271; x_wconf 83' lang='lat' dir='ltr'><strong>contrariis</strong></span> <span class='ocrx_word' id='word_1_183' title='bbox 2517 1224 2866 1287; x_wconf 88' lang='lat' dir='ltr'><strong>superantur.</strong></span> 
     </span>
    </p>
   </div>
   <div class='ocr_carea' id='block_1_27' title="bbox 1843 1302 3368 1378">
    <p class='ocr_par' dir='ltr' id='par_1_27' title="bbox 1843 1302 3368 1378">
     <span class='ocr_line' id='line_1_27' title="bbox 1843 1302 3368 1378; baseline 0 -21"><span class='ocrx_word' id='word_1_184' title='bbox 1843 1303 2057 1358; x_wconf 88' lang='lat' dir='ltr'><strong>Positus</strong></span> <span class='ocrx_word' id='word_1_185' title='bbox 2087 1321 2147 1359; x_wconf 92' lang='lat' dir='ltr'><strong>es</strong></span> <span class='ocrx_word' id='word_1_186' title='bbox 2178 1304 2333 1375; x_wconf 90' lang='lat' dir='ltr'><strong>quasi</strong></span> <span class='ocrx_word' id='word_1_187' title='bbox 2362 1305 2581 1378; x_wconf 87' lang='lat' dir='ltr'><strong>signum</strong></span> <span class='ocrx_word' id='word_1_188' title='bbox 2598 1305 2669 1360; x_wconf 92' lang='lat' dir='ltr'><strong>ad</strong></span> <span class='ocrx_word' id='word_1_189' title='bbox 2689 1302 3034 1359; x_wconf 87' lang='lat' dir='ltr'><strong>retundenda</strong></span> <span class='ocrx_word' id='word_1_190' title='bbox 3057 1302 3368 1371; x_wconf 90' lang='lat' dir='ltr'><strong>jaculaini-</strong></span> 
     </span>
    </p>
   </div>
   <div class='ocr_carea' id='block_1_28' title="bbox 1770 1390 3366 1461">
    <p class='ocr_par' dir='ltr' id='par_1_28' title="bbox 1770 1390 3366 1461">
     <span class='ocr_line' id='line_1_28' title="bbox 1770 1390 3366 1461; baseline 0.002 -17"><span class='ocrx_word' id='word_1_191' title='bbox 1770 1391 1915 1460; x_wconf 92' lang='lat' dir='ltr'><strong>mici,</strong></span> <span class='ocrx_word' id='word_1_192' title='bbox 1949 1392 2005 1446; x_wconf 90' lang='lat' dir='ltr'>id</span> <span class='ocrx_word' id='word_1_193' title='bbox 2047 1402 2128 1447; x_wconf 91' lang='lat' dir='ltr'><strong>est</strong></span> <span class='ocrx_word' id='word_1_194' title='bbox 2165 1393 2235 1447; x_wconf 93' lang='lat' dir='ltr'><strong>ad</strong></span> <span class='ocrx_word' id='word_1_195' title='bbox 2291 1393 2679 1448; x_wconf 88' lang='lat' dir='ltr'><strong>destruendum</strong></span> <span class='ocrx_word' id='word_1_196' title='bbox 2737 1391 2960 1459; x_wconf 89' lang='lat' dir='ltr'><strong>malum,</strong></span> <span class='ocrx_word' id='word_1_197' title='bbox 3023 1390 3366 1461; x_wconf 89' lang='lat' dir='ltr'><strong>oppositione</strong></span> 
     </span>
    </p>
   </div>
   <div class='ocr_carea' id='block_1_29' title="bbox 1768 1478 3366 1551">
    <p class='ocr_par' dir='ltr' id='par_1_29' title="bbox 1768 1478 3366 1551">
     <span class='ocr_line' id='line_1_29' title="bbox 1768 1478 3366 1551; baseline 0.001 -19"><span class='ocrx_word' id='word_1_198' title='bbox 1768 1478 1915 1534; x_wconf 89' lang='lat' dir='ltr'><strong>boni.</strong></span> <span class='ocrx_word' id='word_1_199' title='bbox 1949 1480 2202 1536; x_wconf 87' lang='lat' dir='ltr'><strong>Reddere</strong></span> <span class='ocrx_word' id='word_1_200' title='bbox 2246 1489 2425 1536; x_wconf 90' lang='lat' dir='ltr'><strong>autem</strong></span> <span class='ocrx_word' id='word_1_201' title='bbox 2482 1481 2685 1536; x_wconf 90' lang='lat' dir='ltr'><strong>malum</strong></span> <span class='ocrx_word' id='word_1_202' title='bbox 2742 1496 2843 1551; x_wconf 94' lang='lat' dir='ltr'><strong>pro</strong></span> <span class='ocrx_word' id='word_1_203' title='bbox 2882 1479 3030 1534; x_wconf 91' lang='lat' dir='ltr'><strong>malo</strong></span> <span class='ocrx_word' id='word_1_204' title='bbox 3060 1494 3168 1534; x_wconf 92' lang='lat' dir='ltr'><strong>non</strong></span> <span class='ocrx_word' id='word_1_205' title='bbox 3198 1479 3366 1534; x_wconf 90' lang='lat' dir='ltr'><strong>debes</strong></span> 
     </span>
    </p>
   </div>
   <div class='ocr_carea' id='block_1_30' title="bbox 1768 1567 3367 1640">
    <p class='ocr_par' dir='ltr' id='par_1_30' title="bbox 1768 1567 3367 1640">
     <span class='ocr_line' id='line_1_30' title="bbox 1768 1567 3367 1640; baseline -0.002 -17"><span class='ocrx_word' id='word_1_206' title='bbox 1768 1584 2023 1639; x_wconf 87' lang='lat' dir='ltr'><strong>unquam,</strong></span> <span class='ocrx_word' id='word_1_207' title='bbox 2055 1568 2161 1623; x_wconf 93' lang='lat' dir='ltr'><strong>nisi</strong></span> <span class='ocrx_word' id='word_1_208' title='bbox 2187 1569 2323 1624; x_wconf 86' lang='lat' dir='ltr'><strong>forte</strong></span> <span class='ocrx_word' id='word_1_209' title='bbox 2359 1569 2770 1637; x_wconf 86' lang='lat' dir='ltr'><strong>medicinaliter,</strong></span> <span class='ocrx_word' id='word_1_210' title='bbox 2805 1568 2952 1640; x_wconf 80' lang='lat' dir='ltr'><strong>quod</strong></span> <span class='ocrx_word' id='word_1_211' title='bbox 2977 1567 3088 1636; x_wconf 90' lang='lat' dir='ltr'><strong>jam</strong></span> <span class='ocrx_word' id='word_1_212' title='bbox 3117 1582 3226 1622; x_wconf 92' lang='lat' dir='ltr'><strong>non</strong></span> <span class='ocrx_word' id='word_1_213' title='bbox 3284 1575 3367 1623; x_wconf 89' lang='lat' dir='ltr'><strong>est</strong></span> 
     </span>
    </p>
   </div>
   <div class='ocr_carea' id='block_1_31' title="bbox 1767 1656 3256 1729">
    <p class='ocr_par' dir='ltr' id='par_1_31' title="bbox 1767 1656 3256 1729">
     <span class='ocr_line' id='line_1_31' title="bbox 1767 1656 3256 1729; baseline 0 -18"><span class='ocrx_word' id='word_1_214' title='bbox 1767 1657 1973 1711; x_wconf 90' lang='lat' dir='ltr'><strong>malum</strong></span> <span class='ocrx_word' id='word_1_215' title='bbox 2002 1672 2105 1727; x_wconf 92' lang='lat' dir='ltr'><strong>pro</strong></span> <span class='ocrx_word' id='word_1_216' title='bbox 2134 1658 2294 1724; x_wconf 90' lang='lat' dir='ltr'><strong>malo,</strong></span> <span class='ocrx_word' id='word_1_217' title='bbox 2320 1658 2429 1713; x_wconf 92' lang='lat' dir='ltr'><strong>imo</strong></span> <span class='ocrx_word' id='word_1_218' title='bbox 2451 1658 2651 1713; x_wconf 90' lang='lat' dir='ltr'><strong>bonum</strong></span> <span class='ocrx_word' id='word_1_219' title='bbox 2680 1674 2781 1729; x_wconf 89' lang='lat' dir='ltr'><strong>pro</strong></span> <span class='ocrx_word' id='word_1_220' title='bbox 2813 1657 2979 1721; x_wconf 90' lang='lat' dir='ltr'><strong>malo,</strong></span> <span class='ocrx_word' id='word_1_221' title='bbox 3000 1656 3256 1711; x_wconf 87' lang='lat' dir='ltr'><strong>reddere.</strong></span> 
     </span>
    </p>
   </div>
   <div class='ocr_carea' id='block_1_32' title="bbox 1838 1743 3366 1816">
    <p class='ocr_par' dir='ltr' id='par_1_32' title="bbox 1838 1743 3366 1816">
     <span class='ocr_line' id='line_1_32' title="bbox 1838 1743 3366 1816; baseline 0.001 -18"><span class='ocrx_word' id='word_1_222' title='bbox 1838 1744 1943 1813; x_wconf 89' lang='lat' dir='ltr'><strong>Qui</strong></span> <span class='ocrx_word' id='word_1_223' title='bbox 1971 1744 2232 1800; x_wconf 89' lang='lat' dir='ltr'><strong>mundum</strong></span> <span class='ocrx_word' id='word_1_224' title='bbox 2261 1754 2463 1811; x_wconf 90' lang='lat' dir='ltr'><strong>amant,</strong></span> <span class='ocrx_word' id='word_1_225' title='bbox 2499 1753 2670 1800; x_wconf 89' lang='lat' dir='ltr'><strong>artem</strong></span> <span class='ocrx_word' id='word_1_226' title='bbox 2729 1761 2833 1816; x_wconf 87' lang='lat' dir='ltr'><strong>qua</strong></span> <span class='ocrx_word' id='word_1_227' title='bbox 2863 1744 2919 1798; x_wconf 88' lang='lat' dir='ltr'><strong>id</strong></span> <span class='ocrx_word' id='word_1_228' title='bbox 2978 1743 3123 1815; x_wconf 89' lang='lat' dir='ltr'><strong>quod</strong></span> <span class='ocrx_word' id='word_1_229' title='bbox 3180 1752 3366 1799; x_wconf 89' lang='lat' dir='ltr'><strong>amant</strong></span> 
     </span>
    </p>
   </div>
   <div class='ocr_carea' id='block_1_33' title="bbox 75 1831 3359 1925">
    <p class='ocr_par' dir='ltr' id='par_1_33' title="bbox 75 1831 3359 1925">
     <span class='ocr_line' id='line_1_33' title="bbox 75 1831 3359 1925; baseline -0.002 -34"><span class='ocrx_word' id='word_1_230' title='bbox 75 1852 228 1907; x_wconf 87' lang='lat' dir='ltr'><strong>spera</strong></span> <span class='ocrx_word' id='word_1_231' title='bbox 255 1835 542 1906; x_wconf 84' lang='lat' dir='ltr'><strong>fugiendo,</strong></span> <span class='ocrx_word' id='word_1_232' title='bbox 568 1834 626 1888; x_wconf 93' lang='lat' dir='ltr'><strong>in</strong></span> <span class='ocrx_word' id='word_1_233' title='bbox 654 1834 889 1889; x_wconf 89' lang='lat' dir='ltr'><strong>adversa</strong></span> <span class='ocrx_word' id='word_1_234' title='bbox 915 1835 1170 1891; x_wconf 88' lang='lat' dir='ltr'><strong>irruendo</strong></span> <span class='ocrx_word' id='word_1_235' title='bbox 1214 1836 1491 1892; x_wconf 90' lang='lat' dir='ltr'><strong>cruciaris.</strong></span> <span class='ocrx_word' id='word_1_236' title='bbox 1526 1835 1663 1891; x_wconf 90' lang='lat' dir='ltr'><strong>Om-</strong></span> <span class='ocrx_word' id='word_1_237' title='bbox 1685 1863 1739 1925; x_wconf 83' lang='lat' dir='ltr'><strong>B</strong></span> <span class='ocrx_word' id='word_1_238' title='bbox 1768 1840 2126 1904; x_wconf 91' lang='lat' dir='ltr'><strong>assequantur</strong></span> <span class='ocrx_word' id='word_1_239' title='bbox 2190 1834 2275 1889; x_wconf 87' lang='lat' dir='ltr'><strong>vel</strong></span> <span class='ocrx_word' id='word_1_240' title='bbox 2351 1833 2634 1900; x_wconf 82' lang='lat' dir='ltr'><strong>fruantur,</strong></span> <span class='ocrx_word' id='word_1_241' title='bbox 2690 1832 2965 1888; x_wconf 88' lang='lat' dir='ltr'><strong>laboriose</strong></span> <span class='ocrx_word' id='word_1_242' title='bbox 3040 1831 3359 1898; x_wconf 87' lang='lat' dir='ltr'><strong>addiscunt;</strong></span> 
     </span>
    </p>
   </div>
   <div class='ocr_carea' id='block_1_34' title="bbox 76 1922 1663 1997">
    <p class='ocr_par' dir='ltr' id='par_1_34' title="bbox 76 1922 1663 1997">
     <span class='ocr_line' id='line_1_34' title="bbox 76 1922 1663 1997; baseline 0 -17"><span class='ocrx_word' id='word_1_243' title='bbox 76 1925 160 1980; x_wconf 90' lang='lat' dir='ltr'><strong>nia</strong></span> <span class='ocrx_word' id='word_1_244' title='bbox 186 1924 406 1997; x_wconf 88' lang='lat' dir='ltr'><strong>ﬂagella</strong></span> <span class='ocrx_word' id='word_1_245' title='bbox 454 1930 598 1988; x_wconf 92' lang='lat' dir='ltr'><strong>sunt,</strong></span> <span class='ocrx_word' id='word_1_246' title='bbox 631 1929 833 1993; x_wconf 71' lang='lat' dir='ltr'><strong>praeter</strong></span> <span class='ocrx_word' id='word_1_247' title='bbox 859 1922 1057 1994; x_wconf 90' lang='lat' dir='ltr'><strong>ipsum,</strong></span> <span class='ocrx_word' id='word_1_248' title='bbox 1093 1923 1185 1995; x_wconf 89' lang='lat' dir='ltr'><strong>qui</strong></span> <span class='ocrx_word' id='word_1_249' title='bbox 1225 1924 1502 1997; x_wconf 82' lang='lat' dir='ltr'><strong>flagellum</strong></span> <span class='ocrx_word' id='word_1_250' title='bbox 1532 1925 1663 1980; x_wconf 91' lang='lat' dir='ltr'><strong>des-</strong></span> 
     </span>
    </p>
   </div>
   <div class='ocr_carea' id='block_1_35' title="bbox 77 2010 1662 2084">
    <p class='ocr_par' dir='ltr' id='par_1_35' title="bbox 77 2010 1662 2084">
     <span class='ocr_line' id='line_1_35' title="bbox 77 2010 1662 2084; baseline 0.001 -20"><span class='ocrx_word' id='word_1_251' title='bbox 77 2014 212 2080; x_wconf 87' lang='lat' dir='ltr'><strong>truit,</strong></span> <span class='ocrx_word' id='word_1_252' title='bbox 244 2011 399 2084; x_wconf 82' lang='lat' dir='ltr'><strong>quasi</strong></span> <span class='ocrx_word' id='word_1_253' title='bbox 433 2010 580 2065; x_wconf 81' lang='lat' dir='ltr'><strong>filius</strong></span> <span class='ocrx_word' id='word_1_254' title='bbox 610 2020 691 2065; x_wconf 86' lang='lat' dir='ltr'><strong>est</strong></span> <span class='ocrx_word' id='word_1_255' title='bbox 739 2011 830 2082; x_wconf 89' lang='lat' dir='ltr'><strong>qui</strong></span> <span class='ocrx_word' id='word_1_256' title='bbox 860 2012 1068 2084; x_wconf 78' lang='lat' dir='ltr'><strong>virgam</strong></span> <span class='ocrx_word' id='word_1_257' title='bbox 1108 2013 1280 2083; x_wconf 84' lang='lat' dir='ltr'><strong>patris</strong></span> <span class='ocrx_word' id='word_1_258' title='bbox 1323 2013 1662 2068; x_wconf 77' lang='lat' dir='ltr'><strong>verberantis</strong></span> 
     </span>
    </p>
   </div>
   <div class='ocr_carea' id='block_1_36' title="bbox 77 2102 285 2173">
    <p class='ocr_par' dir='ltr' id='par_1_36' title="bbox 77 2102 285 2173">
     <span class='ocr_line' id='line_1_36' title="bbox 77 2102 285 2173; baseline -0.005 -18"><span class='ocrx_word' id='word_1_259' title='bbox 77 2102 285 2173; x_wconf 75' lang='lat' dir='ltr'><strong>frangit.</strong></span> 
     </span>
    </p>
   </div>
   <div class='ocr_carea' id='block_1_37' title="bbox 139 2189 1661 2261">
    <p class='ocr_par' dir='ltr' id='par_1_37' title="bbox 139 2189 1661 2261">
     <span class='ocr_line' id='line_1_37' title="bbox 139 2189 1661 2261; baseline 0.003 -21"><span class='ocrx_word' id='word_1_260' title='bbox 139 2191 340 2259; x_wconf 74' lang='lat' dir='ltr'><strong>Corpus</strong></span> <span class='ocrx_word' id='word_1_261' title='bbox 374 2208 403 2242; x_wconf 81' lang='lat' dir='ltr'><strong>a</strong></span> <span class='ocrx_word' id='word_1_262' title='bbox 440 2189 795 2243; x_wconf 77' lang='lat' dir='ltr'><strong>validioribus</strong></span> <span class='ocrx_word' id='word_1_263' title='bbox 856 2190 1049 2245; x_wconf 87' lang='lat' dir='ltr'><strong>vietum</strong></span> <span class='ocrx_word' id='word_1_264' title='bbox 1110 2200 1199 2245; x_wconf 88' lang='lat' dir='ltr'><strong>aut</strong></span> <span class='ocrx_word' id='word_1_265' title='bbox 1247 2191 1541 2261; x_wconf 81' lang='lat' dir='ltr'><strong>impellitur</strong></span> <span class='ocrx_word' id='word_1_266' title='bbox 1572 2199 1661 2244; x_wconf 78' lang='lat' dir='ltr'><strong>aut</strong></span> 
     </span>
    </p>
   </div>
   <div class='ocr_carea' id='block_1_38' title="bbox 75 2278 1659 2350">
    <p class='ocr_par' dir='ltr' id='par_1_38' title="bbox 75 2278 1659 2350">
     <span class='ocr_line' id='line_1_38' title="bbox 75 2278 1659 2350; baseline 0.001 -18"><span class='ocrx_word' id='word_1_267' title='bbox 75 2279 364 2337; x_wconf 78' lang='lat' dir='ltr'><strong>attrahitur.</strong></span> <span class='ocrx_word' id='word_1_268' title='bbox 429 2278 680 2332; x_wconf 80' lang='lat' dir='ltr'><strong>similiter</strong></span> <span class='ocrx_word' id='word_1_269' title='bbox 734 2278 1006 2333; x_wconf 75' lang='lat' dir='ltr'><strong>voluntas.</strong></span> <span class='ocrx_word' id='word_1_270' title='bbox 1059 2279 1136 2333; x_wconf 90' lang='lat' dir='ltr'><strong>Tu</strong></span> <span class='ocrx_word' id='word_1_271' title='bbox 1188 2296 1313 2333; x_wconf 84' lang='lat' dir='ltr'><strong>vero</strong></span> <span class='ocrx_word' id='word_1_272' title='bbox 1362 2296 1471 2334; x_wconf 87' lang='lat' dir='ltr'><strong>non</strong></span> <span class='ocrx_word' id='word_1_273' title='bbox 1518 2281 1659 2350; x_wconf 85' lang='lat' dir='ltr'><strong>quod</strong></span> 
     </span>
    </p>
   </div>
   <div class='ocr_carea' id='block_1_39' title="bbox 76 2367 1659 2438">
    <p class='ocr_par' dir='ltr' id='par_1_39' title="bbox 76 2367 1659 2438">
     <span class='ocr_line' id='line_1_39' title="bbox 76 2367 1659 2438; baseline -0.001 -15"><span class='ocrx_word' id='word_1_274' title='bbox 76 2385 259 2438; x_wconf 83' lang='lat' dir='ltr'><strong>corpus</strong></span> <span class='ocrx_word' id='word_1_275' title='bbox 291 2367 565 2422; x_wconf 85' lang='lat' dir='ltr'><strong>vincendo</strong></span> <span class='ocrx_word' id='word_1_276' title='bbox 596 2376 831 2433; x_wconf 84' lang='lat' dir='ltr'><strong>moveat,</strong></span> <span class='ocrx_word' id='word_1_277' title='bbox 866 2368 959 2421; x_wconf 84' lang='lat' dir='ltr'><strong>sed</strong></span> <span class='ocrx_word' id='word_1_278' title='bbox 990 2376 1227 2422; x_wconf 85' lang='lat' dir='ltr'><strong>mentem</strong></span> <span class='ocrx_word' id='word_1_279' title='bbox 1261 2376 1311 2422; x_wconf 89' lang='lat' dir='ltr'><strong>et</strong></span> <span class='ocrx_word' id='word_1_280' title='bbox 1334 2368 1659 2424; x_wconf 84' lang='lat' dir='ltr'><strong>voluntatem</strong></span> 
     </span>
    </p>
   </div>
   <div class='ocr_carea' id='block_1_40' title="bbox 76 2472 214 2514">
    <p class='ocr_par' dir='ltr' id='par_1_40' title="bbox 76 2472 214 2514">
     <span class='ocr_line' id='line_1_40' title="bbox 76 2472 214 2514; baseline -0.022 0"><span class='ocrx_word' id='word_1_281' title='bbox 76 2472 214 2514; x_wconf 87' lang='lat' dir='ltr'><strong>cura.</strong></span> 
     </span>
    </p>
   </div>
   <div class='ocr_carea' id='block_1_41' title="bbox 133 2542 1657 2616">
    <p class='ocr_par' dir='ltr' id='par_1_41' title="bbox 133 2542 1657 2616">
     <span class='ocr_line' id='line_1_41' title="bbox 133 2542 1657 2616; baseline 0.001 -17"><span class='ocrx_word' id='word_1_282' title='bbox 133 2546 223 2600; x_wconf 62' lang='lat' dir='ltr'><strong>Vae</strong></span> <span class='ocrx_word' id='word_1_283' title='bbox 250 2560 361 2600; x_wconf 92' lang='lat' dir='ltr'><strong>non</strong></span> <span class='ocrx_word' id='word_1_284' title='bbox 391 2544 479 2598; x_wconf 92' lang='lat' dir='ltr'><strong>his</strong></span> <span class='ocrx_word' id='word_1_285' title='bbox 517 2542 608 2616; x_wconf 89' lang='lat' dir='ltr'><strong>qui</strong></span> <span class='ocrx_word' id='word_1_286' title='bbox 638 2542 990 2614; x_wconf 91' lang='lat' dir='ltr'><strong>perdiderunt</strong></span> <span class='ocrx_word' id='word_1_287' title='bbox 1028 2544 1346 2615; x_wconf 89' lang='lat' dir='ltr'><strong>temporalia</strong></span> <span class='ocrx_word' id='word_1_288' title='bbox 1368 2588 1382 2611; x_wconf 96' lang='lat'><strong>,</strong></span> <span class='ocrx_word' id='word_1_289' title='bbox 1419 2545 1519 2600; x_wconf 91' lang='lat' dir='ltr'><strong>sed</strong></span> <span class='ocrx_word' id='word_1_290' title='bbox 1574 2545 1657 2600; x_wconf 92' lang='lat' dir='ltr'><strong>his</strong></span> 
     </span>
    </p>
   </div>
   <div class='ocr_carea' id='block_1_42' title="bbox 75 2631 1658 2705">
    <p class='ocr_par' dir='ltr' id='par_1_42' title="bbox 75 2631 1658 2705">
     <span class='ocr_line' id='line_1_42' title="bbox 75 2631 1658 2705; baseline 0 -18"><span class='ocrx_word' id='word_1_291' title='bbox 75 2632 159 2705; x_wconf 89' lang='lat' dir='ltr'><strong>qui</strong></span> <span class='ocrx_word' id='word_1_292' title='bbox 211 2632 569 2705; x_wconf 88' lang='lat' dir='ltr'><strong>perdiderunt</strong></span> <span class='ocrx_word' id='word_1_293' title='bbox 633 2632 1029 2688; x_wconf 90' lang='lat' dir='ltr'><strong>sustinentiam.</strong></span> <span class='ocrx_word' id='word_1_294' title='bbox 1078 2632 1239 2688; x_wconf 90' lang='lat' dir='ltr'><strong>Nulla</strong></span> <span class='ocrx_word' id='word_1_295' title='bbox 1281 2631 1425 2688; x_wconf 90' lang='lat' dir='ltr'>enim</span> <span class='ocrx_word' id='word_1_296' title='bbox 1471 2633 1658 2704; x_wconf 91' lang='lat' dir='ltr'><strong>passio</strong></span> 
     </span>
    </p>
   </div>
   <div class='ocr_carea' id='block_1_43' title="bbox 74 2719 1657 2792">
    <p class='ocr_par' dir='ltr' id='par_1_43' title="bbox 74 2719 1657 2792">
     <span class='ocr_line' id='line_1_43' title="bbox 74 2719 1657 2792; baseline 0.001 -17"><span class='ocrx_word' id='word_1_297' title='bbox 74 2728 366 2792; x_wconf 89' lang='lat' dir='ltr'><strong>superatur,</strong></span> <span class='ocrx_word' id='word_1_298' title='bbox 400 2719 510 2775; x_wconf 90' lang='lat' dir='ltr'><strong>nisi</strong></span> <span class='ocrx_word' id='word_1_299' title='bbox 539 2735 638 2791; x_wconf 90' lang='lat' dir='ltr'><strong>per</strong></span> <span class='ocrx_word' id='word_1_300' title='bbox 673 2719 866 2791; x_wconf 87' lang='lat' dir='ltr'><strong>ipsam.</strong></span> <span class='ocrx_word' id='word_1_301' title='bbox 910 2721 1033 2776; x_wconf 92' lang='lat' dir='ltr'><strong>Non</strong></span> <span class='ocrx_word' id='word_1_302' title='bbox 1083 2720 1227 2776; x_wconf 92' lang='lat' dir='ltr'><strong>enim</strong></span> <span class='ocrx_word' id='word_1_303' title='bbox 1285 2721 1498 2777; x_wconf 92' lang='lat' dir='ltr'><strong>edendo</strong></span> <span class='ocrx_word' id='word_1_304' title='bbox 1527 2737 1657 2777; x_wconf 91' lang='lat' dir='ltr'><strong>con-</strong></span> 
     </span>
    </p>
   </div>
   <div class='ocr_carea' id='block_1_44' title="bbox 74 2808 1657 2875">
    <p class='ocr_par' dir='ltr' id='par_1_44' title="bbox 74 2808 1657 2875">
     <span class='ocr_line' id='line_1_44' title="bbox 74 2808 1657 2875; baseline 0.003 -12"><span class='ocrx_word' id='word_1_305' title='bbox 74 2810 258 2864; x_wconf 90' lang='lat' dir='ltr'><strong>traitur</strong></span> <span class='ocrx_word' id='word_1_306' title='bbox 285 2808 439 2875; x_wconf 87' lang='lat' dir='ltr'><strong>fami,</strong></span> <span class='ocrx_word' id='word_1_307' title='bbox 470 2808 571 2864; x_wconf 90' lang='lat' dir='ltr'><strong>sed</strong></span> <span class='ocrx_word' id='word_1_308' title='bbox 601 2808 855 2874; x_wconf 89' lang='lat' dir='ltr'><strong>servitur,</strong></span> <span class='ocrx_word' id='word_1_309' title='bbox 890 2809 1030 2865; x_wconf 91' lang='lat' dir='ltr'><strong>sicut</strong></span> <span class='ocrx_word' id='word_1_310' title='bbox 1048 2808 1287 2865; x_wconf 91' lang='lat' dir='ltr'><strong>bibendo</strong></span> <span class='ocrx_word' id='word_1_311' title='bbox 1309 2809 1414 2865; x_wconf 92' lang='lat' dir='ltr'><strong>siti.</strong></span> <span class='ocrx_word' id='word_1_312' title='bbox 1441 2810 1521 2864; x_wconf 84' lang='lat' dir='ltr'><strong>Ad</strong></span> <span class='ocrx_word' id='word_1_313' title='bbox 1552 2811 1657 2867; x_wconf 89' lang='lat' dir='ltr'><strong>hoc</strong></span> 
     </span>
    </p>
   </div>
   <div class='ocr_carea' id='block_1_45' title="bbox 74 2896 1657 2954">
    <p class='ocr_par' dir='ltr' id='par_1_45' title="bbox 74 2896 1657 2954">
     <span class='ocr_line' id='line_1_45' title="bbox 74 2896 1657 2954; baseline 0.001 -3"><span class='ocrx_word' id='word_1_314' title='bbox 74 2898 205 2952; x_wconf 91' lang='lat' dir='ltr'><strong>enim</strong></span> <span class='ocrx_word' id='word_1_315' title='bbox 235 2897 463 2954; x_wconf 90' lang='lat' dir='ltr'><strong>tendunt</strong></span> <span class='ocrx_word' id='word_1_316' title='bbox 492 2897 597 2951; x_wconf 88' lang='lat' dir='ltr'><strong>ista</strong></span> <span class='ocrx_word' id='word_1_317' title='bbox 627 2905 685 2951; x_wconf 92' lang='lat' dir='ltr'><strong>ut</strong></span> <span class='ocrx_word' id='word_1_318' title='bbox 721 2896 927 2953; x_wconf 90' lang='lat' dir='ltr'><strong>scilicet</strong></span> <span class='ocrx_word' id='word_1_319' title='bbox 963 2897 1031 2952; x_wconf 90' lang='lat' dir='ltr'><strong>ad</strong></span> <span class='ocrx_word' id='word_1_320' title='bbox 1056 2896 1347 2953; x_wconf 87' lang='lat' dir='ltr'><strong>fruendum</strong></span> <span class='ocrx_word' id='word_1_321' title='bbox 1375 2898 1657 2954; x_wconf 80' lang='lat' dir='ltr'><strong>exteriori-</strong></span> 
     </span>
    </p>
   </div>
   <div class='ocr_carea' id='block_1_46' title="bbox 73 2984 1656 3056">
    <p class='ocr_par' dir='ltr' id='par_1_46' title="bbox 73 2984 1656 3056">
     <span class='ocr_line' id='line_1_46' title="bbox 73 2984 1656 3056; baseline 0.001 -16"><span class='ocrx_word' id='word_1_322' title='bbox 73 2986 166 3040; x_wconf 91' lang='lat' dir='ltr'><strong>bus</strong></span> <span class='ocrx_word' id='word_1_323' title='bbox 236 3000 530 3056; x_wconf 87' lang='lat' dir='ltr'><strong>corporum</strong></span> <span class='ocrx_word' id='word_1_324' title='bbox 587 2984 777 3040; x_wconf 88' lang='lat' dir='ltr'><strong>formis</strong></span> <span class='ocrx_word' id='word_1_325' title='bbox 820 2984 1079 3041; x_wconf 90' lang='lat' dir='ltr'><strong>inclinent</strong></span> <span class='ocrx_word' id='word_1_326' title='bbox 1150 2986 1409 3042; x_wconf 90' lang='lat' dir='ltr'><strong>animum.</strong></span> <span class='ocrx_word' id='word_1_327' title='bbox 1496 2986 1656 3056; x_wconf 86' lang='lat' dir='ltr'><strong>Quod</strong></span> 
     </span>
    </p>
   </div>
   <div class='ocr_carea' id='block_1_47' title="bbox 71 3072 1654 3147">
    <p class='ocr_par' dir='ltr' id='par_1_47' title="bbox 71 3072 1654 3147">
     <span class='ocr_line' id='line_1_47' title="bbox 71 3072 1654 3147; baseline 0.001 -19"><span class='ocrx_word' id='word_1_328' title='bbox 71 3074 275 3145; x_wconf 90' lang='lat' dir='ltr'><strong>quando</strong></span> <span class='ocrx_word' id='word_1_329' title='bbox 320 3072 376 3128; x_wconf 89' lang='lat' dir='ltr'><strong>fit</strong></span> <span class='ocrx_word' id='word_1_330' title='bbox 407 3114 421 3142; x_wconf 94' lang='lat'><strong>,</strong></span> <span class='ocrx_word' id='word_1_331' title='bbox 456 3089 568 3129; x_wconf 92' lang='lat' dir='ltr'>non</span> <span class='ocrx_word' id='word_1_332' title='bbox 623 3080 964 3144; x_wconf 86' lang='lat' dir='ltr'><strong>superantur,</strong></span> <span class='ocrx_word' id='word_1_333' title='bbox 1014 3073 1112 3129; x_wconf 92' lang='lat' dir='ltr'><strong>sed</strong></span> <span class='ocrx_word' id='word_1_334' title='bbox 1165 3081 1431 3147; x_wconf 89' lang='lat' dir='ltr'><strong>regnant,</strong></span> <span class='ocrx_word' id='word_1_335' title='bbox 1490 3074 1654 3131; x_wconf 89' lang='lat' dir='ltr'><strong>ﬁnem</strong></span> 
     </span>
    </p>
   </div>
   <div class='ocr_carea' id='block_1_48' title="bbox 74 3160 1655 3235">
    <p class='ocr_par' dir='ltr' id='par_1_48' title="bbox 74 3160 1655 3235">
     <span class='ocr_line' id='line_1_48' title="bbox 74 3160 1655 3235; baseline 0.003 -20"><span class='ocrx_word' id='word_1_336' title='bbox 74 3178 239 3228; x_wconf 85' lang='lat' dir='ltr'><strong>suum,</strong></span> <span class='ocrx_word' id='word_1_337' title='bbox 271 3163 326 3218; x_wconf 88' lang='lat' dir='ltr'><strong>id</strong></span> <span class='ocrx_word' id='word_1_338' title='bbox 355 3170 440 3218; x_wconf 88' lang='lat' dir='ltr'><strong>est</strong></span> <span class='ocrx_word' id='word_1_339' title='bbox 472 3160 642 3217; x_wconf 90' lang='lat' dir='ltr'><strong>animi</strong></span> <span class='ocrx_word' id='word_1_340' title='bbox 669 3161 1076 3218; x_wconf 89' lang='lat' dir='ltr'><strong>inclinationem</strong></span> <span class='ocrx_word' id='word_1_341' title='bbox 1106 3170 1159 3218; x_wconf 93' lang='lat' dir='ltr'><strong>et</strong></span> <span class='ocrx_word' id='word_1_342' title='bbox 1195 3164 1655 3235; x_wconf 71' lang='lat' dir='ltr'><strong>praeparationem</strong></span> 
     </span>
    </p>
   </div>
   <div class='ocr_carea' id='block_1_49' title="bbox 74 3250 1649 3320">
    <p class='ocr_par' dir='ltr' id='par_1_49' title="bbox 74 3250 1649 3320">
     <span class='ocr_line' id='line_1_49' title="bbox 74 3250 1649 3320; baseline 0.003 -16"><span class='ocrx_word' id='word_1_343' title='bbox 74 3250 136 3305; x_wconf 91' lang='lat' dir='ltr'><strong>ad</strong></span> <span class='ocrx_word' id='word_1_344' title='bbox 164 3250 457 3308; x_wconf 82' lang='lat' dir='ltr'><strong>faciliorem</strong></span> <span class='ocrx_word' id='word_1_345' title='bbox 488 3258 545 3305; x_wconf 94' lang='lat' dir='ltr'><strong>et</strong></span> <span class='ocrx_word' id='word_1_346' title='bbox 572 3250 837 3320; x_wconf 88' lang='lat' dir='ltr'><strong>majorem</strong></span> <span class='ocrx_word' id='word_1_347' title='bbox 864 3250 1271 3307; x_wconf 88' lang='lat' dir='ltr'><strong>inclinationem</strong></span> <span class='ocrx_word' id='word_1_348' title='bbox 1322 3252 1649 3308; x_wconf 90' lang='lat' dir='ltr'><strong>obtinentes.</strong></span> 
     </span>
    </p>
   </div>
   <div class='ocr_carea' id='block_1_50' title="bbox 136 3338 1655 3397">
    <p class='ocr_par' dir='ltr' id='par_1_50' title="bbox 136 3338 1655 3397">
     <span class='ocr_line' id='line_1_50' title="bbox 136 3338 1655 3397; baseline 0.001 -2"><span class='ocrx_word' id='word_1_349' title='bbox 136 3338 383 3395; x_wconf 88' lang='lat' dir='ltr'><strong>Omnium</strong></span> <span class='ocrx_word' id='word_1_350' title='bbox 410 3338 664 3395; x_wconf 89' lang='lat' dir='ltr'><strong>dolorum</strong></span> <span class='ocrx_word' id='word_1_351' title='bbox 721 3347 775 3394; x_wconf 90' lang='lat' dir='ltr'><strong>et</strong></span> <span class='ocrx_word' id='word_1_352' title='bbox 830 3340 1169 3396; x_wconf 91' lang='lat' dir='ltr'><strong>crueiatuum</strong></span> <span class='ocrx_word' id='word_1_353' title='bbox 1218 3340 1335 3395; x_wconf 91' lang='lat' dir='ltr'><strong>sola</strong></span> <span class='ocrx_word' id='word_1_354' title='bbox 1382 3340 1655 3397; x_wconf 92' lang='lat' dir='ltr'><strong>medicina</strong></span> 
     </span>
    </p>
   </div>
   <div class='ocr_carea' id='block_1_51' title="bbox 70 3428 1653 3500">
    <p class='ocr_par' dir='ltr' id='par_1_51' title="bbox 70 3428 1653 3500">
     <span class='ocr_line' id='line_1_51' title="bbox 70 3428 1653 3500; baseline 0.001 -17"><span class='ocrx_word' id='word_1_355' title='bbox 70 3437 146 3483; x_wconf 89' lang='lat' dir='ltr'><strong>est</strong></span> <span class='ocrx_word' id='word_1_356' title='bbox 171 3436 514 3500; x_wconf 86' lang='lat' dir='ltr'><strong>contemptus</strong></span> <span class='ocrx_word' id='word_1_357' title='bbox 545 3442 736 3483; x_wconf 89' lang='lat' dir='ltr'><strong>eorum</strong></span> <span class='ocrx_word' id='word_1_358' title='bbox 764 3444 885 3500; x_wconf 62' lang='lat' dir='ltr'><strong>quae</strong></span> <span class='ocrx_word' id='word_1_359' title='bbox 914 3428 1047 3485; x_wconf 68' lang='lat' dir='ltr'><strong>laesa</strong></span> <span class='ocrx_word' id='word_1_360' title='bbox 1100 3436 1243 3496; x_wconf 89' lang='lat' dir='ltr'><strong>sunt,</strong></span> <span class='ocrx_word' id='word_1_361' title='bbox 1267 3436 1319 3484; x_wconf 91' lang='lat' dir='ltr'><strong>et</strong></span> <span class='ocrx_word' id='word_1_362' title='bbox 1365 3430 1653 3486; x_wconf 91' lang='lat' dir='ltr'><strong>conversio</strong></span> 
     </span>
    </p>
   </div>
   <div class='ocr_carea' id='block_1_52' title="bbox 67 3517 869 3579">
    <p class='ocr_par' dir='ltr' id='par_1_52' title="bbox 67 3517 869 3579">
     <span class='ocr_line' id='line_1_52' title="bbox 67 3517 869 3579; baseline -0.004 -8"><span class='ocrx_word' id='word_1_363' title='bbox 67 3517 251 3572; x_wconf 90' lang='lat' dir='ltr'><strong>mentis</strong></span> <span class='ocrx_word' id='word_1_364' title='bbox 279 3517 350 3573; x_wconf 88' lang='lat' dir='ltr'><strong>ad</strong></span> <span class='ocrx_word' id='word_1_365' title='bbox 386 3518 587 3573; x_wconf 91' lang='lat' dir='ltr'><strong>Deum.</strong></span> <span class='ocrx_word' id='word_1_366' title='bbox 866 3578 869 3579; x_wconf 19' lang='grc' dir='ltr'><em>ν</em></span> 
     </span>
    </p>
   </div>
   <div class='ocr_carea' id='block_1_53' title="bbox 132 3603 1654 3678">
    <p class='ocr_par' dir='ltr' id='par_1_53' title="bbox 132 3603 1654 3678">
     <span class='ocr_line' id='line_1_53' title="bbox 132 3603 1654 3678; baseline 0.001 -19"><span class='ocrx_word' id='word_1_367' title='bbox 132 3603 270 3672; x_wconf 89' lang='lat' dir='ltr'><strong>Quot</strong></span> <span class='ocrx_word' id='word_1_368' title='bbox 325 3604 634 3675; x_wconf 89' lang='lat' dir='ltr'><strong>voluptates</strong></span> <span class='ocrx_word' id='word_1_369' title='bbox 689 3604 939 3661; x_wconf 90' lang='lat' dir='ltr'><strong>carnales</strong></span> <span class='ocrx_word' id='word_1_370' title='bbox 985 3612 1037 3661; x_wconf 92' lang='lat' dir='ltr'><strong>et</strong></span> <span class='ocrx_word' id='word_1_371' title='bbox 1092 3620 1257 3678; x_wconf 88' lang='lat' dir='ltr'><strong>quam</strong></span> <span class='ocrx_word' id='word_1_372' title='bbox 1302 3606 1654 3662; x_wconf 88' lang='lat' dir='ltr'><strong>vehementes</strong></span> 
     </span>
    </p>
   </div>
   <div class='ocr_carea' id='block_1_54' title="bbox 67 3692 1651 3766">
    <p class='ocr_par' dir='ltr' id='par_1_54' title="bbox 67 3692 1651 3766">
     <span class='ocr_line' id='line_1_54' title="bbox 67 3692 1651 3766; baseline 0.003 -20"><span class='ocrx_word' id='word_1_373' title='bbox 67 3693 289 3762; x_wconf 88' lang='lat' dir='ltr'><strong>spernis,</strong></span> <span class='ocrx_word' id='word_1_374' title='bbox 321 3694 550 3749; x_wconf 90' lang='lat' dir='ltr'><strong>totidem</strong></span> <span class='ocrx_word' id='word_1_375' title='bbox 578 3700 631 3748; x_wconf 94' lang='lat' dir='ltr'><strong>et</strong></span> <span class='ocrx_word' id='word_1_376' title='bbox 657 3700 769 3747; x_wconf 90' lang='lat' dir='ltr'><strong>tam</strong></span> <span class='ocrx_word' id='word_1_377' title='bbox 797 3692 1007 3749; x_wconf 88' lang='lat' dir='ltr'><strong>validos</strong></span> <span class='ocrx_word' id='word_1_378' title='bbox 1044 3693 1246 3750; x_wconf 92' lang='lat' dir='ltr'><strong>diaboli</strong></span> <span class='ocrx_word' id='word_1_379' title='bbox 1274 3694 1500 3766; x_wconf 90' lang='lat' dir='ltr'><strong>laqueos</strong></span> <span class='ocrx_word' id='word_1_380' title='bbox 1548 3696 1651 3751; x_wconf 91' lang='lat' dir='ltr'><strong>de-</strong></span> 
     </span>
    </p>
   </div>
   <div class='ocr_carea' id='block_1_55' title="bbox 66 3779 1649 3854">
    <p class='ocr_par' dir='ltr' id='par_1_55' title="bbox 66 3779 1649 3854">
     <span class='ocr_line' id='line_1_55' title="bbox 66 3779 1649 3854; baseline 0.003 -20"><span class='ocrx_word' id='word_1_381' title='bbox 66 3780 210 3837; x_wconf 90' lang='lat' dir='ltr'><strong>vitas.</strong></span> <span class='ocrx_word' id='word_1_382' title='bbox 269 3780 413 3850; x_wconf 89' lang='lat' dir='ltr'><strong>Quot</strong></span> <span class='ocrx_word' id='word_1_383' title='bbox 467 3779 868 3850; x_wconf 88' lang='lat' dir='ltr'><strong>tribulationes,</strong></span> <span class='ocrx_word' id='word_1_384' title='bbox 899 3782 1202 3852; x_wconf 74' lang='lat' dir='ltr'><strong>praesertim</strong></span> <span class='ocrx_word' id='word_1_385' title='bbox 1258 3799 1357 3854; x_wconf 92' lang='lat' dir='ltr'><strong>pro</strong></span> <span class='ocrx_word' id='word_1_386' title='bbox 1403 3783 1649 3854; x_wconf 90' lang='lat' dir='ltr'><strong>veritate,</strong></span> 
     </span>
    </p>
   </div>
   <div class='ocr_carea' id='block_1_56' title="bbox 68 3866 1426 3942">
    <p class='ocr_par' dir='ltr' id='par_1_56' title="bbox 68 3866 1426 3942">
     <span class='ocr_line' id='line_1_56' title="bbox 68 3866 1426 3942; baseline 0.004 -21"><span class='ocrx_word' id='word_1_387' title='bbox 68 3866 220 3941; x_wconf 82' lang='lat' dir='ltr'><strong>fugis,</strong></span> <span class='ocrx_word' id='word_1_388' title='bbox 259 3869 508 3938; x_wconf 91' lang='lat' dir='ltr'><strong>totidem,</strong></span> <span class='ocrx_word' id='word_1_389' title='bbox 540 3868 887 3926; x_wconf 91' lang='lat' dir='ltr'><strong>medicinalia</strong></span> <span class='ocrx_word' id='word_1_390' title='bbox 915 3871 1159 3926; x_wconf 92' lang='lat' dir='ltr'><strong>remedia</strong></span> <span class='ocrx_word' id='word_1_391' title='bbox 1188 3871 1426 3942; x_wconf 91' lang='lat' dir='ltr'><strong>spernis.</strong></span> 
     </span>
    </p>
   </div>
   <div class='ocr_carea' id='block_1_57' title="bbox 572 4112 1120 4170">
    <p class='ocr_par' dir='ltr' id='par_1_57' title="bbox 572 4112 1120 4170">
     <span class='ocr_line' id='line_1_57' title="bbox 572 4112 1120 4170; baseline 0.004 -2"><span class='ocrx_word' id='word_1_392' title='bbox 572 4112 968 4169; x_wconf 85' lang='lat' dir='ltr'><strong>CAPITULUM</strong></span> <span class='ocrx_word' id='word_1_393' title='bbox 999 4113 1120 4170; x_wconf 80' lang='lat' dir='ltr'><strong>XV.</strong></span> 
     </span>
    </p>
   </div>
   <div class='ocr_carea' id='block_1_58' title="bbox 68 4287 1653 4361">
    <p class='ocr_par' dir='ltr' id='par_1_58' title="bbox 68 4287 1653 4361">
     <span class='ocr_line' id='line_1_58' title="bbox 68 4287 1653 4361; baseline 0.006 -21"><span class='ocrx_word' id='word_1_394' title='bbox 68 4287 133 4342; x_wconf 83' lang='lat' dir='ltr'><strong>De</strong></span> <span class='ocrx_word' id='word_1_395' title='bbox 151 4304 274 4344; x_wconf 79' lang='lat' dir='ltr'><strong>vera</strong></span> <span class='ocrx_word' id='word_1_396' title='bbox 312 4290 631 4361; x_wconf 77' lang='lat' dir='ltr'><strong>patientia,</strong></span> <span class='ocrx_word' id='word_1_397' title='bbox 663 4306 773 4360; x_wconf 84' lang='lat' dir='ltr'><strong>qua</strong></span> <span class='ocrx_word' id='word_1_398' title='bbox 827 4290 1113 4347; x_wconf 80' lang='lat' dir='ltr'><strong>tolerandi</strong></span> <span class='ocrx_word' id='word_1_399' title='bbox 1139 4296 1193 4347; x_wconf 81' lang='lat' dir='ltr'><strong>et</strong></span> <span class='ocrx_word' id='word_1_400' title='bbox 1249 4293 1486 4349; x_wconf 78' lang='lat' dir='ltr'><strong>amandi</strong></span> <span class='ocrx_word' id='word_1_401' title='bbox 1514 4298 1653 4349; x_wconf 79' lang='lat' dir='ltr'><strong>sunt</strong></span> 
     </span>
    </p>
   </div>
   <div class='ocr_carea' id='block_1_59' title="bbox 125 4361 1650 4434">
    <p class='ocr_par' dir='ltr' id='par_1_59' title="bbox 125 4361 1650 4434">
     <span class='ocr_line' id='line_1_59' title="bbox 125 4361 1650 4434; baseline 0.004 -21"><span class='ocrx_word' id='word_1_402' title='bbox 125 4366 435 4429; x_wconf 76' lang='lat' dir='ltr'><strong>peccatores</strong></span> <span class='ocrx_word' id='word_1_403' title='bbox 468 4364 531 4416; x_wconf 82' lang='lat' dir='ltr'><strong>et</strong></span> <span class='ocrx_word' id='word_1_404' title='bbox 559 4361 796 4429; x_wconf 75' lang='lat' dir='ltr'><strong>inﬁrmi,</strong></span> <span class='ocrx_word' id='word_1_405' title='bbox 819 4364 909 4433; x_wconf 79' lang='lat' dir='ltr'><strong>pie</strong></span> <span class='ocrx_word' id='word_1_406' title='bbox 939 4362 1218 4434; x_wconf 81' lang='lat' dir='ltr'><strong>sperando</strong></span> <span class='ocrx_word' id='word_1_407' title='bbox 1238 4366 1650 4421; x_wconf 81' lang='lat' dir='ltr'><strong>correctionem</strong></span> 
     </span>
    </p>
   </div>
   <div class='ocr_carea' id='block_1_60' title="bbox 130 4447 335 4487">
    <p class='ocr_par' dir='ltr' id='par_1_60' title="bbox 130 4447 335 4487">
     <span class='ocr_line' id='line_1_60' title="bbox 130 4447 335 4487; baseline 0.02 -4"><span class='ocrx_word' id='word_1_408' title='bbox 130 4447 335 4487; x_wconf 81' lang='lat' dir='ltr'><strong>eorum.</strong></span> 
     </span>
    </p>
   </div>
   <div class='ocr_carea' id='block_1_61' title="bbox 1678 3216 1726 3276">
    <p class='ocr_par' dir='ltr' id='par_1_61' title="bbox 1678 3216 1726 3276">
     <span class='ocr_line' id='line_1_61' title="bbox 1678 3216 1726 3276; baseline 0 0"><span class='ocrx_word' id='word_1_409' title='bbox 1678 3216 1726 3276; x_wconf 89' lang='grc' dir='ltr'>Ο</span> 
     </span>
    </p>
   </div>
   <div class='ocr_carea' id='block_1_62' title="bbox 1770 1919 3365 1994">
    <p class='ocr_par' dir='ltr' id='par_1_62' title="bbox 1770 1919 3365 1994">
     <span class='ocr_line' id='line_1_62' title="bbox 1770 1919 3365 1994; baseline -0.001 -19"><span class='ocrx_word' id='word_1_410' title='bbox 1770 1927 1825 1975; x_wconf 81' lang='grc' dir='ltr'><strong>ιιι</strong></span> <span class='ocrx_word' id='word_1_411' title='bbox 1854 1922 2025 1976; x_wconf 89' lang='lat' dir='ltr'><strong>Deum</strong></span> <span class='ocrx_word' id='word_1_412' title='bbox 2055 1922 2142 1976; x_wconf 92' lang='lat' dir='ltr'><strong>vis</strong></span> <span class='ocrx_word' id='word_1_413' title='bbox 2167 1923 2407 1993; x_wconf 89' lang='lat' dir='ltr'><strong>assequi,</strong></span> <span class='ocrx_word' id='word_1_414' title='bbox 2439 1931 2492 1977; x_wconf 91' lang='lat' dir='ltr'><strong>et</strong></span> <span class='ocrx_word' id='word_1_415' title='bbox 2521 1931 2694 1978; x_wconf 89' lang='lat' dir='ltr'><strong>artem</strong></span> <span class='ocrx_word' id='word_1_416' title='bbox 2726 1938 2832 1994; x_wconf 87' lang='lat' dir='ltr'><strong>qua</strong></span> <span class='ocrx_word' id='word_1_417' title='bbox 2862 1919 3178 1991; x_wconf 86' lang='lat' dir='ltr'><strong>acquiritur,</strong></span> <span class='ocrx_word' id='word_1_418' title='bbox 3211 1920 3264 1974; x_wconf 89' lang='lat' dir='ltr'>id</span> <span class='ocrx_word' id='word_1_419' title='bbox 3284 1930 3365 1973; x_wconf 88' lang='lat' dir='ltr'><strong>est</strong></span> 
     </span>
    </p>
   </div>
   <div class='ocr_carea' id='block_1_63' title="bbox 1768 2009 3009 2080">
    <p class='ocr_par' dir='ltr' id='par_1_63' title="bbox 1768 2009 3009 2080">
     <span class='ocr_line' id='line_1_63' title="bbox 1768 2009 3009 2080; baseline 0.004 -19"><span class='ocrx_word' id='word_1_420' title='bbox 1768 2009 2073 2065; x_wconf 85' lang='lat' dir='ltr'><strong>retribuere</strong></span> <span class='ocrx_word' id='word_1_421' title='bbox 2102 2009 2306 2064; x_wconf 87' lang='lat' dir='ltr'><strong>bonum</strong></span> <span class='ocrx_word' id='word_1_422' title='bbox 2338 2028 2437 2080; x_wconf 89' lang='lat' dir='ltr'><strong>pro</strong></span> <span class='ocrx_word' id='word_1_423' title='bbox 2472 2010 2635 2077; x_wconf 87' lang='lat' dir='ltr'><strong>malo,</strong></span> <span class='ocrx_word' id='word_1_424' title='bbox 2686 2011 3009 2066; x_wconf 79' lang='lat' dir='ltr'><strong>contemnis.</strong></span> 
     </span>
    </p>
   </div>
   <div class='ocr_carea' id='block_1_64' title="bbox 1839 2098 3358 2174">
    <p class='ocr_par' dir='ltr' id='par_1_64' title="bbox 1839 2098 3358 2174">
     <span class='ocr_line' id='line_1_64' title="bbox 1839 2098 3358 2174; baseline 0.004 -23"><span class='ocrx_word' id='word_1_425' title='bbox 1839 2102 1943 2152; x_wconf 80' lang='lat' dir='ltr'><strong>Aut</strong></span> <span class='ocrx_word' id='word_1_426' title='bbox 1972 2098 2095 2154; x_wconf 84' lang='lat' dir='ltr'><strong>hinc</strong></span> <span class='ocrx_word' id='word_1_427' title='bbox 2128 2101 2355 2164; x_wconf 78' lang='lat' dir='ltr'><strong>recede,</strong></span> <span class='ocrx_word' id='word_1_428' title='bbox 2391 2108 2480 2152; x_wconf 79' lang='lat' dir='ltr'><strong>aut</strong></span> <span class='ocrx_word' id='word_1_429' title='bbox 2520 2109 2742 2170; x_wconf 68' lang='lat' dir='ltr'><strong>propter</strong></span> <span class='ocrx_word' id='word_1_430' title='bbox 2775 2104 2916 2171; x_wconf 81' lang='lat' dir='ltr'><strong>quod</strong></span> <span class='ocrx_word' id='word_1_431' title='bbox 2948 2104 3035 2159; x_wconf 70' lang='lat' dir='ltr'><strong>llic</strong></span> <span class='ocrx_word' id='word_1_432' title='bbox 3062 2105 3267 2174; x_wconf 76' lang='lat' dir='ltr'><strong>positus</strong></span> <span class='ocrx_word' id='word_1_433' title='bbox 3302 2124 3358 2157; x_wconf 65' lang='lat' dir='ltr'><strong>es</strong></span> 
     </span>
    </p>
   </div>
   <div class='ocr_carea' id='block_1_65' title="bbox 1767 2187 2608 2257">
    <p class='ocr_par' dir='ltr' id='par_1_65' title="bbox 1767 2187 2608 2257">
     <span class='ocr_line' id='line_1_65' title="bbox 1767 2187 2608 2257; baseline 0.005 -18"><span class='ocrx_word' id='word_1_434' title='bbox 1767 2203 1887 2254; x_wconf 70' lang='lat' dir='ltr'><strong>age,</strong></span> <span class='ocrx_word' id='word_1_435' title='bbox 1925 2187 1978 2242; x_wconf 81' lang='lat' dir='ltr'><strong>id</strong></span> <span class='ocrx_word' id='word_1_436' title='bbox 2008 2198 2089 2240; x_wconf 66' lang='lat' dir='ltr'><strong>est</strong></span> <span class='ocrx_word' id='word_1_437' title='bbox 2128 2188 2369 2253; x_wconf 70' lang='lat' dir='ltr'><strong>mvdere,</strong></span> <span class='ocrx_word' id='word_1_438' title='bbox 2405 2200 2608 2257; x_wconf 63' lang='lat' dir='ltr'><strong>putere.</strong></span> 
     </span>
    </p>
   </div>
   <div class='ocr_carea' id='block_1_66' title="bbox 1836 2276 3352 2347">
    <p class='ocr_par' dir='ltr' id='par_1_66' title="bbox 1836 2276 3352 2347">
     <span class='ocr_line' id='line_1_66' title="bbox 1836 2276 3352 2347; baseline 0.005 -19"><span class='ocrx_word' id='word_1_439' title='bbox 1836 2276 1933 2329; x_wconf 89' lang='lat' dir='ltr'><strong>llic</strong></span> <span class='ocrx_word' id='word_1_440' title='bbox 1974 2276 2166 2329; x_wconf 80' lang='lat' dir='ltr'><strong>stultus</strong></span> <span class='ocrx_word' id='word_1_441' title='bbox 2198 2286 2296 2337; x_wconf 75' lang='lat' dir='ltr'><strong>est,</strong></span> <span class='ocrx_word' id='word_1_442' title='bbox 2334 2277 2383 2329; x_wconf 89' lang='lat' dir='ltr'><strong>id</strong></span> <span class='ocrx_word' id='word_1_443' title='bbox 2418 2287 2497 2329; x_wconf 66' lang='lat' dir='ltr'><strong>est</strong></span> <span class='ocrx_word' id='word_1_444' title='bbox 2531 2280 2691 2331; x_wconf 73' lang='lat' dir='ltr'><strong>homo</strong></span> <span class='ocrx_word' id='word_1_445' title='bbox 2750 2279 2998 2335; x_wconf 82' lang='lat' dir='ltr'><strong>inimicus</strong></span> <span class='ocrx_word' id='word_1_446' title='bbox 3035 2301 3048 2347; x_wconf 88' lang='lat'><strong>;</strong></span> <span class='ocrx_word' id='word_1_447' title='bbox 3080 2277 3168 2335; x_wconf 83' lang='lat' dir='ltr'><strong>ille</strong></span> <span class='ocrx_word' id='word_1_448' title='bbox 3198 2284 3352 2336; x_wconf 76' lang='lat' dir='ltr'><strong>calli-</strong></span> 
     </span>
    </p>
   </div>
   <div class='ocr_carea' id='block_1_67' title="bbox 1762 2365 3353 2441">
    <p class='ocr_par' dir='ltr' id='par_1_67' title="bbox 1762 2365 3353 2441">
     <span class='ocr_line' id='line_1_67' title="bbox 1762 2365 3353 2441; baseline 0.006 -26"><span class='ocrx_word' id='word_1_449' title='bbox 1762 2366 1883 2430; x_wconf 88' lang='lat' dir='ltr'><strong>dus,</strong></span> <span class='ocrx_word' id='word_1_450' title='bbox 1910 2365 2160 2419; x_wconf 84' lang='lat' dir='ltr'><strong>diabolus</strong></span> <span class='ocrx_word' id='word_1_451' title='bbox 2192 2366 2390 2419; x_wconf 68' lang='lat' dir='ltr'><strong>scilicet</strong></span> <span class='ocrx_word' id='word_1_452' title='bbox 2425 2366 2513 2436; x_wconf 81' lang='lat' dir='ltr'><strong>qui</strong></span> <span class='ocrx_word' id='word_1_453' title='bbox 2543 2384 2637 2435; x_wconf 82' lang='lat' dir='ltr'><strong>per</strong></span> <span class='ocrx_word' id='word_1_454' title='bbox 2669 2368 2807 2421; x_wconf 74' lang='lat' dir='ltr'><strong>hunc</strong></span> <span class='ocrx_word' id='word_1_455' title='bbox 2832 2379 2879 2422; x_wconf 89' lang='lat' dir='ltr'><strong>te</strong></span> <span class='ocrx_word' id='word_1_456' title='bbox 2912 2369 3208 2441; x_wconf 73' lang='lat' dir='ltr'><strong>impugnat.</strong></span> <span class='ocrx_word' id='word_1_457' title='bbox 3237 2372 3353 2425; x_wconf 67' lang='lat' dir='ltr'><strong>[lir-</strong></span> 
     </span>
    </p>
   </div>
   <div class='ocr_carea' id='block_1_68' title="bbox 1761 2453 3353 2524">
    <p class='ocr_par' dir='ltr' id='par_1_68' title="bbox 1761 2453 3353 2524">
     <span class='ocr_line' id='line_1_68' title="bbox 1761 2453 3353 2524; baseline 0.005 -17"><span class='ocrx_word' id='word_1_458' title='bbox 1761 2468 1828 2508; x_wconf 92' lang='lat' dir='ltr'><strong>ca</strong></span> <span class='ocrx_word' id='word_1_459' title='bbox 1875 2453 2019 2508; x_wconf 89' lang='lat' dir='ltr'><strong>hunc</strong></span> <span class='ocrx_word' id='word_1_460' title='bbox 2076 2453 2324 2520; x_wconf 88' lang='lat' dir='ltr'><strong>blandus,</strong></span> <span class='ocrx_word' id='word_1_461' title='bbox 2358 2462 2416 2508; x_wconf 90' lang='lat' dir='ltr'><strong>ut</strong></span> <span class='ocrx_word' id='word_1_462' title='bbox 2472 2470 2596 2509; x_wconf 91' lang='lat' dir='ltr'><strong>eum</strong></span> <span class='ocrx_word' id='word_1_463' title='bbox 2636 2454 2852 2523; x_wconf 81' lang='lat' dir='ltr'><strong>liberes,</strong></span> <span class='ocrx_word' id='word_1_464' title='bbox 2886 2466 3035 2524; x_wconf 86' lang='lat' dir='ltr'><strong>esto;</strong></span> <span class='ocrx_word' id='word_1_465' title='bbox 3072 2466 3261 2514; x_wconf 87' lang='lat' dir='ltr'><strong>contra</strong></span> <span class='ocrx_word' id='word_1_466' title='bbox 3289 2462 3353 2515; x_wconf 93' lang='lat' dir='ltr'><strong>il-</strong></span> 
     </span>
    </p>
   </div>
   <div class='ocr_carea' id='block_1_69' title="bbox 1760 2538 2785 2607">
    <p class='ocr_par' dir='ltr' id='par_1_69' title="bbox 1760 2538 2785 2607">
     <span class='ocr_line' id='line_1_69' title="bbox 1760 2538 2785 2607; baseline 0.001 -11"><span class='ocrx_word' id='word_1_467' title='bbox 1760 2541 1890 2607; x_wconf 92' lang='lat' dir='ltr'><strong>lum,</strong></span> <span class='ocrx_word' id='word_1_468' title='bbox 1924 2548 2136 2597; x_wconf 91' lang='lat' dir='ltr'><strong>cautus.</strong></span> <span class='ocrx_word' id='word_1_469' title='bbox 2782 2538 2785 2541; x_wconf 29' lang='grc' dir='ltr'><strong><em>λ</em></strong></span> 
     </span>
    </p>
   </div>
   <div class='ocr_carea' id='block_1_70' title="bbox 1828 2629 3354 2702">
    <p class='ocr_par' dir='ltr' id='par_1_70' title="bbox 1828 2629 3354 2702">
     <span class='ocr_line' id='line_1_70' title="bbox 1828 2629 3354 2702; baseline 0.006 -19"><span class='ocrx_word' id='word_1_470' title='bbox 1828 2629 2105 2699; x_wconf 85' lang='lat' dir='ltr'><strong>Turbaris,</strong></span> <span class='ocrx_word' id='word_1_471' title='bbox 2139 2629 2266 2702; x_wconf 87' lang='lat' dir='ltr'><strong>quia</strong></span> <span class='ocrx_word' id='word_1_472' title='bbox 2297 2646 2401 2701; x_wconf 81' lang='lat' dir='ltr'><strong>ego</strong></span> <span class='ocrx_word' id='word_1_473' title='bbox 2433 2630 2672 2685; x_wconf 89' lang='lat' dir='ltr'><strong>turbatus</strong></span> <span class='ocrx_word' id='word_1_474' title='bbox 2706 2648 2863 2698; x_wconf 90' lang='lat' dir='ltr'><strong>sum;</strong></span> <span class='ocrx_word' id='word_1_475' title='bbox 2894 2635 3139 2690; x_wconf 88' lang='lat' dir='ltr'><strong>turbatus</strong></span> <span class='ocrx_word' id='word_1_476' title='bbox 3161 2637 3354 2692; x_wconf 80' lang='lat' dir='ltr'><strong>turba-</strong></span> 
     </span>
    </p>
   </div>
   <div class='ocr_carea' id='block_1_71' title="bbox 1759 2718 3346 2792">
    <p class='ocr_par' dir='ltr' id='par_1_71' title="bbox 1759 2718 3346 2792">
     <span class='ocr_line' id='line_1_71' title="bbox 1759 2718 3346 2792; baseline 0.006 -20"><span class='ocrx_word' id='word_1_477' title='bbox 1759 2726 1868 2773; x_wconf 91' lang='lat' dir='ltr'><strong>tum</strong></span> <span class='ocrx_word' id='word_1_478' title='bbox 1899 2719 2273 2789; x_wconf 87' lang='lat' dir='ltr'><strong>reprehendis.</strong></span> <span class='ocrx_word' id='word_1_479' title='bbox 2309 2718 2355 2774; x_wconf 92' lang='grc' dir='ltr'><strong>Ο</strong></span> <span class='ocrx_word' id='word_1_480' title='bbox 2386 2718 2597 2790; x_wconf 78' lang='lat' dir='ltr'><strong>pudori</strong></span> <span class='ocrx_word' id='word_1_481' title='bbox 2631 2720 2953 2792; x_wconf 89' lang='lat' dir='ltr'><strong>Loripedem</strong></span> <span class='ocrx_word' id='word_1_482' title='bbox 2984 2732 3165 2780; x_wconf 90' lang='lat' dir='ltr'><strong>rectus</strong></span> <span class='ocrx_word' id='word_1_483' title='bbox 3195 2726 3346 2782; x_wconf 88' lang='lat' dir='ltr'><strong>deri-</strong></span> 
     </span>
    </p>
   </div>
   <div class='ocr_carea' id='block_1_72' title="bbox 1758 2806 3350 2886">
    <p class='ocr_par' dir='ltr' id='par_1_72' title="bbox 1758 2806 3350 2886">
     <span class='ocr_line' id='line_1_72' title="bbox 1758 2806 3350 2886; baseline 0.006 -26"><span class='ocrx_word' id='word_1_484' title='bbox 1758 2806 1901 2871; x_wconf 90' lang='lat' dir='ltr'><strong>deat,</strong></span> <span class='ocrx_word' id='word_1_485' title='bbox 1932 2807 2237 2877; x_wconf 71' lang='lat' dir='ltr'><strong>ASthiOpem</strong></span> <span class='ocrx_word' id='word_1_486' title='bbox 2283 2807 2457 2863; x_wconf 91' lang='lat' dir='ltr'><strong>albus.</strong></span> <span class='ocrx_word' id='word_1_487' title='bbox 2518 2809 2637 2879; x_wconf 85' lang='lat' dir='ltr'><strong>Ego</strong></span> <span class='ocrx_word' id='word_1_488' title='bbox 2667 2809 2888 2880; x_wconf 87' lang='lat' dir='ltr'><strong>quidem</strong></span> <span class='ocrx_word' id='word_1_489' title='bbox 2944 2813 3214 2886; x_wconf 87' lang='lat' dir='ltr'><strong>corrigar,</strong></span> <span class='ocrx_word' id='word_1_490' title='bbox 3248 2831 3350 2871; x_wconf 92' lang='lat' dir='ltr'><strong>nec</strong></span> 
     </span>
    </p>
   </div>
   <div class='ocr_carea' id='block_1_73' title="bbox 1757 2895 3349 2973">
    <p class='ocr_par' dir='ltr' id='par_1_73' title="bbox 1757 2895 3349 2973">
     <span class='ocr_line' id='line_1_73' title="bbox 1757 2895 3349 2973; baseline 0.004 -23"><span class='ocrx_word' id='word_1_491' title='bbox 1757 2895 1990 2966; x_wconf 90' lang='lat' dir='ltr'><strong>amplius</strong></span> <span class='ocrx_word' id='word_1_492' title='bbox 2017 2896 2121 2952; x_wconf 88' lang='lat' dir='ltr'><strong>hoc</strong></span> <span class='ocrx_word' id='word_1_493' title='bbox 2145 2895 2348 2951; x_wconf 87' lang='lat' dir='ltr'><strong>malum</strong></span> <span class='ocrx_word' id='word_1_494' title='bbox 2406 2897 2620 2952; x_wconf 87' lang='lat' dir='ltr'><strong>faciam.</strong></span> <span class='ocrx_word' id='word_1_495' title='bbox 2655 2898 2733 2952; x_wconf 90' lang='lat' dir='ltr'><strong>Tu</strong></span> <span class='ocrx_word' id='word_1_496' title='bbox 2790 2907 2972 2955; x_wconf 90' lang='lat' dir='ltr'><strong>autem</strong></span> <span class='ocrx_word' id='word_1_497' title='bbox 3018 2902 3148 2973; x_wconf 87' lang='lat' dir='ltr'><strong>quid</strong></span> <span class='ocrx_word' id='word_1_498' title='bbox 3179 2902 3349 2960; x_wconf 88' lang='lat' dir='ltr'><strong>facies</strong></span> 
     </span>
    </p>
   </div>
   <div class='ocr_carea' id='block_1_74' title="bbox 1757 2983 3348 3055">
    <p class='ocr_par' dir='ltr' id='par_1_74' title="bbox 1757 2983 3348 3055">
     <span class='ocr_line' id='line_1_74' title="bbox 1757 2983 3348 3055; baseline 0.006 -18"><span class='ocrx_word' id='word_1_499' title='bbox 1757 2983 1825 3038; x_wconf 90' lang='lat' dir='ltr'><strong>de</strong></span> <span class='ocrx_word' id='word_1_500' title='bbox 1851 2984 1957 3040; x_wconf 89' lang='lat' dir='ltr'><strong>hoc</strong></span> <span class='ocrx_word' id='word_1_501' title='bbox 1985 2983 2114 3039; x_wconf 92' lang='lat' dir='ltr'><strong>vitio</strong></span> <span class='ocrx_word' id='word_1_502' title='bbox 2161 2991 2272 3049; x_wconf 91' lang='lat' dir='ltr'><strong>tuo,</strong></span> <span class='ocrx_word' id='word_1_503' title='bbox 2306 3001 2416 3055; x_wconf 90' lang='lat' dir='ltr'><strong>quo</strong></span> <span class='ocrx_word' id='word_1_504' title='bbox 2444 3001 2553 3040; x_wconf 91' lang='lat' dir='ltr'><strong>non</strong></span> <span class='ocrx_word' id='word_1_505' title='bbox 2609 2986 2787 3041; x_wconf 90' lang='lat' dir='ltr'><strong>solum</strong></span> <span class='ocrx_word' id='word_1_506' title='bbox 2813 2987 2946 3043; x_wconf 90' lang='lat' dir='ltr'><strong>mihi</strong></span> <span class='ocrx_word' id='word_1_507' title='bbox 3002 2990 3211 3046; x_wconf 89' lang='lat' dir='ltr'><strong>mederi</strong></span> <span class='ocrx_word' id='word_1_508' title='bbox 3238 3008 3348 3047; x_wconf 91' lang='lat' dir='ltr'><strong>non</strong></span> 
     </span>
    </p>
   </div>
   <div class='ocr_carea' id='block_1_75' title="bbox 1755 3071 2861 3145">
    <p class='ocr_par' dir='ltr' id='par_1_75' title="bbox 1755 3071 2861 3145">
     <span class='ocr_line' id='line_1_75' title="bbox 1755 3071 2861 3145; baseline 0.002 -17"><span class='ocrx_word' id='word_1_509' title='bbox 1755 3071 1928 3137; x_wconf 87' lang='lat' dir='ltr'><strong>vales,</strong></span> <span class='ocrx_word' id='word_1_510' title='bbox 1963 3072 2062 3127; x_wconf 94' lang='lat' dir='ltr'><strong>sed</strong></span> <span class='ocrx_word' id='word_1_511' title='bbox 2090 3088 2194 3129; x_wconf 89' lang='lat' dir='ltr'><strong>nec</strong></span> <span class='ocrx_word' id='word_1_512' title='bbox 2222 3072 2368 3128; x_wconf 85' lang='lat' dir='ltr'><strong>ferre</strong></span> <span class='ocrx_word' id='word_1_513' title='bbox 2400 3074 2628 3129; x_wconf 90' lang='lat' dir='ltr'><strong>salutem</strong></span> <span class='ocrx_word' id='word_1_514' title='bbox 2659 3077 2861 3145; x_wconf 80' lang='lat' dir='ltr'><strong>potes?</strong></span> 
     </span>
    </p>
   </div>
   <div class='ocr_carea' id='block_1_76' title="bbox 1828 3159 3347 3234">
    <p class='ocr_par' dir='ltr' id='par_1_76' title="bbox 1828 3159 3347 3234">
     <span class='ocr_line' id='line_1_76' title="bbox 1828 3159 3347 3234; baseline 0.007 -20"><span class='ocrx_word' id='word_1_515' title='bbox 1828 3159 2012 3229; x_wconf 91' lang='lat' dir='ltr'><strong>Quare</strong></span> <span class='ocrx_word' id='word_1_516' title='bbox 2042 3160 2125 3215; x_wconf 90' lang='lat' dir='ltr'><strong>vis</strong></span> <span class='ocrx_word' id='word_1_517' title='bbox 2152 3160 2370 3216; x_wconf 87' lang='lat' dir='ltr'><strong>fratrem</strong></span> <span class='ocrx_word' id='word_1_518' title='bbox 2399 3161 2547 3217; x_wconf 91' lang='lat' dir='ltr'><strong>illum</strong></span> <span class='ocrx_word' id='word_1_519' title='bbox 2592 3159 2861 3219; x_wconf 86' lang='lat' dir='ltr'><strong>dimittere</strong></span> <span class='ocrx_word' id='word_1_520' title='bbox 2881 3165 2908 3219; x_wconf 83' lang='lat'><strong>?</strong></span> <span class='ocrx_word' id='word_1_521' title='bbox 2938 3165 3078 3234; x_wconf 91' lang='lat' dir='ltr'><strong>Quia</strong></span> <span class='ocrx_word' id='word_1_522' title='bbox 3123 3167 3347 3224; x_wconf 90' lang='lat' dir='ltr'><strong>iracun-</strong></span> 
     </span>
    </p>
   </div>
   <div class='ocr_carea' id='block_1_77' title="bbox 1752 3249 3350 3326">
    <p class='ocr_par' dir='ltr' id='par_1_77' title="bbox 1752 3249 3350 3326">
     <span class='ocr_line' id='line_1_77' title="bbox 1752 3249 3350 3326; baseline 0.004 -22"><span class='ocrx_word' id='word_1_523' title='bbox 1752 3249 1845 3305; x_wconf 89' lang='lat' dir='ltr'><strong>dia</strong></span> <span class='ocrx_word' id='word_1_524' title='bbox 1874 3258 1927 3305; x_wconf 91' lang='lat' dir='ltr'><strong>et</strong></span> <span class='ocrx_word' id='word_1_525' title='bbox 1955 3249 2207 3305; x_wconf 90' lang='lat' dir='ltr'><strong>omnibus</strong></span> <span class='ocrx_word' id='word_1_526' title='bbox 2236 3250 2379 3305; x_wconf 91' lang='lat' dir='ltr'><strong>vitiis</strong></span> <span class='ocrx_word' id='word_1_527' title='bbox 2406 3251 2599 3322; x_wconf 91' lang='lat' dir='ltr'><strong>plenus</strong></span> <span class='ocrx_word' id='word_1_528' title='bbox 2629 3260 2709 3307; x_wconf 93' lang='lat' dir='ltr'><strong>est</strong></span> <span class='ocrx_word' id='word_1_529' title='bbox 2728 3256 2755 3307; x_wconf 69' lang='grc' dir='ltr'><em>γ</em></span> <span class='ocrx_word' id='word_1_530' title='bbox 2783 3252 2873 3310; x_wconf 91' lang='lat' dir='ltr'><strong>Sic</strong></span> <span class='ocrx_word' id='word_1_531' title='bbox 2899 3270 3035 3326; x_wconf 86' lang='lat' dir='ltr'><strong>ergo</strong></span> <span class='ocrx_word' id='word_1_532' title='bbox 3064 3254 3225 3312; x_wconf 88' lang='lat' dir='ltr'><strong>faciat</strong></span> <span class='ocrx_word' id='word_1_533' title='bbox 3256 3258 3350 3311; x_wconf 89' lang='lat' dir='ltr'><strong>tibi</strong></span> 
     </span>
    </p>
   </div>
   <div class='ocr_carea' id='block_1_78' title="bbox 1753 3339 3351 3411">
    <p class='ocr_par' dir='ltr' id='par_1_78' title="bbox 1753 3339 3351 3411">
     <span class='ocr_line' id='line_1_78' title="bbox 1753 3339 3351 3411; baseline 0.004 -18"><span class='ocrx_word' id='word_1_534' title='bbox 1753 3339 1920 3393; x_wconf 90' lang='lat' dir='ltr'><strong>Deus.</strong></span> <span class='ocrx_word' id='word_1_535' title='bbox 1953 3339 2033 3394; x_wconf 88' lang='lat' dir='ltr'><strong>Ex</strong></span> <span class='ocrx_word' id='word_1_536' title='bbox 2063 3353 2160 3393; x_wconf 92' lang='lat' dir='ltr'><strong>ore</strong></span> <span class='ocrx_word' id='word_1_537' title='bbox 2187 3346 2279 3393; x_wconf 93' lang='lat' dir='ltr'><strong>tuo</strong></span> <span class='ocrx_word' id='word_1_538' title='bbox 2296 3339 2536 3409; x_wconf 90' lang='lat' dir='ltr'><strong>probasti</strong></span> <span class='ocrx_word' id='word_1_539' title='bbox 2566 3341 2710 3411; x_wconf 90' lang='lat' dir='ltr'><strong>quod</strong></span> <span class='ocrx_word' id='word_1_540' title='bbox 2739 3357 2850 3396; x_wconf 91' lang='lat' dir='ltr'><strong>non</strong></span> <span class='ocrx_word' id='word_1_541' title='bbox 2880 3343 3084 3398; x_wconf 90' lang='lat' dir='ltr'><strong>debeas</strong></span> <span class='ocrx_word' id='word_1_542' title='bbox 3115 3360 3236 3399; x_wconf 92' lang='lat' dir='ltr'><strong>eum</strong></span> <span class='ocrx_word' id='word_1_543' title='bbox 3268 3345 3351 3400; x_wconf 89' lang='lat' dir='ltr'><strong>di-</strong></span> 
     </span>
    </p>
   </div>
   <div class='ocr_carea' id='block_1_79' title="bbox 1753 3427 3349 3500">
    <p class='ocr_par' dir='ltr' id='par_1_79' title="bbox 1753 3427 3349 3500">
     <span class='ocr_line' id='line_1_79' title="bbox 1753 3427 3349 3500; baseline 0.005 -18"><span class='ocrx_word' id='word_1_544' title='bbox 1753 3427 1984 3482; x_wconf 91' lang='lat' dir='ltr'><strong>mittere.</strong></span> <span class='ocrx_word' id='word_1_545' title='bbox 2021 3427 2139 3483; x_wconf 84' lang='lat' dir='ltr'><strong>Non</strong></span> <span class='ocrx_word' id='word_1_546' title='bbox 2159 3431 2243 3482; x_wconf 74' lang='lat' dir='ltr'><strong>est</strong></span> <span class='ocrx_word' id='word_1_547' title='bbox 2268 3428 2425 3483; x_wconf 74' lang='lat' dir='ltr'><strong>sani:</strong></span> <span class='ocrx_word' id='word_1_548' title='bbox 2454 3445 2590 3500; x_wconf 81' lang='lat' dir='ltr'><strong>opus</strong></span> <span class='ocrx_word' id='word_1_549' title='bbox 2629 3430 2898 3496; x_wconf 78' lang='lat' dir='ltr'><strong>medicus,</strong></span> <span class='ocrx_word' id='word_1_550' title='bbox 2934 3432 3029 3487; x_wconf 73' lang='lat' dir='ltr'><strong>sed</strong></span> <span class='ocrx_word' id='word_1_551' title='bbox 3059 3433 3212 3488; x_wconf 85' lang='lat' dir='ltr'><strong>male</strong></span> <span class='ocrx_word' id='word_1_552' title='bbox 3243 3433 3349 3490; x_wconf 83' lang='lat' dir='ltr'><strong>ha-</strong></span> 
     </span>
    </p>
   </div>
   <div class='ocr_carea' id='block_1_80' title="bbox 1753 3514 3348 3593">
    <p class='ocr_par' dir='ltr' id='par_1_80' title="bbox 1753 3514 3348 3593">
     <span class='ocr_line' id='line_1_80' title="bbox 1753 3514 3348 3593; baseline 0.004 -22"><span class='ocrx_word' id='word_1_553' title='bbox 1753 3516 2008 3571; x_wconf 78' lang='lat' dir='ltr'><strong>bentibus</strong></span> <span class='ocrx_word' id='word_1_554' title='bbox 2064 3514 2287 3586; x_wconf 79' lang='lat' dir='ltr'><strong>(Matth.</strong></span> <span class='ocrx_word' id='word_1_555' title='bbox 2348 3530 2426 3581; x_wconf 81' lang='lat' dir='ltr'><strong>ix,</strong></span> <span class='ocrx_word' id='word_1_556' title='bbox 2484 3519 2591 3585; x_wconf 77' lang='lat' dir='ltr'><strong>t2).</strong></span> <span class='ocrx_word' id='word_1_557' title='bbox 2644 3516 2698 3572; x_wconf 93' lang='lat' dir='ltr'><strong>Si</strong></span> <span class='ocrx_word' id='word_1_558' title='bbox 2754 3526 2986 3573; x_wconf 91' lang='lat' dir='ltr'><strong>matrem</strong></span> <span class='ocrx_word' id='word_1_559' title='bbox 3037 3519 3348 3593; x_wconf 83' lang='lat' dir='ltr'><strong>interroges</strong></span> 
     </span>
    </p>
   </div>
   <div class='ocr_carea' id='block_1_81' title="bbox 1753 3601 3349 3681">
    <p class='ocr_par' dir='ltr' id='par_1_81' title="bbox 1753 3601 3349 3681">
     <span class='ocr_line' id='line_1_81' title="bbox 1753 3601 3349 3681; baseline 0.004 -23"><span class='ocrx_word' id='word_1_560' title='bbox 1753 3620 1920 3676; x_wconf 91' lang='lat' dir='ltr'><strong>quare</strong></span> <span class='ocrx_word' id='word_1_561' title='bbox 1950 3601 2116 3657; x_wconf 85' lang='lat' dir='ltr'><strong>filium</strong></span> <span class='ocrx_word' id='word_1_562' title='bbox 2145 3619 2301 3657; x_wconf 90' lang='lat' dir='ltr'><strong>suum</strong></span> <span class='ocrx_word' id='word_1_563' title='bbox 2348 3604 2707 3677; x_wconf 89' lang='lat' dir='ltr'><strong>derelinquat,</strong></span> <span class='ocrx_word' id='word_1_564' title='bbox 2741 3613 2794 3660; x_wconf 90' lang='lat' dir='ltr'><strong>et</strong></span> <span class='ocrx_word' id='word_1_565' title='bbox 2849 3607 3192 3677; x_wconf 88' lang='lat' dir='ltr'><strong>responderit</strong></span> <span class='ocrx_word' id='word_1_566' title='bbox 3220 3610 3349 3681; x_wconf 91' lang='lat' dir='ltr'><strong>quia</strong></span> 
     </span>
    </p>
   </div>
   <div class='ocr_carea' id='block_1_82' title="bbox 1752 3691 3351 3767">
    <p class='ocr_par' dir='ltr' id='par_1_82' title="bbox 1752 3691 3351 3767">
     <span class='ocr_line' id='line_1_82' title="bbox 1752 3691 3351 3767; baseline 0.004 -20"><span class='ocrx_word' id='word_1_567' title='bbox 1752 3691 1952 3748; x_wconf 91' lang='lat' dir='ltr'><strong>debilis</strong></span> <span class='ocrx_word' id='word_1_568' title='bbox 1983 3699 2066 3746; x_wconf 90' lang='lat' dir='ltr'><strong>est</strong></span> <span class='ocrx_word' id='word_1_569' title='bbox 2121 3699 2173 3747; x_wconf 89' lang='lat' dir='ltr'><strong>et</strong></span> <span class='ocrx_word' id='word_1_570' title='bbox 2225 3699 2488 3764; x_wconf 71' lang='lat' dir='ltr'><strong>aegrotus,</strong></span> <span class='ocrx_word' id='word_1_571' title='bbox 2546 3693 2820 3767; x_wconf 89' lang='lat' dir='ltr'><strong>interroga</strong></span> <span class='ocrx_word' id='word_1_572' title='bbox 2851 3695 2897 3749; x_wconf 92' lang='lat' dir='ltr'><strong>si</strong></span> <span class='ocrx_word' id='word_1_573' title='bbox 2952 3695 3191 3767; x_wconf 91' lang='lat' dir='ltr'><strong>idipsum</strong></span> <span class='ocrx_word' id='word_1_574' title='bbox 3220 3698 3351 3753; x_wconf 88' lang='lat' dir='ltr'><strong>velit</strong></span> 
     </span>
    </p>
   </div>
   <div class='ocr_carea' id='block_1_83' title="bbox 1751 3779 3345 3851">
    <p class='ocr_par' dir='ltr' id='par_1_83' title="bbox 1751 3779 3345 3851">
     <span class='ocr_line' id='line_1_83' title="bbox 1751 3779 3345 3851; baseline 0.004 -16"><span class='ocrx_word' id='word_1_575' title='bbox 1751 3780 1868 3851; x_wconf 90' lang='lat' dir='ltr'><strong>ipsa</strong></span> <span class='ocrx_word' id='word_1_576' title='bbox 1896 3779 2017 3835; x_wconf 84' lang='lat' dir='ltr'><strong>fieri</strong></span> <span class='ocrx_word' id='word_1_577' title='bbox 2060 3780 2163 3835; x_wconf 91' lang='lat' dir='ltr'><strong>sibi</strong></span> <span class='ocrx_word' id='word_1_578' title='bbox 2192 3795 2225 3834; x_wconf 90' lang='lat' dir='ltr'><strong>a</strong></span> <span class='ocrx_word' id='word_1_579' title='bbox 2254 3779 2384 3836; x_wconf 86' lang='lat' dir='ltr'><strong>ﬁlio.</strong></span> <span class='ocrx_word' id='word_1_580' title='bbox 2418 3782 2484 3836; x_wconf 87' lang='lat' dir='ltr'><strong>Et</strong></span> <span class='ocrx_word' id='word_1_581' title='bbox 2513 3797 2638 3838; x_wconf 90' lang='lat' dir='ltr'><strong>cum</strong></span> <span class='ocrx_word' id='word_1_582' title='bbox 2678 3782 2876 3839; x_wconf 81' lang='lat' dir='ltr'><strong>dixerit</strong></span> <span class='ocrx_word' id='word_1_583' title='bbox 2906 3801 2919 3839; x_wconf 90' lang='lat'><strong>:</strong></span> <span class='ocrx_word' id='word_1_584' title='bbox 2952 3784 3109 3851; x_wconf 90' lang='lat' dir='ltr'><strong>Non;</strong></span> <span class='ocrx_word' id='word_1_585' title='bbox 3157 3786 3297 3842; x_wconf 90' lang='lat' dir='ltr'><strong>adde</strong></span> <span class='ocrx_word' id='word_1_586' title='bbox 3333 3801 3345 3841; x_wconf 90' lang='lat'><strong>:</strong></span> 
     </span>
    </p>
   </div>
   <div class='ocr_carea' id='block_1_84' title="bbox 1751 3864 3133 3937">
    <p class='ocr_par' dir='ltr' id='par_1_84' title="bbox 1751 3864 3133 3937">
     <span class='ocr_line' id='line_1_84' title="bbox 1751 3864 3133 3937; baseline 0.004 -19"><span class='ocrx_word' id='word_1_587' title='bbox 1751 3864 1889 3919; x_wconf 85' lang='lat' dir='ltr'><strong>Mala</strong></span> <span class='ocrx_word' id='word_1_588' title='bbox 1922 3879 2055 3937; x_wconf 84' lang='lat' dir='ltr'><strong>ergo</strong></span> <span class='ocrx_word' id='word_1_589' title='bbox 2086 3879 2252 3919; x_wconf 89' lang='lat' dir='ltr'><strong>causa</strong></span> <span class='ocrx_word' id='word_1_590' title='bbox 2290 3864 2471 3920; x_wconf 92' lang='lat' dir='ltr'><strong>odisti.</strong></span> <span class='ocrx_word' id='word_1_591' title='bbox 2506 3866 2597 3921; x_wconf 91' lang='lat' dir='ltr'><strong>Sic</strong></span> <span class='ocrx_word' id='word_1_592' title='bbox 2650 3874 2733 3920; x_wconf 89' lang='lat' dir='ltr'><strong>est</strong></span> <span class='ocrx_word' id='word_1_593' title='bbox 2791 3867 2859 3922; x_wconf 90' lang='lat' dir='ltr'><strong>de</strong></span> <span class='ocrx_word' id='word_1_594' title='bbox 2897 3867 3133 3924; x_wconf 91' lang='lat' dir='ltr'><strong>medico.</strong></span> 
     </span>
    </p>
   </div>
   <div class='ocr_carea' id='block_1_85' title="bbox 1822 3953 3271 4026">
    <p class='ocr_par' dir='ltr' id='par_1_85' title="bbox 1822 3953 3271 4026">
     <span class='ocr_line' id='line_1_85' title="bbox 1822 3953 3271 4026; baseline 0.003 -17"><span class='ocrx_word' id='word_1_595' title='bbox 1822 3954 1946 4009; x_wconf 89' lang='lat' dir='ltr'><strong>Non</strong></span> <span class='ocrx_word' id='word_1_596' title='bbox 1977 3953 2046 4008; x_wconf 90' lang='lat' dir='ltr'><strong>sit</strong></span> <span class='ocrx_word' id='word_1_597' title='bbox 2074 3961 2299 4009; x_wconf 86' lang='lat' dir='ltr'><strong>exactor</strong></span> <span class='ocrx_word' id='word_1_598' title='bbox 2332 3953 2585 4011; x_wconf 71' lang='lat' dir='ltr'><strong>vindictae</strong></span> <span class='ocrx_word' id='word_1_599' title='bbox 2615 3954 2707 4026; x_wconf 92' lang='lat' dir='ltr'><strong>qui</strong></span> <span class='ocrx_word' id='word_1_600' title='bbox 2736 3956 2932 4026; x_wconf 90' lang='lat' dir='ltr'><strong>petitor</strong></span> <span class='ocrx_word' id='word_1_601' title='bbox 2967 3965 3050 4012; x_wconf 91' lang='lat' dir='ltr'><strong>est</strong></span> <span class='ocrx_word' id='word_1_602' title='bbox 3076 3958 3271 4015; x_wconf 68' lang='lat' dir='ltr'><strong>venire.</strong></span> 
     </span>
    </p>
   </div>
   <div class='ocr_carea' id='block_1_86' title="bbox 1823 4041 3349 4112">
    <p class='ocr_par' dir='ltr' id='par_1_86' title="bbox 1823 4041 3349 4112">
     <span class='ocr_line' id='line_1_86' title="bbox 1823 4041 3349 4112; baseline 0.006 -17"><span class='ocrx_word' id='word_1_603' title='bbox 1823 4041 1880 4095; x_wconf 94' lang='lat' dir='ltr'><strong>Si</strong></span> <span class='ocrx_word' id='word_1_604' title='bbox 1910 4041 2142 4112; x_wconf 90' lang='lat' dir='ltr'><strong>teipsum</strong></span> <span class='ocrx_word' id='word_1_605' title='bbox 2170 4050 2280 4097; x_wconf 89' lang='lat' dir='ltr'><strong>tam</strong></span> <span class='ocrx_word' id='word_1_606' title='bbox 2307 4042 2645 4098; x_wconf 91' lang='lat' dir='ltr'><strong>immundum</strong></span> <span class='ocrx_word' id='word_1_607' title='bbox 2677 4044 2901 4112; x_wconf 90' lang='lat' dir='ltr'><strong>toleras,</strong></span> <span class='ocrx_word' id='word_1_608' title='bbox 2934 4061 3030 4100; x_wconf 91' lang='lat' dir='ltr'><strong>cur</strong></span> <span class='ocrx_word' id='word_1_609' title='bbox 3057 4062 3167 4102; x_wconf 92' lang='lat' dir='ltr'>non</span> <span class='ocrx_word' id='word_1_610' title='bbox 3189 4047 3349 4103; x_wconf 88' lang='lat' dir='ltr'><strong>etiam</strong></span> 
     </span>
    </p>
   </div>
   <div class='ocr_carea' id='block_1_87' title="bbox 1752 4129 2319 4201">
    <p class='ocr_par' dir='ltr' id='par_1_87' title="bbox 1752 4129 2319 4201">
     <span class='ocr_line' id='line_1_87' title="bbox 1752 4129 2319 4201; baseline 0.004 -18"><span class='ocrx_word' id='word_1_611' title='bbox 1752 4129 2049 4201; x_wconf 90' lang='lat' dir='ltr'><strong>quemlibet</strong></span> <span class='ocrx_word' id='word_1_612' title='bbox 2104 4130 2268 4186; x_wconf 90' lang='lat' dir='ltr'><strong>alium</strong></span> <span class='ocrx_word' id='word_1_613' title='bbox 2290 4131 2319 4185; x_wconf 83' lang='lat'><strong>?</strong></span> 
     </span>
    </p>
   </div>
   <div class='ocr_carea' id='block_1_88' title="bbox 1821 4218 3348 4293">
    <p class='ocr_par' dir='ltr' id='par_1_88' title="bbox 1821 4218 3348 4293">
     <span class='ocr_line' id='line_1_88' title="bbox 1821 4218 3348 4293; baseline 0.005 -21"><span class='ocrx_word' id='word_1_614' title='bbox 1821 4218 2158 4273; x_wconf 87' lang='lat' dir='ltr'><strong>Hierusalem</strong></span> <span class='ocrx_word' id='word_1_615' title='bbox 2197 4227 2322 4273; x_wconf 88' lang='lat' dir='ltr'><strong>eant</strong></span> <span class='ocrx_word' id='word_1_616' title='bbox 2360 4219 2471 4283; x_wconf 90' lang='lat' dir='ltr'><strong>alii,</strong></span> <span class='ocrx_word' id='word_1_617' title='bbox 2505 4228 2561 4275; x_wconf 92' lang='lat' dir='ltr'><strong>tu</strong></span> <span class='ocrx_word' id='word_1_618' title='bbox 2592 4236 2764 4292; x_wconf 90' lang='lat' dir='ltr'><strong>usque</strong></span> <span class='ocrx_word' id='word_1_619' title='bbox 2792 4222 2863 4276; x_wconf 89' lang='lat' dir='ltr'><strong>ad</strong></span> <span class='ocrx_word' id='word_1_620' title='bbox 2909 4222 3223 4293; x_wconf 84' lang='lat' dir='ltr'><strong>patientiam</strong></span> <span class='ocrx_word' id='word_1_621' title='bbox 3256 4234 3348 4280; x_wconf 88' lang='lat' dir='ltr'><strong>aut</strong></span> 
     </span>
    </p>
   </div>
   <div class='ocr_carea' id='block_1_89' title="bbox 1743 4294 3348 4378">
    <p class='ocr_par' dir='ltr' id='par_1_89' title="bbox 1743 4294 3348 4378">
     <span class='ocr_line' id='line_1_89' title="bbox 1743 4294 3348 4378; baseline 0.004 -19"><span class='ocrx_word' id='word_1_622' title='bbox 1743 4294 2128 4373; x_wconf 80' lang='lat' dir='ltr'><strong>humilitatem,</strong></span> <span class='ocrx_word' id='word_1_623' title='bbox 2162 4308 2264 4363; x_wconf 91' lang='lat' dir='ltr'><strong>hoc</strong></span> <span class='ocrx_word' id='word_1_624' title='bbox 2299 4317 2381 4363; x_wconf 89' lang='lat' dir='ltr'><strong>est</strong></span> <span class='ocrx_word' id='word_1_625' title='bbox 2408 4308 2551 4363; x_wconf 91' lang='lat' dir='ltr'><strong>enim</strong></span> <span class='ocrx_word' id='word_1_626' title='bbox 2582 4317 2632 4365; x_wconf 92' lang='lat' dir='ltr'><strong>te</strong></span> <span class='ocrx_word' id='word_1_627' title='bbox 2672 4308 2753 4366; x_wconf 90' lang='lat' dir='ltr'><strong>ire</strong></span> <span class='ocrx_word' id='word_1_628' title='bbox 2784 4318 2937 4364; x_wconf 80' lang='lat' dir='ltr'><strong>extra</strong></span> <span class='ocrx_word' id='word_1_629' title='bbox 2968 4312 3249 4378; x_wconf 90' lang='lat' dir='ltr'><strong>mundum,</strong></span> <span class='ocrx_word' id='word_1_630' title='bbox 3283 4313 3348 4366; x_wconf 89' lang='lat' dir='ltr'><strong>il-</strong></span> 
     </span>
    </p>
   </div>
   <div class='ocr_carea' id='block_1_90' title="bbox 1751 4393 2025 4449">
    <p class='ocr_par' dir='ltr' id='par_1_90' title="bbox 1751 4393 2025 4449">
     <span class='ocr_line' id='line_1_90' title="bbox 1751 4393 2025 4449; baseline 0.004 -2"><span class='ocrx_word' id='word_1_631' title='bbox 1751 4393 1844 4449; x_wconf 91' lang='lat' dir='ltr'><strong>lud</strong></span> <span class='ocrx_word' id='word_1_632' title='bbox 1868 4395 2025 4449; x_wconf 89' lang='lat' dir='ltr'><strong>intra.</strong></span> 
     </span>
    </p>
   </div>
   <div class='ocr_carea' id='block_1_91' title="bbox 1822 4482 3345 4556">
    <p class='ocr_par' dir='ltr' id='par_1_91' title="bbox 1822 4482 3345 4556">
     <span class='ocr_line' id='line_1_91' title="bbox 1822 4482 3345 4556; baseline 0.005 -19"><span class='ocrx_word' id='word_1_633' title='bbox 1822 4482 2048 4552; x_wconf 89' lang='lat' dir='ltr'><strong>Qualem</strong></span> <span class='ocrx_word' id='word_1_634' title='bbox 2079 4500 2213 4556; x_wconf 83' lang='lat' dir='ltr'><strong>erga</strong></span> <span class='ocrx_word' id='word_1_635' title='bbox 2242 4493 2292 4539; x_wconf 92' lang='lat' dir='ltr'><strong>te</strong></span> <span class='ocrx_word' id='word_1_636' title='bbox 2322 4486 2493 4541; x_wconf 89' lang='lat' dir='ltr'><strong>Deum</strong></span> <span class='ocrx_word' id='word_1_637' title='bbox 2534 4494 2587 4540; x_wconf 88' lang='lat' dir='ltr'><strong>et</strong></span> <span class='ocrx_word' id='word_1_638' title='bbox 2614 4486 2864 4541; x_wconf 88' lang='lat' dir='ltr'><strong>homines</strong></span> <span class='ocrx_word' id='word_1_639' title='bbox 2887 4487 3220 4545; x_wconf 88' lang='lat' dir='ltr'><strong>voluntatem</strong></span> <span class='ocrx_word' id='word_1_640' title='bbox 3250 4491 3345 4545; x_wconf 88' lang='lat' dir='ltr'><strong>ha-</strong></span> 
     </span>
    </p>
   </div>
   <div class='ocr_carea' id='block_1_92' title="bbox 130 4572 3347 4648">
    <p class='ocr_par' dir='ltr' id='par_1_92' title="bbox 130 4572 3347 4648">
     <span class='ocr_line' id='line_1_92' title="bbox 130 4572 3347 4648; baseline 0.001 -19"><span class='ocrx_word' id='word_1_641' title='bbox 130 4572 256 4627; x_wconf 80' lang='lat' dir='ltr'>Vide</span> <span class='ocrx_word' id='word_1_642' title='bbox 284 4573 565 4645; x_wconf 90' lang='lat' dir='ltr'><strong>quomodo</strong></span> <span class='ocrx_word' id='word_1_643' title='bbox 593 4572 649 4627; x_wconf 93' lang='lat' dir='ltr'>in</span> <span class='ocrx_word' id='word_1_644' title='bbox 675 4589 771 4645; x_wconf 91' lang='lat' dir='ltr'><strong>spe</strong></span> <span class='ocrx_word' id='word_1_645' title='bbox 800 4573 1033 4647; x_wconf 87' lang='lat' dir='ltr'><strong>diligere</strong></span> <span class='ocrx_word' id='word_1_646' title='bbox 1069 4575 1251 4645; x_wconf 87' lang='lat' dir='ltr'><strong>possis</strong></span> <span class='ocrx_word' id='word_1_647' title='bbox 1290 4574 1644 4642; x_wconf 90' lang='lat' dir='ltr'><strong>frumentum,</strong></span> <span class='ocrx_word' id='word_1_648' title='bbox 1679 4572 1731 4632; x_wconf 88' lang='lat' dir='ltr'>D</span> <span class='ocrx_word' id='word_1_649' title='bbox 1750 4572 1879 4627; x_wconf 89' lang='lat' dir='ltr'><strong>bere</strong></span> <span class='ocrx_word' id='word_1_650' title='bbox 1913 4572 2014 4637; x_wconf 87' lang='lat' dir='ltr'><strong>vis,</strong></span> <span class='ocrx_word' id='word_1_651' title='bbox 2058 4582 2495 4645; x_wconf 88' lang='lat' dir='ltr'><strong>quatumcunque</strong></span> <span class='ocrx_word' id='word_1_652' title='bbox 2527 4582 2617 4629; x_wconf 90' lang='lat' dir='ltr'><strong>aut</strong></span> <span class='ocrx_word' id='word_1_653' title='bbox 2649 4575 3138 4648; x_wconf 84' lang='lat' dir='ltr'><strong>quomodocunque</strong></span> <span class='ocrx_word' id='word_1_654' title='bbox 3169 4576 3347 4633; x_wconf 78' lang='lat' dir='ltr'><strong>offen-</strong></span> 
     </span>
    </p>
   </div>
   <div class='ocr_carea' id='block_1_93' title="bbox 66 4657 1647 4736">
    <p class='ocr_par' dir='ltr' id='par_1_93' title="bbox 66 4657 1647 4736">
     <span class='ocr_line' id='line_1_93' title="bbox 66 4657 1647 4736; baseline 0.006 -26"><span class='ocrx_word' id='word_1_655' title='bbox 66 4657 115 4711; x_wconf 90' lang='lat' dir='ltr'><strong>in</strong></span> <span class='ocrx_word' id='word_1_656' title='bbox 146 4660 305 4716; x_wconf 89' lang='lat' dir='ltr'><strong>herba</strong></span> <span class='ocrx_word' id='word_1_657' title='bbox 333 4663 575 4719; x_wconf 90' lang='lat' dir='ltr'><strong>triticum</strong></span> <span class='ocrx_word' id='word_1_658' title='bbox 611 4662 902 4735; x_wconf 90' lang='lat' dir='ltr'><strong>gibbosum</strong></span> <span class='ocrx_word' id='word_1_659' title='bbox 927 4678 940 4717; x_wconf 91' lang='lat'><strong>:</strong></span> <span class='ocrx_word' id='word_1_660' title='bbox 964 4663 1043 4719; x_wconf 91' lang='lat' dir='ltr'><strong>sic</strong></span> <span class='ocrx_word' id='word_1_661' title='bbox 1073 4679 1170 4719; x_wconf 92' lang='lat' dir='ltr'><strong>eos</strong></span> <span class='ocrx_word' id='word_1_662' title='bbox 1199 4663 1368 4736; x_wconf 87' lang='lat' dir='ltr'><strong>dilige</strong></span> <span class='ocrx_word' id='word_1_663' title='bbox 1389 4664 1483 4736; x_wconf 91' lang='lat' dir='ltr'><strong>qui</strong></span> <span class='ocrx_word' id='word_1_664' title='bbox 1512 4680 1647 4720; x_wconf 89' lang='lat' dir='ltr'><strong>non-</strong></span> 
     </span>
    </p>
   </div>
   <div class='ocr_carea' id='block_1_94' title="bbox 67 4746 1648 4825">
    <p class='ocr_par' dir='ltr' id='par_1_94' title="bbox 67 4746 1648 4825">
     <span class='ocr_line' id='line_1_94' title="bbox 67 4746 1648 4825; baseline 0.005 -24"><span class='ocrx_word' id='word_1_665' title='bbox 67 4746 183 4804; x_wconf 92' lang='lat' dir='ltr'><strong>dum</strong></span> <span class='ocrx_word' id='word_1_666' title='bbox 210 4750 336 4806; x_wconf 92' lang='lat' dir='ltr'><strong>boni</strong></span> <span class='ocrx_word' id='word_1_667' title='bbox 364 4759 511 4807; x_wconf 91' lang='lat' dir='ltr'><strong>sunt.</strong></span> <span class='ocrx_word' id='word_1_668' title='bbox 543 4751 690 4806; x_wconf 90' lang='lat' dir='ltr'><strong>Talis</strong></span> <span class='ocrx_word' id='word_1_669' title='bbox 720 4759 838 4807; x_wconf 91' lang='lat' dir='ltr'><strong>esto</strong></span> <span class='ocrx_word' id='word_1_670' title='bbox 868 4767 1002 4825; x_wconf 87' lang='lat' dir='ltr'><strong>erga</strong></span> <span class='ocrx_word' id='word_1_671' title='bbox 1057 4767 1270 4818; x_wconf 91' lang='lat' dir='ltr'><strong>omnes,</strong></span> <span class='ocrx_word' id='word_1_672' title='bbox 1304 4753 1484 4825; x_wconf 91' lang='lat' dir='ltr'><strong>qualis</strong></span> <span class='ocrx_word' id='word_1_673' title='bbox 1515 4768 1648 4825; x_wconf 85' lang='lat' dir='ltr'><strong>erga</strong></span> 
     </span>
    </p>
   </div>
   <div class='ocr_carea' id='block_1_95' title="bbox 65 4838 1649 4908">
    <p class='ocr_par' dir='ltr' id='par_1_95' title="bbox 65 4838 1649 4908">
     <span class='ocr_line' id='line_1_95' title="bbox 65 4838 1649 4908; baseline 0.004 -20"><span class='ocrx_word' id='word_1_674' title='bbox 65 4842 110 4890; x_wconf 91' lang='lat' dir='ltr'><strong>te</strong></span> <span class='ocrx_word' id='word_1_675' title='bbox 138 4838 341 4894; x_wconf 84' lang='lat' dir='ltr'><strong>Veritas</strong></span> <span class='ocrx_word' id='word_1_676' title='bbox 371 4839 597 4896; x_wconf 83' lang='lat' dir='ltr'><strong>exstitit.</strong></span> <span class='ocrx_word' id='word_1_677' title='bbox 631 4838 863 4908; x_wconf 90' lang='lat' dir='ltr'><strong>Qualem</strong></span> <span class='ocrx_word' id='word_1_678' title='bbox 892 4847 946 4896; x_wconf 90' lang='lat' dir='ltr'><strong>te</strong></span> <span class='ocrx_word' id='word_1_679' title='bbox 983 4841 1237 4897; x_wconf 90' lang='lat' dir='ltr'><strong>sustinuit</strong></span> <span class='ocrx_word' id='word_1_680' title='bbox 1267 4848 1320 4897; x_wconf 90' lang='lat' dir='ltr'><strong>et</strong></span> <span class='ocrx_word' id='word_1_681' title='bbox 1348 4843 1549 4897; x_wconf 87' lang='lat' dir='ltr'><strong>amavit</strong></span> <span class='ocrx_word' id='word_1_682' title='bbox 1589 4849 1649 4897; x_wconf 90' lang='lat' dir='ltr'><strong>ut</strong></span> 
     </span>
    </p>
   </div>
   <div class='ocr_carea' id='block_1_96' title="bbox 64 4924 1648 4998">
    <p class='ocr_par' dir='ltr' id='par_1_96' title="bbox 64 4924 1648 4998">
     <span class='ocr_line' id='line_1_96' title="bbox 64 4924 1648 4998; baseline 0.006 -21"><span class='ocrx_word' id='word_1_683' title='bbox 64 4924 328 4984; x_wconf 88' lang='lat' dir='ltr'><strong>meliorem</strong></span> <span class='ocrx_word' id='word_1_684' title='bbox 359 4928 588 4995; x_wconf 88' lang='lat' dir='ltr'><strong>faceret,</strong></span> <span class='ocrx_word' id='word_1_685' title='bbox 632 4927 771 4985; x_wconf 86' lang='lat' dir='ltr'><strong>tales</strong></span> <span class='ocrx_word' id='word_1_686' title='bbox 817 4929 1026 4985; x_wconf 90' lang='lat' dir='ltr'><strong>sustine</strong></span> <span class='ocrx_word' id='word_1_687' title='bbox 1058 4937 1113 4985; x_wconf 92' lang='lat' dir='ltr'><strong>et</strong></span> <span class='ocrx_word' id='word_1_688' title='bbox 1130 4944 1273 4998; x_wconf 89' lang='lat' dir='ltr'><strong>ama,</strong></span> <span class='ocrx_word' id='word_1_689' title='bbox 1304 4937 1364 4985; x_wconf 87' lang='lat' dir='ltr'><strong>ut</strong></span> <span class='ocrx_word' id='word_1_690' title='bbox 1393 4930 1648 4986; x_wconf 91' lang='lat' dir='ltr'><strong>meliores</strong></span> 
     </span>
    </p>
   </div>
   <div class='ocr_carea' id='block_1_97' title="bbox 66 5009 239 5070">
    <p class='ocr_par' dir='ltr' id='par_1_97' title="bbox 66 5009 239 5070">
     <span class='ocr_line' id='line_1_97' title="bbox 66 5009 239 5070; baseline 0.035 -6"><span class='ocrx_word' id='word_1_691' title='bbox 66 5009 239 5070; x_wconf 87' lang='lat' dir='ltr'><strong>facias.</strong></span> 
     </span>
    </p>
   </div>
   <div class='ocr_carea' id='block_1_98' title="bbox 130 5098 1648 5179">
    <p class='ocr_par' dir='ltr' id='par_1_98' title="bbox 130 5098 1648 5179">
     <span class='ocr_line' id='line_1_98' title="bbox 130 5098 1648 5179; baseline 0.005 -22"><span class='ocrx_word' id='word_1_692' title='bbox 130 5100 475 5175; x_wconf 87' lang='lat' dir='ltr'><strong>Blasphemas</strong></span> <span class='ocrx_word' id='word_1_693' title='bbox 506 5104 800 5175; x_wconf 89' lang='lat' dir='ltr'><strong>medicum,</strong></span> <span class='ocrx_word' id='word_1_694' title='bbox 834 5106 1177 5178; x_wconf 90' lang='lat' dir='ltr'><strong>desperando</strong></span> <span class='ocrx_word' id='word_1_695' title='bbox 1203 5115 1488 5179; x_wconf 75' lang='lat' dir='ltr'><strong>aegrotum.</strong></span> <span class='ocrx_word' id='word_1_696' title='bbox 1513 5098 1648 5168; x_wconf 84' lang='lat' dir='ltr'><strong>Tam</strong></span> 
     </span>
    </p>
   </div>
   <div class='ocr_carea' id='block_1_99' title="bbox 70 5183 1646 5267">
    <p class='ocr_par' dir='ltr' id='par_1_99' title="bbox 70 5183 1646 5267">
     <span class='ocr_line' id='line_1_99' title="bbox 70 5183 1646 5267; baseline 0.008 -28"><span class='ocrx_word' id='word_1_697' title='bbox 70 5183 228 5244; x_wconf 81' lang='lat' dir='ltr'><strong>facilis</strong></span> <span class='ocrx_word' id='word_1_698' title='bbox 272 5193 413 5247; x_wconf 92' lang='lat' dir='ltr'><strong>enim</strong></span> <span class='ocrx_word' id='word_1_699' title='bbox 453 5201 539 5248; x_wconf 91' lang='lat' dir='ltr'><strong>est</strong></span> <span class='ocrx_word' id='word_1_700' title='bbox 580 5194 696 5263; x_wconf 90' lang='lat' dir='ltr'><strong>ejus</strong></span> <span class='ocrx_word' id='word_1_701' title='bbox 732 5194 954 5261; x_wconf 86' lang='lat' dir='ltr'><strong>sanitas,</strong></span> <span class='ocrx_word' id='word_1_702' title='bbox 1007 5202 1211 5267; x_wconf 87' lang='lat' dir='ltr'><strong>quanta</strong></span> <span class='ocrx_word' id='word_1_703' title='bbox 1267 5195 1412 5251; x_wconf 85' lang='lat' dir='ltr'><strong>illius</strong></span> <span class='ocrx_word' id='word_1_704' title='bbox 1439 5196 1494 5251; x_wconf 92' lang='lat' dir='ltr'><strong>in</strong></span> <span class='ocrx_word' id='word_1_705' title='bbox 1524 5211 1646 5251; x_wconf 91' lang='lat' dir='ltr'><strong>me-</strong></span> 
     </span>
    </p>
   </div>
   <div class='ocr_carea' id='block_1_100' title="bbox 67 5272 931 5355">
    <p class='ocr_par' dir='ltr' id='par_1_100' title="bbox 67 5272 931 5355">
     <span class='ocr_line' id='line_1_100' title="bbox 67 5272 931 5355; baseline 0.01 -28"><span class='ocrx_word' id='word_1_706' title='bbox 67 5272 234 5332; x_wconf 91' lang='lat' dir='ltr'>dendo</span> <span class='ocrx_word' id='word_1_707' title='bbox 251 5289 493 5350; x_wconf 91' lang='lat' dir='ltr'><strong>potestas</strong></span> <span class='ocrx_word' id='word_1_708' title='bbox 526 5289 580 5337; x_wconf 92' lang='lat' dir='ltr'><strong>et</strong></span> <span class='ocrx_word' id='word_1_709' title='bbox 602 5280 931 5355; x_wconf 87' lang='lat' dir='ltr'><strong>benignitas.</strong></span> 
     </span>
    </p>
   </div>
   <div class='ocr_carea' id='block_1_101' title="bbox 130 5364 1648 5444">
    <p class='ocr_par' dir='ltr' id='par_1_101' title="bbox 130 5364 1648 5444">
     <span class='ocr_line' id='line_1_101' title="bbox 130 5364 1648 5444; baseline 0.007 -26"><span class='ocrx_word' id='word_1_710' title='bbox 130 5364 258 5423; x_wconf 83' lang='lat' dir='ltr'><strong>Vide</strong></span> <span class='ocrx_word' id='word_1_711' title='bbox 286 5385 373 5440; x_wconf 90' lang='lat' dir='ltr'><strong>ne,</strong></span> <span class='ocrx_word' id='word_1_712' title='bbox 429 5378 659 5441; x_wconf 91' lang='lat' dir='ltr'><strong>propter</strong></span> <span class='ocrx_word' id='word_1_713' title='bbox 685 5386 826 5442; x_wconf 92' lang='lat' dir='ltr'><strong>opus</strong></span> <span class='ocrx_word' id='word_1_714' title='bbox 862 5370 1129 5437; x_wconf 89' lang='lat' dir='ltr'><strong>hominis,</strong></span> <span class='ocrx_word' id='word_1_715' title='bbox 1166 5379 1482 5428; x_wconf 87' lang='lat' dir='ltr'><strong>contemnas</strong></span> <span class='ocrx_word' id='word_1_716' title='bbox 1510 5388 1648 5444; x_wconf 89' lang='lat' dir='ltr'><strong>opus</strong></span> 
     </span>
    </p>
   </div>
   <div class='ocr_carea' id='block_1_102' title="bbox 68 5450 1647 5529">
    <p class='ocr_par' dir='ltr' id='par_1_102' title="bbox 68 5450 1647 5529">
     <span class='ocr_line' id='line_1_102' title="bbox 68 5450 1647 5529; baseline 0.008 -24"><span class='ocrx_word' id='word_1_717' title='bbox 68 5450 175 5507; x_wconf 91' lang='lat' dir='ltr'><strong>Dei.</strong></span> <span class='ocrx_word' id='word_1_718' title='bbox 206 5455 353 5527; x_wconf 92' lang='lat' dir='ltr'><strong>Opus</strong></span> <span class='ocrx_word' id='word_1_719' title='bbox 400 5459 548 5514; x_wconf 90' lang='lat' dir='ltr'><strong>enim</strong></span> <span class='ocrx_word' id='word_1_720' title='bbox 588 5458 847 5526; x_wconf 89' lang='lat' dir='ltr'><strong>hominis,</strong></span> <span class='ocrx_word' id='word_1_721' title='bbox 887 5458 1244 5516; x_wconf 88' lang='lat' dir='ltr'><strong>homicidium</strong></span> <span class='ocrx_word' id='word_1_722' title='bbox 1302 5469 1404 5529; x_wconf 91' lang='lat' dir='ltr'><strong>est,</strong></span> <span class='ocrx_word' id='word_1_723' title='bbox 1439 5461 1647 5517; x_wconf 90' lang='lat' dir='ltr'><strong>adulte-</strong></span> 
     </span>
    </p>
   </div>
   <div class='ocr_carea' id='block_1_103' title="bbox 66 5539 1648 5621">
    <p class='ocr_par' dir='ltr' id='par_1_103' title="bbox 66 5539 1648 5621">
     <span class='ocr_line' id='line_1_103' title="bbox 66 5539 1648 5621; baseline 0.008 -28"><span class='ocrx_word' id='word_1_724' title='bbox 66 5539 196 5597; x_wconf 89' lang='lat' dir='ltr'><strong>rium</strong></span> <span class='ocrx_word' id='word_1_725' title='bbox 236 5554 349 5612; x_wconf 86' lang='lat' dir='ltr'><strong>est,</strong></span> <span class='ocrx_word' id='word_1_726' title='bbox 401 5555 454 5602; x_wconf 89' lang='lat' dir='ltr'><strong>et</strong></span> <span class='ocrx_word' id='word_1_727' title='bbox 502 5555 705 5603; x_wconf 66' lang='lat' dir='ltr'><strong>caetera</strong></span> <span class='ocrx_word' id='word_1_728' title='bbox 744 5546 981 5613; x_wconf 90' lang='lat' dir='ltr'><strong>similia;</strong></span> <span class='ocrx_word' id='word_1_729' title='bbox 1014 5563 1150 5619; x_wconf 92' lang='lat' dir='ltr'><strong>opus</strong></span> <span class='ocrx_word' id='word_1_730' title='bbox 1198 5564 1330 5604; x_wconf 89' lang='lat' dir='ltr'><strong>vero</strong></span> <span class='ocrx_word' id='word_1_731' title='bbox 1376 5549 1497 5616; x_wconf 92' lang='lat' dir='ltr'><strong>Dei,</strong></span> <span class='ocrx_word' id='word_1_732' title='bbox 1530 5549 1648 5621; x_wconf 89' lang='lat' dir='ltr'><strong>ipse</strong></span> 
     </span>
    </p>
   </div>
   <div class='ocr_carea' id='block_1_104' title="bbox 67 5627 1648 5709">
    <p class='ocr_par' dir='ltr' id='par_1_104' title="bbox 67 5627 1648 5709">
     <span class='ocr_line' id='line_1_104' title="bbox 67 5627 1648 5709; baseline 0.005 -24"><span class='ocrx_word' id='word_1_733' title='bbox 67 5627 235 5689; x_wconf 85' lang='lat' dir='ltr'><strong>homo.</strong></span> <span class='ocrx_word' id='word_1_734' title='bbox 267 5632 371 5703; x_wconf 85' lang='lat' dir='ltr'><strong>Qui</strong></span> <span class='ocrx_word' id='word_1_735' title='bbox 418 5634 599 5708; x_wconf 85' lang='lat' dir='ltr'><strong>diligit</strong></span> <span class='ocrx_word' id='word_1_736' title='bbox 646 5635 870 5709; x_wconf 88' lang='lat' dir='ltr'><strong>aliquid,</strong></span> <span class='ocrx_word' id='word_1_737' title='bbox 930 5636 1072 5694; x_wconf 88' lang='lat' dir='ltr'><strong>sicut</strong></span> <span class='ocrx_word' id='word_1_738' title='bbox 1113 5636 1337 5694; x_wconf 90' lang='lat' dir='ltr'><strong>domum</strong></span> <span class='ocrx_word' id='word_1_739' title='bbox 1392 5646 1488 5693; x_wconf 87' lang='lat' dir='ltr'><strong>aut</strong></span> <span class='ocrx_word' id='word_1_740' title='bbox 1542 5637 1648 5694; x_wconf 90' lang='lat' dir='ltr'><strong>ali-</strong></span> 
     </span>
    </p>
   </div>
   <div class='ocr_carea' id='block_1_105' title="bbox 1749 4660 3348 4738">
    <p class='ocr_par' dir='ltr' id='par_1_105' title="bbox 1749 4660 3348 4738">
     <span class='ocr_line' id='line_1_105' title="bbox 1749 4660 3348 4738; baseline 0.004 -23"><span class='ocrx_word' id='word_1_741' title='bbox 1749 4661 1879 4727; x_wconf 91' lang='lat' dir='ltr'><strong>das;</strong></span> <span class='ocrx_word' id='word_1_742' title='bbox 1913 4660 2077 4716; x_wconf 92' lang='lat' dir='ltr'><strong>talem</strong></span> <span class='ocrx_word' id='word_1_743' title='bbox 2108 4669 2160 4717; x_wconf 91' lang='lat' dir='ltr'><strong>te</strong></span> <span class='ocrx_word' id='word_1_744' title='bbox 2190 4661 2309 4716; x_wconf 89' lang='lat' dir='ltr'><strong>aliis</strong></span> <span class='ocrx_word' id='word_1_745' title='bbox 2338 4662 2551 4729; x_wconf 76' lang='lat' dir='ltr'><strong>exhibe,</strong></span> <span class='ocrx_word' id='word_1_746' title='bbox 2574 4670 3054 4736; x_wconf 89' lang='lat' dir='ltr'><strong>quantumcunque</strong></span> <span class='ocrx_word' id='word_1_747' title='bbox 3085 4674 3176 4721; x_wconf 90' lang='lat' dir='ltr'><strong>aut</strong></span> <span class='ocrx_word' id='word_1_748' title='bbox 3205 4682 3348 4738; x_wconf 92' lang='lat' dir='ltr'><strong>quo-</strong></span> 
     </span>
    </p>
   </div>
   <div class='ocr_carea' id='block_1_106' title="bbox 1750 4749 2488 4823">
    <p class='ocr_par' dir='ltr' id='par_1_106' title="bbox 1750 4749 2488 4823">
     <span class='ocr_line' id='line_1_106' title="bbox 1750 4749 2488 4823; baseline 0.003 -19"><span class='ocrx_word' id='word_1_749' title='bbox 1750 4750 2128 4821; x_wconf 91' lang='lat' dir='ltr'><strong>modocunque</strong></span> <span class='ocrx_word' id='word_1_750' title='bbox 2156 4749 2488 4823; x_wconf 90' lang='lat' dir='ltr'><strong>delinquant.</strong></span> 
     </span>
    </p>
   </div>
   <div class='ocr_carea' id='block_1_107' title="bbox 2220 4984 2844 5042">
    <p class='ocr_par' dir='ltr' id='par_1_107' title="bbox 2220 4984 2844 5042">
     <span class='ocr_line' id='line_1_107' title="bbox 2220 4984 2844 5042; baseline 0.003 -3"><span class='ocrx_word' id='word_1_751' title='bbox 2220 4984 2636 5042; x_wconf 84' lang='lat' dir='ltr'><strong>CAPITULUM.</strong></span> <span class='ocrx_word' id='word_1_752' title='bbox 2696 4985 2844 5041; x_wconf 85' lang='lat' dir='ltr'><strong>XVI.</strong></span> 
     </span>
    </p>
   </div>
   <div class='ocr_carea' id='block_1_108' title="bbox 1747 5154 3347 5229">
    <p class='ocr_par' dir='ltr' id='par_1_108' title="bbox 1747 5154 3347 5229">
     <span class='ocr_line' id='line_1_108' title="bbox 1747 5154 3347 5229; baseline 0.006 -21"><span class='ocrx_word' id='word_1_753' title='bbox 1747 5154 1825 5209; x_wconf 83' lang='lat' dir='ltr'><strong>De</strong></span> <span class='ocrx_word' id='word_1_754' title='bbox 1851 5154 1949 5225; x_wconf 78' lang='lat' dir='ltr'><strong>pia</strong></span> <span class='ocrx_word' id='word_1_755' title='bbox 1978 5156 2361 5229; x_wconf 62' lang='lat' dir='ltr'><strong>compara-iane</strong></span> <span class='ocrx_word' id='word_1_756' title='bbox 2391 5161 2447 5212; x_wconf 84' lang='lat' dir='ltr'><strong>et</strong></span> <span class='ocrx_word' id='word_1_757' title='bbox 2474 5157 2851 5215; x_wconf 79' lang='lat' dir='ltr'><strong>medicamine</strong></span> <span class='ocrx_word' id='word_1_758' title='bbox 2872 5158 3255 5229; x_wconf 80' lang='lat' dir='ltr'><strong>inﬁrmorum,</strong></span> <span class='ocrx_word' id='word_1_759' title='bbox 3289 5167 3347 5218; x_wconf 82' lang='lat' dir='ltr'><strong>et</strong></span> 
     </span>
    </p>
   </div>
   <div class='ocr_carea' id='block_1_109' title="bbox 1818 5225 3349 5300">
    <p class='ocr_par' dir='ltr' id='par_1_109' title="bbox 1818 5225 3349 5300">
     <span class='ocr_line' id='line_1_109' title="bbox 1818 5225 3349 5300; baseline 0.007 -21"><span class='ocrx_word' id='word_1_760' title='bbox 1818 5225 2305 5295; x_wconf 33' lang='lat' dir='ltr'><strong>quomodo‘mente</strong></span> <span class='ocrx_word' id='word_1_761' title='bbox 2354 5230 2687 5300; x_wconf 82' lang='lat' dir='ltr'><strong>incorrupta</strong></span> <span class='ocrx_word' id='word_1_762' title='bbox 2734 5225 3031 5287; x_wconf 72' lang='lat' dir='ltr'><strong>vivendum</strong></span> <span class='ocrx_word' id='word_1_763' title='bbox 3061 5237 3144 5288; x_wconf 74' lang='lat' dir='ltr'><strong>est</strong></span> <span class='ocrx_word' id='word_1_764' title='bbox 3192 5225 3349 5290; x_wconf 69' lang='lat' dir='ltr'><strong>inter</strong></span> 
     </span>
    </p>
   </div>
   <div class='ocr_carea' id='block_1_110' title="bbox 1819 5310 1930 5350">
    <p class='ocr_par' dir='ltr' id='par_1_110' title="bbox 1819 5310 1930 5350">
     <span class='ocr_line' id='line_1_110' title="bbox 1819 5310 1930 5350; baseline 0 -2"><span class='ocrx_word' id='word_1_765' title='bbox 1819 5310 1930 5350; x_wconf 70' lang='lat'><strong>608.</strong></span> 
     </span>
    </p>
   </div>
   <div class='ocr_carea' id='block_1_111' title="bbox 1818 5466 3345 5543">
    <p class='ocr_par' dir='ltr' id='par_1_111' title="bbox 1818 5466 3345 5543">
     <span class='ocr_line' id='line_1_111' title="bbox 1818 5466 3345 5543; baseline 0.007 -24"><span class='ocrx_word' id='word_1_766' title='bbox 1818 5466 1970 5521; x_wconf 66' lang='lat' dir='ltr'><strong>Laesa</strong></span> <span class='ocrx_word' id='word_1_767' title='bbox 1999 5476 2171 5523; x_wconf 89' lang='lat' dir='ltr'><strong>mater</strong></span> <span class='ocrx_word' id='word_1_768' title='bbox 2198 5484 2231 5523; x_wconf 90' lang='lat' dir='ltr'><strong>a</strong></span> <span class='ocrx_word' id='word_1_769' title='bbox 2262 5468 2370 5525; x_wconf 84' lang='lat' dir='ltr'><strong>filio</strong></span> <span class='ocrx_word' id='word_1_770' title='bbox 2409 5488 2517 5526; x_wconf 89' lang='lat' dir='ltr'><strong>non</strong></span> <span class='ocrx_word' id='word_1_771' title='bbox 2565 5472 2792 5543; x_wconf 88' lang='lat' dir='ltr'><strong>requirit</strong></span> <span class='ocrx_word' id='word_1_772' title='bbox 2830 5473 2885 5527; x_wconf 91' lang='lat' dir='ltr'><strong>in</strong></span> <span class='ocrx_word' id='word_1_773' title='bbox 2920 5472 3214 5529; x_wconf 86' lang='lat' dir='ltr'><strong>vindictam</strong></span> <span class='ocrx_word' id='word_1_774' title='bbox 3244 5475 3345 5529; x_wconf 68' lang='lat' dir='ltr'><strong>lae-</strong></span> 
     </span>
    </p>
   </div>
   <div class='ocr_carea' id='block_1_112' title="bbox 1748 5555 3341 5635">
    <p class='ocr_par' dir='ltr' id='par_1_112' title="bbox 1748 5555 3341 5635">
     <span class='ocr_line' id='line_1_112' title="bbox 1748 5555 3341 5635; baseline 0.006 -29"><span class='ocrx_word' id='word_1_775' title='bbox 1748 5568 1935 5608; x_wconf 91' lang='lat' dir='ltr'><strong>suram</strong></span> <span class='ocrx_word' id='word_1_776' title='bbox 1961 5555 2095 5624; x_wconf 85' lang='lat' dir='ltr'><strong>ejus,</strong></span> <span class='ocrx_word' id='word_1_777' title='bbox 2132 5572 2197 5611; x_wconf 93' lang='lat' dir='ltr'><strong>eo</strong></span> <span class='ocrx_word' id='word_1_778' title='bbox 2235 5559 2379 5629; x_wconf 92' lang='lat' dir='ltr'><strong>quod</strong></span> <span class='ocrx_word' id='word_1_779' title='bbox 2428 5560 2567 5615; x_wconf 88' lang='lat' dir='ltr'><strong>hanc</strong></span> <span class='ocrx_word' id='word_1_780' title='bbox 2617 5575 2832 5631; x_wconf 92' lang='lat' dir='ltr'><strong>quoque</strong></span> <span class='ocrx_word' id='word_1_781' title='bbox 2889 5577 3051 5618; x_wconf 90' lang='lat' dir='ltr'><strong>suam</strong></span> <span class='ocrx_word' id='word_1_782' title='bbox 3099 5562 3341 5635; x_wconf 89' lang='lat' dir='ltr'><strong>deputet.</strong></span> 
     </span>
    </p>
   </div>
   <div class='ocr_carea' id='block_1_113' title="bbox 1747 5640 3341 5717">
    <p class='ocr_par' dir='ltr' id='par_1_113' title="bbox 1747 5640 3341 5717">
     <span class='ocr_line' id='line_1_113' title="bbox 1747 5640 3341 5717; baseline 0.006 -21"><span class='ocrx_word' id='word_1_783' title='bbox 1747 5640 1925 5712; x_wconf 90' lang='lat' dir='ltr'><strong>Quare</strong></span> <span class='ocrx_word' id='word_1_784' title='bbox 1955 5641 2001 5697; x_wconf 91' lang='lat' dir='ltr'><strong>si</strong></span> <span class='ocrx_word' id='word_1_785' title='bbox 2048 5643 2171 5715; x_wconf 90' lang='lat' dir='ltr'><strong>quis</strong></span> <span class='ocrx_word' id='word_1_786' title='bbox 2197 5660 2321 5701; x_wconf 89' lang='lat' dir='ltr'><strong>eam</strong></span> <span class='ocrx_word' id='word_1_787' title='bbox 2368 5645 2558 5703; x_wconf 91' lang='lat' dir='ltr'><strong>ulcisci</strong></span> <span class='ocrx_word' id='word_1_788' title='bbox 2587 5647 2777 5703; x_wconf 92' lang='lat' dir='ltr'><strong>volens</strong></span> <span class='ocrx_word' id='word_1_789' title='bbox 2823 5648 2983 5705; x_wconf 67' lang='lat' dir='ltr'><strong>lredat</strong></span> <span class='ocrx_word' id='word_1_790' title='bbox 3010 5650 3198 5717; x_wconf 83' lang='lat' dir='ltr'><strong>tilium,</strong></span> <span class='ocrx_word' id='word_1_791' title='bbox 3232 5665 3341 5706; x_wconf 91' lang='lat' dir='ltr'><strong>non</strong></span> 
     </span>
    </p>
   </div>
  </div>
