3928 6478
587 435 689 487 623

1399 430 1738 487 GUIGONIS
1794 432 1816 485 Ι
1865 421 2273 485 ΟΑΒΤΗΠΞΙᾸΞ
2329 422 2621 479 MAJORIS
2679 423 2955 480 PRIORIS
3012 424 3074 479 V.

3771 423 3852 478 624

583 554 850 626 putandus
881 561 962 610 est
993 553 1042 610 ei
1090 554 1286 610 fecisse
1344 553 1653 620 vindictam,
1689 556 1786 609 sed
1815 555 2041 610 iterasse
2071 552 2170 606 laa-
2195 546 2246 605 Α
2279 545 2443 601 nitate
2517 546 2696 601 minus
2741 548 2945 603 habere
2977 591 2991 614 ,
3050 545 3578 618 computandumque
3651 543 3704 600 id
3761 543 3840 600 tibi

584 659 786 698 suram.
819 644 893 697 Ita
923 643 1082 698 debet
1113 659 1235 698 esse
1267 643 1442 698 omnis
1499 643 1835 698 Christianus
1884 643 1954 698 ad
1983 658 2175 697 omnes
2276 635 2491 691 deesse.

583 731 851 796 homines,
887 731 1140 786 misereri
1169 731 1378 788 scilicet
1433 731 1792 787 desiderantis
1840 731 2174 788 certissimas

582 835 780 875 causas
808 819 1016 874 doloris
1047 819 1149 886 sui,
1184 820 1237 874 id
1286 829 1367 874 est
1413 821 1671 891 peritura.

649 943 782 999 Tam
810 942 968 998 facile
997 950 1080 998 est
1121 943 1263 998 inter
1311 943 1529 999 fratrem
1561 952 1706 998 tuum
1738 952 1790 999 et
1838 944 2025 999 vitium
2055 943 2171 1012 ejus

580 1031 896 1094 discernere
936 1048 1094 1102 quam
1140 1031 1280 1086 inter
1338 1033 1539 1086 bonum
1587 1041 1639 1086 et
1669 1032 1888 1086 malum.
1922 1031 2170 1102 Denique

580 1121 698 1176 viso
746 1119 982 1185 homine,
1027 1120 1145 1191 quis
1177 1119 1450 1185 irascitur,
1503 1121 1623 1190 quis
1653 1120 2010 1192 indignatur?
2040 1120 2170 1175 Viso

577 1207 707 1262 vitio
737 1208 870 1276 ejus,
910 1207 1031 1278 quis
1078 1224 1188 1262 non
1236 1207 1540 1273 offenditur,
1573 1207 1677 1262 nisi
1733 1208 1853 1279 quis
1883 1207 2042 1262 valde
2074 1222 2169 1261 sa-

579 1296 734 1367 piens
763 1304 813 1350 et
862 1296 1056 1360 bonus,
1087 1295 1178 1365 qui
1236 1296 1376 1350 norit
1418 1297 1520 1350 hoc
1557 1295 1734 1366 potius
1764 1296 1941 1350 eidem
1971 1297 2168 1351 obesse

580 1400 743 1455 quam
772 1383 1026 1454 cuiquam
1055 1383 1165 1450 alii,
1217 1399 1281 1438 ac
1330 1399 1430 1454 per
1456 1384 1561 1439 hoc
1618 1383 1796 1439 eidem
1825 1383 2165 1454 compatien-

576 1473 703 1527 dum
727 1489 850 1527 esse
871 1472 898 1525 ‘I

645 1579 932 1644 Charitate,
975 1578 1239 1648 sapientia
1266 1579 1500 1648 repletur
1522 1578 1702 1646 frater,
1735 1594 1836 1636 nec
1857 1579 2164 1634 communi-

572 1682 705 1734 cas;
739 1667 838 1732 ira,
871 1667 1017 1733 odio,
1053 1666 1340 1738 furoreque
1371 1667 1626 1737 repletur,
1661 1683 1762 1723 nec
1793 1668 2027 1723 evadere
2058 1683 2162 1738 po-

571 1764 654 1812 tes
681 1755 811 1828 quin
837 1756 1229 1810 communices.
1269 1757 1498 1810 Insanus
1527 1755 1672 1810 sanis
1693 1755 1919 1828 indiget,
1953 1764 2009 1811 ut
2039 1773 2162 1812 eum

571 1844 657 1900 vel
687 1851 924 1908 servent,
959 1843 1043 1898 vel
1067 1851 1279 1898 curent.

641 1950 800 2018 Quod
832 1950 1007 2004 solum
1037 1949 1130 2003 tibi
1161 1965 1192 2004 a
1220 1950 1335 2004 Deo
1365 1949 1606 2004 exhiberi
1653 1949 1958 2019 desideras,
1991 1949 2048 2004 id
2079 1958 2161 2004 est

567 2038 976 2108 benignitatem,
1003 2039 1145 2092 hanc
1174 2037 1427 2092 omnibus
1457 2037 1765 2092 hominibus
1797 2037 2010 2103 exhibe,
2046 2038 2160 2094 sive

566 2127 803 2198 ﬂagello.
839 2125 952 2180 sive
986 2125 1224 2180 lenitate.
1260 2123 1400 2193 Quid
1435 2125 1666 2180 insultas
1720 2125 1880 2181 caecis
1928 2135 1979 2180 et
2011 2125 2158 2179 infir-

569 2214 717 2269 mis?
737 2215 836 2282 Tu,
871 2213 1146 2284 idipsum;
1178 2221 1271 2268 aut
1301 2213 1346 2267 si
1392 2212 1557 2279 aliud,
1594 2230 1703 2269 non
1751 2230 1847 2283 per
1901 2214 2155 2284 teipsum,

569 2318 671 2359 nec
702 2317 735 2357 a
765 2301 959 2372 teipso.

635 2424 848 2497 Cogita,
883 2424 929 2479 si
985 2440 1175 2480 omnes
1224 2424 1472 2480 homines
1503 2425 1572 2479 ita
1627 2441 1844 2496 semper
1873 2434 1923 2480 et
1951 2425 2157 2480 insania

565 2522 877 2587 agerentur,
914 2512 1043 2584 quid
1074 2513 1170 2567 tibi
1211 2514 1482 2585 agendum
1535 2521 1699 2568 esset.
1745 2513 2002 2585 Nunquid
2032 2514 2156 2570 ideo

563 2602 767 2658 turbari
822 2602 1104 2657 deberes?
1133 2601 1240 2656 Cur
1297 2618 1450 2672 ergo,
1503 2617 1626 2657 cum
1665 2619 1803 2656 unus
1863 2602 2155 2673 aliquando

563 2691 831 2757 turbatur,
865 2690 1137 2745 turbaris?
1167 2690 1488 2745 Medicinam
1514 2690 1564 2744 ei
1607 2690 1796 2756 debes,
1830 2706 1938 2746 non
1962 2691 2154 2745 turba-

561 2779 782 2834 tionem.
832 2777 1115 2847 Quomodo
1147 2778 1291 2834 enim
1344 2777 1554 2834 insania
1598 2777 1920 2835 insaniendo
1977 2778 2154 2834 curari

562 2875 738 2938 potest
757 2867 784 2920 Τ

633 2983 740 3036 Cur
770 2981 864 3036 tibi
893 2981 969 3035 tui
1015 2980 1234 3052 generis
1290 2979 1503 3050 placent
1545 2981 1863 3036 cruciatus?
1891 2983 1976 3037 An
2025 2981 2154 3053 quia

552 3071 760 3139 justum
789 3069 909 3123 est?
935 3069 1085 3141 Ergo
1116 3075 1169 3122 et
1215 3067 1288 3121 tui
1319 3069 1434 3123 Deo
1478 3068 1758 3139 placeant,
1793 3069 1920 3139 quia
1944 3071 2151 3139 justum

561 3166 665 3213 est.
703 3158 834 3213 Haec
861 3164 1041 3212 autem
1070 3156 1334 3212 sententia
1362 3156 1582 3227 ignibus
1623 3165 1675 3212 te
1722 3157 1882 3212 tradit
1912 3159 2146 3214 aeternis.

2346 725 2514 779 Indue
2541 741 2664 780 eum
2694 725 2842 796 prius
2872 740 3031 796 quem
3055 723 3302 793 judicare
3345 723 3428 778 vis
3457 730 3552 778 aut
3568 721 3837 793 corripere,

2273 819 2349 879 ut,
2383 812 2522 868 sicut
2553 813 2649 868 tibi
2678 813 2938 884 expedire
2965 813 3224 881 senseris,
3248 813 3294 866 si
3323 813 3397 867 ita
3426 811 3520 878 sis,
3553 811 3631 867 sic
3674 810 3724 866 ei
3765 809 3838 865 fa-

2273 899 2399 955 cito.
2435 901 2491 954 In
2523 917 2630 972 qua
2659 903 2805 956 enim
2824 915 3080 956 mensura
3102 917 3324 956 mensus
3355 899 3544 966 fueris,
3585 899 3639 954 in
3665 899 3842 954 eadem

2272 989 2583 1044 remetietur
2625 990 2738 1056 tibi,
2773 998 2824 1044 et
2874 989 2930 1043 in
2985 1004 3094 1060 quo
3145 989 3352 1058 judicio
3403 987 3750 1056 judicaveris,
3797 987 3845 1041 in

2272 1077 2465 1131 eodem
2503 1078 2837 1146 judicaberis
2868 1079 3087 1149 (Matth.
3123 1092 3220 1143 vn,
3270 1080 3348 1147 2),
3378 1091 3507 1131 nam
3537 1083 3590 1132 et
3616 1075 3844 1131 Christus

2268 1165 2416 1236 prius
2470 1165 2641 1220 induit
2686 1167 2982 1236 hominem,
3015 1181 3176 1238 quam
3217 1165 3504 1235 judicaret.

2341 1272 2463 1326 Non
2494 1271 2587 1325 tibi
2642 1272 2949 1327 conandum
3003 1280 3086 1328 est
3132 1279 3189 1326 ut
3235 1270 3441 1326 domini
3468 1269 3564 1338 tui,
3623 1285 3844 1342 quorum

2268 1359 2491 1414 servitio
2522 1359 2592 1414 ab
2609 1375 2796 1415 eorum
2828 1361 3006 1427 Patre,
3039 1359 3093 1414 id
3123 1367 3205 1414 est
3232 1359 3464 1416 Domino
3492 1360 3608 1415 Deo
3642 1365 3733 1413 tuo
3761 1359 3848 1414 de-

2268 1455 2484 1516 putatus
2515 1464 2593 1516 es,
2625 1449 2769 1520 quod
2812 1456 2866 1502 tu
2892 1448 2993 1514 vis,
3036 1448 3134 1504 sed
3165 1447 3307 1520 quod
3331 1447 3409 1503 eis
3464 1446 3637 1518 prosit
3661 1454 3842 1518 agant.

2265 1535 2339 1590 Te
2370 1535 2513 1590 enim
2535 1536 2602 1590 ad
2633 1553 2820 1591 eorum
2849 1536 3154 1606 utilitatem,
3192 1551 3302 1591 non
3330 1551 3424 1591 eos
3453 1535 3521 1590 ad
3567 1543 3713 1590 tuam
3751 1549 3845 1590 vo-

2266 1621 2525 1678 luntatem
2571 1624 2830 1680 inclinare
2879 1624 3067 1693 debes,
3105 1624 3224 1696 quia
3251 1639 3361 1680 non
3407 1631 3468 1678 ut
3511 1623 3720 1695 praesis,
3752 1623 3845 1679 sed

2265 1719 2323 1766 ut
2353 1712 2530 1782 prosis
2561 1713 2660 1778 eis,
2687 1712 2782 1767 tibi
2813 1712 3088 1768 commissi
3119 1720 3262 1778 sunt,
3295 1712 3434 1768 sicut
3453 1720 3506 1768 et
3535 1727 3683 1784 aeger
3728 1727 3846 1768 me-

2264 1800 2407 1865 dico,
2440 1816 2548 1856 non
2597 1809 2655 1855 ut
2702 1801 2751 1855 ei
2796 1800 3124 1868 dominetur,
3175 1801 3273 1856 sed
3329 1800 3508 1873 potius
3552 1800 3845 1864 medeatur,

2191 1895 2242 1954 B
2265 1889 2633 1943 committitur.
2678 1890 2793 1944 Nec
2833 1897 3022 1945 contra
3056 1905 3282 1962 aegrum,
3314 1890 3412 1945 sed
3456 1904 3558 1960 pro
3591 1905 3761 1963 agro,
3792 1889 3846 1944 id

2261 1984 2343 2031 est
2373 1984 2560 2031 contra
2589 1977 2963 2049 aegritudinem
2994 1978 3130 2047 ejus,
3155 1985 3237 2033 est
3265 1977 3530 2047 medicus,
3576 1985 3844 2050 totamque

2260 2072 2312 2120 et
2342 2064 2695 2120 sufficientem
2743 2066 3036 2122 vindictam
3092 2082 3191 2138 pro
3238 2066 3490 2122 omnibus
3527 2082 3647 2138 quae
3683 2066 3754 2120 ab
3783 2081 3844 2122 eo

2259 2153 2511 2224 patietur,
2569 2154 2796 2209 salutem
2851 2156 2970 2224 ejus
2999 2156 3189 2211 habet:
3240 2171 3415 2228 neque
3469 2154 3616 2210 enim
3644 2153 3846 2226 aliquid

2259 2242 2308 2296 ei
2352 2243 2598 2312 imputat,
2629 2243 2725 2297 sed
2756 2243 2860 2314 ipsi
2899 2243 3115 2311 morbo,
3139 2252 3190 2299 et
3209 2243 3335 2300 ideo
3363 2242 3525 2315 plena
3553 2249 3637 2300 est
3677 2242 3730 2299 ei
3757 2242 3844 2298 ul-

2259 2330 2350 2398 tio,
2397 2330 2576 2385 morbi
2596 2330 2768 2402 ipsius
2797 2331 3101 2389 exstinctio.

2327 2436 2552 2491 Duobus
2581 2437 2808 2494 medicis
2839 2437 3116 2494 commissi
3147 2439 3361 2494 fuerunt
3407 2445 3636 2511 quatuor
3663 2439 3847 2495 homi-

2255 2541 2354 2580 nes
2379 2543 2394 2591 ;
2423 2541 2589 2580 sanus
2620 2543 2758 2580 unus
2785 2542 2910 2582 cum
2947 2543 3099 2600 agro
3127 2543 3255 2593 uno,
3287 2527 3398 2597 uni,
3432 2535 3486 2583 et
3512 2542 3677 2583 sanus
3707 2527 3848 2584 alius

2256 2630 2381 2668 cum
2411 2629 2557 2685 aegro
2602 2615 2728 2681 alio,
2765 2615 2897 2678 alii;
2957 2615 3332 2687 promissaque
3361 2624 3442 2672 est
3487 2632 3701 2672 merces
3744 2632 3842 2687 pro

2256 2715 2390 2757 cura
2420 2702 2534 2758 sive
2577 2704 2972 2760 conservandae
3020 2704 3134 2761 sive
3165 2704 3552 2776 recuperandae
3581 2705 3846 2761 sanitatis.

2256 2790 2445 2862 Itaque
2495 2791 2631 2846 alter
2691 2807 2880 2847 eorum
2936 2792 3082 2858 fecit,
3139 2793 3405 2863 susceptis
3449 2793 3715 2864 quidquid
3747 2808 3846 2865 pro

2255 2879 2623 2935 conservanda
2653 2880 2738 2935 vel
2770 2880 3100 2936 restituenda
3149 2881 3322 2936 salute
3367 2880 3485 2937 ﬁeri
3540 2880 3745 2950 debuit,
3793 2889 3851 2937 et

2255 2974 2436 3021 tamen
2464 2967 2662 3022 mortui
2694 2976 2836 3023 sunt.
2877 2969 3028 3023 Alter
3065 2968 3199 3023 nihil
3227 2985 3416 3025 eorum
3445 2985 3566 3040 quae
3595 2967 3714 3024 ﬁeri
3745 2968 3851 3024 de-

2255 3054 2489 3110 buerunt
2509 3055 2651 3120 fecit,
2686 3064 2738 3111 et
2769 3065 2948 3113 tamen
2979 3057 3071 3128 qui
3100 3072 3264 3113 sanus
3295 3065 3407 3113 erat
3435 3057 3512 3112 ita
3543 3057 3766 3124 mansit,
3788 3065 3846 3113 et

2252 3159 2400 3215 aeger
2441 3143 2734 3200 convaluit.
2793 3144 2926 3213 Quis
2976 3146 3169 3201 horum
3205 3145 3462 3202 mercede
3497 3146 3699 3218 dignus
3740 3154 3844 3214 est,

630 3271 835 3326 Stultus
862 3269 1103 3325 medicus
1139 3270 1329 3324 nolens
1359 3269 1670 3340 opinionem
1700 3286 1854 3326 suam
1882 3271 2142 3338 minuere,
2171 3247 2218 3310 ο
2254 3234 3269 3340 9?{‘_‘f,i“5$ﬁl?“f_“}b33‘39"“‘Pun‘3
3294 3250 3549 3340 ξω,
3576 3242 3846 3340 Enim

557 3359 820 3431 quidquid
849 3374 958 3413 non
987 3358 1125 3413 bene
1156 3358 1440 3430 contingit,
1472 3358 1597 3413 licet
1635 3359 1794 3429 culpa
1822 3375 1920 3414 sua
1949 3361 2036 3425 sit,
2067 3361 2148 3432 ip-

555 3449 631 3504 sis
658 3457 842 3503 tamen
871 3446 1096 3517 imputat
1137 3446 1323 3518 aegris.
1376 3448 1455 3501 Ita
1484 3446 1616 3502 facis
1647 3456 1701 3501 tu
1733 3448 1988 3516 subjectis
2018 3449 2144 3504 tuis.

624 3559 850 3629 Qualem
881 3560 1124 3616 animum
1171 3559 1404 3614 haberes
1451 3561 1522 3615 ad
1578 3575 1769 3616 omnes
1800 3561 2067 3626 homines,
2101 3561 2148 3617 si

553 3659 796 3707 remotus
827 3666 980 3705 esses
1011 3650 1077 3704 ab
1107 3649 1186 3704 eis
1217 3649 1468 3722 cogitans
1515 3665 1706 3704 eorum
1737 3659 1958 3720 peccata
1985 3658 2146 3722 atque

550 3740 819 3805 miserias,
852 3739 1073 3793 omnino
1126 3737 1317 3792 saltem
1369 3753 1510 3792 nunc
1555 3737 1715 3793 talem
1757 3738 1949 3793 habeto
1973 3779 1989 3806 ,
2020 3754 2146 3795 cum

549 3827 735 3881 videas
765 3827 935 3882 oculis
985 3825 1165 3896 perire
1194 3840 1289 3880 eos
1338 3833 1431 3880 aut
1487 3825 1748 3892 caecitate,
1783 3833 1875 3880 aut
1921 3826 2146 3882 infirmi-

551 3922 660 3970 tate
693 3929 706 3968 :
739 3922 828 3970 aut
877 3914 1020 3969 enim
1067 3913 1324 3968 falluntur
1351 3929 1382 3968 a
1421 3912 1634 3969 diabolo
1675 3929 1777 3985 per
1803 3915 2140 3987 temporalia,

551 4010 642 4058 aut
689 4010 1032 4073 superantur.

623 4128 891 4182 Horresce
919 4124 1294 4182 inscrutabilia
1315 4125 1516 4195 judicia
1543 4125 1643 4181 Dei
1677 4143 1841 4198 super
1870 4135 1940 4182 te.
1974 4126 2147 4196 Quid-

549 4215 680 4288 quid
709 4215 854 4270 enim
882 4231 944 4271 es
970 4231 1138 4285 super
1165 4215 1323 4281 alios,
1357 4215 1536 4270 nescis
1566 4231 1736 4286 quare
1757 4216 1861 4286 ipsi
1879 4232 1989 4271 non
2017 4216 2141 4272 fue-

547 4305 656 4358 rint
685 4320 850 4375 super
877 4312 953 4358 te.
1011 4303 1157 4358 Talis
1197 4319 1330 4374 ergo
1362 4311 1478 4358 esto
1507 4303 1576 4358 ad
1605 4303 1729 4359 illos
1759 4304 1948 4376 quales
1987 4304 2142 4362 vides

547 4393 668 4448 illos
694 4408 816 4447 esse
848 4391 1101 4447 debuisse
1130 4391 1200 4446 ad
1231 4399 1300 4460 te,
1335 4392 1381 4445 si
1411 4399 1594 4447 essent
1625 4407 1787 4463 super
1815 4400 1888 4448 te.

617 4517 740 4572 Non
771 4515 1070 4571 secundum
1091 4514 1394 4586 profectum
1415 4515 1801 4584 subjectorum,
1828 4516 1925 4571 sed
1945 4530 2142 4572 secun-

2249 3319 2478 3374 valent?
2537 3320 2633 3376 Ille
2673 3321 2788 3376 sine
2815 3321 2997 3390 dubio,
3031 3322 3123 3394 qui
3166 3323 3311 3395 quod
3350 3323 3537 3378 debuit
3574 3321 3719 3391 fieri,
3753 3322 3852 3393 pia

2246 3407 2521 3463 voluntate
2550 3407 2696 3475 fecit,
2729 3409 2887 3466 laude
2926 3418 2976 3465 et
3006 3411 3259 3467 mercede
3287 3427 3396 3467 non
3425 3411 3608 3466 minus
3639 3410 3852 3484 dignus

2248 3503 2330 3550 est
2359 3511 2524 3566 quam
2552 3496 2597 3551 si
2644 3497 2724 3551 illi
2778 3498 3020 3554 viverent
3049 3506 3100 3555 et
3145 3499 3410 3556 valerent.
3435 3499 3530 3556 Ille
3585 3515 3718 3555 vero
3749 3499 3852 3570 qui

2247 3583 2417 3639 noluit
2457 3583 2636 3640 facere
2675 3586 2822 3657 quod
2847 3586 3052 3653 debuit,
3083 3602 3244 3659 poena
3272 3603 3381 3644 non
3427 3587 3608 3644 minus
3639 3587 3852 3659 dignus

2246 3678 2330 3726 est
2357 3687 2518 3743 quam
2554 3672 2601 3727 si
2629 3672 2708 3728 illi
2736 3674 2936 3729 mortui
2960 3683 3164 3731 essent.

2316 3779 2435 3834 Duo
2465 3794 2600 3852 ergo
2627 3778 2914 3851 perﬁciunt
2959 3781 3230 3839 medicum
3263 3801 3277 3838 :
3309 3782 3556 3840 voluntas
3583 3782 3756 3856 bona,
3791 3792 3852 3841 et

2243 3867 2488 3937 perfecta
2518 3867 2763 3924 scientia.
2795 3869 2942 3946 Nam.
2968 3877 3026 3925 ut
3061 3885 3252 3928 omnes
3285 3871 3479 3942 quibus
3521 3887 3713 3928 curam
3745 3872 3854 3928 im-

2242 3956 2431 4025 pendit
2459 3964 2632 4024 sanet,
2664 3957 2770 4013 hoc
2797 3973 2907 4014 non
2935 3967 3015 4014 est
3043 3959 3180 4029 ejus.
3209 3960 3333 4016 Non
3361 3960 3509 4016 enim
3527 3960 3672 4018 scire
3691 3967 3851 4034 quis—

2244 4059 2408 4116 quam
2427 4052 2605 4115 potest
2633 4045 2723 4118 qui
2753 4046 3183 4117 desperabiliter,
3216 4049 3302 4104 vel
3324 4049 3416 4121 qui
3447 4064 3572 4106 cum
3610 4065 3714 4120 spe
3743 4065 3849 4106 sa-

2240 4132 2369 4187 lutis
2397 4140 2643 4206 aegrotet.
2675 4134 2743 4188 Et
2771 4133 2895 4191 ideo
2937 4136 3186 4191 omnibus
3229 4137 3538 4194 adhibenda
3564 4146 3650 4194 est
3679 4153 3848 4206 cura,

2241 4228 2294 4277 et
2324 4237 2448 4277 cum
2477 4221 2626 4277 omni
2656 4222 3008 4295 benignitate,
3039 4232 3154 4280 tota
3183 4225 3239 4280 in
3269 4225 3498 4298 singulis
3527 4241 3620 4281 ars
3669 4243 3850 4283 exse-

2242 4310 2477 4382 quenda.
2512 4311 2602 4367 Sic
2629 4311 2776 4368 enim
2815 4313 2958 4383 apud
2994 4313 3209 4370 Patrem
3243 4315 3484 4370 omnium
3511 4330 3623 4371 non
3651 4315 3852 4372 minus

2238 4398 2424 4469 gratim
2453 4405 2506 4454 et
2533 4399 2744 4471 praemii
2771 4415 2872 4472 pro
2901 4400 3173 4459 defunctis
3193 4419 3356 4476 quam
3381 4419 3484 4476 pro
3533 4401 3688 4459 sanis
3719 4421 3850 4461 me-

2238 4487 2498 4542 rebimur.

550 4604 679 4659 dum
708 4604 1044 4659 desiderium
1075 4611 1224 4658 tuum
1258 4612 1311 4658 et
1349 4612 1604 4659 conatum
1634 4603 1736 4660 erit
1782 4619 1996 4660 merces
2023 4612 2134 4673 tua,

2309 4595 2447 4649 Para
2475 4602 2528 4650 te
2546 4595 2616 4650 ad
2643 4595 3064 4652 cohabitandum
3094 4597 3255 4655 malis
3283 4607 3464 4656 mente
3490 4599 3845 4672 incorrupta,

547 4693 662 4748 sive
691 4692 769 4746 illi
805 4690 1112 4763 proﬁciant,
1163 4691 1277 4747 sive
1305 4708 1435 4748 non.

618 4806 752 4861 Cum
781 4807 921 4862 bene
950 4807 1271 4878 probaveris
1323 4807 1475 4862 illum
1496 4824 1617 4863 esse
1665 4805 2012 4875 sceleratum,
2038 4807 2138 4863 erit

542 4895 638 4950 tibi
666 4910 895 4951 necesse
916 4903 996 4949 ut.
1020 4895 1209 4967 lugeas
1237 4904 1518 4966 peccatum
1549 4899 1686 4966 ejus,
1721 4897 1844 4968 quia
1875 4904 1929 4952 et
1957 4897 2137 4952 Domi-

544 5000 646 5038 nus
675 4983 809 5038 luxit
834 4991 1003 5038 tuum.
1039 4985 1146 5039 Cur
1174 4984 1318 5039 enim
1348 4985 1562 5040 rimaris
1582 4985 1826 5058 languidi
1857 4985 2131 5052 morbum,

543 5071 589 5127 si
618 5072 838 5144 cognito
862 5073 1056 5128 morbo
1084 5088 1194 5128 non
1232 5072 1409 5150 solum
1437 5089 1546 5128 non
1589 5073 1847 5129 condoles
1876 5089 1978 5129 nec
2011 5089 2132 5129 me-

541 5160 704 5225 deris,
742 5161 839 5216 sed
867 5161 1028 5216 etiam
1067 5159 1312 5215 insultas.

607 5277 747 5331 Dum
776 5277 930 5333 vides
952 5277 1038 5333 vel
1067 5276 1224 5332 audis
1253 5275 1393 5331 mala
1423 5275 1618 5344 aliena,
1651 5276 1864 5348 respice
1890 5277 2128 5333 animum

537 5372 705 5432 tuum,
738 5373 794 5420 ut
824 5365 1023 5435 probes
1063 5373 1321 5437 quantum
1365 5365 1416 5421 ei
1458 5382 1603 5422 verae
1660 5365 1968 5422 dilectionis
1996 5381 2129 5439 erga

535 5453 784 5509 homines
805 5453 950 5508 insit.

600 5577 724 5633 Non
753 5576 1100 5649 gaudendum
1134 5576 1231 5632 tibi
1269 5585 1370 5644 est,
1404 5578 1450 5632 si
1479 5577 1693 5636 caeteris
1745 5585 1798 5634 te
1841 5578 2124 5635 meliorem

532 5680 654 5720 esse
704 5663 1000 5735 contingat,
1034 5665 1131 5721 sed
1179 5665 1471 5722 dolendum
1514 5667 1693 5737 potius
1739 5683 1834 5722 eos
1893 5667 1961 5723 de
2017 5666 2122 5722 bo-

2226 5407 2301 5464 De
2333 5410 2546 5485 virtute
2590 5415 2663 5485 et_
2691 5413 2900 5485 eﬁectu
2956 5414 3167 5470 amoris
3221 5414 3322 5471 Dei
3351 5418 3409 5471 et

2238 4683 2383 4753 quod
2404 4691 2487 4737 est
2514 4683 2840 4754 angelicum.
2873 4683 3010 4754 Quae
3036 4695 3216 4744 autem
3261 4687 3438 4761 gloria
3466 4695 3569 4756 est,
3615 4688 3730 4745 hoc
3761 4687 3849 4744 fa-

2235 4785 2363 4827 cere
2387 4786 2508 4826 cum
2539 4771 2742 4828 sanctis
2773 4772 2802 4827 ‘2

2305 4878 2639 4949 Angelorum
2669 4878 2837 4934 virtus
2859 4887 2960 4950 est,
2993 4880 3176 4938 vivere
3205 4897 3330 4939 cum
3358 4881 3586 4953 vitiosis,
3621 4898 3732 4940 nec
3755 4899 3851 4940 eo-

2235 4981 2356 5020 rum
2403 4966 2681 5038 corrumpi
2728 4968 2892 5024 vitiis.
2957 4969 3304 5028 Summorum
3347 4971 3694 5028 medicorum
3754 4982 3846 5028 est

2232 5053 2438 5126 degere
2459 5071 2581 5110 cum
2609 5056 2794 5127 aegris,
2827 5065 2882 5113 et
2909 5057 3136 5126 insanis,
3169 5068 3220 5115 et
3250 5076 3360 5117 non
3399 5060 3572 5117 solum
3604 5060 3848 5117 minime

2232 5143 2522 5213 corrumpi,
2557 5143 2655 5199 sed
2676 5144 2905 5202 salutem
2929 5146 3008 5202 eis
3033 5148 3334 5206 restituere.

2761 5289 3154 5347 CAPITULUM
3182 5289 3353 5347 XVII.

2295 5424 2546 5466 rvzrmte
2590 5424 2648 5466 et
2691 5424 2900 5485 e/fecm
2956 5424 3167 5470 amoris
3221 5424 3322 5471 Dei
3351 5424 3409 5471 et
3452 5424 3744 5489 proximi,
3781 5424 3842 5475 et

2295 5481 2766 5607 gzzdrrzladmodum
2793 5484 3048 5540 charita:
3085 5487 3334 5557 optanda
3362 5491 3445 5543 est
3493 5492 3550 5544 et
3588 5489 3841 5563 impen-

2295 5671 2398 5741 Qui
2427 5672 2617 5730 fruitur
2646 5676 2826 5749 aliqua
2850 5675 3027 5735 forma
3071 5678 3338 5752 corporis,
3371 5680 3517 5755 quod
3555 5682 3668 5740 sibi
3691 5685 3844 5744 bene
