3928 6412
92 315 202 372 625

1465 301 1898 364 MEDITATION
1903 303 2006 358 ES.

3326 299 3428 355 626

91 439 324 495 videtur
355 454 431 494 ex
483 453 551 494 ea
599 450 704 491 non
735 433 872 500 sibi,
923 433 1021 489 sed
1053 432 1230 489 eidem
1259 433 1450 490 formae
1477 433 1720 504 imputat,
1750 431 1800 492 Α
1897 425 2114 497 Appetit
2169 425 2374 496 aliquid
2433 432 2671 480 creatum
2725 424 2926 490 homo,
2979 422 3066 476 vel
3123 421 3348 478 inhaeret
3377 421 3429 476 ei

95 538 150 586 et
181 535 432 601 propter
480 527 585 582 hoc
629 540 750 580 eam
780 529 962 578 mente
990 522 1171 577 laudat
1201 530 1252 578 et
1281 531 1446 578 amat.
1490 522 1597 577 Sed
1625 535 1728 576 nec

97 635 160 674 se
191 617 436 685 bonum,
473 614 570 670 sed
598 613 742 668 illam
773 611 958 679 ducit;
993 627 1053 666 se
1079 618 1256 666 autem
1287 611 1509 677 bonum,
1545 627 1608 665 ex
1640 626 1722 665 ea.

99 708 223 763 Nec
252 705 314 761 in
335 705 530 776 seipso
561 708 822 767 remanet,
847 699 945 756 sed
974 699 1029 754 in
1057 699 1202 753 illam
1224 700 1394 755 tendit
1423 709 1474 755 et
1495 699 1686 753 transit
1711 716 1723 752 :

100 804 254 852 tanto
285 794 489 866 utique
515 791 639 846 nisu
667 789 864 846 mentis
895 795 948 844 et
978 795 1125 843 motu
1159 788 1474 853 voluntatis,
1523 795 1726 860 quanto

110 882 295 956 magis
358 896 488 946 eam
547 878 778 935 fruendo
807 877 1039 933 miratur
1093 884 1147 933 et
1193 877 1388 948 diligit.
1430 877 1497 931 Et
1526 876 1650 931 ideo
1681 875 1727 930 si

107 973 233 1046 quis
254 970 524 1028 eamdem
554 968 783 1024 formam
814 973 905 1022 aut
934 966 1136 1022 lazserit
1163 973 1253 1020 aut
1281 965 1585 1032 abstulerit,
1617 981 1727 1020 non

104 1063 175 1131 ei,
211 1061 315 1118 sed
349 1060 463 1115 sibi
490 1057 741 1127 injuriam
762 1055 962 1112 factam
991 1062 1160 1126 putat.
1193 1055 1262 1110 Et
1283 1055 1410 1126 quia
1438 1053 1726 1126 paradisus

105 1161 160 1210 et
189 1149 490 1208 beatitudo
519 1148 569 1204 ei
599 1153 727 1216 erat,
761 1145 938 1201 eidem
962 1145 1232 1200 inhaerere
1258 1143 1504 1200 infernus
1533 1157 1596 1199 ac
1626 1142 1727 1197 mi-

104 1240 254 1296 seria
285 1239 338 1296 ei
373 1245 482 1305 est,
514 1236 583 1292 ab
613 1251 679 1292 ea
705 1233 972 1306 separari.
1012 1234 1091 1290 Ita
1115 1239 1231 1290 esto
1275 1241 1329 1288 tu
1361 1232 1430 1287 ad
1460 1233 1651 1288 Deum.

179 1365 238 1420 Si
288 1365 485 1435 imago
518 1361 774 1418 stercoris
803 1375 870 1416 ex
900 1374 1034 1414 auro
1063 1357 1174 1424 fiat,
1209 1359 1404 1414 melior
1433 1366 1517 1413 est
1543 1357 1727 1428 utique

105 1451 555 1510 substantialiter
617 1465 778 1522 quam
841 1447 1225 1520 imaginaliter.
1290 1446 1729 1502 Substantialiter

107 1559 357 1616 namque
412 1555 644 1606 aurum,
674 1536 1040 1610 imaginaliter
1085 1551 1212 1591 vero
1260 1544 1471 1592 stercus
1520 1535 1637 1590 erit.
1671 1534 1726 1589 Si

103 1640 291 1687 autem
319 1629 514 1702 angeli
542 1629 722 1701 imago
750 1642 882 1682 auro
929 1624 1269 1696 imprimatur
1289 1667 1302 1694 ,
1355 1624 1716 1695 imaginaliter

105 1720 211 1776 erit
242 1719 452 1776 melior
499 1735 659 1791 quam
691 1718 1134 1774 substantialiter.
1171 1713 1544 1785 lmaginaliter
1582 1713 1725 1767 enim

103 1808 418 1864 substantia
452 1807 577 1864 viva
607 1807 899 1879 spiritualis
946 1822 1012 1862 ac
1041 1804 1355 1870 rationalis,
1389 1801 1722 1856 substantia-

105 1897 229 1953 liter
259 1906 457 1953 autem
486 1912 683 1968 corpus
713 1897 1045 1952 insensatum
1067 1939 1080 1960 ,
1132 1901 1185 1949 et
1227 1893 1344 1948 sine
1375 1892 1503 1946 vita.
1539 1893 1722 1962 Itaque

105 2003 232 2042 cum
263 2003 432 2042 mens
481 1992 576 2040 tua
621 1985 940 2056 corporibus
968 1983 1193 2039 mortuis
1222 1997 1286 2036 ac
1315 1980 1567 2051 perituris
1599 1995 1723 2034 cum

109 2090 303 2132 amore
365 2073 633 2141 aﬂicitur,
675 2073 868 2129 melior
927 2081 1010 2128 est
1065 2071 1250 2142 utique
1298 2068 1724 2124 substantialiter

110 2180 270 2236 quam
303 2163 698 2236 imaginaliter.
736 2161 1172 2216 Substantialiter
1202 2159 1346 2214 enim
1376 2157 1484 2213 vita
1517 2165 1599 2212 est
1628 2172 1721 2210 ra-

110 2252 330 2308 tionalis
380 2253 456 2308 ad
507 2251 605 2306 Dei
635 2251 927 2324 imaginem
957 2250 1133 2314 facta;
1185 2246 1545 2318 imaginaliter
1590 2259 1722 2300 vero

110 2341 234 2396 talis
266 2349 352 2396 est
377 2382 392 2410 ,
445 2339 626 2413 qualia
672 2348 795 2394 sunt
825 2354 890 2394 ea
921 2338 1118 2410 quibus
1148 2336 1376 2391 intendit
1414 2349 1479 2390 ac
1508 2333 1718 2388 fruitur.

113 2430 250 2486 Cum
279 2444 424 2504 ergo
455 2445 489 2484 a
521 2429 698 2500 seipsa
723 2427 891 2483 effusa
919 2443 1019 2499 per
1047 2425 1296 2497 corporis
1327 2440 1541 2491 sensus,
1575 2423 1629 2476 in
1658 2437 1723 2477 ea

113 2518 366 2584 intendit,
399 2534 433 2574 a
463 2518 690 2574 meliore
718 2516 981 2588 perfecto,
1015 2516 1070 2571 id
1100 2524 1182 2570 est
1212 2530 1244 2568 a
1268 2512 1568 2568 substantia
1599 2512 1724 2566 viva

112 2623 175 2664 ac
228 2606 513 2671 rationali,
572 2606 716 2677 quod
767 2613 849 2661 est
905 2605 1059 2676 ipsa,
1110 2605 1165 2658 in
1214 2602 1481 2658 deteriora
1513 2601 1719 2666 tendit;

117 2700 433 2764 quantoque
465 2692 521 2746 id
546 2690 918 2747 vehementius
946 2689 1076 2762 agit,
1110 2696 1260 2744 tanto
1289 2686 1532 2742 deterior
1561 2685 1725 2741 eﬁici-

113 2789 220 2835 tur.
254 2782 394 2838 Cum
427 2789 609 2836 autem
641 2795 804 2850 super
834 2778 1073 2850 seipsam
1120 2776 1320 2842 effusa,
1376 2775 1600 2831 veritate
1621 2818 1634 2839 ,
1668 2774 1723 2828 id

114 2876 194 2924 est
223 2869 342 2926 Deo
372 2868 632 2935 afficitur,
684 2867 880 2924 melior
909 2883 1040 2923 sane
1069 2874 1123 2922 et
1151 2859 1443 2938 pretiosior
1487 2872 1567 2919 est
1605 2862 1721 2917 for-

113 2958 334 3014 maliter
384 2974 553 3031 quam
601 2957 1042 3013 substantialiter.
1103 2953 1538 3011 Substantialiter
1579 2951 1722 3008 enim

117 3047 297 3104 anima
338 3065 352 3102 :
390 3045 698 3103 formaliter
727 3052 909 3101 autem
950 3045 1018 3114 (si
1047 3044 1154 3100 dici
1183 3045 1264 3098 fas
1296 3046 1400 3112 est)
1439 3044 1586 3098 Deus
1617 3049 1719 3098 est.

117 3139 225 3207 Ego
255 3136 401 3192 enim
425 3137 555 3193 dixi
604 3155 622 3192 :
670 3136 764 3191 Dii
808 3136 946 3190 estis
966 3177 979 3201 ,
1029 3138 1086 3190 et
1113 3134 1222 3201 ﬁlii
1277 3133 1499 3188 Επειδὶ
1529 3146 1724 3186 omnes
1757 3145 1803 3208 ο

117 3227 290 3288 (Psal.
314 3241 511 3293 LXXXI,
529 3225 604 3295 6).
629 3225 763 3280 Cum
793 3224 974 3296 itaque
996 3238 1029 3277 a
1054 3222 1238 3294 seipsa
1257 3222 1312 3276 in
1334 3222 1511 3292 ipsum
1535 3220 1726 3308 tendit,

116 3330 149 3370 a
175 3315 446 3371 deteriore
477 3315 532 3370 in
561 3314 616 3370 id
637 3330 745 3385 quo
775 3312 907 3368 nihil
928 3312 1121 3368 melius
1152 3328 1274 3367 esse
1295 3319 1492 3382 potest,
1517 3309 1715 3379 tendit;

120 3411 430 3476 quantoque
474 3403 529 3458 id
560 3401 833 3459 efﬁcacius
861 3409 1020 3475 aget,
1054 3408 1206 3456 tanto
1242 3399 1436 3454 melior
1477 3398 1721 3455 efﬁcitur.

190 3519 326 3574 Cum
375 3518 579 3574 volitur
631 3518 833 3574 bonum
871 3516 1018 3589 quod
1066 3515 1276 3588 indiget
1331 3514 1512 3586 aliquo
1556 3513 1720 3570 bono,

123 3621 226 3662 non
256 3607 478 3664 miseria
503 3606 821 3672 excluditur,
857 3605 953 3661 sed
985 3603 1288 3676 indigentia
1337 3602 1641 3658 cumulatur
1672 3609 1724 3656 et

121 3704 372 3768 augetur.
423 3697 572 3768 Ergo
619 3695 756 3751 velis
805 3695 1006 3750 bonum
1038 3695 1184 3766 quod
1228 3709 1337 3748 non
1375 3692 1584 3764 indiget
1615 3691 1721 3746 alio

121 3783 283 3840 bono.
338 3784 542 3841 Omnia
588 3793 768 3840 autem
835 3783 1075 3840 bonitate
1149 3783 1295 3838 bona
1349 3789 1492 3836 sunt.
1552 3779 1723 3851 Igitur

124 3873 300 3928 omnia
337 3881 506 3946 egent
548 3873 783 3930 bonitate
813 3880 869 3927 ut
925 3872 1069 3928 bona
1097 3871 1221 3926 sint.
1273 3870 1490 3926 Bonitas
1540 3877 1718 3924 autem

121 3961 317 4018 nullius
339 3971 468 4035 eget
491 3981 506 4030 ;
530 3979 630 4035 per
649 3979 708 4018 se
740 3961 886 4017 enim
905 3969 987 4017 est
1005 3961 1164 4016 bona.
1189 3961 1341 4016 Hanc
1369 3959 1548 4031 itaque
1573 3973 1716 4026 ama,

123 4057 174 4106 et
209 4050 400 4108 beatus
449 4051 577 4108 eris.

192 4165 326 4223 Vide
358 4167 524 4240 quale
562 4174 645 4223 est
681 4167 882 4222 bonum
931 4166 1085 4236 cujus
1142 4164 1332 4220 ultima
1365 4163 1718 4236 vestigiorum

124 4255 363 4328 vestigia,
395 4257 453 4312 id
482 4263 563 4312 est
594 4255 933 4327 temporalia,
965 4262 1043 4311 tot
1075 4261 1126 4310 et
1157 4253 1318 4309 tantis
1348 4253 1598 4308 laborum
1631 4269 1736 4308 ειν-α

127 4357 412 4416 rorumque
457 4345 862 4401 discriminibus
891 4361 922 4398 a
951 4351 1028 4400 tot
1059 4342 1466 4399 rationabilibus
1494 4349 1545 4398 et
1576 4341 1717 4396 irra-

125 4429 468 4491 tionabilibus
512 4441 862 4506 appetuntur.

195 4556 281 4612 Nil
309 4559 662 4630 gaudendum
692 4567 774 4615 est
805 4557 900 4614 tibi
929 4558 983 4614 in
1012 4567 1062 4614 te
1089 4558 1344 4624 omnino,
1389 4557 1476 4613 vel
1505 4556 1560 4611 in
1589 4555 1717 4623 alio,

127 4641 227 4700 nisi
267 4646 323 4701 in
370 4650 510 4706 Deo.

195 4767 390 4827 Omnia
437 4773 568 4829 vitia
613 4781 666 4829 et
712 4781 933 4844 peccata
980 4772 1106 4846 quia
1151 4780 1376 4844 propter
1419 4778 1721 4828 creaturam

129 4853 276 4924 fiunt,
307 4861 360 4916 id
390 4869 476 4919 est
506 4861 751 4917 ultimum
778 4862 998 4931 bonum,
1036 4861 1257 4918 bonitati
1307 4860 1577 4917 Creatoris
1618 4859 1720 4914 ad-

134 4957 428 5020 versantur,
476 4951 532 5006 id
562 4959 644 5007 est
673 4967 888 5008 summo
919 4951 1084 5007 bono.

198 5053 252 5108 Si
282 5063 489 5114 tantum
513 5058 784 5130 appetitur
815 5067 1006 5116 ventus
1035 5059 1255 5130 generis
1285 5061 1451 5116 nostri
1476 5103 1489 5128 ,
1541 5062 1596 5117 id
1642 5073 1724 5119 est

136 5141 309 5210 opinio
333 5148 418 5203 vel
440 5148 560 5202 laus
579 5191 592 5214 ,
625 5156 884 5219 quantum
903 5149 1209 5220 appetenda
1229 5157 1312 5204 est
1335 5151 1478 5207 salus
1499 5153 1722 5224 generis

134 5232 311 5300 nostri,
344 5235 398 5292 id
429 5245 516 5293 est
543 5236 800 5293 Creator!
835 5237 890 5292 Si
918 5246 1028 5292 tam
1057 5238 1217 5294 dulce
1247 5247 1329 5294 est
1359 5239 1466 5296 dici
1495 5240 1718 5309 bonum,

136 5324 189 5371 ut
215 5321 373 5379 etiam
413 5327 507 5399 qui
537 5327 640 5384 hoc
669 5343 792 5383 esse
823 5327 1029 5396 nolunt,
1063 5327 1216 5395 mali,
1267 5328 1392 5385 hinc
1424 5329 1718 5402 gaudeant,

137 5419 323 5478 quanto
351 5424 432 5471 est
452 5415 663 5472 dulcius
693 5433 815 5472 esse
842 5415 853 5472 ι
888 5416 1023 5472 Etsi
1054 5425 1159 5472 tam
1181 5435 1423 5474 amarum
1446 5427 1500 5474 et
1519 5419 1722 5475 fmdum

141 5504 218 5551 est
244 5500 346 5558 dici
374 5505 610 5572 malum,
643 5512 700 5560 ut
731 5505 894 5562 etiam
931 5509 1027 5579 qui
1068 5509 1368 5575 twta-ntur,
1412 5525 1542 5564 cum
1574 5511 1723 5566 male

141 5587 390 5660 fecerint,
419 5598 474 5652 et
513 5596 816 5652 exsultant
844 5596 906 5651 in
946 5596 1107 5652 rebus
1129 5598 1394 5668 pessimis
1440 5599 1624 5668 (Prov.
1659 5613 1719 5666 Il,

140 5675 241 5745 14),
274 5678 376 5738 hoc
393 5691 668 5758 nequeant
695 5683 950 5755 tolerare,
976 5692 1178 5758 quanto
1199 5694 1282 5744 est
1301 5686 1542 5744 deterius
1563 5702 1685 5743 esse
1706 5686 1718 5742 l

1829 530 1994 569 sensu
2051 514 2297 584 corporis
2325 521 2375 568 et
2406 513 2489 566 sui
2535 512 2893 579 obliviscitur,
2930 510 3144 582 quando
3174 519 3227 565 tu
3256 510 3330 566 ita
3357 511 3428 565 ad

1829 602 2147 658 Creatorem
2168 603 2194 656 ?

1900 690 2290 746 Beatitudinem
2334 690 2429 745 tibi
2460 689 2707 761 praecipit
2738 688 3021 752 Dominus,
3048 687 3103 741 id
3132 697 3214 742 est
3254 688 3428 759 perfe-

1829 784 1973 832 ctum
2023 791 2266 829 amorem
2297 775 2416 840 sui,
2467 774 2610 828 unde
2655 773 2802 827 venit
2850 788 2960 827 non
2993 771 3288 828 formidare
3326 789 3429 829 nec

1829 864 2052 928 turbari,
2087 863 2141 918 id
2171 872 2251 918 est
2283 878 2388 934 pax
2421 870 2472 918 et
2506 862 2790 918 securitas.

1901 951 2188 1008 Declinare
2218 969 2247 1006 a
2279 952 2423 1006 malo
2454 952 2572 1007 sola
2596 950 2797 1006 veritas
2827 949 3003 1015 novit,
3056 957 3105 1004 et
3136 949 3282 1005 solus
3313 950 3429 1019 ejus

1829 1057 1984 1096 amor
2030 1049 2227 1112 potest.
2262 1042 2411 1112 Ergo
2440 1056 2549 1094 non
2579 1038 2826 1094 localiter
2855 1037 3158 1093 declinatur
3204 1055 3234 1092 a
3264 1039 3426 1094 malo.

1903 1131 2098 1184 Amato
2147 1129 2290 1201 quod
2357 1128 2591 1183 amando
2657 1143 2846 1183 carere
2905 1143 3178 1198 nequeas,
3236 1126 3291 1181 id
3348 1136 3431 1182 est

1829 1219 2031 1274 Deum.

1903 1307 1959 1361 Si
1988 1306 2267 1361 adhaerere
2297 1306 2434 1373 Deo,
2468 1313 2641 1360 totum
2671 1311 2721 1360 et
2755 1304 2929 1359 solum
2960 1304 3160 1359 bonum
3191 1312 3274 1359 est
3310 1305 3427 1372 tibi,

1830 1395 1904 1450 ita
1932 1395 2180 1466 separari
2211 1395 2278 1448 ab
2310 1411 2406 1461 eo,
2460 1402 2629 1449 totum
2681 1401 2734 1448 et
2764 1393 2941 1448 solum
2969 1393 3171 1447 malum
3202 1402 3284 1448 est
3312 1394 3427 1461 tibi,

1832 1493 1884 1540 et
1913 1484 2044 1538 nihil
2073 1483 2236 1538 aliud.
2288 1484 2404 1539 Hoc
2451 1483 2547 1537 tibi
2579 1483 2833 1555 gehenna
2854 1526 2866 1547 ,
2899 1482 3006 1537 hoc
3034 1481 3130 1536 tibi
3160 1482 3426 1538 infernus.

1901 1572 2190 1627 Ablactare
2240 1573 2438 1626 amodo
2486 1571 2554 1626 ab
2603 1571 2720 1624 istis
2749 1586 3040 1640 corporum
3073 1570 3282 1638 formis,
3333 1589 3431 1641 pu-
3478 1560 3486 1565 ’

1831 1661 1956 1715 deat
1983 1668 2035 1715 te
2067 1676 2175 1714 non
2205 1676 2370 1730 posse
2403 1676 2525 1714 esse
2558 1659 2675 1713 sine
2704 1659 2839 1712 istis.
2875 1660 2942 1713 Et
2973 1658 3100 1729 quia
3129 1659 3260 1725 ista,
3294 1659 3431 1714 velis

1752 1786 1804 1848 Β
1832 1749 1973 1804 nolis
1997 1790 2012 1816 ,
2066 1749 2394 1820 quandoque
2441 1765 2502 1803 es
2531 1748 2864 1814 amissurus,
2907 1745 2992 1802 fac
3022 1748 3186 1802 modo
3217 1748 3428 1815 volens,

1826 1853 1949 1894 cum
1971 1854 2166 1910 magna
2197 1837 2452 1892 mercede
2486 1844 2574 1891 aut
2597 1836 2793 1908 gratia,
2827 1835 2972 1907 quod
3003 1836 3164 1890 etiam
3188 1852 3295 1890 non
3315 1837 3431 1890 sine

1825 1940 2024 1997 magno
2074 1925 2340 1996 supplicio
2388 1924 2714 1996 quandoque
2764 1922 3004 1977 facturus
3049 1939 3126 1977 es.
3172 1924 3430 1995 Nunquid

1827 2013 1970 2068 enim
1993 2057 2008 2079 ,
2061 2021 2112 2069 et
2159 2013 2202 2067 si
2253 2013 2434 2067 nullus
2465 2011 2692 2077 auferat,
2731 2028 2838 2066 non
2870 2027 2929 2065 es
2960 2013 3098 2067 hanc
3131 2011 3329 2081 vitam,
3380 2021 3433 2066 et

1827 2101 2007 2157 omnia
2039 2118 2159 2173 quae
2209 2102 2279 2156 ad
2325 2101 2474 2155 illam
2502 2101 2774 2172 pertinent
2804 2101 3262 2172 contempturus?
3290 2102 3431 2156 Ecce

1825 2190 2022 2245 habeto
2053 2191 2268 2255 omnia;
2322 2189 2565 2262 nunquid
2602 2205 2711 2244 non
2762 2206 2821 2244 es
2864 2189 2949 2243 his
2980 2189 3230 2244 omnibus
3252 2206 3431 2261 quan-

1826 2279 2006 2350 doque
2034 2279 2306 2334 cariturus
2325 2278 2352 2332 ?
2400 2279 2504 2333 Fac
2535 2293 2668 2350 ergo
2696 2279 2860 2332 modo
2909 2278 3052 2348 quod
3104 2277 3340 2332 facturus
3371 2295 3430 2332 es

1827 2367 2046 2438 quando
2080 2367 2259 2422 omnia
2289 2367 2569 2433 amiseris,
2602 2366 2655 2420 id
2687 2373 2790 2431 est,
2826 2366 2976 2422 disce
3007 2382 3129 2421 esse
3152 2366 3268 2422 sine
3289 2367 3426 2434 istis,

1826 2455 1975 2510 disce
2009 2455 2191 2510 vivere
2223 2464 2275 2510 et
2304 2455 2546 2528 gaudere
2575 2455 2644 2510 de
2673 2455 2926 2510 Domino.

2144 2612 2220 2664 De
2253 2609 2554 2665 dilectione
2575 2610 2833 2681 proximi
2855 2609 3131 2678 gratuita.

1893 2751 1998 2820 Qui
2028 2767 2218 2806 omnes
2249 2751 2448 2823 diligit,
2474 2750 2769 2805 salvabitur
2789 2749 2907 2805 sine
2937 2750 3138 2816 dubio;
3173 2750 3264 2822 qui
3294 2767 3426 2808 vero

1824 2840 1894 2895 ab
1923 2839 2237 2895 hominibus
2266 2839 2542 2912 diligitur,
2595 2854 2704 2894 non
2750 2839 2874 2893 ideo
2905 2839 3088 2894 salvus
3117 2839 3240 2894 erit.
3277 2839 3428 2896 Sicut

1826 2929 2014 2984 odium
2041 2928 2117 2982 tui
2147 2927 2396 2983 omnibus
2426 2935 2508 2982 est
2535 2926 2980 2998 impedimentum
3009 2927 3078 2982 ad
3107 2928 3304 2994 vitam,
3355 2929 3427 2984 ita

1824 3016 2067 3072 omnium
2098 3016 2214 3070 tibi.
2249 3016 2483 3086 Expedit
2505 3032 2640 3088 ergo
2672 3016 2768 3071 tibi
2797 3032 2988 3072 omnes
3019 3015 3289 3089 diligere;
3320 3016 3429 3074 illis

1824 3122 2040 3178 quoque
2070 3105 2294 3176 prodest
2324 3104 2558 3176 diligere
2588 3113 2659 3160 te.

1903 3194 2155 3265 Optanda
2185 3203 2265 3248 est
2295 3193 2510 3250 dilectio
2541 3193 2733 3266 gratis,
2765 3192 2820 3247 id
2863 3201 3090 3265 propter
3117 3209 3275 3248 suam
3304 3193 3427 3250 dul-

1829 3282 2080 3338 cedinem
2108 3281 2381 3353 propriam
2403 3323 2418 3348 ,
2473 3289 2727 3354 tanquam
2773 3289 2961 3338 nectar
2984 3282 3386 3338 suavissimum
3410 3303 3426 3352 ;

1827 3373 1988 3427 etiam
2019 3371 2063 3425 si
2092 3386 2283 3426 omnes
2310 3369 2614 3436 insaniant,
2665 3386 2775 3426 non
2819 3370 3103 3426 vendenda
3134 3371 3246 3426 ulla
3273 3387 3426 3427 mer-

1826 3461 1980 3516 cede.
2012 3459 2184 3514 Nobis
2233 3458 2376 3514 enim
2407 3459 2553 3514 utilis
2584 3466 2698 3526 est,
2749 3475 2959 3531 nosque
3007 3459 3131 3516 beat
3160 3459 3424 3532 quidquid

1823 3548 1916 3604 alii
1945 3547 2168 3604 faciant.

1891 3637 1946 3693 Si
1973 3653 2122 3692 amas
2151 3635 2280 3708 quia
2310 3635 2533 3702 amaris,
2559 3635 2644 3692 vel
2675 3643 2732 3691 ut
2759 3635 2977 3703 ameris,
3003 3652 3113 3692 non
3144 3645 3254 3692 tam
3275 3653 3425 3692 amas

1824 3741 1987 3797 quam
2049 3725 2329 3792 redamas,
2380 3740 2628 3781 amorem
2675 3741 2776 3796 pro
2824 3739 3012 3781 amore
3069 3725 3422 3797 rependens;

1829 3814 2094 3872 cambitor
2126 3831 2205 3881 es,
2241 3815 2496 3885 recepisti
2529 3814 2838 3870 mercedem
2868 3822 3033 3869 tuam.

1891 3905 1975 3960 Ad
2004 3920 2128 3960 eum
2160 3904 2250 3977 qui
2279 3903 2528 3974 injuriam
2558 3904 2651 3958 tibi
2682 3903 2828 3973 fecit,
2857 3902 3128 3959 affabilem
3157 3904 3331 3978 magis
3373 3913 3426 3962 et

1819 3993 2089 4065 privatum
2111 4003 2161 4049 te
2183 3993 2406 4060 exhibe;
2433 3994 2502 4049 ad
2532 4010 2656 4049 eum
2686 3993 2773 4050 cui
2803 4001 2858 4048 tu
2887 3991 3084 4064 fecisti,
3118 3993 3424 4066 supplicem

1821 4090 1874 4137 et
1903 4082 2338 4138 erubescentem.

1893 4171 2044 4226 Sicut
2073 4169 2334 4242 quidquid
2390 4169 2518 4225 boni
2574 4170 2640 4223 ab
2699 4168 3010 4226 hominibus
3069 4169 3125 4224 fit
3155 4170 3280 4240 tibi,
3324 4171 3427 4228 Dei

1819 4275 2050 4315 munera
2078 4259 2335 4328 aestimas,
2385 4267 2437 4313 et
2487 4259 2536 4314 ei
2585 4266 2751 4314 totam
2801 4258 3036 4329 gratiam
3085 4259 3424 4316 referendam

1820 4347 1996 4405 credis
2020 4367 2034 4415 ;
2067 4347 2140 4402 ita
2169 4347 2431 4419 quidquid
2454 4355 2508 4401 tu
2530 4347 2658 4403 boni
2686 4345 2998 4402 hominibus
3027 4347 3272 4415 exhibes,
3305 4348 3424 4417 ejus

1820 4435 2106 4504 beneficia,
2141 4451 2250 4490 non
2278 4443 2368 4490 tua
2399 4436 2617 4506 deputa.

1741 4513 1793 4573 D
1898 4526 2033 4580 Cum
2083 4540 2232 4579 amas
2282 4524 2520 4596 aliquem
2554 4532 2611 4579 ut
2641 4523 2873 4580 amicum
2898 4566 2910 4590 ,
2942 4532 3101 4594 optas
3143 4532 3322 4580 autem
3374 4525 3425 4581 ei

1822 4615 2039 4669 divitias
2089 4621 2347 4684 tanquam
2411 4614 2654 4684 bonum,
2711 4613 3064 4668 excellentius
3120 4629 3215 4669 eas
3273 4630 3424 4669 amas

1823 4720 1984 4776 quam
2015 4703 2215 4775 ipsum.
2247 4703 2388 4758 Eum
2419 4702 2565 4758 enim
2593 4709 2651 4756 ut
2682 4709 2938 4775 egentem
2961 4746 2974 4769 ,
3025 4703 3123 4757 has
3155 4711 3337 4758 autem
3369 4711 3428 4758 ut

1823 4791 2199 4848 sufﬁcientiam
2248 4807 2441 4858 amas,
2479 4791 2725 4863 paratior
2772 4791 3024 4846 nimirum
3071 4791 3177 4847 isto
3235 4807 3422 4849 carere

1824 4899 1984 4954 quam
2012 4881 2139 4937 illis.

1895 4971 2000 5040 Qui
2048 4972 2102 5025 in
2147 4971 2427 5043 iniquitate
2475 4987 2570 5025 sua
2618 4970 2816 5026 occidit
2843 4969 3116 5042 iniquum,
3168 4988 3233 5027 eo
3279 4974 3425 5044 quod

1823 5061 1949 5116 odio
1978 5061 2144 5116 habet
2175 5060 2511 5132 iniquitatem
2530 5103 2542 5127 ,
2593 5069 2646 5115 et
2677 5059 2788 5115 vult
2820 5075 2941 5115 eam
2963 5059 3165 5124 delere,
3199 5059 3424 5119 fallitur.

1823 5152 2032 5206 Mortuo
2080 5150 2225 5206 enim
2274 5149 2460 5220 iniquo
2508 5149 2563 5204 in
2611 5166 2706 5204 sua
2754 5149 3067 5221 iniquitate,
3113 5158 3316 5205 aeterna
3345 5161 3429 5207 est

1824 5238 2094 5310 iniquitas.
2129 5238 2233 5306 Qui
2264 5255 2400 5310 ergo
2433 5238 2544 5292 odit
2573 5238 2944 5310 iniquitatem,
2995 5238 3086 5294 det
3115 5253 3340 5310 Operam
3373 5250 3430 5296 ut

1824 5327 2136 5399 corrigatur
2166 5327 2399 5398 iniquus,
2436 5335 2487 5381 et
2518 5326 2596 5382 sic
2628 5327 2824 5397 peribit
2855 5326 3110 5399 iniquitas
3141 5329 3276 5397 ejus.

1895 5416 2041 5472 Deus
2079 5417 2332 5472 charitas
2374 5419 2457 5471 est
2493 5416 2541 5486 (I
2558 5417 2698 5472 Joan
2733 5431 2821 5482 ιν,
2857 5416 2931 5484 8).
2987 5415 3091 5483 Qui
3123 5432 3256 5488 ergo
3287 5417 3425 5472 cha-

1824 5505 2035 5559 ritatem
2087 5504 2305 5559 exhibet
2351 5503 2542 5570 alicui,
2595 5503 2699 5558 nisi
2727 5512 2948 5576 propter
2993 5504 3198 5575 ipsam,
3250 5506 3428 5562 Deum

1823 5593 2036 5660 vendit,
2074 5593 2462 5648 beatitudinem
2494 5609 2647 5649 suam
2679 5593 2863 5649 vendit
2901 5608 2913 5648 :
2952 5609 3060 5649 non
3093 5593 3238 5649 enim
3288 5595 3429 5653 bene

1823 5682 1900 5738 illi
1931 5690 2033 5750 est,
2064 5682 2168 5738 nisi
2200 5681 2456 5738 amando.
