3928 6422
512 343 615 398 627

509 554 579 608 ita
608 552 702 607 tibi
732 551 949 621 placent
977 548 1031 602 in
1092 548 1225 613 alio,
1260 562 1357 601 cur
1385 561 1494 601 non
1522 545 1576 599 in
1600 545 1782 599 animo
1811 552 1904 598 tuo
1930 542 2099 597 multo

508 641 721 695 dulcior
752 647 833 693 est
850 640 876 691 ?

580 728 682 797 Qui
715 727 810 781 dat
839 724 997 779 alicui
1030 723 1256 795 aliquid,
1289 722 1375 777 vel
1404 722 1530 793 quia
1556 721 1724 785 dedit,
1747 719 1833 775 vel
1856 719 1980 791 quia
2008 719 2101 771 da-

509 825 665 871 turus
695 824 780 869 est
810 813 1038 884 aliquid,
1072 828 1181 866 non
1213 811 1372 865 habet
1420 826 1452 865 a
1496 811 1611 864 Deo
1641 809 1866 881 gratiam
1892 825 1907 874 ;
1938 808 2015 862 sic
2045 814 2099 860 tu

506 906 573 959 de
604 920 738 975 pace
768 911 821 958 et
850 901 1159 956 dilectione.

578 992 634 1046 Si
666 1008 816 1061 amas
851 998 1058 1045 tantum
1079 1030 1091 1053 ,
1145 989 1188 1042 si
1219 988 1337 1058 ipso
1365 1002 1548 1041 amore
1579 984 1813 1058 cogeris,
1846 985 2094 1056 objurga,

504 1082 769 1146 verbera;
804 1079 848 1133 si
875 1079 1033 1133 aliter
1065 1076 1218 1140 facis,
1253 1076 1483 1145 teipsum
1515 1076 1867 1129 condemnas.
1904 1072 2099 1128 Omnia

505 1186 571 1224 eo
602 1169 783 1223 animo
812 1183 921 1238 quo
952 1166 1045 1220 libi
1076 1182 1108 1220 a
1140 1166 1255 1219 Deo
1286 1165 1367 1219 vis
1399 1162 1532 1227 ﬁeri,
1583 1162 1739 1217 facito
1786 1162 1924 1215 aliis.

583 1258 845 1313 Charitas
880 1256 978 1310 Dci
1020 1255 1225 1325 diffusa
1256 1257 1339 1308 est
1389 1255 1448 1308 in
1479 1251 1734 1306 cordibus
1764 1251 1973 1305 nostris
1999 1265 2099 1321 per

506 1348 781 1418 Spiritum
812 1347 1094 1408 sanctum,
1122 1342 1215 1412 qui
1241 1341 1409 1395 datus
1442 1344 1523 1395 est
1553 1339 1709 1393 nobis
1741 1340 1915 1407 (Rom.
1940 1353 1994 1403 v,
2018 1338 2093 1407 ὃ).

503 1431 580 1485 Tu
612 1438 791 1484 autem
838 1442 939 1482 nec
992 1426 1194 1489 Deum,
1243 1440 1346 1478 nec
1373 1423 1711 1495 proximum,
1744 1422 1846 1475 nisi
1874 1429 2099 1492 prOpter

506 1516 829 1587 temporalia
871 1513 1131 1569 beneﬁcia
1176 1512 1377 1584 diligis.
1428 1512 1533 1565 Per
1590 1509 1907 1580 temporalia
1963 1524 2097 1579 ergo

505 1605 824 1661 diffunditur
870 1604 925 1657 in
973 1611 1023 1657 te
1049 1645 1061 1668 ,
1112 1617 1221 1656 non
1268 1617 1365 1671 per
1396 1599 1653 1671 Spiritum
1689 1607 1955 1663 sanctum,
1988 1614 2095 1651 non

504 1703 585 1750 est
616 1693 853 1749 charitas
887 1708 1006 1761 quae
1035 1690 1108 1743 ita
1138 1688 1478 1749 diffunditur,
1525 1688 1621 1741 sed
1663 1686 1950 1757 cupiditas.

575 1784 719 1836 Ecce
764 1780 969 1834 nullum
1014 1778 1159 1832 aliud
1207 1786 1289 1830 est
1319 1776 1550 1831 cilicium
1599 1782 1748 1828 tuum
1793 1790 1957 1845 quam
1984 1782 2171 1861 eratB

504 1878 794 1941 antequam
845 1867 1000 1938 prior
1045 1864 1232 1920 ﬁeres.
1270 1864 1420 1919 Votis
1463 1863 1606 1918 enim
1654 1878 1719 1917 ac
1767 1863 2019 1932 precibus
2048 1871 2100 1917 et

507 1957 791 2013 affectibus
821 1956 1025 2026 agebas
1068 1953 1213 2026 quod
1243 1968 1386 2009 nunc
1417 1952 1572 2007 factis
1618 1966 1782 2022 agere
1806 1949 2096 2021 incoepisti,

503 2047 558 2101 id
588 2054 670 2101 est
698 2045 960 2116 prodesse
988 2042 1317 2097 hominibus.
1341 2042 1463 2095 Non
1494 2047 1673 2093 autem
1703 2038 1903 2092 debent
1933 2054 2097 2109 opera

503 2135 730 2190 allectus
776 2133 925 2203 ipsos
976 2117 1250 2195 minuere,
1302 2130 1401 2184 sed
1431 2127 1741 2183 incitatione
1764 2141 1989 2197 augere.

578 2224 634 2277 In
664 2236 991 2293 quacunque
1020 2235 1081 2273 re
1113 2218 1409 2274 castitatem
1441 2232 1575 2287 erga
1600 2216 1795 2281 Deum,
1827 2214 1883 2269 in
1907 2214 2096 2269 eadem

504 2311 711 2383 poteris
754 2309 917 2364 etiam
945 2322 1078 2378 erga
1107 2307 1405 2378 proximum
1437 2314 1585 2360 tuum
1609 2303 1872 2374 justitiam
1910 2311 2097 2358 custo-

505 2400 639 2461 dire.
674 2397 818 2469 quod
850 2395 909 2450 ﬁt
949 2411 1057 2450 non
1106 2394 1561 2466 concupiscendo.

576 2486 807 2543 Diﬁicile
841 2486 1069 2541 credunt
1116 2484 1365 2539 homines
1394 2498 1458 2538 ex
1502 2481 1763 2538 charitate
1811 2480 1923 2535 ﬁeri
1952 2480 2098 2552 quod

462 2572 469 2577 ’
503 2576 605 2632 sibi
636 2575 921 2633 molestum
960 2580 1060 2631 est.

940 2724 1333 2782 CAPITULUM
1364 2723 1560 2778 XVIII.

502 2855 577 2908 De
590 2854 845 2925 per/ccta
863 2851 1190 2925 angelorum
1208 2848 1430 2925 iustitia
1443 2889 1455 2912 ,
1471 2852 1524 2902 et
1535 2863 1657 2925 qum
1674 2847 1749 2925 sit
1772 2844 2096 2915 cii/Terentia

750 2924 908 2977 inter
918 2922 1213 2992 justitiam
1234 2921 1466 2974 illorum
1487 2922 1543 2973 ct
1570 2921 1851 2972 nostram.

571 3043 704 3097 Cum
739 3040 981 3114 qualibet
1009 3055 1070 3093 re
1101 3037 1345 3109 perfecte
1378 3036 1498 3109 quis
1530 3034 1726 3090 fruitur
1773 3034 1853 3088 sui
1874 3033 2093 3102 oblitus,

499 3148 559 3187 se
591 3129 744 3203 quasi
776 3128 1039 3183 derelicto
1087 3134 1139 3180 et
1168 3134 1478 3196 contempto
1510 3124 1677 3178 tendit
1706 3122 1759 3177 in
1790 3123 1966 3188 illam,
1995 3136 2097 3178 nec
2126 3157 2172 3218 Ο

499 3218 725 3274 attendit
751 3216 881 3289 quid
911 3216 963 3300 in
998 3231 1079 3281 se,
1114 3214 1211 3269 sed
1233 3213 1361 3285 quid
1392 3214 1446 3267 in
1477 3212 1568 3267 illa
1598 3220 1811 3285 agatur,
1844 3226 1946 3265 nec
1968 3226 2096 3282 qua-

498 3308 566 3362 lis
596 3307 711 3377 ipsc
733 3349 747 3372 ,
802 3304 899 3361 sed
917 3299 1109 3375 qualis
1139 3303 1254 3375 ipsa
1283 3302 1367 3357 sit.
1402 3302 1555 3373 Ergo
1584 3300 1765 3372 angeli
1816 3299 1989 3371 magis
2035 3315 2094 3354 se

500 3400 849 3452 contemnunt
897 3408 1056 3463 quam
1106 3407 1225 3446 nos.
1281 3392 1337 3445 In
1385 3391 1557 3445 Deum
1587 3390 1786 3461 quippe
1836 3396 1945 3443 toto
1974 3387 2095 3442 nisu

501 3484 824 3548 tendentes,
875 3482 1088 3553 seipsos
1134 3496 1257 3536 cum
1306 3479 1515 3535 caztcris
1558 3477 1823 3534 creaturis
1871 3485 1993 3548 post
2035 3493 2094 3533 se

497 3577 607 3623 tota
640 3566 938 3622 intentione
985 3564 1405 3635 derelinquunt;
1456 3578 1559 3618 nec
1599 3562 1785 3617 saltem
1816 3562 2093 3632 respicere

498 3673 621 3713 sese
649 3655 947 3728 dignantur
972 3696 983 3719 ,
1034 3652 1105 3707 ita
1150 3668 1209 3707 se
1238 3652 1376 3707 viles
1407 3651 1629 3706 ducunt.
1661 3651 1792 3704 Tota
1823 3666 1882 3704 se
1911 3650 2094 3721 utique

496 3752 680 3801 mente
728 3750 1179 3807 contemnentes,
1230 3740 1421 3811 suique
1451 3738 1634 3801 obliti,
1685 3737 1780 3792 toti
1828 3738 1897 3793 ad
1943 3738 2093 3792 illum

499 3833 721 3899 vadunt,
755 3846 856 3886 nec
887 3830 1015 3902 quid
1046 3837 1137 3883 aut
1158 3828 1345 3899 quales
1367 3827 1489 3898 ipsi,
1524 3826 1619 3881 sed
1651 3826 1767 3897 ipse
1798 3826 1884 3889 sit,
1922 3834 2095 3880 atten-

498 3921 650 3975 dunt.
701 3919 769 3973 Et
815 3926 1013 3990 quanto
1059 3933 1118 3971 se
1165 3916 1398 3987 amplius
1427 3922 1805 3979 contemnunt,
1857 3930 2024 3986 seque
2061 3929 2095 3968 a

499 4008 697 4079 seipsis
728 4014 1005 4071 avertunt,
1057 4005 1246 4077 suique
1274 4004 1690 4072 obliviscuntur,
1742 4011 1893 4058 tanto
1935 4002 2091 4057 simi-

498 4097 665 4152 liores
695 4095 764 4163 ei,
798 4103 850 4151 et
880 4095 1003 4149 ideo
1030 4094 1289 4148 meliores
1334 4092 1485 4147 ﬁunt.

570 4184 811 4258 Angelos
840 4182 985 4239 ducit
1016 4182 1262 4237 Christus
1311 4182 1363 4236 in
1413 4180 1722 4252 amplexum
1754 4179 1938 4251 sponsi
1967 4179 2049 4234 sui
2075 4199 2088 4245 ;

498 4290 599 4329 nos
630 4272 815 4328 avellit
844 4272 913 4326 ab
942 4271 1205 4336 adultero,
1242 4271 1295 4325 id
1339 4278 1422 4325 est
1451 4286 1483 4324 a
1512 4269 1734 4324 mundo.
1769 4269 1898 4324 Illos
1928 4268 2091 4324 fortes

498 4371 549 4416 et
581 4368 895 4417 constantes
942 4358 1104 4415 efﬁcit
1151 4360 1216 4413 ad
1266 4357 1553 4412 fruendum
1584 4373 1823 4427 sponso,
1874 4373 1974 4410 nos
2022 4356 2090 4410 ad

498 4450 796 4506 carendum
854 4448 1116 4514 adultero,
1150 4447 1203 4501 id
1254 4455 1333 4501 est
1381 4446 1603 4500 mundo.
1666 4445 1794 4499 Illos
1842 4452 1990 4499 tenet
2035 4444 2088 4499 in

1371 331 1710 390 GUIGONIS
1741 333 1763 387 I
1790 326 2199 388 CARTHUSIIE
2238 325 2532 384 MAIORIS
2568 323 2844 383 PRIORIS
2873 324 2939 379 ν.

581 464 637 519 Si
663 462 917 527 charitas,
970 470 1019 515 et
1072 459 1189 528 ejus
1221 458 1407 531 signa,
1459 457 1513 512 id
1542 464 1623 511 est
1655 455 1926 520 alacritas,
1960 462 2096 519 etc.,
2118 455 2174 513 Α

3699 318 3809 372 628

2711 517 3109 576 CAPITULUM
3139 516 3293 572 XIX.

2200 678 2275 731 De
2306 691 2435 730 vera
2465 677 2521 728 et
2540 672 2804 727 interiori
2832 671 3041 726 anima:
3054 665 3506 739 pulchritudine,
3530 669 3585 739 et
3608 664 3669 718 in
3693 680 3804 736 quo

2378 745 2648 800 consistat
2674 743 2857 796 omnis
2879 736 3123 795 hominis
3163 754 3291 792 vera
3317 736 3612 808 perfectio.
3668 782 3671 787 .

2268 885 2479 940 Nullam
2511 900 2628 939 rem
2658 882 2853 946 cernis,
2889 890 3023 953 quae‘
3038 895 3147 934 non
3176 879 3232 933 in
3260 893 3357 933 suo
3388 893 3589 949 genere
3632 882 3805 930 natu-

2198 974 2365 1029 ralem
2414 972 2705 1045 quamdam
2734 968 3192 1041 pulchritudinem
3222 966 3419 1020 babeat
3465 974 3631 1036 atque
3663 980 3800 1034 per-

2199 1062 2509 1117 fectionem.
2562 1059 2696 1128 Quae
2734 1074 2853 1114 cum
2884 1058 3038 1111 deest
3070 1056 3253 1125 aliquo
3299 1053 3579 1107 imminuta
3607 1052 3801 1116 modo,

2194 1150 2312 1218 jure
2343 1149 2436 1203 tibi
2470 1148 2737 1218 displicet,
2772 1155 2849 1214 ut,
2876 1144 3029 1200 verbi
3062 1142 3257 1216 gratia,
3282 1142 3325 1196 si
3354 1140 3630 1196 hominem
3659 1155 3806 1194 naso

2197 1244 2497 1293 truncatum
2528 1235 2794 1307 contingit
2822 1234 3029 1298 videre,
3062 1231 3238 1286 statim
3268 1230 3565 1301 improbas.
3618 1228 3807 1283 Sentis

2199 1326 2343 1380 enim
2374 1325 2503 1397 quid
2554 1324 2603 1379 ei
2635 1323 2778 1378 desit
2803 1322 2871 1377 ad
2901 1320 3290 1392 perfectionem
3335 1316 3638 1372 naturalem
3686 1317 3803 1370 hu-

2198 1428 2374 1468 manae
2421 1420 2666 1477 naturae;
2717 1411 2793 1466 ita
2821 1418 2903 1465 est
2930 1408 2987 1464 in
3015 1407 3266 1465 omnibus
3316 1406 3479 1461 rebus
3521 1420 3695 1476 usque
3727 1403 3803 1457 ad

2200 1501 2384 1557 folium
2415 1501 2604 1556 urtica:
2632 1498 2718 1554 vel
2745 1497 3029 1567 cujuslibet
3057 1495 3263 1551 herbae.
3304 1494 3438 1563 Quis
3465 1508 3599 1548 vero
3629 1499 3803 1561 neget

2198 1591 2493 1644 humanam
2521 1596 2757 1642 mentem
2786 1585 3089 1641 naturalem
3105 1583 3397 1656 quamdam
3427 1596 3492 1637 ac
3512 1580 3799 1652 pr0priam

2199 1679 2406 1734 habere
2459 1675 2917 1748 pulchritudinem
2967 1682 3127 1745 atque
3174 1670 3613 1743 perfectionem?
3660 1667 3802 1737 Quae

2199 1767 2384 1837 utique
2408 1807 2421 1833 ,
2474 1766 2527 1819 in
2578 1772 2838 1836 quantum
2868 1762 3020 1816 adest
3049 1761 3135 1826 ei,
3188 1759 3382 1814 merito
3421 1757 3799 1829 approbatur;

2198 1855 2253 1910 in
2303 1862 2564 1925 quantum
2611 1852 2802 1917 deest,
2846 1851 2993 1920 justo
3028 1849 3378 1919 vituperatur.
3414 1847 3581 1915 Hujus
3610 1845 3797 1915 itaque

2200 1941 2614 2012 pulchritudinis
2691 1948 2850 2010 atque
2923 1935 3273 2008 perfectionis
3350 1940 3608 2006 quantum
3686 1941 3798 1986 tua:

2198 2030 2367 2084 menti
2410 2029 2569 2096 desit,
2616 2027 2903 2097 adjuvante
2952 2027 3088 2088 Deo,
3122 2023 3429 2087 considera,
3482 2030 3645 2094 atque
3688 2021 3801 2077 hoc

2199 2118 2508 2190 improbare
2530 2132 2640 2174 non
2661 2132 2865 2172 cesses.
2889 2113 3024 2183 Quae
3054 2120 3133 2168 est
3156 2128 3289 2184 ergo
3310 2111 3565 2166 naturalis
3595 2110 3797 2165 anima:

2200 2206 2548 2279 pulchritudo
2570 2206 2597 2260 ?
2628 2206 2888 2260 Devotam
2921 2219 3042 2257 esse
3073 2217 3209 2274 erga
3237 2201 3430 2255 Deum.

2270 2315 2336 2367 Et
2366 2319 2625 2383 quantum
2645 2310 2673 2365 ?
2700 2311 2786 2365 Ea:
2809 2314 2922 2367 toto
2944 2309 3124 2373 corde,
3148 2312 3206 2363 et
3224 2323 3299 2363 ex
3332 2309 3450 2362 tota
3468 2305 3662 2360 anima
3684 2349 3696 2370 ,
3732 2309 3792 2360 et

2199 2419 2274 2458 ex
2310 2402 2565 2458 omnibus
2600 2400 2806 2454 viribus
2831 2400 2985 2467 (Luc.
3011 2411 3071 2461 Χ,
3094 2398 3205 2464 27).
3238 2395 3430 2449 Adhuc
3459 2392 3694 2464 pertinet
3721 2393 3797 2447 ad

2198 2490 2443 2545 eamdem
2472 2486 2925 2559 pulchritudinem
2951 2529 2964 2550 ,
3015 2484 3311 2555 benignam
3353 2498 3475 2538 esse
3505 2497 3636 2555 erga
3664 2497 3798 2551 pro-

2198 2579 2421 2634 ximum.
2454 2576 2728 2644 Quantum
2749 2576 2776 2629 ?
2806 2576 2991 2644 Usque
3020 2572 3088 2628 ad
3117 2580 3373 2628 mortem.
3415 2569 3571 2639 Quod
3603 2570 3650 2623 si
3690 2570 3799 2624 hoc

2197 2683 2306 2722 non
2351 2665 2542 2729 fueris,
2573 2665 2726 2744 cujus
2775 2664 2877 2718 erit
2905 2662 3211 2717 damnum?
3261 2660 3361 2715 Dei
3406 2659 3624 2731 quidem
3663 2658 3796 2712 nul-

2197 2756 2348 2821 lum;
2398 2753 2640 2824 proximi
2689 2752 2915 2807 fortasse
2964 2750 3220 2821 aliquod;
3268 2756 3418 2803 tuum
3462 2754 3642 2802 autem
3674 2746 3796 2800 sine

2197 2844 2363 2899 dubio
2394 2857 2684 2896 summum.
2708 2840 2953 2896 Naturali
2984 2839 3127 2894 enim
3149 2836 3545 2909 pulchritudine
3574 2850 3640 2890 ac
3669 2850 3797 2905 per-

2200 2932 2431 2988 fectione
2476 2929 2680 3000 privari
2706 2972 2720 2995 ,
2771 2928 2905 2983 nulli
2949 2927 3028 2982 rei
3057 2941 3167 2982 non
3197 2932 3373 2997 potest
3403 2940 3524 2980 esse
3556 2924 3796 2978 damno-

2198 3037 2338 3077 sum.
2388 3018 2523 3073 Nam
2557 3018 2602 3073 si
2633 3032 2757 3075 rosa
2787 3017 3011 3072 desistat
3037 3016 3231 3070 rubere
3252 3057 3265 3080 ,
3314 3013 3401 3069 vel
3448 3012 3619 3067 lilium
3649 3012 3794 3066 bene

2196 3111 2382 3176 olere,
2430 3107 2690 3162 damnum
2720 3106 2850 3161 mihi
2881 3104 3098 3176 quidem
3129 3102 3449 3159 nonnullum
3480 3116 3602 3155 esse
3632 3099 3794 3154 vide-

2196 3200 2334 3255 bitur
2370 3200 2675 3270 voluptates
2707 3192 3081 3264 hujuscemodi
3107 3191 3355 3265 diligenti
3382 3210 3397 3256 ;
3429 3190 3526 3245 sed
3556 3189 3636 3244 eis
3660 3229 3674 3255 ,
3735 3187 3793 3241 id

2196 3296 2306 3357 est,
2342 3305 2480 3345 rosae
2508 3286 2594 3342 vel
2623 3284 2735 3339 lilio
2756 3324 2770 3350 ,
2820 3282 2989 3338 multo
3020 3282 3196 3351 majus
3224 3278 3503 3350 multoque
3540 3275 3794 3333 infestius

2195 3377 2427 3433 naturali
2457 3392 2520 3431 ac
2548 3373 2769 3446 propria
2794 3370 3190 3443 pulchritudine
3219 3368 3466 3425 viduatis.

2266 3478 2563 3535 Rationalis
2584 3482 2847 3532 creatum
2865 3487 2998 3528 vera
3018 3470 3281 3542 perfectio
3311 3478 3412 3539 est,
3435 3484 3793 3540 unamquam-

2195 3585 2301 3641 que
2330 3584 2448 3623 rem
2492 3565 2625 3621 tanti
2674 3563 2917 3631 habere,
2968 3559 3154 3632 quanti
3199 3558 3445 3614 habenda
3485 3564 3592 3612 est.
3645 3556 3793 3611 Nam

2193 3656 2367 3728 pluris
2414 3656 2499 3711 vel
2530 3652 2759 3709 minoris
2787 3665 2909 3706 eam
2938 3649 3168 3714 habere,
3221 3663 3403 3703 errare
3454 3654 3555 3702 cst.
3616 3646 3792 3700 Porro

2194 3745 2373 3800 omnis
2420 3760 2510 3798 res
2557 3739 2875 3797 naturaliter
2920 3745 3015 3792 aut
3060 3752 3220 3807 supra
3250 3736 3423 3807 ipsam
3449 3779 3461 3800 ,
3514 3742 3607 3790 aut
3637 3734 3792 3802 juxta

2194 3833 2390 3905 ipsam,
2424 3839 2514 3886 aut
2535 3829 2679 3885 infra
2705 3835 2806 3883 est.
2836 3827 3041 3897 Supra,
3064 3826 3249 3891 Deus;
3275 3825 3441 3894 justa,
3474 3823 3789 3895 proximus;

2193 3921 2349 3987 infra,
2373 3929 2593 3977 cetera.
2624 3920 2799 3974 Deum
2819 3916 3004 3986 itaque
3032 3914 3165 3968 tanti
3186 3913 3348 3968 debet
3368 3912 3571 3967 habere
3602 3909 3795 3982 quanti

2193 4009 2478 4065 habendus
2506 4015 2606 4063 est.
2640 4005 2791 4060 Tanti
2815 4018 2947 4059 vero
2976 4001 3261 4057 habendus
3290 4009 3390 4067 est,
3417 4009 3651 4073 quantus
3680 4014 3786 4060 est.

2192 4097 2350 4153 Tanti
2375 4104 2555 4151 autem
2584 4100 2815 4167 quantus
2844 4099 2925 4148 est
2943 4131 2960 4161 ,
2991 4090 3193 4144 habere
3222 4105 3345 4144 eum
3377 4105 3537 4145 nemo
3568 4092 3786 4161 poterit,

2193 4185 2299 4239 nisi
2328 4193 2561 4256 quantus
2591 4190 2672 4238 est
2702 4180 2939 4236 noverit.
2978 4178 3085 4234 Sed
3114 4185 3347 4250 quantus
3376 4178 3476 4244 sit,
3527 4193 3633 4234 non
3682 4180 3789 4236 nisi

2193 4290 2222 4328 a
2254 4273 2434 4344 seipso
2464 4271 2616 4327 nosci
2644 4270 2845 4342 poterit
2880 4267 3140 4339 perfecte.
3190 4265 3463 4334 Quantum
3508 4267 3650 4322 enim
3681 4284 3787 4324 no-

2193 4369 2364 4417 stram
2394 4362 2511 4430 ejus
2542 4358 2807 4427 essentia,
2841 4364 3048 4412 tantum
3076 4362 3315 4411 nostram
3364 4357 3480 4425 ejus
3509 4356 3578 4411 de
3605 4357 3788 4428 seipso

2192 4451 2357 4507 vincit
2386 4450 2577 4505 notitia
2600 4491 2613 4505 .
2664 4447 2819 4503 Unde
2862 4445 3001 4501 sicut
3030 4444 3280 4500 essentia;
3309 4444 3425 4513 ejus
3451 4452 3639 4500 nostra
3667 4446 3786 4501 col-

496 4538 679 4610 specie
712 4554 807 4593 seu
835 4554 915 4605 re,
948 4551 1049 4591 nos
1079 4536 1132 4590 in
1163 4535 1269 4590 ﬁde
1296 4543 1348 4589 et
1378 4551 1493 4604 spe.
1529 4534 1637 4587 Illis
1668 4533 1968 4603 perfectum
2003 4534 2093 4587 dat
2112 4515 2164 4576 Ῑ)
2193 4540 2323 4605 lata,
2355 4538 2486 4593 nihil
2518 4546 2640 4603 est;
2673 4536 2749 4591 ita
2777 4535 2978 4591 notitiae
3008 4534 3123 4603 ejus
3142 4535 3212 4589 de
3232 4549 3311 4596 se,
3344 4534 3391 4589 si
3420 4543 3607 4590 nostra
3629 4550 3786 4592 com-

498 4627 759 4699 gaudium
780 4626 833 4680 in
856 4641 985 4680 vera
1007 4624 1357 4691 beatitudine,
1380 4623 1538 4677 nobis
1564 4621 1905 4677 tolerantiam
1925 4621 1980 4676 in
2000 4621 2092 4675 tri-

498 4715 793 4769 hulatione.
828 4713 958 4778 Illis,
995 4713 1202 4767 beatam
1235 4711 1418 4775 vitam,
1451 4710 1609 4765 nobis
1638 4718 1832 4773 autem,
1865 4718 1923 4764 ut
1952 4709 2101 4763 mul«

496 4813 627 4870 tum,
677 4802 973 4873 pretiosam
1021 4808 1275 4855 mortem.
1322 4799 1463 4864 Illis,
1510 4798 1695 4854 vivere
1725 4798 1857 4865 sibi,
1904 4798 1957 4852 id
1987 4805 2089 4866 est,

497 4892 652 4956 Deo;
682 4890 874 4957 nobis,
924 4889 1063 4944 mori
1108 4888 1334 4943 mundo.
1383 4887 1523 4955 Illis,
1570 4886 1815 4959 gaudere
1862 4885 1932 4940 de
1981 4885 2093 4941 suis

496 4978 695 5045 bonis;
743 4977 934 5045 nobis,
985 4976 1176 5033 dolere
1220 4975 1290 5031 de
1335 4974 1538 5032 nostris
1584 4975 1768 5029 malis.
1806 4973 1939 5040 Illis,
1970 4973 2094 5029 Iazta

496 5066 701 5132 corda;
733 5065 913 5132 nobis,
944 5064 1197 5121 contrita.
1230 5063 1364 5130 Illis,
1383 5062 1678 5133 justitiam;
1711 5061 1889 5128 nobis,
1912 5061 2094 5132 poeni-

497 5154 744 5211 tentiam.
774 5154 905 5218 Illis,
935 5152 1132 5218 ﬁnem;
1166 5151 1344 5218 nobis,
1376 5151 1583 5206 initium
1613 5150 1761 5206 boni.
1795 5149 2093 5206 Conﬁden-

495 5252 578 5299 ter
601 5243 727 5312 juro
775 5242 1006 5315 angelos
1035 5240 1244 5296 nullum
1293 5256 1326 5295 a
1374 5241 1491 5295 Deo
1539 5239 1851 5309 percepisse
1897 5254 2093 5292 munus

494 5332 808 5401 majusaut
856 5329 1107 5401 dignius,
1159 5328 1428 5400 pretiosus
1476 5328 1591 5382 sive
1623 5327 1837 5394 utilius,
1889 5334 1942 5381 et
1969 5326 2093 5380 ideo

494 5420 812 5491 optabilius,
843 5435 945 5474 nec
974 5417 1282 5488 pulchrius,
1312 5416 1587 5472 charitate.
1636 5414 1770 5483 Quis
1798 5414 1902 5470 hoc
1930 5414 2092 5468 intel-

493 5508 626 5579 ligat
654 5515 745 5561 aut
774 5505 1010 5562 credat?
1056 5507 1201 5560 Deus
1248 5504 1392 5559 enim
1440 5504 1694 5559 charitas
1740 5506 1842 5557 cst.
1873 5503 1937 5558 Et
1968 5502 2092 5556 ideo

494 5596 588 5667 qui
629 5596 806 5664 majus
851 5593 1053 5665 aliquid
1099 5600 1189 5647 aut
1238 5592 1432 5647 melius
1462 5591 1727 5646 charitate
1763 5591 1955 5655 habet,
1989 5590 2092 5644 ali-

490 5683 622 5754 quid
656 5683 829 5751 majus
857 5689 947 5736 aut
975 5680 1174 5735 melius
1205 5681 1321 5735 Deo
1360 5679 1536 5735 habet.

2191 4637 2444 4699 paretur,
2493 4625 2704 4682 caecitas
2733 4633 2787 4680 et
2815 4623 3115 4696 ignorantia
3144 4630 3247 4678 est.
3292 4622 3419 4677 Sola
3462 4622 3629 4695 igitur
3672 4625 3788 4693 ejus

2193 4717 2262 4772 de
2292 4732 2350 4770 se
2379 4714 2641 4787 perfecta,
2664 4730 2726 4768 ac
2755 4712 2860 4767 sibi
2888 4710 3113 4782 aequalis
3143 4710 3326 4766 notitia
3358 4719 3460 4765 est.
3485 4712 3641 4767 Unde
3670 4713 3786 4768 Do-

2194 4804 2371 4859 minus
2398 4818 2410 4857 :
2437 4804 2604 4859 Nemo
2635 4803 2788 4858 novit
2809 4803 3041 4856 Patrem
3070 4801 3187 4855 nisi
3210 4800 3388 4855 Filius
3426 4800 3648 4867 (Matth.
3699 4816 3779 4869 xx,

2189 4892 2304 4963 2'7).
2339 4890 2485 4947 Sicut
2516 4905 2650 4963 ergo
2674 4889 2791 4945 sola
2822 4889 2938 4958 ejus
2965 4887 3036 4943 de
3066 4903 3125 4942 se
3175 4886 3277 4941 sibi
3323 4885 3561 4957 perfecta
3590 4887 3785 4961 cogni-

2193 4979 2268 5035 tio
2293 4998 2309 5046 ;
2340 4980 2413 5034 ita
2442 4977 2558 5035 sola
2579 4978 2698 5047 ejus
2723 4978 2793 5033 de
2824 4993 2884 5032 se
2913 4974 3140 5047 aequalis
3169 4984 3222 5030 et
3242 4991 3342 5046 par
3371 4982 3453 5031 est
3484 4991 3549 5031 ex
3580 4983 3691 5031 toto
3709 4976 3795 5031 di-

2191 5067 2372 5123 lectio.
2407 5066 2568 5123 Solus
2600 5065 2802 5137 quippe
2826 5108 2841 5131 ,
2894 5080 2955 5120 se
2982 5063 3109 5136 quia
3134 5062 3378 5134 perfecte
3426 5071 3661 5137 quantus
3707 5072 3792 5120 est

2190 5154 2358 5219 novit,
2390 5153 2632 5225 perfecte
2662 5161 2897 5224 quantus
2929 5161 3011 5207 est
3059 5151 3255 5223 diligit.

2263 5242 2399 5298 Redi
2429 5258 2570 5297 nunc
2621 5242 2691 5297 ad
2720 5241 2868 5295 illam
2896 5239 3267 5295 deﬁnitionem
3299 5255 3459 5311 quam
3506 5240 3560 5294 in
3590 5239 3787 5310 princi-

2190 5331 2283 5402 pio
2331 5330 2510 5401 posui.
2561 5329 2817 5384 Subtilius
2860 5328 3002 5383 enim
3047 5328 3290 5399 inspecta
3317 5370 3329 5394 ,
3379 5343 3486 5383 non
3536 5329 3789 5384 rationali

2190 5426 2485 5486 creaturis,
2535 5418 2633 5472 sed
2674 5425 2877 5472 tantum
2925 5418 3041 5472 Deo
3090 5416 3383 5472 convenire
3434 5417 3791 5474 convincitur.

2191 5508 2333 5563 Nam
2361 5513 2419 5560 ut
2445 5514 2640 5562 caetera
2670 5513 2949 5560 taceantur
2969 5548 2981 5570 ,
3033 5504 3270 5574 seipsum
3293 5546 3307 5569 ,
3344 5504 3482 5560 sicut
3512 5513 3789 5561 ostensum

2191 5603 2295 5660 est,
2329 5610 2441 5649 non
2484 5594 2588 5647 nisi
2613 5593 2846 5663 ipsemet
2876 5601 3081 5647 tantum
3113 5608 3179 5647 ex
3210 5600 3320 5647 toto
3349 5602 3584 5664 quantus
3631 5603 3712 5649 est
3739 5604 3793 5650 et

2192 5683 2361 5745 novit,
2394 5690 2448 5736 et
2477 5680 2672 5751 diligit.
2707 5681 2840 5750 Quae
2869 5696 3005 5753 ergo
3048 5688 3312 5737 creaturae
3356 5681 3633 5737 rationalis
3661 5699 3787 5755 per-
