3928 6412
147 349 253 402 629

1537 334 2084 392 MEDITATIONES.

3367 327 3470 378 G30

151 469 317 525 fectio
345 467 474 524 est?
503 468 579 522 Ea
609 465 812 521 scilicet
842 473 901 519 ut
929 465 1110 520 omnia
1155 474 1206 521 et
1259 465 1555 536 superiora,
1588 465 1642 520 id
1673 469 1756 515 est
1779 459 1826 519 A
1855 458 2036 513 nullus
2066 458 2168 510 nisi
2201 471 2234 510 a
2255 457 2388 510 Deo.
2416 454 2530 508 Nec
2561 453 2664 507 erit
2694 459 2996 524 peccatum,
3044 450 3098 506 id
3129 458 3213 505 est
3242 466 3465 521 perver-

152 559 348 621 Deum,
382 564 436 610 et
467 554 718 626 zequalia,
752 553 806 607 id
838 560 920 608 est
957 553 1280 624 proximum,
1315 561 1368 608 et
1399 552 1670 620 inferiora,
1707 551 1759 605 id

150 655 236 700 est
264 644 487 714 spiritus
539 644 743 707 brutos,
787 651 916 706 etc.,
970 641 1101 695 tanti
1146 642 1367 707 habeat,
1401 641 1584 713 quanti
1616 657 1647 695 a
1676 657 1756 702 se,

151 734 206 788 id
255 741 336 788 est
382 748 415 787 a
455 739 700 788 creatura
756 729 1007 793 rationali
1058 729 1310 784 habenda
1369 738 1512 784 sunt.
1563 729 1760 798 Quanti

147 830 333 877 autem
363 820 618 876 habenda
648 819 773 885 sint,
798 819 878 874 sic
907 818 1127 888 collige.
1152 818 1268 872 Deo
1297 818 1429 872 nihil
1453 818 1755 887 prmfertur,

148 911 284 964 nihil
313 917 581 980 aequatur,
631 908 763 961 nihil
795 924 896 978 pro
928 907 1139 970 media,
1174 906 1308 960 nihil
1339 923 1436 976 pro
1467 907 1639 971 tertia,
1673 905 1759 960 vel

149 1016 250 1069 pro
294 1006 712 1070 quantacunque
757 1012 931 1067 usque
965 995 1018 1049 in
1050 993 1315 1049 infinitum
1347 1003 1500 1065 parte
1531 1009 1757 1064 compa-

151 1096 320 1141 ratur.
354 1085 500 1141 Nihil
547 1101 682 1154 ergo
723 1084 912 1154 pluris,
964 1083 1097 1137 nihil
1143 1083 1299 1151 tanti,
1334 1083 1466 1136 nihil
1500 1098 1602 1153 pro
1635 1099 1756 1136 me-

149 1176 260 1241 dia,
293 1175 380 1230 vel
410 1190 511 1244 pro
539 1180 956 1245 quantacunque
988 1172 1041 1226 in
1066 1170 1336 1226 infinitum
1357 1180 1508 1242 parte
1533 1172 1751 1225 habeat.

149 1264 298 1318 Nihil
331 1263 474 1333 plus,
509 1262 640 1316 nihil
691 1270 914 1326 tantum,
968 1261 1103 1314 nihil
1144 1277 1242 1331 pro
1296 1261 1475 1332 aliqua
1505 1268 1657 1331 parte
1689 1259 1757 1314 ad

149 1352 616 1422 comparationem
659 1350 801 1404 illius
843 1349 1050 1420 diligat.
1103 1350 1242 1404 Hinc
1288 1348 1406 1419 ipse
1441 1349 1706 1404 Dominus
1741 1367 1753 1402 :

145 1443 355 1511 Diliges
378 1441 681 1496 Dominum
693 1442 869 1494 Deum
890 1443 1054 1494 tuum
1067 1455 1140 1494 ex
1157 1441 1267 1493 toto
1285 1438 1448 1492 corde
1467 1441 1584 1502 tuo,
1605 1441 1659 1492 et
1679 1454 1754 1492 ex

148 1534 269 1584 tota
290 1531 487 1583 anima
502 1532 601 1582 tua
624 1532 764 1583 ctex
776 1527 1035 1582 omnibus
1049 1527 1258 1580 viribus
1277 1527 1408 1590 tuis,
1426 1530 1480 1580 et
1501 1543 1574 1580 ex
1587 1527 1739 1580 omni

141 1621 336 1672 mente
359 1621 458 1672 tua
483 1618 636 1685 (Luc.
669 1631 727 1682 x,
748 1619 861 1685 27),
881 1617 984 1670 hoc
1015 1622 1116 1681 est,
1141 1613 1273 1667 nihil
1294 1613 1438 1668 aliud
1467 1614 1533 1668 ad
1565 1614 1748 1669 fruen-

141 1708 292 1772 dum,
319 1705 388 1758 ad
420 1703 762 1758 innitendum
793 1703 1014 1775 diligas.
1048 1703 1230 1757 Habes
1261 1703 1328 1757 de
1360 1702 1751 1772 superioribus.

142 1793 402 1865 Equales
432 1800 610 1847 autem
655 1792 988 1858 naturaliter,
1037 1791 1092 1846 id
1123 1799 1203 1846 est
1251 1799 1513 1861 quantum
1543 1789 1612 1844 ad
1643 1806 1745 1844 na-
1766 1816 1818 1876 B

141 1891 318 1937 turam
349 1881 561 1944 attinet,
616 1889 742 1934 sunt
787 1896 977 1935 omnes
1026 1880 1294 1934 homines.
1331 1878 1539 1934 Omnes
1566 1879 1746 1950 itaque

141 1971 270 2024 tanti
301 1970 508 2024 habere
552 1969 734 2033 debet,
783 1969 969 2040 quanti
1017 1984 1095 2022 se.
1130 1967 1280 2038 Ergo
1312 1968 1448 2022 sicut
1478 1968 1546 2022 de
1577 1984 1744 2036 supe-

140 2059 402 2124 rioribus,
445 2059 500 2112 id
530 2066 610 2112 est
637 2057 704 2112 de
737 2059 852 2112 Deo
899 2057 952 2110 in
992 2057 1282 2112 dilectione
1322 2072 1422 2110 nec
1461 2054 1741 2126 praeferre,

140 2164 241 2204 nec
269 2162 513 2219 mquare,
547 2162 649 2201 nec
679 2146 787 2200 ulla
815 2146 977 2200 debet
1009 2161 1072 2199 ex
1101 2154 1261 2216 parte
1292 2160 1629 2214 comparare,
1670 2144 1739 2198 ita

140 2251 239 2292 nec
280 2235 442 2290 saluti
485 2234 770 2303 cujuslibet
799 2234 1050 2299 hominis,
1087 2241 1138 2287 et
1168 2232 1431 2304 quidquid
1461 2249 1561 2303 pro
1592 2249 1741 2288 sem-

138 2327 344 2397 piterna
378 2339 479 2378 sua
507 2323 682 2378 salute
715 2323 897 2378 facere
926 2322 1013 2377 vel
1040 2322 1148 2392 pati
1179 2322 1362 2387 debet,
1394 2322 1629 2391 idipsum
1661 2329 1744 2375 to-

139 2424 248 2468 tum
281 2413 470 2468 facere
500 2412 585 2466 vel
617 2411 724 2482 pati
756 2412 919 2466 debet
946 2426 1044 2481 pro
1075 2411 1403 2480 sempiterna
1436 2411 1607 2464 salute
1641 2427 1740 2465 cu-

137 2502 365 2572 juslibet
414 2500 668 2555 hominis.
719 2501 854 2554 Hinc
896 2500 1040 2554 enim
1089 2499 1163 2553 ait
1193 2498 1454 2553 Dominus
1487 2516 1498 2551 :
1534 2501 1740 2570 Diliges

140 2591 473 2662 proximum
521 2591 668 2644 sicut
725 2589 987 2659 teipsum.
1042 2588 1225 2642 Habes
1272 2588 1340 2641 de
1387 2587 1602 2641 mediis.
1656 2588 1742 2640 In-

137 2679 332 2734 feriora
363 2693 498 2733 vero
528 2685 652 2731 sunt
680 2693 1017 2749 quaecunque
1048 2684 1172 2746 post
1203 2676 1448 2746 spiritum
1493 2675 1736 2730 rationa-

136 2768 239 2823 lem
275 2774 424 2833 sunt,
452 2767 506 2821 id
528 2774 609 2821 est
627 2765 896 2820 sensualis
917 2765 1045 2834 vita,
1071 2765 1375 2820 communis
1415 2779 1538 2820 cum
1574 2780 1736 2835 peco-

136 2858 305 2922 ribus,
327 2864 383 2911 et
399 2871 528 2926 .qua:
549 2863 764 2926 vegetat
797 2870 1018 2925 corpus,
1059 2854 1364 2910 communis
1399 2869 1521 2908 cum
1549 2853 1735 2908 herbis

134 2955 184 3002 et
215 2945 506 3000 arboribus
528 2987 542 3010 ,
595 2952 646 2998 et
672 2943 976 2998 substantia
1005 2942 1250 3012 corporis
1292 2957 1414 2997 cum
1444 2941 1633 2997 formis
1683 2947 1734 2996 et

135 3033 502 3106 qualitatibus,
557 3046 681 3088 cum
726 3031 958 3087 metallis
997 3032 1302 3087 communis
1349 3038 1399 3086 et
1440 3031 1728 3101 lapidibus.

137 3123 281 3178 Sicut
309 3122 491 3193 itaque
523 3119 655 3174 nihil
702 3120 824 3191 plus
868 3135 1031 3191 quam
1082 3119 1382 3191 superiora,
1427 3119 1559 3173 nihil
1605 3127 1730 3173 tan-

1861 547 1992 601 sitas
2022 545 2335 609 voluntatis,
2371 557 2471 597 nec
2499 557 2660 612 pmna
2708 541 2934 612 peccati,
2983 539 3258 610 corruptio
3307 539 3464 593 vide-

1860 635 1986 690 licet
2014 642 2066 689 et
2098 634 2316 688 dolores
2347 639 2399 686 et
2429 632 2674 684 interitus
2705 629 2907 684 carnis.
2942 629 3103 682 Nuda
3148 645 3324 692 mens,
3359 644 3465 682 nu-

1859 725 1944 778 dae
1984 721 2285 777 adhmrebit
2331 719 2560 782 veritati,
2613 719 2774 772 nullis
2825 710 3039 782 verbis,
3079 716 3242 770 nullis
3284 731 3466 772 sacra-

1860 811 2076 879 mentis,
2108 810 2269 864 nullis
2301 806 2764 873 similitudinibus,
2801 815 2858 860 ut
2885 807 2954 860 ad
3003 821 3125 860 eam
3159 805 3464 876 perveniat,

1858 900 2129 970 indigens,
2163 907 2252 952 aut
2284 897 2566 968 exemplis.
2604 896 2680 949 lbi
2703 895 2847 950 enim
2869 912 2982 952 non
3007 894 3224 949 docebit
3247 896 3334 950 vir
3348 898 3464 965 fra-

1861 993 2005 1043 trem
2037 1005 2221 1052 suum,
2268 988 2506 1042 dicens:
2543 986 2809 1056 Cognosce
2874 984 3197 1038 Dominum.
3260 986 3461 1039 Omnes

1859 1079 2013 1132 enim
2046 1094 2078 1131 a
2100 1079 2315 1132 minore
2335 1092 2506 1146 usque
2529 1075 2600 1128 ad
2621 1075 2944 1128 maximum
2981 1075 3164 1127 scient
3189 1089 3293 1136 me,
3318 1073 3459 1127 dicit

1859 1166 2131 1220 Dominus
2146 1167 2276 1236 (Jer.
2303 1179 2466 1219 xxxx.
2495 1165 2620 1232 3i);
2651 1176 2984 1218 namomnes
3005 1165 3176 1217 erunt
3200 1161 3460 1217 docibiles

1858 1256 1955 1309 Dei
1988 1255 2174 1324 (Joan.
2219 1269 2295 1320 ,
2352 1254 2458 1322 43).

2354 1428 2750 1485 CAPITULUM
2781 1428 2907 1484 XX.

1859 1581 1932 1636 De
1962 1582 2362 1663 incarnatione
2399 1580 2570 1648 Verbi,
2607 1578 3161 1663 etquemadmodurn
3190 1580 3457 1663 inIseipso

1926 1652 2514 1777 ntobisperfectionem
2531 1650 2864 1724 prcedz'ctam
2874 1651 3204 1722 plenissime
3227 1650 3456 1706 demon-

1928 1739 1954 1777 s
1986 1739 2101 1778 ram
2143 1765 2157 1778 .

1929 1883 2038 1936 Has
2069 1882 2291 1938 virtutes
2323 1898 2420 1936 seu
2444 1880 2665 1948 iustitiae
2696 1879 2871 1934 lineas
2899 1879 3062 1933 etiam
3093 1894 3234 1934 nunc
3265 1879 3319 1932 in
3351 1881 3453 1935 hac

1845 1975 2062 2030 mortali
2091 1973 2220 2037 vita,
2257 1971 2301 2024 si
2323 1970 2478 2024 valde
2503 1969 2708 2023 munda
2728 1976 2872 2022 esset
2903 1967 3102 2032 anima,
3129 1983 3226 2037 per
3247 1977 3453 2022 semet-

1847 2066 2025 2136 ipsam
2053 2063 2109 2117 in
2141 2061 2259 2131 ipsa
2287 2059 2516 2114 veritate
2546 2065 2703 2128 atque
2751 2056 3011 2127 sapientia
3060 2056 3159 2110 Dei
3208 2056 3442 2112 videret.

1842 2154 2065 2207 Videret
2097 2150 2262 2204 etiam
2293 2164 2401 2202 non
2435 2146 2611 2202 solum
2641 2162 2719 2211 se,
2755 2145 2809 2200 id
2841 2153 2924 2200 est
2973 2144 3210 2199 animam
3255 2147 3450 2200 huma-

1842 2257 1969 2296 nam
2019 2237 2380 2294 immortalem
2421 2243 2584 2306 atque
2623 2242 2887 2290 aeternam
2933 2233 3048 2288 fore
3075 2275 3088 2299 ,
3139 2234 3238 2288 sed
3286 2235 3450 2288 etiam

1841 2345 2062 2385 carnem
2093 2343 2250 2381 suam
2281 2327 2442 2380 talem
2473 2325 2526 2378 in
2570 2322 2974 2379 resurrectione
3021 2320 3274 2377 futuram.
3307 2323 3447 2377 Nam

1841 2427 1895 2473 et
1923 2417 2174 2473 eamdem
2219 2413 2676 2470 resurrectionem
2721 2411 2960 2476 ibidem,
3023 2411 3076 2464 id
3119 2419 3202 2465 est
3249 2410 3302 2465 in
3348 2412 3447 2466 Dei

1841 2507 2018 2561 Verbo
2051 2514 2102 2560 et
2134 2502 2435 2574 Sapientia,
2471 2501 2620 2557 clare
2650 2500 3011 2570 conspiceret,
3047 2499 3142 2552 sed
3173 2499 3299 2570 quia
3327 2500 3446 2555 haec

1839 2610 1949 2649 non
2003 2601 2216 2664 poterat
2266 2599 2492 2662 propter
2535 2587 2929 2644 immunditiam
2973 2603 3150 2654 suam,
3183 2587 3324 2642 adita
3356 2596 3440 2642 est

1839 2683 2021 2738 Verbo
2052 2697 2208 2736 mens
2246 2681 2504 2746 humana,
2557 2693 2677 2749 qua
2705 2677 2882 2747 ipsum
2930 2676 3029 2731 Dei
3060 2675 3298 2730 Verbum
3327 2677 3444 2747 ple-

1837 2772 2061 2826 nissime
2110 2769 2430 2839 suscipiens,
2483 2767 2640 2838 eique
2671 2765 2892 2820 omnino
2941 2764 3235 2820 conformis
3279 2772 3442 2837 atque

1834 2859 2154 2925 consimilis,
2188 2846 2362 2928 eoque
2393 2855 2511 2910 solo
2539 2863 2651 2910 tota
2679 2862 2731 2909 et
2759 2870 2824 2908 ex
2855 2861 2965 2908 toto
2995 2854 3280 2923 impressa.
3315 2854 3439 2908 Sic-

1833 2956 1891 3002 ut
1921 2948 2179 3019 scriptum
2211 2955 2292 3001 est
2327 2961 2338 2998 :
2373 2947 2524 3000 Pone
2555 2960 2643 2999 me
2686 2945 2834 2998 sicut
2883 2943 3242 3014 signaculum
3271 2959 3443 3014 super

1832 3055 1929 3094 cor
1958 3041 2121 3092 tuum
2152 3034 2342 3105 (Cant.
2368 3048 2484 3099 vm,
2511 3033 2586 3101 6).
2609 3033 2668 3086 In
2692 3030 3005 3102 ejusitaque
3028 3030 3437 3086 similitudinem

1832 3133 1944 3181 tota
1971 3125 2208 3188 redacta,
2243 3123 2380 3179 sicut
2410 3122 2481 3177 ad
2521 3120 2686 3193 sigilli
2733 3119 3141 3175 similitudinem
3186 3135 3316 3176 cera
3345 3136 3436 3176 re-

135 3219 244 3266 tum
273 3211 330 3266 in
359 3209 766 3280 comparatione
796 3225 985 3264 eorum
1016 3209 1176 3264 debet
1207 3208 1457 3280 diligere,
1494 3208 1567 3262 ita
1596 3207 1729 3262 nihil
1831 3215 2055 3287 digitm,
2089 3214 2269 3284 ipsum
2299 3211 2459 3266 nobis
2488 3210 2544 3265 in
2570 3179 2756 3280 gcipsa
2802 3208 3099 3264 videndum
3129 3208 3437 3265 sciendum.

134 3299 356 3355 minoris
404 3314 569 3370 quam
616 3297 887 3363 inferiora,
937 3297 1074 3352 nihil
1121 3304 1227 3350 tam
1287 3296 1459 3367 parvi,
1511 3296 1642 3350 nihil
1673 3297 1730 3350 in

133 3387 538 3459 comparatione
586 3401 791 3451 eorum,
841 3401 943 3456 pro
990 3393 1406 3457 quantacunque
1459 3401 1630 3456 usque
1673 3385 1725 3439 in

133 3477 396 3532 infinitum
439 3483 613 3547 parte,
647 3475 752 3531 vile
780 3475 946 3530 debet
974 3475 1197 3530 habere.
1229 3475 1298 3528 Et
1335 3475 1440 3530 hoc
1469 3481 1550 3528 est
1581 3475 1727 3544 quod

132 3565 392 3637 scriptum
423 3573 507 3620 est
535 3582 547 3618 :
579 3565 760 3619 Nolite
790 3564 1022 3636 diligere
1051 3564 1352 3628 mundum,
1378 3579 1481 3618 nec
1512 3579 1577 3618 ea
1606 3580 1728 3635 qua:

133 3657 190 3710 in
219 3655 434 3711 mundo
473 3656 610 3710 sunt
636 3653 686 3722 (
709 3654 871 3710 .
903 3668 960 3718 It,
997 3654 1106 3721 15).
1141 3651 1321 3707 Habes
1351 3651 1419 3706 de
1450 3650 1724 3706 infcriori-

130 3744 246 3798 bus.
279 3743 514 3798 Habebit
545 3742 724 3814 itaque
764 3741 886 3796 talis
918 3741 1202 3812 superiora
1232 3740 1512 3814 gaudium,
1535 3755 1724 3812 aequa

126 3833 193 3886 lia
222 3832 291 3887 ad
317 3831 678 3896 consortium,
722 3829 986 3885 inferiora
1027 3829 1098 3884 ad
1130 3829 1435 3884 servitium.
1485 3829 1724 3884 Devotus

127 3921 226 3976 erit
253 3920 323 3976 ad
352 3922 548 3984 Deum,
601 3918 870 3990 benignus
917 3918 986 3972 ad
1028 3917 1356 3989 proximum,
1405 3918 1622 3972 sobrius
1655 3919 1723 3972 ad

126 4009 404 4075 mundum,
458 4007 557 4063 Dei
607 4024 820 4074 servus,
871 4006 1109 4061 hominis
1152 4007 1349 4072 socius,
1399 4006 1586 4061 mundi
1619 4007 1722 4062 do~

128 4099 340 4166 minus;
371 4097 474 4152 sub
517 4096 631 4151 Deo
678 4096 1024 4166 constitutus,
1076 4112 1207 4169 erga
1254 4095 1559 4166 proximum
1612 4111 1721 4151 non

127 4188 311 4253 elatus,
353 4185 558 4242 mundo
599 4201 707 4240 non
753 4185 1038 4252 subditus;
1075 4185 1333 4255 redigens
1368 4183 1621 4239 inferiora
1651 4185 1722 4239 ad

123 4277 405 4331 utilitatem
454 4273 777 4342 mediorum,
830 4273 1008 4330 media
1061 4273 1130 4328 ad
1171 4275 1437 4328 honorem
1469 4273 1720 4343 superio-

123 4381 276 4432 rum;
308 4379 412 4420 nec
450 4362 664 4433 impius,
706 4377 809 4418 nec
850 4362 1227 4433 blasphemus,
1269 4377 1373 4418 nec
1419 4362 1720 4432 sacrilegus

126 4454 193 4510 ad
214 4453 524 4525 superiora,
571 4467 671 4507 nec
702 4451 898 4517 elatus,
950 4467 1053 4507 nec
1102 4451 1334 4516 invidus,
1372 4466 1475 4506 nec
1504 4450 1719 4506 iracun-

1829 3320 1934 3376 que
1965 3303 2268 3359 exhiberet.
2303 3300 2410 3358 Sed
2440 3315 2542 3355 nos
2569 3300 2645 3354 ita
2675 3298 2806 3354 caeci
2853 3314 3066 3353 eramus
3113 3306 3172 3352 ut
3199 3314 3309 3354 non
3338 3314 3434 3354 so-

1827 3391 1941 3446 lum
1972 3392 2073 3446 Dei
2103 3391 2360 3454 Verbum,
2396 3389 2494 3444 sed
2523 3403 2626 3443 nec
2657 3389 2951 3443 humanam
2980 3388 3216 3444 animam
3245 3387 3434 3445 videre

1827 3497 2138 3552 possemus,
2172 3479 2378 3535 idcirco
2407 3477 2651 3532 additum
2689 3484 2772 3532 est
2806 3477 2969 3531 etiam
3015 3491 3213 3547 corpus
3243 3477 3432 3532 huma-

1826 3586 1976 3625 num.
2011 3569 2160 3625 Pone
2191 3568 2337 3624 enim
2367 3568 2486 3622 hazc
2515 3565 2641 3632 tria,
2686 3565 2787 3621 Dei
2831 3565 3086 3632 Verbum,
3134 3566 3430 3623 humanam

1825 3666 2084 3724 mentem,
2119 3673 2319 3728 corpus
2354 3657 2666 3712 humanum.
2701 3654 2758 3710 Si
2785 3654 3038 3726 primum,
3069 3655 3209 3710 bene
3239 3655 3426 3712 videre

1825 3763 2134 3819 possemus,
2168 3762 2276 3802 non
2305 3745 2676 3818 indigeremus
2719 3744 2979 3800 secundo.
3025 3743 3184 3813 Quod
3239 3744 3284 3798 si
3313 3745 3427 3799 sal-

1825 3845 1934 3892 tem
1964 3836 2262 3893 secundum
2292 3835 2626 3895 videremus.
2674 3849 2782 3889 non
2821 3833 3192 3904 indigeremus
3243 3835 3426 3892 tertio.

1825 3926 1934 3982 Sed
1962 3927 2089 3998 quia
2127 3939 2231 3982 nec
2272 3925 2530 3996 primum,
2579 3938 2681 3980 nec
2733 3923 3051 3990 secundum,
3098 3921 3155 3978 id
3197 3932 3280 3979 est
3327 3941 3429 3981 nec

1822 4015 1924 4070 Dei
1957 4015 2219 4081 Verbum,
2250 4029 2354 4070 nec
2383 4013 2680 4068 humanam
2708 4020 2948 4068 mentem
2980 4011 3169 4068 videre
3199 4021 3426 4084 potera-

1821 4120 1962 4170 mus,
1996 4103 2236 4158 additum
2265 4109 2349 4156 est
2380 4101 2618 4170 tertium,
2661 4101 2716 4154 id
2754 4108 2838 4157 est
2875 4116 3074 4172 corpus
3102 4102 3422 4158 humanum.

1821 4194 1999 4264 Atque
2028 4192 2104 4246 ita
2131 4191 2372 4246 Verbum
2403 4205 2529 4246 caro
2559 4188 2764 4245 factum
2793 4197 2894 4258 est,
2929 4198 2982 4245 et
3028 4190 3290 4246 habitavit
3319 4208 3424 4247 no-

1822 4281 2035 4337 biscum
2063 4280 2249 4351 (Joan.
2284 4294 2321 4345 l,
2357 4279 2446 4349 14)
2477 4278 2533 4333 in
2588 4278 2952 4334 exterioribus
2996 4279 3218 4345 nostris,
3253 4288 3312 4334 ut
3340 4283 3427 4337 vel

1821 4370 1901 4426 sic
1942 4385 2045 4424 nos
2105 4368 2474 4424 introduceret
2529 4367 2818 4439 aliquando
2877 4367 2949 4422 ad
2993 4367 3254 4424 interiora
3301 4385 3421 4426 sua.

1821 4458 2018 4514 Anima
2044 4458 2227 4529 itaque
2256 4455 2556 4522 rationalis,
2605 4456 2811 4512 habens
2858 4471 3100 4524 carnem,
3130 4457 3316 4512 addita
3344 4467 3429 4514 est

125 4543 243 4609 dus,
275 4541 345 4597 ad
362 4539 637 4613 aequalia;
671 4557 772 4595 nec
791 4539 1050 4610 furiosus,
1075 4555 1177 4596 nec
1197 4539 1519 4612 agitiosus,
1539 4539 1607 4594 ad
1631 4540 1718 4594 in-
1740 4542 1792 4602 D
1827 4548 2026 4613 Verbo,
2058 4562 2179 4618 quae
2207 4561 2305 4617 per
2332 4544 2510 4616 ipsam
2549 4559 2771 4600 carnem
2819 4544 3081 4616 quidquid
3129 4545 3290 4600 nobis
3317 4547 3424 4602 do-

127 4631 348 4695 feriora;
382 4627 519 4684 nihil
564 4627 634 4682 ab
679 4628 1048 4694 inferioribus,
1101 4628 1234 4683 nihil
1279 4629 1350 4683 ab
1393 4628 1719 4700 (equalibus,

126 4720 220 4775 sed
248 4727 421 4775 totum
451 4734 482 4772 a
511 4717 887 4788 superioribus
927 4717 1267 4788 suscipiens;
1299 4733 1329 4771 a
1349 4717 1721 4788 superioribus

126 4809 444 4879 impressus,
479 4804 737 4862 inferiora
765 4805 1118 4878 imprimens;
1152 4822 1185 4860 a
1203 4806 1578 4876 superioribus
1604 4823 1716 4862 mo-

125 4904 226 4964 tus,
258 4895 518 4952 inferiora
565 4911 794 4952 movens
821 4913 834 4961 ;
869 4911 902 4950 a
931 4894 1308 4966 superioribus
1353 4893 1597 4962 affectus,
1629 4895 1737 4950 in-

122 4983 317 5041 feriora
363 4983 650 5051 afciens;
684 4983 974 5056 superiora
1021 4999 1277 5056 sequens,
1314 4983 1578 5039 inferiora
1606 4991 1718 5039 tra-

123 5073 255 5128 hens
285 5091 299 5128 :
340 5073 410 5129 ab
440 5072 548 5127 illis
589 5087 902 5143 possessus,
935 5072 1038 5127 ista
1065 5073 1394 5143 possidens;
1428 5073 1497 5127 ab
1528 5073 1634 5128 illis
1663 5073 1718 5128 in

125 5177 304 5218 eorum
359 5161 768 5217 similitudinem
808 5161 1092 5228 redactus,
1126 5162 1231 5217 ista
1260 5162 1316 5216 in
1344 5161 1431 5216 sui
1460 5161 1716 5218 similitu-

124 5250 299 5306 dinem
329 5250 609 5322 redigens.
662 5250 746 5305 Ad
781 5251 923 5306 hanc
972 5249 1368 5321 perfectionem
1397 5251 1452 5305 in
1479 5251 1580 5307 hac
1611 5251 1717 5306 vita

123 5340 406 5409 tendimus,
441 5355 604 5411 quam
644 5346 826 5394 tamen
858 5354 967 5394 non
1006 5338 1113 5392 nisi
1161 5339 1216 5393 in
1268 5339 1445 5393 futura
1475 5339 1716 5410 perfecte

125 5427 504 5483 obtinebimus.
540 5428 690 5482 Hanc
738 5435 885 5482 tanto
927 5435 1053 5482 tunc
1081 5427 1294 5498 plenius
1323 5428 1709 5494 obtinebimus,

123 5525 316 5585 quanto
346 5531 492 5572 nunc
543 5514 841 5572 ferventius
870 5515 1203 5572 affectamus.
1234 5517 1428 5572 Nullus
1460 5524 1584 5572 tunc
1613 5517 1715 5572 erit

121 5613 294 5659 motus
323 5605 377 5660 in
414 5612 616 5671 mente,
649 5604 753 5659 nisi
785 5621 814 5658 a
846 5606 961 5660 Deo
987 5623 1001 5669 ;
1033 5605 1212 5660 nullus
1241 5604 1294 5659 in
1326 5620 1574 5676 corpore,
1609 5605 1713 5660 nisi

121 5694 186 5747 ab
215 5694 410 5759 anima,
443 5701 602 5765 atque
631 5693 702 5748 ita
731 5709 834 5750 nec
875 5693 929 5748 in
977 5693 1175 5758 anima,
1229 5709 1330 5748 nec
1381 5693 1435 5748 in
1481 5709 1710 5764 corpore

1823 4636 2010 4691 cendis
2041 4643 2095 4690 et
2121 4633 2461 4707 corrigendis
2506 4633 2876 4689 necessarium
2913 4641 3044 4700 erat,
3077 4633 3321 4705 doceret,
3355 4635 3428 4690 fa-

1821 4733 1986 4792 ceret,
2015 4731 2306 4796 pateretur.
2348 4725 2406 4777 In
2447 4722 2536 4777 illa
2569 4722 2686 4778 sola
2738 4721 3135 4793 perfectissime
3183 4721 3420 4791 fuerunt,

1819 4829 1939 4885 qua;
1968 4829 2134 4884 supra
2163 4812 2528 4879 tractavimus,
2562 4811 2618 4866 id
2647 4819 2730 4866 est
2751 4811 2968 4866 devotio
3000 4811 3068 4865 ad
3099 4812 3294 4879 Deum,
3329 4813 3420 4869 be-

1817 4903 2058 4976 nignitas
2089 4903 2156 4958 ad
2208 4901 2535 4972 proximum,
2585 4901 2858 4956 sobrietas
2896 4900 2965 4954 ad
3011 4901 3292 4958 mundum.
3325 4902 3424 4957 Ni-

1819 4991 1894 5046 hil
1927 4991 2073 5047 enim
2103 4992 2219 5047 Deo
2239 4990 2496 5062 prmtulit,
2530 4990 2663 5045 nihil
2685 4991 2940 5063 aequavit,
2973 4990 3106 5045 nihil
3134 5005 3238 5063 pro
3267 5000 3421 5063 parte

1818 5079 2004 5153 aliqua
2031 5079 2387 5150 comparavit,
2417 5078 2554 5134 nihil
2584 5094 2682 5150 pro
2722 5086 3142 5151 quantacunque
3170 5087 3321 5151 parte
3351 5083 3424 5138 ad

1817 5169 2286 5240 comparationem
2314 5168 2477 5222 illius.
2530 5167 2686 5223 Unde
2723 5167 2796 5221 ait
2832 5181 2845 5221 :
2888 5168 3230 5224 Voluntatem
3278 5170 3416 5239 ejus,

1815 5257 1870 5311 id
1901 5265 1982 5312 est
2013 5257 2211 5324 Patris,
2236 5256 2371 5314 facio
2393 5271 2609 5326 semper
2629 5258 2810 5324 (Joan.
2838 5271 2957 5325 vm,
2975 5261 3087 5328 29).
3114 5258 3420 5315 Proximum

1816 5362 1944 5402 vero
1975 5345 2370 5417 perfectissime
2400 5345 2585 5400 dilexit
2614 5345 2753 5401 sicut
2802 5345 3064 5416 seipsum.
3098 5347 3244 5402 Nulli
3275 5349 3419 5403 enim

1816 5451 1880 5490 ex
1913 5434 1980 5489 iis
2011 5451 2133 5506 qua:
2163 5434 2301 5488 infra
2331 5450 2412 5500 se,
2444 5433 2499 5488 id
2530 5442 2614 5489 est
2641 5432 2780 5489 infra
2824 5433 3148 5490 rationalem
3175 5445 3417 5492 mentem

1814 5530 1990 5591 erant,
2041 5523 2305 5593 pepercit,
2353 5523 2448 5577 sed
2497 5523 2681 5578 omnia
2722 5523 2791 5577 ad
2840 5523 3121 5579 utilitatem
3186 5528 3421 5596 proximi

1814 5611 2100 5679 convertit,
2133 5620 2185 5666 et
2212 5610 2397 5677 vitam,
2431 5611 2528 5666 sed
2554 5612 2883 5677 sensualem,
2919 5621 2972 5666 et
3001 5628 3120 5667 eam
3153 5631 3276 5684 quae
3305 5631 3423 5670 car-

1812 5715 1938 5754 nem
1965 5707 2202 5770 vegetat,
2236 5708 2289 5754 et
2319 5699 2490 5770 ipsam
2521 5715 2760 5756 carnem.
2795 5700 2930 5754 Nam
2963 5709 3013 5754 et
3059 5701 3284 5758 dolores
3315 5720 3416 5772 pro
