3928 6450
447 404 543 457 631

1288 403 1629 460 GUIGONIS
1668 405 1690 458 Ι
1729 403 2138 460 ΟΑΒΤΗῙῙΞῙΛΕ
2175 400 2468 459 MAIORIS
2509 362 2787 459 DRIORIS
2826 402 2890 457 V.

3632 403 3732 457 632

445 525 603 580 nobis
650 525 893 580 sustinuit
936 525 1191 592 acriores,
1244 535 1297 581 et
1347 535 1577 583 mortem
1639 535 1824 583 contra
1872 527 2112 586 vitamA
2141 526 2317 596 ipsum
2364 525 2464 580 Dei
2500 525 2736 582 Verbum
2775 531 2828 580 et
2876 521 3150 594 Sapientia
3205 521 3511 593 tripliciter,
3553 521 3608 576 id
3655 530 3734 578 est

443 613 825 686 vegetabilem,
859 622 911 668 et
957 615 1178 670 vulnera
1221 624 1410 671 contra
1451 616 1624 686 ipsam
1670 631 1904 670 carnem.
1962 615 2045 669 Ad

444 703 702 756 mundum
731 711 911 756 autem
944 710 1142 757 tantam
1177 703 1540 768 sobrietatem,
1589 711 1904 774 tantumque
1951 705 2044 756 ha-

447 791 556 844 buit
599 798 989 860 contemptum,
1039 799 1097 845 ut
1146 808 1255 846 non
1304 792 1547 846 habuerit
1597 792 1763 846 Filius
1809 791 2043 845 hominis

445 878 536 932 ubi
566 878 758 933 saltem
790 887 950 948 caput
981 879 1269 934 reclinaret
1309 897 1484 934 suum.
1519 881 1605 934 Nil
1652 880 1722 934 al)
1772 879 2042 933 inferiori-

445 967 566 1031 bus,
600 966 733 1020 nihil
764 982 797 1021 a
825 967 1040 1034 mediis,
1075 968 1170 1021 sed
1199 976 1367 1022 totum
1399 968 1838 1039 asuperioribus,
1874 967 1929 1021 id
1959 975 2042 1022 est

442 1054 542 1108 Dei
575 1054 772 1120 Verbo,
806 1055 888 1110 cui
921 1055 987 1109 ad
1019 1055 1277 1111 unitatem
1324 1071 1571 1127 persona:-
1618 1056 1905 1124 conjuncta
1935 1063 2036 1121 est,

443 1142 700 1212 suscepit.
733 1144 854 1198 Non
893 1145 1270 1208 sacramentis,
1305 1159 1413 1198 non
1462 1145 1662 1209 verbis,
1713 1159 1822 1197 non
1851 1159 2040 1198 exem-

441 1230 566 1300 plis,
601 1231 697 1285 sed
730 1231 827 1285 Dei
857 1232 1230 1286 tantummodo
1260 1231 1423 1286 Verbi
1453 1232 1742 1302 praesentia
1773 1239 1853 1285 est
1884 1231 2040 1286 docta

439 1327 496 1373 ut
527 1319 870 1392 intelligeret,
905 1329 958 1376 et
989 1335 1222 1376 accensa
1251 1329 1307 1375 ut
1327 1329 1557 1376 amaret.
1599 1322 1701 1375 Per
1731 1335 1848 1376 eam
1883 1320 2040 1374 nobis

2148 614 2523 682 sacramentis,
2557 613 2735 670 verbis
2766 620 2819 668 et
2835 611 3116 682 exemplis,
3142 610 3271 683 quid
3292 611 3584 684 agendum,
3609 611 3734 682 quid

2145 703 2500 770 tolerandum,
2537 710 2587 757 et
2617 718 2712 772 per
2743 701 2874 773 quid
2903 708 3049 756 esset
3069 700 3326 754 ostendit.
3350 700 3473 754 Non
3493 699 3639 754 enim
3657 715 3737 754 se-

2145 791 2234 863 qui
2291 792 2453 846 homo
2519 791 2754 845 debebat
2803 789 2908 844 nisi
2955 791 3151 854 Deum,
3202 803 3305 844 nec
3349 795 3582 858 poterat,
3633 787 3735 842 nisi

2143 879 2444 934 hominem.
2500 881 2823 949 Assumptus
2875 884 2957 931 est
2983 876 3151 949 igitur
3179 876 3342 930 homo
3372 884 3448 941 ut,
3484 876 3612 930 dum
3642 891 3733 930 se-

2144 968 2324 1038 quitur
2355 983 2518 1038 quem
2565 974 2763 1037 potest,
2811 973 3070 1037 sequatur
3098 971 3149 1020 et
3178 979 3339 1036 quem
3371 963 3558 1019 debet.
3600 965 3733 1018 Item

2141 1072 2248 1111 non
2277 1062 2485 1126 poterat
2531 1053 2860 1110 conformari
2901 1053 3005 1108 nisi
3054 1054 3189 1117 Deo,
3239 1052 3310 1106 ad
3336 1053 3487 1121 cujus
3527 1051 3730 1122 imagi-

2141 1161 2267 1199 nem
2331 1143 2501 1200 factus
2547 1152 2666 1211 est;
2699 1159 2800 1198 nec
2845 1149 3056 1214 poterat
3098 1141 3202 1195 nisi
3265 1139 3490 1196 homini.
3542 1140 3730 1210 Itaque

2141 1235 2288 1289 Deus
2319 1232 2488 1288 factus
2519 1240 2599 1287 est
2629 1233 2811 1298 homo,
2855 1239 2931 1296 ut,
2963 1231 3089 1285 dum
3121 1228 3494 1286 conformatur
3523 1227 3726 1284 homini

2141 1319 2227 1373 cui
2255 1325 2450 1389 potest,
2485 1316 2850 1372 conformetur
2878 1323 2932 1372 et
2960 1317 3096 1382 Deo,
3130 1314 3217 1370 cui
3246 1313 3495 1386 prodest.

1619 1675 2546 1827 GUIGONIS

898 1977 1622 2075 CARTHUSLE
1705 1977 2220 2075 MAJORIS
2298 1975 2795 2072 PRIORIS
2853 1944 3276 2091 QU'INTI

1343 2224 2836 2360 CONSUETUDINES.

559 2496 828 2563 (Annales
857 2495 1072 2550 ordinis
1108 2495 1541 2561 Carthasiensis,
1576 2501 1797 2552 curante
1829 2495 1894 2549 D.
1929 2492 2244 2551 Innocentio
2277 2491 2592 2558 Laussou,
2627 2490 2892 2548 Correriae
2925 2494 3081 2559 1687,
3111 2494 3204 2550 fol.
3240 2503 3277 2550 t.
3313 2497 3352 2562 l,
3385 2510 3442 2568 p.
3476 2495 3595 2566 30.)

1722 2693 2441 2790 MONITUM.

1443 2922 1550 2982 AD
1594 2863 1972 2980 FRATRE’S
2020 2916 2723 2980 CARTHUSIENSES.

511 3273 808 3340 Antequam
833 3270 903 3324 ad
923 3269 1340 3324 elucidationem
1379 3277 1430 3324 et
1452 3269 1862 3340 explicationem
1894 3271 2041 3325 Con.
2062 3275 2113 3334 B
2144 3269 2294 3335 estis,
2327 3285 2430 3326 nec
2457 3285 2694 3342 unquam
2728 3270 2796 3324 ab
2829 3269 2971 3324 avita
2992 3269 3361 3325 Carthusiensi
3377 3270 3733 3326 observantia

441 3358 784 3414 suetudinem
816 3359 879 3412 Β.
914 3358 1083 3412 Patris
1130 3358 1396 3428 Guigonis
1440 3358 1812 3423 deveniamus,
1861 3358 2033 3413 debe-

438 3464 558 3502 mus
589 3455 642 3502 et
672 3462 771 3502 nos
816 3447 886 3501 ad
933 3446 1289 3501 imitationem
1338 3447 1468 3500 tanti
1516 3446 1616 3503 viri
1664 3463 1834 3518 pauca
1878 3448 2032 3502 vobis

436 3535 708 3608 proloqui,
742 3543 798 3590 ut
826 3535 1122 3606 perfectius
1160 3535 1380 3605 possitis
1411 3535 1717 3608 intelligere
1747 3543 1858 3590 tum
1889 3553 2034 3591 men-

437 3634 544 3681 tem
567 3624 821 3689 auctoris,
847 3631 960 3678 tum
983 3623 1221 3694 suscepti
1242 3639 1274 3678 a
1293 3625 1450 3678 nobis
1472 3625 1654 3695 operis
1675 3625 2029 3695 prepositum,

437 3714 564 3769 dum
603 3713 736 3767 istas
774 3712 1226 3781 Consuetudines,
1278 3729 1399 3783 qua:
1443 3729 1586 3768 nunc
1633 3713 1798 3783 vulgo
1837 3721 2034 3767 statuta

441 3808 726 3867 vocantur,
759 3800 848 3855 hic
878 3801 1086 3854 referre
1117 3807 1168 3854 et
1199 3800 1267 3854 de
1296 3816 1438 3856 novo
1460 3801 1693 3871 imprimi
1722 3817 1995 3856 curamus.

512 3890 618 3957 Qui
627 3890 772 3960 facit
796 3889 1093 3943 veritatem
1108 3889 1262 3944 venit
1276 3887 1348 3943 ad
1363 3889 1563 3953 lucem,
1584 3894 1643 3944 ut
1660 3892 2034 3961 mani/“esten-

442 3980 540 4032 tur
560 3991 727 4046 opera
746 3976 866 4034 eius
887 3976 1069 4043 (Joan.
1095 3981 1196 4046 tu).
1214 3977 1324 4030 Hac
1341 3991 1474 4046 ergo
1488 3976 1683 4030 Christi
1703 3993 1836 4032 voce
1866 3979 2032 4032 edoc-

437 4065 474 4119 ti
504 4073 557 4119 et
587 4063 789 4118 invitati
810 4064 1122 4118 thesaurum
1152 4071 1414 4130 nostrum,
1441 4065 1495 4119 id
1517 4073 1596 4119 est
1614 4066 1788 4135 prima
1811 4066 2033 4120 instituti

437 4151 611 4207 nostri
657 4151 960 4206 rudimenta
997 4159 1050 4205 et
1097 4152 1422 4207 documenta
1467 4153 1628 4208 veluti
1677 4155 1744 4208 de
1797 4155 2033 4208 tenebris

434 4241 696 4311 eruimus,
729 4258 798 4296 ne
828 4241 979 4294 illum
1007 4241 1344 4296 abscondere
1394 4242 1534 4298 velle
1564 4243 1702 4297 ultra
1729 4243 2028 4310 videamur,

433 4331 520 4385 his
549 4329 852 4400 praesertim
890 4329 958 4383 de
988 4329 1172 4385 causis
1204 4348 1217 4383 :

503 4417 700 4484 Primo,
735 4425 790 4472 ut
827 4417 896 4471 sit
923 4417 1081 4472 vobis
1109 4417 1274 4472 veluti
1321 4417 1544 4474 lucerna
1588 4435 1818 4475 accensa
1845 4429 1897 4475 et
1929 4436 2030 4490 po-

433 4507 537 4562 sita
565 4522 727 4576 super
755 4505 1164 4572 candelabrum,
1199 4507 1353 4574 cujus
1401 4508 1663 4563 beneﬁcio
1691 4509 1911 4578 possitis
1943 4509 2030 4562 in-

2136 3358 2525 3430 degeneraudi.
2545 3358 2841 3414 Censorum
2863 3365 3015 3414 notas
3033 3359 3378 3430 praeviderat,
3399 3359 3737 3415 reverendus

2137 3449 2296 3503 Pater
2327 3447 2524 3518 Guigo,
2558 3455 2610 3502 et
2661 3447 2798 3502 forte
2831 3448 2942 3515 jam
2983 3447 3097 3502 suis
3126 3448 3456 3519 temporibus
3478 3456 3737 3518 expertus

2135 3544 2266 3602 erat,
2313 3545 2472 3607 atque
2500 3535 2624 3590 ideo
2674 3543 2888 3590 teneras
2929 3535 3198 3590 bonorum
3237 3535 3726 3592 Carthusianorum

2135 3625 2514 3690 conscientias,
2550 3641 2618 3678 ne
2651 3624 2777 3679 inde
2807 3624 2859 3678 in
2890 3624 3173 3694 scrupulos
3203 3624 3533 3692 deciderent,
3564 3632 3654 3679 aut
3674 3625 3734 3678 in

2133 3714 2297 3768 animi
2325 3713 2726 3784 perplexitates,
2758 3721 2951 3769 contra
2982 3713 3200 3768 illorum
3219 3713 3463 3784 argutias
3491 3729 3735 3783 praemu-

2135 3803 2252 3857 nire
2289 3802 2474 3867 voluit,
2523 3810 2582 3856 ut
2629 3818 2695 3857 ex
2741 3801 2902 3857 variis
2938 3800 3074 3857 locis
3121 3801 3278 3857 vobis
3322 3802 3622 3872 apparebit,
3676 3811 3736 3857 et

2133 3891 2367 3946 maxime
2398 3906 2461 3946 ex
2492 3905 2610 3961 cap.
2643 3893 2731 3956 20,
2766 3898 2817 3944 et
2846 3906 2911 3945 ex
2941 3905 3060 3960 cap.
3085 3892 3170 3958 57,
3195 3906 3251 3944 n.
3277 3892 3328 3945 4.
3354 3899 3407 3945 et
3428 3890 3547 3945 aliis
3567 3890 3730 3946 locis.

2203 3978 2406 4046 Tertio,
2440 3986 2496 4033 ut
2525 3978 2742 4032 tandem
2773 3977 3042 4033 fervorem
3073 3994 3102 4031 a
3131 3977 3374 4049 pluribus
3405 3985 3736 4048 conceptum

2133 4075 2186 4122 et
2214 4067 2358 4122 varie
2389 4067 2682 4122 exhibitum
2715 4066 2860 4122 circa
2891 4067 3113 4138 antiqua
3143 4066 3348 4121 ordinis
3371 4074 3560 4121 statuta
3579 4082 3735 4122 com-

2133 4171 2440 4228 pescamus,
2474 4171 2703 4227 quorum
2750 4155 2914 4226 aliqui
2957 4172 3022 4209 ex
3070 4153 3380 4221 devotione,
3433 4170 3592 4226 quam
3624 4155 3723 4208 hac

2133 4244 2262 4298 bent
2309 4260 2443 4314 erga
2489 4243 2749 4308 ordinem,
2799 4243 3044 4314 quaedam
3089 4243 3421 4314 exemplaria
3450 4259 3479 4298 e
3510 4241 3733 4298 cellulis

2131 4333 2331 4388 nostris
2362 4333 2592 4398 sublata,
2643 4347 2846 4404 magno
2876 4331 3052 4402 pretio
3081 4347 3114 4386 a
3142 4331 3534 4387 mercatoribus
3565 4347 3729 4387 eme-

2132 4430 2274 4485 runt,
2309 4421 2453 4475 illius
2501 4421 2666 4476 veluti
2715 4421 2985 4475 elementa
3030 4427 3083 4474 et
3111 4419 3217 4490 ipsi
3249 4435 3412 4476 nosse
3443 4420 3731 4491 cupientes

2133 4509 2222 4563 alii
2254 4525 2380 4564 vero
2411 4526 2475 4565 ex
2507 4508 2639 4580 ipsis
2689 4508 2921 4579 antiquis
2953 4508 3163 4563 statutis
3193 4517 3376 4563 contra
3404 4515 3736 4578 praesentem

432 4595 587 4662 strui,
622 4595 804 4666 dirigi,
827 4601 876 4648 et
907 4595 1154 4650 accendi.
1180 4595 1376 4649 lnstrui
1406 4597 1473 4650 de
1495 4597 1790 4666 primorum
1822 4598 2029 4652 ordinis
2063 4629 2110 4690 Ο
2133 4606 2335 4652 statum
2407 4597 2612 4653 ordinis
2667 4597 2915 4651 sinistras
2963 4596 3247 4668 opiniones
3301 4596 3403 4653 sibi
3460 4595 3734 4652 formave-

429 4683 648 4738 Patrum
679 4682 936 4755 religiosa
957 4683 1374 4739 conversatione
1400 4703 1413 4750 ;
1448 4685 1610 4756 dirigi
1639 4686 1692 4739 in
1727 4695 1922 4742 vestrae
1943 4703 2030 4742 vo-

427 4771 654 4826 cationis
684 4771 1043 4841 adimplendaz
1073 4772 1237 4826 modo
1269 4779 1322 4826 et
1370 4772 1626 4828 ﬁdelitate
1653 4793 1666 4839 ;
1700 4775 1926 4830 accendi
1976 4775 2032 4830 in

426 4859 640 4914 illorum
663 4859 974 4913 imitationis
997 4867 1048 4914 et
1075 4860 1350 4915 charitatis
1371 4876 1479 4915 non
1502 4861 1636 4918 ﬁctae
1667 4865 2026 4920 aemulatione.

501 4947 772 5014 Secundo,
815 4955 872 5002 ut
901 4964 966 5002 ex
997 4949 1236 5003 veritatis
1267 4965 1453 5004 coram
1486 4952 1642 5005 vobis
1668 4953 1929 5022 exposita:
1960 4954 2032 5007 lu-

427 5035 590 5101 mine,
634 5052 740 5107 quo
763 5035 1012 5091 videbitis
1043 5037 1275 5107 qualiter
1295 5038 1431 5092 ordo
1463 5038 1516 5092 in
1546 5039 1739 5111 vigore
1763 5049 1814 5096 et
1839 5041 2029 5111 spiritu

426 5125 510 5179 sui
540 5124 784 5191 instituti,
820 5141 886 5179 ex
917 5125 1179 5196 singulari
1197 5126 1295 5180 Dei
1319 5128 1654 5196 proiectione
1673 5137 2029 5184 conservatus

426 5212 608 5276 fuerit,
645 5212 1070 5267 consolationem
1099 5213 1372 5282 accipiatis
1407 5230 1418 5267 :
1451 5223 1506 5268 et
1535 5215 1810 5286 dissipatis
1854 5217 2028 5271 nube-

425 5301 560 5356 culis
590 5301 1039 5373 inquietudinum,
1077 5317 1212 5372 quas
1237 5302 1291 5355 in
1323 5304 1680 5373 quorumdam
1713 5304 2026 5374 pusillorum

429 5390 643 5444 animos
700 5389 949 5460 quaedam
994 5389 1176 5459 Opinio
1220 5390 1525 5459 ingesserat
1581 5391 1774 5446 decidii
1823 5393 2026 5449 ordinis

425 5477 846 5543 Cartbusiensis,
883 5492 1083 5531 novum
1117 5477 1378 5532 fervorem
1402 5479 1718 5548 concipiatis
1748 5482 2025 5536 honoran-

423 5565 479 5619 di
509 5565 810 5619 institutum
837 5573 1080 5618 nostrum
1114 5572 1220 5618 tam
1252 5565 1515 5635 singulari
1558 5567 1655 5622 Dei
1686 5571 2024 5638 protectione

425 5653 769 5718 honoratum,
805 5661 858 5707 et
885 5653 991 5708 huc
1023 5668 1194 5724 usque
1224 5663 1623 5720 conservatum,
1667 5665 1826 5728 atque
1858 5659 2022 5729 digne

427 5741 542 5795 Deo
575 5740 886 5795 ambulandi
912 5741 967 5794 in
997 5741 1098 5795 hac
1124 5748 1311 5797 sancta
1341 5743 1643 5811 vocatione,
1693 5761 1799 5817 qua
1847 5749 2023 5803 vocati

2135 4695 2271 4742 runt.

2206 4775 2362 4845 Quod
2395 4791 2529 4848 ergo
2562 4775 2960 4846 quodammodo
2991 4774 3207 4844 latebat,
3231 4773 3509 4846 publicum
3539 4774 3734 4830 reddi-

2133 4881 2274 4934 mus,
2307 4881 2375 4920 ne
2409 4865 2548 4918 ultra
2594 4864 2954 4934 quorumdam
2985 4863 3195 4918 animos
3226 4864 3414 4918 subeat
3443 4863 3736 4918 temeraria

2135 4953 2390 5024 suspicio,
2428 4969 2533 5024 qua
2579 4953 2745 5007 veluti
2795 4953 3101 5024 degeneres
3140 4951 3233 5006 filii
3279 4952 3597 5019 habeamur,
3634 4952 3735 5022 qui

2134 5042 2347 5096 Patrum
2381 5041 2641 5111 praeclara
2663 5048 2816 5111 gesta
2836 5041 3172 5095 abscondere
3190 5048 3476 5106 conantur,
3499 5056 3568 5095 ne
3596 5039 3733 5095 inde

2133 5130 2350 5183 illorum
2382 5137 2640 5201 appareat
2683 5129 2974 5185 decidium.
3023 5129 3112 5184 Sic
3155 5129 3298 5183 enim
3339 5129 3422 5182 his
3470 5129 3734 5183 extremis

2135 5219 2471 5289 temporibus
2518 5219 2687 5288 (quod
2737 5218 2985 5273 dolentes
3027 5225 3079 5271 et
3108 5217 3357 5289 lugentes
3389 5217 3729 5287 referimus),

2133 5307 2234 5372 sic,
2265 5307 2422 5362 amici
2464 5315 2517 5362 et
2546 5307 2742 5361 fratres
2790 5307 2845 5359 in
2877 5306 3093 5360 Christo
3139 5305 3465 5374 charissimi,
3491 5306 3735 5361 Charitas

2128 5394 2414 5467 refriguit;
2447 5396 2554 5450 imo
2587 5411 2782 5450 aurum
2832 5395 2964 5449 illud
2995 5395 3258 5466 optimum
3289 5395 3581 5460 charitatis,
3617 5411 3734 5467 quo

2125 5493 2286 5553 caput
2319 5483 2554 5539 caelestis
2586 5483 2782 5554 Sponsi
2804 5491 3059 5538 constare
3079 5483 3274 5538 asserit
3296 5499 3498 5554 sponsa
3519 5484 3735 5539 Cantici

2126 5573 2314 5642 (Cant.
2359 5573 2437 5637 v),
2485 5573 2831 5628 obscuratum
2883 5580 2982 5638 est,
3031 5580 3084 5627 et
3128 5571 3280 5627 color
3325 5572 3440 5640 ejus
3487 5572 3737 5642 optimus

2122 5667 2395 5726 mutatus,
2447 5669 2504 5716 ut
2552 5677 2660 5715 non
2709 5668 2912 5715 tantum
2977 5678 3224 5732 quaerere
3289 5660 3631 5731 iniquitatem
3673 5661 3736 5718 in

2123 5749 2285 5803 domo
2309 5749 2458 5816 justi,
2491 5757 2544 5804 et
2574 5757 2786 5805 vastare
2831 5748 3080 5821 requiem
3111 5750 3246 5818 ejus,
3282 5757 3474 5806 contra
3502 5749 3560 5804 S.
3596 5749 3738 5822 Spi-
