3928 6404
235 352 351 405 633

1610 347 2217 404 CONSUETUDINES.

3459 341 3562 398 638

237 473 384 528 ritus
441 480 660 529 enatum
710 473 891 543 (Prov.
942 473 1120 541 xxxv),
1188 472 1410 544 quidam
1467 471 1675 528 licitum
1730 488 1852 528 esse
1881 477 1934 535 Α
1955 473 2260 542 voluerunt,
2294 475 2424 530 dum
2456 475 2688 531 viderint
2713 490 2747 530 a
2775 473 2932 529 nobis
2962 472 3094 544 ipsis
3114 473 3295 529 omnia
3317 473 3558 547 ingenue

239 562 523 618 azstiment
556 581 571 629 ;
605 561 701 618 sed
731 561 893 617 etiam
922 577 984 616 ea
1015 578 1136 632 qum
1165 561 1219 614 in
1267 561 1444 632 aliqua
1489 569 1644 630 parte
1690 561 1852 615 dubia

240 667 375 706 esse
400 651 676 717 videntur,
710 666 818 705 non
846 650 901 704 in
930 650 1217 705 meliorem
1246 659 1459 720 partem
1510 649 1853 718 interpretari

238 740 347 794 sed
376 740 432 794 in
462 740 728 810 pejorem,
760 753 901 794 novo
924 738 1047 807 jure
1068 738 1396 803 introducto,
1422 737 1566 809 quod
1587 745 1734 792 certe
1749 752 1852 792 nec

242 828 352 884 Dei
379 844 483 884 nec
515 827 775 883 Ecclesiae
803 834 899 893 est,
927 827 1044 896 jam
1064 826 1294 881 liberum
1316 825 1418 879 sibi
1447 841 1571 880 esse
1591 825 1849 890 credant;

239 917 359 972 imo
389 933 451 972 ea
481 933 603 989 qua:
633 932 762 972 vere
793 922 845 971 et
873 916 1077 987 absque
1107 915 1219 970 ulla
1249 914 1525 970 dubietate
1541 914 1685 970 bona
1705 921 1848 980 sunt,

241 1005 472 1060 sinistra
498 1004 938 1076 interpretatione
968 1004 1176 1076 absque
1205 1003 1314 1058 ullo
1355 1002 1632 1074 scrupulo,
1685 1002 1851 1058 veluti

241 1109 612 1165 conspurcare
657 1107 820 1164 posse
857 1100 1062 1163 putent,
1116 1100 1173 1146 ut
1221 1091 1410 1147 foctere
1453 1089 1748 1160 incipiant;
1799 1097 1850 1145 et

241 1183 349 1250 sic,
383 1183 527 1255 quod
557 1181 704 1253 prius
751 1181 878 1236 boni
925 1181 1112 1236 odoris
1167 1188 1285 1235 erat
1342 1188 1395 1235 et
1451 1178 1843 1246 aedificationis,

238 1286 508 1326 nauseam
537 1271 775 1326 excitare
807 1270 1041 1340 incipiat.

319 1361 592 1431 Legantur
621 1358 942 1432 Evangelia,
975 1357 1099 1412 libri
1129 1359 1414 1430 apostolici
1444 1366 1647 1415 attente
1675 1357 1851 1413 revol-

240 1457 479 1514 vantur;
512 1448 585 1502 ibi
614 1447 848 1521 legimus
873 1463 885 1501 :
921 1449 1186 1505 Charitas
1214 1465 1331 1504 non
1361 1449 1688 1514 aemulatur,
1733 1463 1848 1503 non

238 1541 366 1611 agit
385 1553 702 1611 perperam,
721 1553 837 1592 non
856 1538 1066 1608 cogitat
1091 1538 1306 1593 malum
1333 1539 1406 1608 (II
1435 1540 1556 1595 Cor.
1600 1540 1745 1606 xm),
1796 1543 1850 1590 et

239 1626 350 1680 alia
379 1625 532 1698 plura
560 1624 777 1680 similia.
831 1625 940 1680 Sed
978 1624 1111 1680 nihil
1150 1626 1486 1696 reperiemus
1532 1626 1675 1680 unde
1723 1624 1846 1680 lici-

243 1724 364 1770 tum
393 1729 515 1770 esse
565 1714 844 1784 probetur,
894 1713 1095 1768 famam
1143 1714 1375 1785 proximi
1420 1714 1638 1779 laedere,
1693 1720 1744 1768 et
1790 1719 1847 1766 ut

1958 571 2009 616 et
2025 563 2239 620 sincere
2260 564 2507 635 proferri,
2529 565 2583 619 in
2604 564 2774 618 nihilo
2792 563 2950 618 nobis
2967 563 3100 633 ipsis
3129 563 3411 634 parcendo
3427 562 3560 617 nihil

1953 651 2298 721 occultando,
2316 654 2411 708 sed
2424 653 2600 723 potius
2612 668 2712 707 nos
2725 652 2872 722 ipsos
2886 653 3167 722 (quantum
3181 651 3398 717 veritas,
3409 650 3566 719 justi-

1954 739 2027 793 tia
2049 749 2102 793 et
2117 742 2350 795 charitas
2373 740 2710 811 permittunt)
2729 741 2853 794 data
2869 740 3159 795 occasione
3190 739 3555 812 objurgando.

2024 829 2180 883 Absit
2208 846 2238 883 a
2285 830 2444 884 nobis
2491 837 2546 884 ut
2591 828 2932 883 sanctitatem
2972 828 3140 894 illam,
3194 845 3316 901 quae
3363 828 3561 884 merito

1952 915 2142 986 primis
2223 918 2470 972 Patribus
2554 918 2728 972 nostri
2785 917 3052 987 tribuitur,
3109 917 3268 972 nobis
3327 917 3559 972 velimus

1952 1021 2254 1075 usurpare;
2287 1007 2385 1061 sed
2410 1006 2464 1060 id
2491 1013 2696 1060 tantum
2717 1005 2874 1060 nobis
2897 1005 3126 1061 concedi
3140 1005 3392 1076 petimus,
3410 1005 3558 1077 quod

1950 1109 1979 1146 a
2009 1093 2245 1160 nemine,
2280 1095 2369 1166 qui
2391 1094 2616 1164 justitiaz
2644 1111 2773 1150 osor
2820 1110 2930 1149 non
2973 1094 3060 1164 sit,
3113 1102 3295 1166 potest
3339 1093 3549 1165 negari,

1950 1197 2147 1252 nempe
2175 1191 2232 1237 ut
2261 1184 2482 1254 corpori
2511 1182 2719 1238 ordinis
2751 1191 2802 1239 et
2849 1183 3065 1250 animae,
3118 1191 3175 1237 ut
3221 1182 3297 1237 ita
3347 1183 3547 1249 dicam,

1950 1268 2175 1325 instituti
2231 1272 2399 1326 nostri
2458 1289 2567 1327 non
2617 1272 2931 1343 imputetur,
2992 1271 3138 1344 quod
3193 1270 3551 1344 Singularium

1949 1375 2313 1428 personarum
2340 1360 2513 1432 culpis
2545 1369 2747 1416 tantum
2778 1361 3027 1427 debetur,
3049 1360 3290 1431 aquibus
3307 1359 3554 1415 ordinem

1949 1464 2052 1504 nec
2078 1449 2198 1520 ipso
2227 1450 2518 1505 revereudi
2549 1451 2726 1505 Patris
2759 1449 3027 1522 Guigonis
3065 1457 3308 1520 tempore
3359 1465 3549 1504 exem-

1947 1545 2100 1608 ptum
2129 1537 2296 1592 fuisse
2325 1539 2595 1594 constabit
2624 1555 2688 1594 ex
2719 1553 2840 1609 cap.
2875 1540 2944 1593 ’77
2975 1538 3201 1593 istarum
3247 1539 3555 1593 Consuetu-

1949 1625 2152 1680 dinum.
2178 1627 2424 1682 Clament
2451 1635 2713 1699 quantum
2743 1627 2930 1682 velint.
2963 1627 3134 1693 Tolle,
3168 1626 3316 1693 tolle,
3366 1633 3556 1682 contra

1948 1722 2272 1770 slatutorum
2308 1715 2516 1770 ordinis
2550 1724 2992 1786 transgressores
3023 1724 3076 1770 et
3106 1716 3176 1770 ab
3208 1716 3326 1784 ejus
3351 1715 3545 1786 spiritu

241 1804 414 1876 longe
443 1803 654 1874 lateque
685 1801 803 1871 ejus
831 1801 1078 1858 defectus
1109 1803 1223 1858 sive
1254 1803 1367 1858 veri
1397 1803 1515 1858 sive
1544 1802 1668 1857 falsi
1689 1817 1847 1890 spar-
1873 1830 1926 1890 B
1948 1802 2286 1870 aberrantes,
2320 1820 2429 1859 non
2455 1805 2758 1860 abnuemus
2782 1824 2795 1872 ;
2822 1804 2919 1859 sed
2952 1812 3005 1860 et
3043 1804 3500 1860 succlamabimus
3537 1818 3549 1857 :

238 1895 463 1960 gantur,
493 1885 649 1958 quasi
687 1901 850 1957 super
886 1894 1028 1941 tecta
1076 1887 1395 1942 ascendere.
1449 1887 1506 1942 Si
1552 1887 1630 1941 sic
1677 1885 1846 1958 agei'e

239 1993 370 2033 cum
399 1974 662 2048 singulari
689 1990 923 2046 persona
952 1974 1196 2031 illicitum
1226 1991 1348 2030 esse
1382 1975 1676 2046 Scripturae
1720 1990 1845 2029 sau-

239 2073 346 2122 ctaa
374 2065 692 2130 decernant,
723 2063 850 2136 quid
880 2063 948 2119 de
979 2064 1383 2130 communitate,
1412 2063 1540 2135 quid
1563 2063 1630 2118 de
1651 2063 1844 2118 ordine

239 2155 480 2227 integro,
513 2153 668 2223 cujus
693 2151 838 2208 fama
864 2152 1080 2226 integra
1110 2161 1211 2222 est,
1242 2153 1580 2208 censendum
1612 2153 1736 2208 est?

313 2243 514 2299 Christi
546 2251 598 2298 et
628 2256 906 2298 sacrarum
951 2241 1355 2313 Scripturarum
1387 2258 1610 2297 sensum
1640 2257 1841 2312 seque-

241 2333 401 2388 batur
429 2333 494 2387 D.
527 2332 800 2401 Thomas,
856 2331 986 2385 dum
1039 2331 1422 2404 paradigmate
1478 2331 1712 2386 hominis
1751 2330 1844 2402 qui

241 2421 466 2493 triginta
494 2419 662 2476 facies
703 2420 954 2486 haberet,
989 2420 1189 2492 quique
1233 2420 1288 2474 in
1335 2420 1626 2490 pulchriori
1655 2420 1723 2474 ab
1755 2419 1841 2473 in-

245 2511 518 2567 tuentibus
546 2508 740 2582 procul
768 2509 935 2564 dubio
966 2509 1322 2580 aspiceretur,
1343 2509 1615 2576 utebatur,
1639 2517 1696 2564 ut
1718 2525 1842 2564 sen-

255 2617 373 2655 sum
406 2615 566 2654 suum
597 2614 764 2670 super
791 2599 897 2654 hac
927 2613 986 2653 re
1016 2598 1360 2669 exprimeret,
1411 2615 1573 2670 quem
1620 2614 1842 2653 sensum

244 2688 499 2761 amplecti
525 2695 577 2744 et
605 2687 662 2742 in
692 2687 942 2743 omnibus
971 2687 1128 2759 sequi
1156 2687 1440 2744 debemus.
1463 2688 1583 2742 Non
1607 2686 1750 2742 enim
1771 2687 1842 2741 ad

245 2777 683 2834 succensendum
711 2776 797 2832 his
828 2776 920 2848 qui
949 2776 1018 2832 de
1047 2776 1205 2832 nobis
1225 2776 1404 2832 minus
1427 2777 1564 2833 bene
1579 2776 1838 2844 sentiunt,

245 2869 364 2924 haec
394 2881 566 2938 pauca
614 2867 684 2923 de
732 2866 1017 2921 immutato
1054 2865 1328 2922 charitatis
1358 2867 1541 2922 colore
1583 2865 1837 2933 diximus,

245 2958 346 3014 sed
374 2965 432 3013 ut
477 2957 708 3013 meliora
755 2956 1082 3012 charismata
1132 2973 1348 3028 semper
1387 2956 1727 3027 aemulemur,
1789 2965 1842 3012 et

243 3061 533 3103 caveamus
556 3062 589 3101 a
618 3061 784 3118 prava
813 3044 1256 3117 interpretatione
1291 3045 1584 3101 verborum
1623 3046 1839 3101 illorum

244 3135 490 3208 Apostoli
520 3135 751 3192 dicentis
775 3153 788 3190 :
812 3136 1143 3207 Spiritualis
1156 3135 1385 3208 judicat
1406 3136 1616 3202 omnia,
1643 3139 1698 3191 et
1722 3137 1840 3208 ipse

243 3245 278 3284 a
307 3228 536 3282 nemine
545 3226 848 3296 juiicatur
876 3227 941 3295 (Ι.
979 3226 1099 3281 Cor.
1121 3225 1204 3296 ιι),
1233 3225 1430 3296 quibus
1453 3241 1842 3296 nonnunquam

243 3315 555 3386 spirituales
581 3314 699 3384 viri,
733 3313 949 3386 proprio
987 3329 1152 3369 sensu
1201 3313 1416 3385 decepti
1461 3321 1512 3370 et
1558 3314 1838 3383 obcaecati,

240 3405 487 3460 incidunt
517 3412 567 3459 et
596 3403 696 3475 ipsi
729 3403 781 3457 in
811 3404 1063 3475 laqueum
1096 3402 1319 3458 diaboli.

311 3492 656 3549 Tentationes
683 3491 992 3564 spirituales
1035 3507 1144 3548 non
1188 3492 1366 3547 minus
1410 3493 1668 3548 cavendae
1718 3501 1843 3547 sunt

241 3601 402 3658 quam
433 3582 704 3648 carnales,
736 3583 845 3636 imo
875 3581 1040 3654 longe
1069 3581 1280 3637 cautius
1311 3589 1364 3637 et
1408 3581 1676 3649 subtilius,
1719 3597 1839 3638 ma-

244 3674 388 3729 xime
417 3689 448 3728 a
477 3671 728 3727 solitariae
754 3671 877 3727 vita:
905 3670 1324 3742 professoribus,
1370 3671 1494 3742 quia
1525 3686 1558 3726 a
1603 3671 1839 3727 carnali-

243 3764 346 3818 bus
402 3761 627 3830 objectis
681 3767 734 3816 et
789 3759 1074 3815 desideriis
1129 3759 1391 3816 abstracti
1446 3769 1842 3816 evanescerent

244 3851 404 3908 facile
433 3850 486 3905 in
517 3848 939 3923 c0gitationibus
968 3848 1081 3903 suis
1125 3857 1178 3904 et
1206 3849 1259 3903 in
1303 3849 1509 3918 judicia
1555 3851 1841 3905 temeraria

243 3941 564 4006 inciderent,
597 3938 702 3993 nisi
730 3954 762 3993 a
791 3937 1062 3993 daemonio
1091 3938 1390 3993 meridiano
1438 3939 1675 4010 prapriaa
1717 3939 1839 4011 opi-

243 4028 439 4096 nionis,
471 4037 525 4083 et
553 4027 763 4099 proprii
786 4026 975 4097 judicii
1003 4026 1228 4099 laqueos
1259 4026 1392 4098 ipsis
1420 4037 1676 4098 ponente,
1724 4028 1838 4084 sol-

241 4118 387 4174 licite
416 4117 518 4172 sibi
548 4123 822 4172 caverent.
847 4117 967 4186 Ipse
998 4115 1142 4170 enim
1174 4115 1403 4170 Satanas
1443 4115 1840 4190 transfigurans

241 4224 300 4262 se
331 4207 384 4261 in
415 4205 667 4278 angelum
697 4205 836 4262 lucis
866 4204 1044 4259 minus
1075 4212 1264 4260 cautos
1281 4204 1403 4260 etin
1427 4205 1527 4260 hac
1549 4214 1703 4276 parte
1738 4206 1840 4261 sibi

241 4295 372 4367 ipsis
403 4295 632 4352 ﬁdentes
663 4293 884 4365 decipit,
917 4309 979 4350 ac
1011 4293 1064 4348 in
1097 4309 1341 4349 errorem
1375 4295 1545 4349 semel
1575 4295 1836 4364 dejectos,

240 4384 458 4456 proprio
478 4400 642 4439 sensu
672 4382 868 4438 deinde
899 4383 1223 4453 obczccatos,
1256 4383 1495 4439 strictius
1524 4383 1658 4457 ligat
1707 4391 1761 4439 et
1808 4400 1840 4439 a

241 4473 577 4530 correctione
608 4472 825 4527 tandem
855 4471 969 4527 fere
997 4471 1233 4527 totaliter
1258 4471 1464 4528 alienos
1493 4472 1671 4528 efﬁcit.

1949 1892 2260 1957 Puniantur,
2309 1893 2621 1963 puniantur,
2653 1893 2734 1949 sic
2791 1893 2936 1948 enim
2992 1909 3103 1948 non
3159 1908 3280 1948 cum
3336 1893 3552 1948 modica

1945 1989 2134 2035 nostra
2179 1988 2233 2035 et
2271 1981 2533 2036 bonorum
2583 1981 2827 2037 omnium
2894 1980 3286 2049 consolatione,
3351 1981 3555 2037 factum

1945 2069 2114 2124 fuisse
2144 2069 2198 2123 in
2227 2070 2420 2124 ordine
2451 2085 2483 2124 a
2513 2069 2601 2126 die
2632 2087 2744 2126 sum
2772 2069 3127 2125 institutionis
3149 2086 3321 2142 usque
3343 2071 3412 2124 ad
3435 2071 3554 2126 haec

1945 2165 2131 2213 nostra
2160 2166 2404 2230 tempora
2437 2159 2738 2230 apparebit,
2774 2175 2871 2230 per
2898 2160 3116 2214 chartas
3165 2166 3218 2214 et
3248 2158 3552 2214 ordinatio-

1943 2263 2041 2302 nes
2069 2247 2430 2318 capitulorum
2460 2247 2820 2321 generalium,
2875 2262 3013 2320 quas
3056 2248 3290 2319 antiquis
3339 2248 3553 2303 statutis

1944 2351 2010 2390 ex
2039 2336 2286 2406 professo
2316 2336 2440 2391 data
2472 2337 2762 2393 occasione
2793 2345 3114 2404 attexemus,
3157 2345 3214 2391 ut
3244 2338 3362 2393 haec
3408 2337 3552 2393 scri-

1941 2431 2034 2494 pta
2063 2432 2115 2479 et
2143 2425 2424 2496 propalata
2473 2425 2706 2481 existant
2746 2426 2801 2480 iu
2849 2426 3210 2499 generatione
3256 2425 3444 2496 altera,
3498 2433 3552 2481 et

1942 2509 2177 2580 populus
2209 2509 2300 2580 qui
2347 2510 2628 2565 creabitur
2657 2510 2841 2565 laudet
2892 2510 3204 2578 Dominum,
3250 2511 3342 2582 qui
3388 2509 3550 2565 talem

1943 2598 2135 2664 zelum,
2188 2598 2619 2669 unanimitatem,
2667 2600 2930 2670 pr0positi
2989 2599 3360 2656 tenacitatem.
3402 2599 3554 2654 dedit

1942 2686 2157 2741 miseris
2188 2687 2662 2756 homuncionibus,
2699 2687 2937 2759 natione,
2989 2688 3330 2755 educatione,
3385 2687 3549 2761 genio

1941 2775 2175 2830 naturali
2205 2784 2313 2830 tam
2343 2776 2597 2844 diversis,
2631 2777 2792 2832 etiam
2817 2785 3058 2848 tempore
3089 2776 3202 2844 illo,
3228 2792 3336 2849 quo
3365 2775 3556 2833 Eccle-

1943 2865 2024 2920 sia
2049 2865 2149 2919 Dei
2175 2882 2278 2936 per
2306 2865 2618 2920 deflendum
2648 2866 2889 2922 schisma
2916 2866 2970 2920 in
2999 2867 3186 2938 plures
3230 2874 3411 2938 partes
3459 2865 3548 2920 di-

1941 2953 2076 3020 visa,
2109 2953 2358 3009 ordinem
2384 2962 2624 3010 nostrum
2654 2955 2711 3009 in
2757 2963 2834 3010 tot
2871 2963 3055 3026 partes
3105 2954 3266 3011 etiam
3314 2955 3548 3011 scissum

1940 3051 2064 3114 post
2093 3060 2152 3099 se
2180 3051 2441 3110 traxerat,
2477 3044 2580 3098 sub
2610 3043 2776 3100 finem
2806 3045 2980 3116 quarti
3009 3044 3207 3100 decimi
3266 3044 3449 3100 saeculi
3497 3053 3550 3101 et

1941 3133 2151 3186 initium
2177 3133 2374 3189 decimi
2405 3133 2597 3204 quinti,
2633 3134 2807 3189 donec
2837 3133 3128 3190 concilium
3159 3133 3411 3190 Pisanum
3451 3151 3548 3190 ce-

1865 3191 1911 3252 C
1940 3222 2264 3288 lebraretur,
2297 3229 2354 3277 ut
2385 3191 2484 3278 suo
2513 3191 2633 3278 loco
2655 3222 2883 3278 dicetur.
2909 3223 2968 3276 Id
2990 3223 3134 3278 velut
3154 3224 3366 3296 grande
3389 3223 3554 3279 mira-

1943 3311 2125 3368 culum
2153 3327 2184 3364 a
2215 3311 2446 3366 Domino
2476 3311 2678 3367 factum
2710 3311 2883 3367 oculis
2904 3311 3103 3367 mentis
3124 3319 3373 3383 apparet,
3399 3312 3547 3383 quod

1940 3402 2070 3455 dum
2099 3401 2314 3456 intueor
2344 3401 2674 3471 obstupesco
2695 3409 2748 3455 et
2771 3401 3082 3457 succlamo:
3109 3401 3322 3474 Digitus
3345 3402 3445 3457 Dei
3467 3409 3550 3457 est

1940 3489 2074 3556 iste;
2108 3506 2215 3545 non
2249 3489 2390 3546 enim
2418 3489 2621 3544 similes
2664 3489 2873 3546 fructus
2916 3489 3127 3562 profert
3170 3498 3314 3545 terra
3363 3489 3550 3546 cordis

1939 3579 2161 3634 humani
2191 3579 2377 3651 spinas
2407 3587 2457 3634 et
2489 3579 2714 3634 tribulos
2743 3595 2806 3634 ex
2857 3595 2918 3634 se
2964 3587 3171 3634 tantum
3201 3579 3540 3652 germinans.

1939 3669 2112 3724 Porro
2141 3668 2208 3723 de
2239 3667 2316 3723 rei
2347 3668 2568 3724 veritate
2611 3668 2930 3738 judicabunt
2979 3667 3071 3740 qui
3116 3684 3252 3739 opus
3299 3667 3445 3723 istud
3491 3667 3546 3722 in

1940 3773 2104 3813 sensu
2136 3757 2352 3828 pietatis
2380 3766 2432 3812 et
2460 3756 2654 3829 spiritu
2683 3757 2959 3812 charitatis
2989 3756 3176 3812 lecturi
3207 3765 3349 3812 sunt.

2010 3848 2090 3902 De
2115 3845 2438 3918 quibusdam
2469 3847 2648 3902 adhuc
2675 3846 2911 3901 monitos
2943 3862 3040 3901 vos
3070 3862 3194 3901 esse
3223 3845 3368 3911 volo,
3402 3853 3553 3902 ante-

1942 3952 2101 4006 quam
2149 3937 2217 3990 ad
2265 3935 2760 4008 interpretationem
2810 3935 3275 3991 Consuetudinum
3318 3935 3546 3992 istarum

1941 4025 2004 4079 R.
2038 4025 2212 4079 Patris
2242 4025 2414 4081 nostri
2448 4024 2716 4096 Guigonis
2745 4025 3125 4092 deveniamus,
3160 4024 3355 4098 quibus
3375 4025 3548 4081 moni-

1940 4113 2007 4166 tis
2035 4113 2102 4167 ad
2133 4112 2434 4170 faciliorem
2462 4113 2879 4184 intelligentiam
2910 4131 3105 4170 sensus
3147 4121 3201 4170 et
3245 4115 3543 4170 verborum

1938 4201 2166 4274 piissimi
2198 4202 2474 4273 scriptoris
2503 4203 2858 4274 perveniatis.

2012 4291 2192 4346 Primo
2222 4307 2352 4365 ergo
2380 4292 2678 4346 notandum
2709 4301 2792 4347 est
2824 4291 2974 4346 illum
3024 4293 3299 4349 succincte
3348 4293 3546 4349 admo-

1941 4381 2070 4436 dum
2102 4381 2364 4446 scribere,
2399 4388 2512 4434 tum
2543 4389 2600 4434 ut
2631 4381 2880 4436 exhibeat
2898 4398 2956 4436 se
2982 4381 3034 4435 in
3059 4381 3351 4437 scribendo
3381 4382 3547 4439 etiam

1941 4471 2094 4543 leges
2126 4469 2324 4524 silentii
2353 4485 2574 4526 servare
2607 4469 2763 4535 velle,
2800 4471 2930 4524 dum
2961 4471 3236 4541 superflua
3267 4471 3438 4526 verba
3459 4489 3546 4528 re-

309 4563 375 4617 Hi
404 4570 527 4617 sunt
556 4561 741 4616 miseri
769 4561 972 4634 gradus
1003 4561 1401 4630 descensiouis,
1438 4577 1575 4634 quos
1604 4561 1707 4617 sibi
1755 4561 1837 4616 fa-
1859 4550 1912 4612 D
1943 4575 2130 4616 secare
2159 4559 2355 4626 studet,
2389 4566 2441 4614 et
2471 4575 2533 4614 ea
2564 4567 2767 4613 tantum
2809 4559 3051 4630 proferre
3082 4576 3204 4631 quae
3231 4561 3547 4617 necessaria

241 4652 448 4708 bricant
479 4649 798 4721 Spirituales
828 4666 858 4704 a
884 4650 1109 4721 proprio
1147 4650 1352 4719 judicio
1399 4667 1509 4705 non
1558 4651 1661 4705 sibi
1707 4651 1838 4707 satis

240 4748 395 4798 caute
451 4747 724 4807 caventes,
784 4755 814 4793 a
872 4739 1070 4810 quibus
1124 4738 1291 4812 longe
1366 4739 1704 4806 distabimus,
1794 4740 1838 4794 si

239 4847 455 4902 semper
483 4829 552 4885 ob
583 4828 773 4884 oculos
813 4828 1114 4884 habeamus
1157 4828 1250 4882 illa
1297 4828 1495 4884 Christi
1539 4829 1838 4885 Salvatoris

239 4919 406 4975 nostri
440 4919 647 4974 verba:
675 4919 859 4974 Nolite
884 4919 1168 4990 judicare,
1207 4920 1406 4973 etnon
1434 4919 1840 4988 judicabimini

237 5011 389 5080 (Luc.
416 5007 534 5078 IV);
561 5014 614 5062 ct
642 5005 733 5061 illa
764 5007 830 5060 D.
887 5005 1034 5060 Pauli
1063 5021 1074 5059 :
1102 5007 1233 5074 Quis
1283 5023 1338 5061 es
1387 5011 1450 5061 tu
1490 5009 1585 5080 qui
1611 5008 1839 5078 judico:

237 5115 455 5154 servum
479 5098 737 5152 alienum
765 5100 787 5151 ?
809 5097 1040 5152 Domino
1076 5112 1174 5151 suo
1197 5100 1312 5151 stat
1335 5100 1437 5152 aut
1478 5098 1632 5152 cadit
1657 5099 1833 5166 (Rom.

238 5187 371 5258 xw).
393 5189 674 5256 Itemque:
701 5186 880 5241 Nolite
914 5189 1050 5240 ante
1091 5189 1310 5257 tempus
1337 5186 1619 5257 judicare,
1663 5203 1835 5257 quoa-

234 5277 651 5349 dusqueveniat
670 5275 958 5342 Dominus,
1000 5275 1098 5346 qui
1133 5275 1486 5331 illuminabit
1509 5275 1837 5331 abscondita

241 5367 620 5429 tenebrarum,
656 5367 710 5418 ct
733 5363 1128 5434 manifestabit
1170 5365 1413 5419 consilia
1453 5365 1706 5420 cordium
1730 5384 1748 5419 :
1779 5368 1834 5420 et

233 5460 365 5512 tunc
385 5457 514 5511 laus
530 5453 645 5509 erit
663 5453 968 5524 unicuique
998 5469 1032 5508 a
1054 5455 1160 5508 Deo
1183 5454 1230 5521 (I
1255 5454 1376 5508 Cor.
1401 5455 1504 5521 IV.)

291 5546 451 5602 Nunc
483 5557 623 5614 ergo
655 5541 954 5612 quiescent,
989 5548 1044 5595 ut
1071 5557 1376 5612 speramus,
1415 5541 1504 5613 qui
1543 5550 1684 5596 tanta
1713 5542 1834 5596 avi-

224 5635 384 5694 ditate
416 5638 623 5690 statuta
656 5629 862 5687 ordinis
894 5629 1083 5699 nostri,
1119 5638 1210 5684 aut
1241 5631 1448 5703 legere,
1483 5639 1574 5686 aut
1603 5646 1834 5702 carpere

1940 4649 2210 4716 videntur,
2247 4657 2357 4703 tum
2389 4648 2515 4720 quia
2546 4647 2890 4703 Carthusiani
2917 4648 3184 4720 propositi
3213 4649 3540 4706 observato-

1941 4738 2093 4793 ribus
2123 4737 2328 4804 scribit,
2364 4737 2452 4810 qui
2485 4737 2607 4792 ideo
2638 4753 2746 4792 uno
2775 4736 2882 4803 vel,
2914 4745 2971 4791 ut
3015 4737 3084 4792 ita
3130 4738 3327 4806 dicam,
3376 4738 3541 4793 dimi-

1941 4828 2084 4883 diato
2115 4828 2281 4883 verbo
2311 4827 2571 4899 quidquid
2603 4826 2704 4880 sibi
2736 4827 2950 4882 volebat
3008 4827 3343 4883 reverendus
3383 4827 3547 4884 Pater

1941 4916 2123 4990 Guigo
2154 4917 2551 4988 intelligebant,
2586 4932 2688 4972 nec
2719 4915 3035 4988 indigebant
3066 4924 3124 4971 ut
3152 4917 3335 4972 omnia
3383 4917 3548 4974 veluti

1939 5005 2240 5060 minutatim
2273 5006 2626 5077 exprimeret.
2679 5005 3108 5061 Consuetudines
3156 5023 3292 5080 ergo
3341 5014 3545 5062 tantum

1939 5095 2103 5150 veluti
2135 5096 2543 5162 substantiales,
2577 5095 2800 5165 majoris
2829 5104 2880 5151 et
2927 5096 3200 5167 primariae
3243 5097 3546 5155 Carthusiae

1940 5185 2104 5239 sociis
2136 5193 2188 5239 et
2220 5185 2481 5240 fratribus
2509 5185 2892 5252 communicat,
2917 5185 2972 5240 id
2995 5203 3024 5240 a
3046 5202 3105 5242 se
3126 5185 3540 5258 postulantibus,

1939 5282 1996 5328 ut
2025 5273 2368 5328 uniformitas
2396 5274 2508 5340 illa,
2545 5291 2666 5346 quae
2696 5275 2765 5329 ab
2797 5274 2948 5329 initio
2979 5283 3030 5330 et
3060 5275 3320 5347 deinceps
3352 5275 3406 5331 iu
3446 5291 3543 5331 or-

1936 5362 2064 5417 dine
2096 5362 2192 5416 fuit
2221 5363 2274 5416 iu
2306 5371 2455 5417 tanto
2499 5361 2676 5434 pretio
2724 5363 2908 5418 habita
2967 5372 3020 5419 et
3067 5364 3320 5420 continuo
3367 5364 3546 5421 studio

1937 5459 2168 5517 servata,
2200 5451 2637 5507 introduceretur
2670 5469 2681 5506 :

2010 5541 2279 5605 Secundo,
2313 5541 2463 5609 plura
2495 5558 2616 5612 qua:
2645 5541 2698 5594 in
2728 5540 2964 5613 antiquis
2995 5541 3204 5597 statutis
3253 5541 3542 5598 continen-

1936 5636 2023 5684 tur
2052 5644 2154 5684 nec
2184 5629 2236 5682 in
2268 5629 2764 5686 Cousuetudinibus
2807 5630 2870 5685 lt.
2926 5631 2986 5686 P.
3038 5630 3308 5703 Guigonis
3358 5632 3540 5702 expri-
