3928 6412
248 329 356 383 637
1598 324 2206 385 CONSUETUDINES.
3444 320 3548 374 638

243 466 346 506 nes
367 450 562 506 domus
582 457 785 506 nostrae
815 449 1047 521 scriptas
1071 450 1349 506 memoria:
1374 451 1637 507 mandare
1686 450 1992 507 curavimus
2039 449 2138 521 [αι.
2189 446 2484 519 curamus].
2533 449 2577 503 A
2604 462 2711 518 quo
2764 445 2985 519 negotio
3031 442 3461 511 rationabilibus,
3493 451 3551 498 ut

238 555 511 618 putamus.
547 548 616 603 de
644 547 827 603 causis
851 547 945 604 diu
977 548 1456 618 dissimulavimus,
1491 549 1741 604 videlicet
1771 549 1901 621 quia
1946 548 2031 603 vel
2078 549 2133 602 in
2164 548 2410 619 epistolis
2443 548 2500 602 B.
2533 545 2868 617 Hieronymi,
2903 544 2989 602 vel
3043 544 3097 598 in
3151 544 3358 615 Regula
3403 543 3545 599 beati

234 644 513 701 Benedicti
544 662 642 701 seu
672 646 729 700 in
759 645 969 702 caeteris
991 646 1286 717 Scripturis
1316 646 1414 719 [aL
1449 647 1661 703 caeteris
1691 645 1862 718 libris]
1893 647 2237 711 authenticis,
2262 645 2442 701 omnia
2472 662 2611 716 pene
2643 660 2765 717 quae
2794 644 2883 700 hic
2918 642 3178 715 religiose
3207 658 3370 714 agerc
3399 656 3537 698 con-

236 742 519 797 suevimus
550 743 814 798 contineri
843 743 1222 799 credebamus.
1259 745 1323 799 Et
1353 760 1471 810 nos,
1497 744 1587 816 qui
1617 744 1724 799 tale
1762 743 1963 815 aliquid
1994 742 2172 799 facere
2218 758 2507 814 possemus
2551 741 2637 796 vel
2684 740 3025 807 deberemus,
3068 738 3266 811 dignos
3321 737 3546 793 minime

241 839 591 909 putabamus.

311 942 361 992 3.
396 939 511 993 Huc
541 936 837 992 accedebat
856 935 985 1006 quia
1013 933 1202 990 doceri
1235 935 1411 1007 magis
1428 950 1588 1007 quam
1612 936 1812 991 docere
1842 934 1911 989 ad
1946 934 2262 989 humilitatis
2291 941 2491 990 nostrae
2519 933 2857 1004 propositum
2884 934 3159 1004 pertinere
3191 949 3533 1005 noveramus,

236 1035 510 1107 tutiusque
533 1050 656 1090 esse
683 1033 860 1089 aliena
886 1032 1066 1103 potius
1096 1033 1235 1088 bona
1266 1048 1429 1105 quam
1466 1050 1565 1088 sua
1597 1033 1916 1104 praedicare,
1958 1032 2231 1102 Scriptura
2261 1031 2474 1086 dicente
2512 1046 2523 1084 :
2561 1029 2776 1087 Laudet
2832 1034 2885 1085 te
2923 1032 3168 1097 alienus,
3220 1034 3275 1086 et
3322 1047 3436 1087 non
3484 1047 3543 1087 os

239 1135 445 1197 tuum;
479 1133 811 1194 extraneas,
869 1133 925 1184 et
991 1146 1107 1184 non
1157 1129 1304 1185 labia
1362 1133 1463 1185 tua
1497 1130 1681 1200 (Prov.
1734 1143 1919 1198 xxv",
1968 1128 2052 1198 2).
2113 1128 2345 1183 Domino
2402 1143 2618 1199 quoque
2661 1127 2717 1181 in
2774 1126 3078 1198 Evangelio
3134 1126 3533 1199 praecipiente:

250 1229 437 1284 Videte
483 1243 557 1283 ne
574 1228 869 1299 justitiam
900 1232 1145 1283 vestram
1170 1229 1402 1300 faciatis
1432 1243 1621 1284 coram
1656 1226 1993 1293 hominibus,
2013 1232 2079 1284 ut
2098 1226 2408 1283 videamini
2436 1227 2502 1281 ab
2522 1227 2601 1282 eis
2632 1226 2849 1296 (Matth.
2885 1240 2962 1294 v1,
2995 1225 3074 1294 1).

1590 1456 2173 1514 COMMENTARIUM.

227 1671 315 1718 ter
344 1662 808 1718 custodiebantur.
843 1663 948 1718 Pro
979 1661 1192 1717 statutis
1220 1663 1327 1717 illis
1356 1671 1513 1718 erant
1544 1671 1671 1718 tunc
1694 1664 1829 1719 cha-
1851 1669 1905 1727 Α
1934 1679 2135 1718 annum
2172 1666 2325 1729 1509,
2360 1678 2561 1719 nomen
2612 1665 2819 1720 statuti
2840 1662 3004 1719 etiam
3034 1662 3531 1718 Consuetudinibus

223 1751 362 1806 ritas
393 1760 445 1806 et
472 1752 667 1822 pietas,
702 1767 927 1823 quarum
957 1751 1194 1821 impulsu
1232 1767 1298 1807 ea
1345 1768 1464 1823 quae
1521 1769 1550 1805 a
1582 1752 1831 1807 Pati-ibus
1932 1751 2199 1824 Guigonis
2227 1752 2282 1806 in
2311 1753 2486 1824 capite
2516 1753 2840 1825 paginarum
2871 1751 3029 1807 fuerit
3056 1750 3361 1822 prwtixum,
3394 1751 3535 1806 sicut

225 1840 429 1895 tradita
473 1848 632 1896 erant
678 1849 730 1895 et
780 1840 1159 1895 commendata
1221 1856 1385 1910 opere
1457 1840 1831 1910 complebant;
1931 1848 1983 1895 et
2012 1840 2220 1895 statutis
2247 1840 2500 1912 antiquis,
2536 1858 2656 1912 quae
2685 1857 2753 1896 ex
2797 1839 3045 1911 professo
3075 1838 3372 1911 composita
3410 1838 3535 1894 fue—

222 1928 365 1985 nihil
393 1936 520 1985 tunc
551 1929 619 1984 de
651 1942 749 1984 sua
794 1928 1134 1983 observantia
1182 1927 1397 1999 scriptis
1417 1929 1825 1996 mandaverant,
1928 1938 2065 1994 rant,
2119 1938 2175 1983 ut
2224 1945 2355 1985 vere
2386 1937 2572 1984 essent
2609 1928 3022 1984 constitutiones
3052 1927 3168 1983 sive
3210 1935 3407 1982 statuta
3436 1942 3533 1982 or-

218 2018 355 2089 quia
381 2017 558 2073 adhuc
585 2017 805 2072 illorum
833 2017 1173 2087 propositum
1218 2018 1363 2072 velut
1410 2016 1462 2070 in
1495 2016 1648 2071 cunis
1671 2024 1827 2084 erat;

214 2115 270 2163 et
301 2105 664 2162 observantiae
709 2104 933 2171 ordinis,
997 2105 1163 2160 veluti
1196 2107 1294 2159 sub
1332 2105 1529 2162 incude
1557 2113 1611 2160 et
1656 2122 1827 2176 expe-

211 2195 432 2250 rientiae
462 2194 655 2250 malleo
682 2194 858 2250 adhuc
883 2195 1265 2249 versabantur.
1298 2195 1415 2249 Vile
1446 2210 1601 2248 suum
1618 2209 1827 2264 propo-

211 2284 401 2351 situm,
433 2292 488 2338 ut
517 2283 644 2338 alibi
672 2283 909 2355 loquitur
935 2283 1213 2354 piissimus
1243 2283 1492 2355 scriptor,
1539 2298 1649 2338 non
1696 2298 1826 2338 con-

210 2372 534 2428 siderabant
563 2372 725 2429 veluti
781 2371 985 2427 fontem
1030 2372 1179 2432 illum
1235 2372 1540 2442 parvulum,
1574 2372 1665 2443 qui
1696 2388 1823 2427 ere-

210 2476 376 2519 scere
404 2461 643 2517 debebat
669 2461 726 2515 in
754 2460 1008 2527 ﬂuvium;
1038 2460 1148 2516 imo
1178 2477 1278 2515 nec
1308 2461 1406 2515 hac
1454 2460 1523 2515 de
1574 2478 1635 2515 re
1667 2461 1822 2532 cogi-

211 2551 429 2605 tabant.
466 2549 630 2604 Filios
659 2549 877 2605 Rechab
919 2548 1287 2616 imitabantur,
1335 2549 1531 2621 quibus
1562 2565 1662 2621 pro
1700 2550 1823 2623 lege

214 2647 267 2695 et
298 2637 515 2693 statutis
542 2647 695 2693 erant
738 2654 803 2693 ea
829 2654 949 2710 quae
1004 2654 1035 2692 a
1091 2646 1240 2708 patre
1298 2638 1399 2691 sibi
1447 2638 1823 2693 commendata

212 2727 429 2783 fuerant
460 2736 512 2782 et
541 2727 737 2782 tradita
769 2747 783 2793 ;
818 2735 871 2782 et
900 2735 1024 2782 tunc
1055 2726 1355 2782 institutum
1414 2726 1816 2793 Carthusiense,

213 2817 365 2888 quod
393 2816 597 2888 ubique
629 2816 746 2871 solo
769 2816 1283 2889 propositinomine
1297 2815 1528 2887 scriptor
1545 2816 1815 2887 exprimit,

210 2905 327 2961 sola
359 2905 653 2961 traditione
682 2905 986 2961 constabat.

1928 2018 2071 2072 dinis
2098 2018 2344 2089 quamvis
2374 2018 2431 2087 in
2465 2017 2621 2073 titulo
2649 2033 2849 2073 nomen
2894 2016 3057 2072 etiam
3103 2016 3532 2072 consuetudinis

1928 2106 2104 2161 adhuc
2136 2107 2368 2178 legatur.

1999 2195 2135 2249 Ibid.
2192 2196 2443 2267 Scriptus
2495 2197 2783 2252 memoria:
2824 2195 3125 2251 mandare.
3184 2193 3244 2249 Id
3274 2201 3357 2249 est
3385 2193 3529 2250 scri-

1926 2284 2107 2339 bendo
2134 2283 2429 2354 cognitioni
2458 2283 2736 2339 hominum
2784 2291 2838 2339 et
2882 2281 3210 2354 posteritatis
3252 2282 3534 2339 memoriae

1926 2373 2222 2427 servandas
2269 2373 2617 2444 exposuimus
2670 2381 2723 2428 et
2779 2372 3120 2427 tradidimus.
3182 2371 3401 2427 Phrasis
3449 2379 3533 2426 est

1924 2461 2247 2527 monastica,
2282 2462 2461 2532 captui
2491 2469 2542 2516 et
2590 2461 2750 2516 modo
2781 2461 3039 2533 loquendi
3094 2468 3220 2515 tunc
3267 2460 3529 2531 temporis

1924 2550 2121 2605 usitato
2171 2549 2352 2621 potius
2394 2550 2803 2607 accommodata
2832 2566 2997 2621 quam
3028 2549 3235 2623 regulis
3262 2565 3415 2621 purae
3445 2549 3531 2605 la-

1924 2638 2167 2693 tinitatis.
2201 2638 2360 2709 Quod
2392 2639 2478 2694 hic
2509 2640 2677 2694 semel
2704 2646 2943 2694 notatum
2982 2639 3051 2693 sit
3094 2654 3195 2709 pro
3242 2637 3525 2706 omnibus;

1923 2743 2051 2782 nam
2078 2727 2135 2781 in
2165 2728 2440 2800 plerisque
2469 2728 2604 2784 locis
2634 2728 2902 2783 similibus
2936 2728 3232 2800 phrasibus
3261 2735 3313 2783 et
3342 2727 3525 2784 verbis

1923 2824 2142 2873 sanctus
2174 2816 2257 2872 vir
2281 2818 2465 2872 utitur.

1994 2906 2130 2962 Ibid.
2158 2906 2299 2973 Quia
2320 2907 2406 2961 vet
2432 2907 2494 2961 in
2521 2907 2775 2979 epistolis
2796 2908 2855 2961 Β.
2891 2907 3285 2979 Hieronymi...
3325 2906 3530 2963 Omnia

283 2995 363 3049 De
394 2994 878 3050 consuetudinibus
908 3009 1044 3066 ergo
1086 3009 1117 3047 a
1166 2993 1230 3048 R.
1278 2995 1338 3048 P.
1383 2993 1634 3066 Guigone
1676 2993 1819 3050 scri-
1840 3025 1891 3084 Β
1918 3010 2062 3066 pene
2084 3010 2205 3067 qua:
2236 2993 2326 3050 hic
2365 2995 2622 3066 religiose
2645 3011 2809 3065 agere
2830 2997 3219 3051 consuevimus
3239 2996 3530 3051 contineri

218 3082 414 3137 bendis
446 3083 533 3138 hic
562 3082 767 3155 agitur,
797 3097 906 3137 non
953 3082 1173 3153 proprie
1203 3081 1271 3137 de
1314 3082 1544 3137 statutis.
1579 3082 1687 3139 Cur
1716 3098 1819 3138 au-

216 3177 324 3224 tem
354 3170 411 3224 in
440 3170 709 3242 capitibus
739 3171 1062 3242 paginarum
1106 3170 1230 3225 libri
1277 3171 1419 3243 typis
1459 3172 1697 3226 mandati
1724 3172 1823 3227 ha-

216 3257 377 3313 betur
400 3259 635 3315 Statuta
671 3260 932 3332 Guigonis
948 3264 970 3315 ?
985 3258 1186 3330 Accipe
1207 3259 1495 3314 rationem.
1530 3260 1662 3314 Cum
1683 3260 1820 3316 ordo

207 3346 323 3414 jam
360 3348 630 3404 crevisset
676 3357 727 3403 et
756 3348 1130 3404 necessarium
1162 3348 1336 3403 visum
1379 3348 1571 3404 fuisset
1626 3356 1819 3404 statuta

210 3437 453 3495 condere
493 3437 689 3510 quibus
719 3444 832 3491 tum
862 3438 1047 3509 politia
1079 3446 1321 3505 externa,
1360 3445 1471 3492 tum
1517 3437 1820 3509 disciplinae

209 3527 489 3600 regularis
538 3525 732 3593 forma,
763 3534 873 3581 tum
906 3527 1272 3583 observantiae
1301 3526 1673 3582 Carthusianae
1722 3543 1817 3582 seu

211 3615 544 3672 austeritatis
573 3623 626 3670 et
656 3614 914 3671 solitariae
958 3615 1084 3671 vita:
1112 3616 1270 3683 ratio,
1308 3623 1421 3670 tum
1468 3617 1689 3671 demum
1737 3616 1818 3670 in-

209 3705 381 3760 stituti
422 3704 762 3760 Carthusiani
817 3719 973 3759 mens
1018 3704 1455 3775 exprimerentur
1508 3712 1561 3760 et
1602 3704 1818 3776 scriptis

206 3795 617 3860 mandarentur,
668 3808 734 3849 ac
763 3808 861 3864 per
887 3792 1111 3849 modum
1139 3793 1334 3865 legalis
1376 3792 1604 3848 instituti
1636 3793 1817 3849 omni-

210 3882 309 3938 bus
339 3882 612 3939 servanda
641 3881 986 3937 traderentur
1020 3899 1034 3936 :
1069 3882 1133 3937 B.
1168 3882 1226 3936 P.
1260 3883 1325 3936 D.
1360 3881 1609 3937 Riﬁ‘erius
1639 3882 1817 3953 prima

205 3969 319 4038 illa,
350 3986 475 4043 quae
502 3971 740 4043 antiqua
780 3986 1057 4040 vocamus,
1092 3977 1293 4025 statuta
1322 3970 1579 4035 condidit,
1614 3971 1669 4024 in
1691 3971 1816 4042 qui-

208 4060 308 4115 bus
343 4076 406 4116 ea
437 4059 626 4115 omnia
672 4058 1008 4131 transcripsit
1052 4075 1172 4132 quae
1210 4059 1265 4113 in
1322 4059 1816 4115 Consuetudinibus

206 4148 269 4204 Η.
304 4150 361 4205 P.
395 4147 667 4222 Guigonis
696 4148 981 4214 habentur,
1005 4147 1348 4219 paucissimis
1395 4148 1636 4219 exceptis
1695 4164 1817 4220 quae

207 4251 271 4292 ex
310 4238 566 4309 professo
611 4236 941 4305 notabimus,
974 4244 1032 4291 ut
1065 4237 1319 4293 omnibus
1346 4237 1694 4308 perspicuum
1724 4237 1811 4305 sit,

204 4333 464 4397 quantum
495 4334 742 4382 errarent
768 4327 861 4399 qui
894 4327 1181 4382 occasione
1231 4326 1448 4398 capituli
1496 4328 1572 4382 De
1619 4344 1812 4400 repre-

207 4414 477 4473 hensione
526 4415 694 4487 (quod
752 4423 1005 4487 quartum
1055 4416 1110 4470 in
1140 4414 1382 4471 secunda
1419 4424 1573 4486 parte
1602 4415 1813 4486 primo-

206 4518 325 4558 rum
372 4504 591 4561 illorum
621 4511 938 4560 statutorum
961 4504 1300 4574 numeratur)
1347 4518 1456 4559 non
1513 4505 1811 4560 secundum

205 4606 423 4648 sensum
480 4593 738 4657 auctoris,
792 4592 1070 4661 intellecti,
1137 4592 1408 4649 decidium
1464 4593 1673 4649 ordinis
1741 4594 1810 4648 ab

201 4678 352 4737 initio
375 4683 489 4752 jam
521 4682 771 4739 evenisse
798 4690 1068 4754 putarent.
1389 4682 1397 4689 ’

268 4771 398 4827 Inde
425 4786 565 4842 ergo
587 4771 783 4827 accidit
820 4778 875 4826 ut
900 4771 1047 4843 quod
1093 4770 1415 4842 simpliciter
1459 4772 1806 4829 consuetudo

199 4858 375 4929 primo
403 4860 708 4919 vocabatur
736 4860 838 4915 sub
858 4860 1157 4917 reverendo
1215 4862 1371 4916 Patre
1418 4860 1690 4934 Guigone,
1749 4860 1806 4915 in

203 4949 493 5019 quamdam
515 4949 659 5020 juris
697 4949 938 5020 speciem
969 4948 1174 5004 sensim
1200 4965 1302 5020 per
1328 4965 1511 5005 mores
1539 4949 1801 5004 utentium

201 5037 474 5108 transiret,
500 5037 641 5095 sicut
671 5036 773 5094 fert
798 5037 922 5110 ipsa
941 5037 1355 5094 consuetudinis
1383 5035 1627 5094 definitio
1656 5038 1802 5110 apud

193 5119 530 5196 jurisperitos
589 5144 603 5182 :
659 5126 907 5197 sicutque
959 5125 1255 5182 accedente
1323 5133 1514 5197 postea
1568 5127 1802 5198 quadam

199 5214 586 5281 approbatione
618 5215 676 5271 S.
708 5215 775 5269 D.
798 5215 868 5270 N.
894 5214 1196 5271 Innocentii
1217 5231 1371 5286 papae
1387 5215 1434 5268 II
1454 5223 1614 5287 atque
1637 5215 1799 5270 etiam

196 5299 531 5359 ordinatione
562 5302 782 5374 capituli
811 5302 1105 5376 generalis,
1142 5304 1244 5358 sub
1283 5303 1339 5359 S.
1372 5304 1621 5358 Antelmo
1653 5303 1799 5359 circa

198 5397 389 5443 annum
420 5394 556 5447 1143
611 5391 893 5460 celebrati,
954 5391 1046 5445 ubi
1090 5391 1289 5447 dicitur
1343 5393 1648 5448 servandas
1678 5408 1798 5448 esse

194 5480 549 5552 praescriptas
575 5480 1034 5547 consuetudines,
1052 5480 1168 5549 jam
1184 5479 1239 5535 in
1254 5488 1455 5536 statuta
1468 5480 1795 5537 transierant

198 5566 435 5633 tempore
480 5569 760 5625 reverendi
809 5568 984 5624 Patris
1034 5568 1258 5625 Riﬁ'erii.
1291 5569 1411 5639 Qua
1466 5569 1674 5624 ratione
1709 5568 1793 5623 fa-

1922 3083 2305 3139 credebamus.
2337 3083 2475 3139 Hinc
2519 3090 2665 3154 patet
2696 3083 2941 3149 libertas,
2993 3099 3101 3155 qua
3143 3083 3199 3138 S.
3231 3084 3413 3139 Bruno
3473 3092 3528 3140 et

1922 3188 2272 3228 successores
2319 3173 2436 3241 ejus
2465 3171 2752 3228 voluerunt
2809 3173 3149 3243 propositum
3208 3181 3261 3227 et
3301 3173 3526 3228 modum

1922 3261 2025 3315 sibi
2056 3261 2272 3317 vivendi
2304 3262 2526 3335 eligere,
2550 3268 2603 3316 et
2631 3276 2981 3333 componere,
3012 3268 3174 3333 prout
3217 3261 3442 3332 spiritus
3473 3269 3526 3317 et

1920 3350 2211 3422 prudentia
2246 3358 2621 3423 suggererent,
2655 3358 2707 3405 et
2738 3365 2847 3405 non
2882 3366 2941 3405 se
2972 3350 3277 3423 astringere
3304 3350 3373 3405 ad
3402 3350 3526 3406 illas

1919 3439 2142 3511 regulas
2173 3456 2268 3495 seu
2300 3439 2708 3495 constitutiones
2738 3437 3040 3510 specificas,
3094 3454 3214 3511 qum
3267 3439 3323 3493 in
3360 3438 3526 3495 variis

1919 3523 2201 3579 ordinibus
2250 3522 2563 3578 monasticis
2602 3522 2717 3577 sive
2745 3522 2799 3576 in
2832 3521 3055 3578 Oriente
3102 3521 3217 3577 sive
3261 3521 3316 3577 in
3365 3522 3527 3579 Occi-

1918 3612 2079 3667 dente
2111 3612 2228 3681 jam
2263 3612 2469 3667 dudum
2499 3609 2709 3666 fuerant
2739 3611 2987 3667 conditas.
3012 3610 3159 3665 Nihil
3208 3610 3311 3666 sibi
3358 3611 3525 3683 elegit

1918 3702 1980 3756 S.
2013 3703 2191 3756 Bruno
2217 3717 2316 3773 pro
2344 3701 2563 3757 vivendi
2593 3700 2776 3770 modo,
2809 3700 2954 3772 quod
2982 3715 3093 3755 non
3122 3707 3269 3756 esset
3297 3708 3522 3757 sancto-

1918 3807 2035 3845 rum
2065 3790 2400 3863 Hieronymi,
2434 3790 2711 3846 Benedicti
2757 3798 2809 3845 et
2838 3789 3072 3846 aliorum
3130 3789 3346 3861 scriptis
3397 3788 3518 3845 lau-

1916 3880 2123 3945 datum,
2185 3880 2282 3935 sed
2337 3896 2444 3935 non
2504 3880 2628 3935 ideo
2683 3878 2900 3934 illorum
2952 3877 3159 3952 regulis
3188 3895 3249 3935 se
3277 3878 3522 3945 addixit;

1918 3969 2169 4041 quamvis
2198 3969 2324 4023 inde
2356 3968 2517 4023 veluti
2567 3968 2859 4040 spiritualis
2884 3968 3002 4040 apis
3048 3967 3331 4041 collegerit
3378 3967 3523 4023 unde

1914 4058 2024 4113 mel
2044 4066 2096 4113 et
2126 4073 2308 4113 ceram
2337 4056 2617 4129 prepriam
2649 4065 3020 4129 componeret.
3054 4058 3177 4112 Non
3206 4072 3341 4131 ergo
3400 4072 3522 4113 me-

1915 4146 2020 4201 rito
2072 4147 2434 4217 improperari
2474 4153 2653 4218 potest
2690 4145 2774 4201 sui
2817 4145 3046 4202 instituti
3091 4146 3519 4218 professoribus,

1915 4235 2063 4319 qpod
2092 4236 2193 4290 has
2221 4235 2308 4290 vel
2353 4235 2477 4289 illas
2509 4243 2821 4292 sanctorum
2851 4235 2966 4291 sive
2997 4235 3238 4303 Antonii,
3270 4237 3385 4293 sive
3414 4237 3523 4293 Cli-

1914 4324 2084 4388 maci,
2135 4324 2251 4379 sive
2293 4324 2591 4391 Benedicti,
2650 4325 2765 4379 sive
2813 4325 3076 4379 Bernardi
3133 4332 3225 4380 aut
3274 4332 3523 4382 veterum

1915 4412 2258 4469 orientalium
2288 4414 2505 4467 Patrum
2535 4412 2780 4468 instituta
2808 4420 2861 4468 et
2910 4428 3107 4484 praxes
3136 4429 3247 4469 non
3288 4430 3522 4487 sequan-

1912 4512 2018 4568 tur,
2053 4502 2175 4575 quia
2197 4501 2281 4556 sui
2307 4501 2576 4573 propositi
2604 4517 2714 4556 non
2746 4510 2890 4569 sunt,
2942 4517 3047 4559 nec
3072 4502 3196 4557 illas
3226 4503 3523 4560 servandas

1911 4591 2015 4646 sibi
2037 4591 2339 4664 elegerunt.

1990 4680 2127 4736 Ibid.
2164 4683 2231 4737 Et
2252 4697 2354 4738 nos
2373 4682 2469 4753 qui
2490 4682 2604 4737 tale
2626 4680 2844 4754 aliquid
2862 4696 3175 4754 possemus.
3196 4680 3328 4737 Inde
3357 4680 3521 4738 etiam

1910 4777 2131 4841 apparet
2160 4770 2306 4842 quod
2336 4770 2404 4824 de
2432 4770 2714 4825 condenda
2762 4784 2907 4825 nova
2948 4777 3001 4825 et
3037 4770 3303 4844 singulari
3330 4771 3516 4843 regula

1908 4875 2018 4915 non
2051 4858 2372 4930 cogitarent,
2425 4859 2522 4914 sed
2551 4866 2762 4914 tantum
2791 4857 3022 4914 formam
3072 4858 3363 4931 quamdam
3392 4877 3519 4917 ere-

1905 4951 2101 5006 mitice
2131 4948 2290 5003 simul
2311 4955 2364 5004 et
2389 4949 2718 5005 camabitice
2731 4948 2971 5016 vivendi,
2996 4947 3101 5003 sibi
3128 4947 3264 5021 ipsis
3293 4964 3519 5022 compo-

1903 5054 2042 5094 nere
2074 5044 2466 5110 proponerent.
2499 5037 2665 5108 Cujus
2712 5037 2962 5109 exemplo
3007 5037 3242 5105 attracti,
3284 5038 3519 5095 Bernar-

1904 5126 2009 5182 dus
2038 5127 2319 5182 Portarum
2352 5133 2406 5181 et
2425 5125 2516 5181 alii
2544 5126 2601 5180 in
2622 5126 2860 5200 Prologo
2889 5126 3174 5195 nominati,
3199 5127 3516 5184 sodalitium

1902 5216 2114 5286 piorum
2146 5215 2202 5270 in
2241 5215 2387 5270 idem
2418 5231 2595 5286 genus
2650 5215 2777 5271 vitae
2832 5215 3260 5286 conjuratorum,
3312 5215 3516 5290 singuli

1900 5303 2004 5359 sibi
2053 5303 2215 5360 etiam
2270 5302 2540 5370 fecerunt,
2565 5311 2620 5359 et
2673 5319 2891 5358 eremos
2936 5303 3039 5358 sibi
3084 5304 3388 5378 elegerunt,
3420 5305 3514 5361 ubi

1900 5392 2213 5448 eremitoria
2258 5400 2700 5454 construxerunt,
2734 5409 2857 5464 quae
2893 5391 3059 5448 hodie
3091 5400 3218 5448 sunt
3248 5393 3522 5467 antiquio-

1898 5498 1987 5536 res
2017 5481 2214 5537 domus
2237 5468 2463 5536 ordinis.
3269 5496 3282 5505 ‘

1969 5570 2135 5625 Num.
2168 5573 2225 5624 3.
2265 5570 2405 5638 Quia
2427 5570 2613 5626 doceri
2650 5571 2829 5641 magis
2851 5585 3021 5642 quam
3051 5570 3267 5628 docere.
3298 5570 3357 5625 In
3380 5570 3516 5625 abs-

197 5655 337 5707 ctum
368 5664 531 5712 estut
561 5658 694 5715 dum
723 5665 921 5713 statuta
943 5657 1085 5730 typis
1113 5666 1297 5715 essent
1316 5646 1626 5717 mandanda
1646 5657 1791 5713 circa
1893 5657 2114 5717 condito
2161 5657 2316 5713 faciei
2348 5658 2447 5715 Dei
2501 5657 2686 5728 latere,
2719 5658 3191 5715 conversationem
3245 5658 3300 5714 in
3358 5657 3513 5716 cmlis
