3928 6416
355 315 458 372 639

1177 327 1518 385 GUIGONIS
1568 330 1591 384 Ι
1640 329 2048 387 ΟΑΒΤΗΗΞΙᾸΞ
2094 331 2388 389 MAIORIS
2436 332 2714 390 PRIORIS
2753 333 2818 388 V.

3553 334 3662 389 6L0

421 447 474 498 4.
515 447 718 502 Verum
749 448 875 520 quia
905 457 1172 506 tantorum
1203 453 1457 523 precibus
1488 462 1540 508 et
1562 453 1884 521 auctoritati,
1919 455 2031 511 sive
2071 456 2365 521 dilectioni,
2409 458 2668 514 resistere
2715 473 2822 512 non
2857 456 3142 523 debemus,
3196 457 3339 529 quod
3385 457 3656 513 Dominus

349 543 580 611 dederit,
613 545 805 600 eodem
835 546 953 617 ipso
979 549 1219 616 juvante,
1257 551 1536 618 dicamus;
1569 560 1620 608 et
1647 568 1678 606 a
1707 553 1942 624 digniori
1987 561 2161 624 parte,
2208 553 2384 609 ofﬁcio
2423 554 2676 610 videlicet
2701 553 2886 610 divino
2929 561 3207 610 sumentes
3254 553 3559 620 exordium,
3594 553 3651 608 in

355 657 462 712 quo
493 659 616 698 cum
645 644 856 699 caeteris
886 647 1189 717 monachis,
1215 649 1463 717 multum,
1501 650 1731 706 maxime
1769 652 1823 705 in
1846 651 2152 706 Psalmodia
2192 651 2448 724 regulari,
2475 652 2780 707 concordes
2801 651 3144 707 inveniamur
3174 651 3274 725 [al.
3297 651 3648 725 invenimur].

1651 851 2286 948 INCIPIUNT

898 1043 2088 1159 CONSUETUDINES
2176 1049 2303 1158 D.
2407 1047 3120 1160 GUIGONIS.

1641 1233 2034 1288 CAPITULUM
2083 1235 2372 1291 PRIMUM.

1745 1359 1819 1413 De
1851 1358 2026 1428 ofﬁcio
2058 1356 2266 1413 divino.

422 1480 482 1531 1.’
507 1479 551 1531 Α
579 1477 838 1533 Kalendis
866 1479 1045 1550 itaque
1083 1479 1410 1534 Novembris
1438 1495 1612 1552 usque
1643 1481 1711 1535 ad
1740 1490 1958 1537 octavas
2011 1483 2378 1547 Pentecostes,
2413 1483 2559 1539 omni
2589 1483 2696 1549 die,
2731 1481 2969 1553 exceptis
3016 1480 3309 1537 duodecim
3355 1479 3650 1536 lectionum

355 1572 802 1639 solemnitatibus,
837 1583 947 1630 tres
975 1575 1233 1630 lectiones
1264 1592 1384 1631 cum
1417 1577 1591 1631 tribus
1621 1578 1984 1648 responsoriis
2015 1579 2246 1634 dicimus
2273 1599 2286 1646 ;
2319 1580 2451 1634 illud
2479 1581 2833 1635 observantes
2850 1587 2906 1634 ut
2936 1578 2980 1633 si
3011 1585 3137 1633 ante
3178 1579 3418 1650 quintam
3456 1575 3654 1630 feriam

355 1670 596 1739 praedicti
642 1672 844 1727 mensis
902 1672 1158 1729 Kalendae
1195 1673 1544 1744 contigerint,
1594 1675 1649 1728 in
1691 1675 2019 1746 praecedenti
2042 1677 2326 1732 Dominica
2355 1677 2707 1747 responsoria
2736 1684 2789 1731 et
2817 1676 3114 1747 prOphetas
3142 1673 3502 1744 incipiamus;
3557 1687 3654 1728 se-

362 1767 546 1838 quenti
578 1775 628 1822 et
658 1768 916 1840 deinceps
957 1769 1091 1824 feria
1121 1779 1229 1825 tres
1260 1770 1520 1826 lectiones
1549 1788 1670 1827 cum
1700 1773 2061 1843 responsoriis
2083 1775 2318 1832 delibris
2349 1778 2557 1833 eisdem
2586 1779 2897 1834 recitantes.

427 1867 480 1919 2.
511 1864 605 1918 Sin
651 1873 829 1920 autem
859 1867 1044 1939 quinta
1072 1868 1157 1922 vel
1206 1875 1327 1938 post
1359 1867 1618 1939 quintam,
1654 1870 1904 1941 sequenti
1935 1870 2218 1928 Dominica
2249 1875 2472 1930 eosdem
2511 1876 2804 1947 prophetas
2851 1890 2974 1930 cum
3003 1872 3116 1927 suis
3150 1868 3518 1942 responsoriis
3561 1867 3653 1922 in-

362 1960 622 2016 choemus
651 1981 665 2028 ;
697 1962 906 2017 dierum
937 1964 1028 2034 qui
1061 1963 1198 2018 inter
1225 1964 1503 2022 Kalendas
1531 1974 1583 2022 et
1611 1966 1949 2023 Dominicam
1997 1977 2141 2035 sunt,
2191 1971 2417 2026 alterum
2461 1987 2583 2028 cum
2625 1971 2798 2026 tribus
2843 1977 3066 2042 propter
3093 1975 3380 2039 martyres,
3423 1964 3659 2020 alterum

361 2073 482 2112 cum
513 2075 617 2114 una
645 2058 879 2118 lectione
909 2061 1295 2136 transigentes.

1749 2149 2142 2207 CAPITULUM
2172 2152 2244 2208 ΙΙ.

1704 2274 1842 2328 Item
1884 2273 1949 2329 de
1989 2275 2182 2331 eadem
2221 2292 2302 2330 re.

430 2402 481 2451 1.
517 2397 752 2452 Sabbato
781 2399 972 2470 primae
1002 2400 1268 2454 adventus
1294 2398 1592 2454 Dominicae
1622 2399 1914 2454 cohmrenti
1947 2399 2521 2454 commemorationem
2564 2399 2632 2454 de
2680 2413 2842 2454 cruce
2885 2411 3059 2467 usque
3089 2393 3157 2448 ad
3207 2389 3504 2449 secundam
3532 2398 3661 2461 post

358 2503 577 2550 octavas
622 2495 842 2552 Pascha:
885 2497 1127 2564 Feriam;
1160 2497 1228 2552 de
1282 2503 1471 2552 sancta
1518 2511 1645 2552 vero
1681 2496 1843 2551 Maria
1889 2511 2062 2568 usque
2109 2496 2178 2551 ad
2226 2495 2460 2567 primam
2490 2503 2612 2567 post
2643 2503 2867 2551 octavas
2909 2491 3230 2564 Epiphaniae
3274 2488 3421 2543 diem
3476 2486 3654 2542 inter-

365 2592 646 2648 mittimus.

424 2695 479 2747 2.
514 2691 573 2746 In
601 2688 857 2760 praedicta
887 2688 1165 2744 Dominica
1188 2687 1350 2743 ﬁnitis
1381 2685 1669 2742 Ezechiele
1697 2693 1751 2741 et
1798 2685 2088 2741 duodecim
2117 2686 2392 2758 pr0phetis
2423 2687 2573 2756 (nam
2625 2684 2906 2740 Danielem
2936 2683 2991 2738 in
3047 2683 3338 2740 refectorio
3395 2681 3660 2755 legimus)

362 2786 561 2842 Isaiam
590 2785 898 2856 incipimus,
931 2802 1102 2857 usque
1133 2785 1200 2839 ad
1234 2783 1476 2854 vigiliam
1505 2782 1810 2837 Nativitatis
1859 2799 1922 2837 eo
1953 2784 2206 2840 contenti.
2243 2787 2301 2839 ln
2348 2800 2455 2856 quo
2486 2793 2596 2839 toto
2635 2785 2806 2855 spatio
2850 2781 3130 2854 capitulis,
3167 2780 3414 2836 versibus
3445 2788 3496 2835 et
3527 2794 3660 2834 ora-

361 2883 599 2938 tionibus
654 2884 724 2938 ad
781 2883 1074 2938 adventum
1116 2881 1507 2953 pertinentibus
1554 2879 1774 2946 utimur,
1813 2881 2000 2937 Gloria
2045 2882 2106 2936 in
2147 2883 2388 2939 excelsis
2420 2897 2592 2954 usque
2633 2883 2702 2938 ad
2740 2881 2974 2954 primam
3003 2880 3059 2936 in
3099 2878 3388 2936 Nativitate
3434 2877 3662 2934 missam

365 2986 626 3036 tacentes.

1712 3069 2295 3127 COMMENTARIUM.

363 3215 578 3270 semper
604 3213 863 3270 quaerere,
896 3211 1079 3250 amare
1119 3195 1186 3249 ab
1217 3194 1527 3248 hominibus
1556 3194 1752 3249 nesciri
1783 3203 1833 3248 et
1864 3209 1962 3264 pro
1985 3197 2037 3256 A
2067 3197 2219 3251 cibus
2249 3213 2367 3268 quas
2397 3196 2464 3250 ab
2485 3195 2732 3252 Ecclesia
2761 3196 3113 3268 Lugdunensi
3145 3197 3200 3252 in
3231 3205 3470 3253 nostrum
3503 3213 3664 3252 usum

369 3287 537 3343 nihilo
573 3285 829 3356 reputari,
851 3292 902 3338 et
933 3283 1195 3355 quidquid
1243 3284 1308 3336 ad
1341 3298 1523 3337 veram
1555 3290 1606 3335 et
1637 3281 1963 3353 profundam

362 3375 719 3433 humilitatem
770 3372 1041 3438 conducit,
1078 3371 1316 3427 omnium
1350 3371 1601 3426 virtutum
1641 3370 1877 3424 radicem
1913 3377 1964 3425 et

363 3463 527 3522 veluti
556 3462 717 3518 fontis
746 3461 934 3532 gratiae
965 3460 1060 3515 Dei
1093 3460 1358 3525 canalem,
1393 3459 1448 3513 in
1477 3459 1728 3514 omnibus
1750 3459 1962 3530 ample-

361 3554 450 3619 cti,
485 3553 588 3608 hoc
617 3550 845 3606 instituti
878 3548 1216 3603 Carthusiani
1247 3563 1458 3603 summa
1490 3557 1542 3603 et
1566 3547 1688 3601 finis
1716 3556 1817 3602 est.

361 3642 523 3697 Num.
558 3643 609 3695 4.
667 3641 864 3696 Verum
903 3640 1034 3710 quia
1088 3641 1384 3693 tantorum
1429 3637 1708 3709 precibus.
1741 3636 1839 3690 Hic
1868 3636 1964 3688 ha-

365 3729 464 3785 bes
495 3728 723 3783 l'ormam
753 3734 951 3782 sancta:
983 3725 1246 3780 libertatis
1267 3724 1628 3795 adimplendae
1654 3731 1706 3778 et
1725 3723 1964 3778 obstina-

365 3817 525 3873 tionis
574 3817 628 3869 in
657 3831 755 3870 suo
784 3831 949 3869 sensu
970 3829 999 3867 a
1028 3813 1399 3867 Carthusianis
1433 3813 1722 3884 fugiendae,
1750 3819 1800 3866 et
1831 3827 1964 3882 qua-

365 3906 488 3960 liter
517 3903 751 3960 charitas
782 3912 830 3958 et
880 3901 1208 3970 obedientia,
1253 3900 1479 3955 scientia
1525 3907 1577 3954 et
1606 3899 1881 3954 humilitas
1911 3899 1966 3952 in

366 3993 492 4048 vitae
521 3991 776 4048 solitariae
805 3998 965 4056 statu,
1016 3989 1174 4043 simul
1205 3988 1415 4059 possint
1443 3996 1494 4043 et
1532 3988 1764 4043 debeant
1801 4004 1829 4041 a
1860 4003 1963 4042 no-

367 4081 452 4138 bis
483 4079 826 4145 concordari,
863 4086 916 4134 et
947 4077 1074 4132 inde
1096 4077 1413 4148 simplicitas
1435 4077 1793 4131 Carthusiana
1821 4093 1965 4131 com-

371 4170 516 4242 poni,
551 4179 603 4224 ut
634 4168 764 4222 nihil
805 4183 1038 4239 unquam
1072 4173 1343 4238 quaeratur
1382 4182 1409 4220 a
1440 4182 1567 4221 vero
1609 4165 1966 4220 Carthusiano

371 4276 436 4316 ex
465 4257 700 4330 prOpriae
730 4255 1024 4314 voluntatis
1046 4255 1409 4326 instigatione,
1449 4254 1595 4326 quod
1624 4269 1657 4308 a
1682 4253 1806 4310 vitae
1835 4255 1966 4308 abs-

371 4348 601 4404 conditae
652 4355 839 4401 centro
885 4345 1034 4399 illum
1085 4345 1356 4411 retrahat;
1391 4344 1489 4398 sed
1536 4342 1668 4397 nihil
1699 4342 1968 4398 obstinato

371 4436 552 4493 animo
584 4435 843 4506 t'ugiatur,
881 4432 1096 4505 quando
1123 4433 1190 4486 ad
1220 4433 1492 4505 agendum
1521 4439 1611 4487 aut
1635 4431 1968 4503 loquendum

372 4542 436 4581 ex
485 4524 834 4596 Superiorum
857 4521 1060 4591 judicio
1106 4520 1420 4592 impellitur.
1446 4520 1604 4589 Quod
1643 4520 1817 4575 adhuc
1847 4520 1966 4574 evi-

373 4613 588 4669 dentius
617 4611 824 4683 patebit
854 4609 1015 4676 infra,
1048 4610 1139 4663 udi
1170 4611 1237 4664 de
1273 4609 1578 4665 obedientia
1610 4609 1966 4663 Carthusiana

371 4710 558 4774 agetur
569 4743 582 4756 .

440 4790 579 4844 Ibid.
612 4791 677 4844 In
699 4805 803 4861 quo
821 4805 949 4844 cum
981 4789 1267 4843 caeteris...
1301 4787 1568 4842 multum.
1600 4786 1723 4839 Non
1757 4784 1884 4840 dicit
1913 4788 1973 4840 in

373 4883 572 4943 totum,
633 4878 754 4949 quia
789 4892 974 4932 revera
1023 4876 1078 4929 in
1135 4876 1511 4946 componendo
1566 4875 1748 4931 divino
1800 4875 1977 4931 oﬂicio

371 4966 732 5022 Carthusiano
768 4964 904 5018 ritus
948 4963 1167 5035 quidem
1215 4964 1545 5020 monasticus
1585 4964 1640 5018 in
1685 4964 1971 5020 duodecim

373 5055 621 5127 psalmis,
674 5053 847 5107 tribus
903 5052 1130 5107 canticis
1180 5060 1232 5106 et
1289 5056 1352 5108 12
1403 5052 1727 5107 lectionibus
1771 5062 1822 5108 et
1855 5051 1974 5106 aliis

376 5142 642 5199 similibus
665 5148 975 5212 assumptus
1006 5148 1106 5205 est,
1139 5140 1237 5195 sed
1268 5157 1376 5194 non
1406 5157 1576 5210 pauca
1609 5141 1767 5196 etiam
1799 5141 1848 5195 ei
1877 5141 1973 5195 ad-

366 5234 551 5302 juncta
583 5230 793 5284 fuerunt
825 5246 890 5283 ex
928 5229 1117 5282 ritibus
1149 5237 1257 5282 tum
1289 5228 1550 5283 Ecclesia:
1573 5228 1967 5300 Lugdunensis,

370 5330 484 5376 tum
515 5317 1052 5388 Gratianopolitanae,
1088 5317 1140 5370 in
1161 5317 1314 5385 cujus
1340 5316 1563 5372 dioecesi
1593 5316 1698 5370 sita
1721 5325 1802 5371 est
1833 5318 1970 5372 Car-

375 5407 570 5472 thusia,
606 5415 662 5460 ut
687 5405 902 5476 probari
933 5414 1108 5476 potest
1138 5421 1204 5460 ex
1243 5405 1478 5476 antiquis
1509 5404 1813 5459 Missalibus
1863 5407 1970 5460 Ec-

373 5495 554 5552 clesia;
576 5493 1112 5564 Gratianopolitanae,
1146 5501 1199 5548 et
1217 5493 1380 5547 modo
1403 5492 1715 5548 celebrandi
1744 5495 1970 5549 missam

375 5593 501 5639 tunc
525 5582 600 5637 ibi
629 5582 844 5648 usitato,
880 5599 1000 5653 qua:
1045 5582 1100 5635 in
1138 5580 1338 5636 nostris
1367 5582 1436 5636 ad
1465 5598 1704 5652 unguem
1734 5583 1844 5638 fere
1877 5589 1969 5637 re-

383 5671 627 5727 feruntur
652 5689 664 5736 ;
689 5670 927 5740 itemque
957 5687 1021 5725 ex
1055 5669 1326 5727 veteribus
1345 5670 1753 5742 Antiphonariis
1783 5679 1835 5728 et
1854 5688 1969 5742 pre-

2065 3293 2274 3341 constat
2301 3285 2467 3340 fuisse
2499 3292 2858 3356 transumpta.

2136 3411 2266 3465 CAP.
2293 3412 2332 3464 Ι.
2368 3442 2436 3450 -
2456 3411 2799 3482 Capitulum.
2822 3411 2936 3466 Hoc
2957 3410 3203 3476 verbum,
3230 3425 3336 3481 quo
3364 3409 3418 3464 in
3450 3409 3664 3464 statutis

2065 3498 2265 3553 nostris
2319 3499 2592 3554 dictinctio
2635 3499 2988 3554 materiarum
3044 3506 3278 3565 notatur,
3322 3513 3468 3554 nunc
3515 3513 3666 3554 com~

2063 3587 2300 3642 muniter
2328 3603 2425 3656 per
2452 3587 2676 3642 verbum
2701 3586 2881 3659 Caput
2899 3586 3212 3657 exprimitur
3236 3605 3249 3652 ;
3283 3586 3380 3642 sed
3409 3585 3476 3641 ad
3507 3601 3666 3641 reve-

2066 3675 2294 3730 rentiam
2335 3677 2550 3730 Patrum
2588 3676 2934 3746 antiquorum
2963 3675 3069 3731 hoc
3113 3675 3339 3730 verbum
3387 3674 3441 3730 in
3472 3674 3667 3730 ordine

2066 3764 2402 3830 retinuimus,
2436 3765 2573 3820 sicut
2601 3773 2652 3818 et
2675 3764 2775 3817 alia
2809 3763 3036 3817 similia:
3067 3763 3176 3818 imo
3207 3771 3259 3818 et
3289 3763 3482 3819 modos
3501 3779 3660 3834 quos-

2065 3854 2187 3908 dam
2218 3853 2620 3923 pronuntiandi,
2655 3852 2747 3924 qui
2777 3851 2935 3906 etiam
2965 3852 3020 3905 in
3067 3851 3300 3923 antiquis
3329 3851 3542 3906 statutis
3572 3867 3666 3906 ex-

2065 3958 2255 4012 presse
2312 3941 2758 4013 designabantur,
2807 3940 2944 3995 adeo
3001 3956 3219 4011 semper
3275 3941 3420 4011 apud
3477 3955 3578 3996 nos
3607 3939 3666 3994 in

2066 4031 2241 4103 pretio
2269 4030 2452 4084 habita
2484 4038 2566 4085 est
2595 4027 2904 4085 stabilitatis
2943 4036 2996 4084 et
3025 4028 3355 4102 antiquitatis
3386 4043 3661 4086 veneran-

2065 4120 2152 4174 dae
2178 4118 2459 4174 tenacitas.

2136 4209 2296 4263 Num.
2324 4211 2372 4261 1.
2406 4209 2445 4262 Α
2479 4207 2760 4263 Kalendis.
2796 4207 2990 4262 Totum
3039 4206 3142 4262 hoc
3183 4205 3478 4277 capitulum
3507 4221 3668 4276 repe-

2066 4296 2202 4351 ritur
2242 4296 2622 4366 transcriptum
2679 4296 2734 4349 in
2791 4295 2964 4366 prima
3020 4302 3176 4365 parte
3225 4287 3420 4361 Statut,
3472 4294 3666 4367 antiq.,

2067 4401 2185 4457 cap.
2219 4389 2307 4455 21,
2339 4403 2394 4440 n.
2421 4389 2452 4439 8
2483 4393 2536 4440 et
2565 4387 2618 4450 9,
2661 4392 2710 4438 et
2745 4383 2891 4438 nulla
2921 4391 3003 4439 est
3051 4382 3355 4438 differentia
3383 4382 3488 4438 nisi
3519 4383 3667 4454 quod

2069 4491 2131 4529 ea
2163 4491 2282 4546 quae
2311 4474 2396 4528 hic
2429 4473 2700 4528 succincte
2732 4473 3003 4539 dicuntur,
3028 4471 3104 4526 ibi
3133 4472 3293 4527 latius
3310 4471 3669 4542 explicantur,

2069 4573 2232 4634 prout
2260 4563 2392 4618 ratio
2434 4563 2841 4619 condendorum
2887 4568 3211 4617 statutorum
3269 4560 3454 4634 exigit.
3520 4561 3673 4618 Idem

2073 4669 2297 4723 prorsus
2330 4651 2620 4706 etiamnum
2652 4667 2684 4704 a
2711 4650 2870 4705 nobis
2901 4650 3238 4706 observatur.

2148 4788 2278 4842 Car.
2314 4787 2378 4840 Il.
2422 4816 2491 4825 —
2537 4785 2684 4840 Idem
2745 4783 3045 4854 Capitulum
3095 4781 3354 4854 reperitur
3403 4783 3668 4839 transcri-

2080 4884 2251 4947 ptum,
2285 4891 2412 4946 cap.
2452 4878 2505 4940 2,
2539 4889 2555 4928 ι
2584 4881 2719 4944 part.
2752 4873 2922 4945 antiq.
2967 4873 3184 4938 Statut.,
3218 4886 3368 4926 num.
3401 4874 3454 4938 3,
3488 4874 3540 4938 5,
3562 4875 3613 4940 6,
3639 4876 3672 4928 8

2075 4973 2126 5021 Ct
2159 4969 2210 5018 9.

2145 5055 2307 5108 Num.
2339 5056 2392 5108 2.
2432 5053 2618 5108 Gloria
2639 5053 2702 5106 in
2723 5052 2987 5118 excelsis,
3018 5066 3193 5122 usque
3221 5051 3359 5106 ad...
3394 5053 3669 5107 tacentes.

2073 5143 2153 5196 Ex
2185 5142 2288 5196 hoc
2320 5139 2440 5194 loco
2472 5148 2521 5194 et
2550 5139 2670 5193 aliis
2698 5139 2834 5192 infra
2859 5138 3112 5194 notandis
3148 5139 3369 5210 patebit,
3405 5154 3513 5194 non
3535 5137 3675 5192 bene

2074 5229 2283 5300 opinari
2313 5244 2408 5284 eos
2427 5227 2517 5299 qui
2547 5236 2736 5298 putant
2757 5227 2900 5298 quod
2922 5226 3049 5281 olim
3073 5226 3127 5280 in
3147 5227 3338 5284 ordine
3358 5243 3484 5282 raro
3504 5225 3674 5280 missa

2075 5334 2105 5372 a
2135 5318 2335 5372 nostris
2384 5316 2782 5372 celebrabatur.
2827 5315 3048 5370 Certum
3079 5323 3163 5370 est
3194 5315 3315 5370 illos
3366 5323 3493 5370 tunc
3551 5321 3674 5368 tan-

2073 5416 2183 5461 tum
2213 5406 2465 5461 habuisse
2521 5421 2685 5459 unum
2734 5405 2920 5472 altare,
2973 5413 3028 5458 et
3087 5419 3215 5459 raro
3266 5405 3401 5470 duo;
3433 5403 3576 5475 quod
3610 5419 3676 5457 ex

2073 5497 2258 5550 charta
2289 5510 2406 5565 cap.
2441 5493 2716 5565 generalis
2746 5493 2872 5546 anni
2904 5495 3042 5547 1250
3072 5493 3352 5563 probatur,
3405 5491 3497 5546 ubi
3539 5489 3680 5547 dici-

2072 5591 2155 5638 tur
2186 5601 2198 5639 :
2233 5587 2307 5638 De
2347 5583 2557 5638 duobus
2597 5583 2875 5637 altaribus
2939 5582 3316 5653 suscipiendis
3355 5582 3684 5652 requiratur

2071 5687 2376 5730 consensus
2407 5676 2806 5726 conventuum.
2834 5670 3124 5726 Raritatem
3137 5685 3272 5740 ergo
3288 5669 3450 5725 istam
3481 5683 3589 5724 non
3611 5667 3681 5722 ad
