3928 6420
327 377 427 431 6H
1663 367 1942 428 CONSUE

2065 370 2250 426 )INES
2264 410 2276 424 .
3529 371 3633 425 642

388 503 439 554 3.
473 499 813 570 Antiphonas
840 500 880 554 0
907 501 1208 572 sapientia,
1242 514 1368 555 cum
1395 498 1515 554 aliis
1545 513 1662 569 sex,
1697 505 1750 553 et
1769 495 2092 567 antipbonas
2121 494 2368 566 proprias
2411 493 2481 550 ad
2527 494 2822 550 matutinas
2871 494 3059 551 laudes
3105 495 3180 550 ita
3226 493 3538 566 incipimus,
3572 501 3631 548 ut

320 595 409 652 die
438 604 564 652 ante
595 597 840 670 vigiliam
869 596 1079 652 Natalis
1109 596 1327 652 Domini
1359 594 1635 651 finiantur.

391 696 443 748 4.
477 693 720 768 Singulae
747 695 1009 750 adventus
1039 694 1340 750 Dominica:
1367 693 1602 765 propriis
1632 691 1980 764 responsoris
2009 699 2062 747 et
2090 689 2401 761 antiphonis
2449 689 2517 744 ad
2565 688 2851 744 matutinas
2893 688 3081 744 laudes
3129 689 3480 757 decorentur,
3533 686 3631 744 sed

318 795 373 844 et
401 789 610 845 caeteris
639 789 831 846 diebus
862 806 1080 862 semper
1110 791 1180 846 ad
1212 792 1536 862 Magniﬁcat
1562 798 1614 846 et
1644 790 1978 846 Benedictus
2008 788 2333 860 antiphonas
2365 787 2434 843 de
2464 788 2702 844 adventu
2731 787 2988 843 dicimus.

1710 904 2108 961 CAPITULUM
2151 905 2244 959 III.

1676 1004 1815 1058 Item
1865 1002 2016 1058 unde
2073 1018 2264 1074 supra.

393 1102 444 1154 1.
477 1098 539 1154 In
568 1098 808 1156 Sabbato
831 1099 1160 1169 jejuniorum
1191 1100 1568 1172 temporalium
1600 1107 1806 1155 sextam
1837 1107 1890 1155 et
1919 1100 2144 1156 missam
2174 1116 2299 1155 cum
2332 1101 2592 1172 quinque,
2627 1107 2856 1171 excepta
2885 1098 3135 1170 epistola,
3186 1099 3531 1165 lectionibus,
3584 1107 3638 1156 et

318 1195 517 1253 deinde
546 1212 744 1253 nonam
774 1198 1129 1254 continuatim
1156 1198 1212 1252 in
1241 1198 1477 1254 ecclesia
1506 1206 1831 1264 cantamus;
1876 1197 2022 1254 idem
2070 1197 2123 1251 in
2167 1196 2381 1252 cateris
2425 1195 2644 1265 jejuniis
2691 1195 2958 1250 similibus
3005 1194 3288 1266 facientes,
3338 1195 3443 1250 nisi
3491 1195 3635 1268 quod

318 1293 376 1348 in
407 1309 594 1350 mense
622 1294 802 1364 primo
830 1302 954 1365 post
980 1309 1184 1350 nonam
1212 1300 1441 1366 pr0pter
1469 1293 1987 1366 Quadragesimam.

389 1394 443 1446 2.
476 1391 534 1446 In
566 1391 800 1448 Sabbato
829 1392 966 1447 infra
995 1400 1217 1448 octavas
1249 1393 1568 1448 Pentecoste
1596 1391 1736 1446 inter
1765 1391 1978 1446 tertiam
2036 1398 2087 1445 et
2118 1398 2346 1455 sextam,
2392 1398 2445 1446 et
2488 1390 2544 1444 in
2593 1405 2784 1446 mense
2835 1389 3067 1461 septimo
3107 1397 3231 1462 post
3280 1398 3486 1446 sextam
3539 1390 3639 1446 mi—

324 1501 446 1543 sam
473 1488 644 1560 ipsam
675 1489 1039 1558 celebramus,
1071 1505 1274 1546 nonam
1303 1506 1477 1562 usque
1504 1499 1631 1562 post
1658 1491 2040 1546 dormitionem
2068 1489 2123 1546 in
2155 1488 2369 1545 cellulis
2401 1489 2693 1545 dicendam
2722 1486 3054 1545 differentes.

1713 1606 2108 1664 CAPITULUM
2158 1607 2248 1662 IV.

1675 1703 1818 1760 Item
1867 1704 2016 1760 unde
2087 1720 2280 1776 supra.

399 1803 451 1854 1.
485 1801 531 1854 Α
560 1805 753 1872 quarto
782 1799 970 1856 Nonas
989 1800 1234 1856 Januarii
1261 1817 1435 1873 usque
1466 1801 1537 1856 ad
1567 1801 2062 1873 Septuagesimam,
2115 1801 2258 1855 beati
2288 1799 2442 1856 Pauli
2471 1799 2703 1871 apostoli
2735 1798 3008 1870 Epistolas
3038 1799 3298 1871 legimus.

397 1901 452 1953 2.
482 1897 568 1952 Ab
595 1897 764 1953 altera
790 1905 915 1969 post
944 1906 1164 1955 octavas
1192 1898 1514 1970 Epiphaniae
1571 1899 1659 1954 die
1716 1915 1890 1971 usque
1937 1899 2004 1954 ad
2035 1898 2528 1971 Septuagesimam,
2561 1897 2767 1952 ferialia
2796 1896 3026 1952 dicimus
3072 1897 3435 1967 responsoria,
3469 1897 3645 1969 prima

330 2001 455 2066 post
482 1993 630 2066 ipsas
661 1995 943 2052 Dominica
972 1997 1226 2062 Domine,
1253 2013 1324 2052 ne
1356 1997 1419 2051 in
1448 1997 1539 2052 ira
1563 1999 1665 2052 tua
1696 1996 2039 2067 incipientes.

395 2096 449 2149 3.
483 2094 542 2148 In
571 2094 811 2151 Sabbato
841 2094 987 2166 quod
1015 2095 1252 2166 primam
1282 2094 1714 2167 Septuagesimaa
1744 2094 2090 2151 Dominicam
2119 2094 2410 2162 antecedit,
2457 2093 2528 2150 ad
2557 2107 2822 2165 vesperas
2875 2100 3086 2147 tantum
3106 2091 3340 2149 dicimus
3371 2094 3640 2160 Alleluia,

323 2187 394 2242 ad
423 2188 642 2244 Missam
673 2188 922 2245 similiter
950 2189 1125 2246 sancti
1155 2189 1374 2246 Sabbati
1403 2189 1701 2262 recepturi.
2844 2201 2850 2207 ‘

401 2287 452 2340 4.
483 2285 567 2342 Ab
594 2286 713 2357 ipsa
740 2294 922 2342 autem
960 2286 1243 2344 Dominica
1274 2304 1448 2360 usque
1479 2288 1549 2342 ad
1577 2287 1916 2344 Dominicam
1947 2288 2016 2344 de
2048 2287 2310 2344 Passione
2339 2287 2557 2343 Domini
2585 2287 2922 2358 Heptaticum
2973 2295 3080 2342 tam
3111 2287 3164 2342 in
3207 2286 3441 2344 ecclesia
3481 2304 3646 2359 quam

336 2382 393 2436 in
423 2381 711 2439 refectorio
731 2382 988 2456 legimus,
1019 2384 1192 2456 prima
1222 2392 1276 2441 et
1303 2385 1548 2441 secunda
1584 2385 1888 2454 Dominica,
1921 2387 1987 2441 In
2008 2387 2310 2458 principio,
2343 2385 2556 2441 caeteris
2573 2400 2704 2441 vero
2726 2384 3026 2441 Dominicis
3055 2385 3250 2439 usitata
3280 2385 3649 2456 Responsoria

330 2479 707 2538 decantantes.

401 2582 460 2635 5.
497 2580 558 2634 In
588 2577 771 2651 Capite
795 2579 985 2649 jejunii
1014 2579 1249 2653 capitula
1291 2587 1558 2637 nocturna
1587 2589 1638 2638 et
1666 2581 1882 2649 diurna,
1931 2589 1984 2636 et
2011 2581 2287 2637 orationes
2334 2588 2606 2636 mutamus
2633 2596 2646 2635 :
2679 2587 2891 2637 sextam
2919 2589 2970 2637 et
3016 2581 3240 2636 missam
3269 2588 3322 2637 et
3351 2595 3554 2637 nonam
3585 2580 3641 2636 in

327 2675 560 2732 ecclesia
587 2683 890 2732 cantamus.

403 2775 455 2829 6.
488 2774 601 2829 Hac
630 2773 718 2829 die
747 2787 940 2830 cruces
967 2774 1314 2846 cooperimus
1343 2775 1400 2830 in
1431 2776 1734 2833 Parasceve
1763 2775 2120 2847 detegendas.

403 2873 457 2926 7.
488 2873 627 2927 Ante
645 2871 830 2928 missae
858 2871 1068 2926 initium
1116 2872 1253 2928 cinis
1300 2880 1425 2944 post
1465 2873 1871 2929 confessionem
1909 2872 2182 2929 sacerdoti
2212 2873 2620 2929 benedicendus
2649 2873 2911 2942 offertur;
2943 2889 3049 2946 quo
3096 2873 3384 2930 benedicto
3416 2881 3468 2929 et
3499 2887 3645 2946 aqua

333 2976 518 3025 sancta
565 2983 838 3041 resperso,
889 2984 1084 3024 omnes
1111 2985 1212 3040 per
1260 2969 1510 3025 ordinem
1567 2971 1801 3044 genibus
1845 2978 1970 3026 ante
2008 2971 2392 3043 presbyterum
2436 2970 2591 3026 ﬂexis
2640 2971 2989 3043 participant,
3022 2972 3238 3028 dicente
3266 2972 3386 3043 ipso
3421 2988 3434 3027 :
3473 2975 3643 3030 Reco-

336 3083 568 3139 gnosce,
602 3068 783 3138 homo,
816 3069 951 3140 quia
975 3068 1164 3139 pulvis
1195 3085 1270 3134 es,
1308 3073 1362 3123 et
1384 3069 1447 3123 in
1478 3069 1767 3140 pulverem
1796 3070 2129 3136 reverteris;
2153 3068 2362 3124 caeteris
2381 3085 2510 3125 vero
2533 3068 2870 3140 Antiphonas
2892 3069 3024 3124 istas
3042 3069 3396 3125 canentibus:
3420 3068 3648 3124 Exaudi
3716 3117 3722 3123 .

333 3183 456 3235 nos,
487 3167 757 3237 Domine;
786 3169 970 3225 Juxta
999 3169 1359 3236 vestibulum,
1386 3177 1490 3225 etc.
1525 3167 1737 3237 Quibus
1769 3168 1934 3225 ﬁnitis
1967 3170 2150 3225 subdit
2178 3170 2473 3235 sacerdos;
2507 3170 2781 3228 Dominus
2828 3170 3138 3241 vobiscum,
3172 3178 3224 3226 et
3253 3171 3410 3226 istam
3441 3169 3645 3227 oratio-

333 3280 463 3321 nem
497 3263 740 3322 Concede
771 3265 952 3332 nobis,
985 3265 1252 3333 Domine;
1285 3266 1481 3322 eadem
1501 3267 1638 3321 hora
1657 3266 1871 3322 duobus
1903 3267 2256 3339 sequentibus
2278 3267 2471 3323 diebus
2501 3267 2694 3322 Missas
2721 3267 2972 3324 facimus.

406 3365 459 3418 9.
491 3362 552 3417 Ib
579 3362 684 3418 hoc
704 3361 944 3418 Sabbato
975 3361 1329 3420 Dominicalia
1359 3363 1599 3435 capitula
1623 3372 1898 3419 mutamus
1927 3365 1998 3419 ad
2025 3379 2307 3435 vesperas.

409 3461 498 3515 10.
527 3458 856 3532 Capitulum,
881 3461 1138 3527 Domine,
1170 3462 1442 3518 miserere
1471 3462 1675 3530 nostri,
1711 3460 1766 3516 in
1796 3460 2226 3535 Quadragesima
2276 3469 2330 3517 et
2375 3460 2430 3516 in
2459 3461 2710 3519 Adventu
2740 3461 2948 3520 festivis
2976 3463 3173 3520 diebus
3202 3463 3274 3520 ad
3301 3463 3536 3536 primam
3559 3463 3645 3520 di-

337 3556 532 3614 cimus.

410 3658 501 3708 11.
538 3656 584 3710 Α
614 3654 863 3728 sequenti
893 3653 1136 3711 secunda
1163 3653 1301 3711 feria
1326 3670 1504 3727 usque
1532 3655 1604 3712 ad
1634 3655 1859 3712 Coenam
1888 3657 2108 3713 Domini
2138 3665 2350 3730 septem
2381 3657 2622 3730 psalmos
2651 3673 2776 3716 cum
2803 3659 2989 3716 litania
3034 3667 3159 3732 post
3186 3659 3422 3732 primam
3442 3659 3500 3716 in
3529 3659 3650 3717 cel-

335 3751 462 3809 lulis
480 3752 742 3825 quotidie,
775 3753 1016 3825 exceptis
1045 3753 1332 3811 duodecim
1356 3753 1650 3811 lectionum
1680 3755 1852 3824 festis,
1885 3757 2236 3830 exsolyimus.

1694 3870 2286 3931 COMMENTARIUM.
2333 3876 2338 3882 ’

339 3965 728 4026 conventuales
767 3965 984 4035 missas,
1018 3967 1117 4024 sed
1145 3966 1215 4022 ad
1244 3967 1488 4039 privatas
1518 3975 1726 4023 tantum
1773 3970 1946 4040 perti-
1965 3982 2021 4044 Α
2051 3979 2135 4027 ter
2163 3972 2342 4030 ofﬁcia
2371 3973 2556 4031 divina
2587 3972 2963 4048 singularibus
2992 3973 3186 4030 diebus
3235 3974 3512 4047 assignate
3554 3989 3649 4030 re-

336 4057 522 4112 nuisse
551 4063 820 4127 putamus,
855 4073 975 4128 qua:
1017 4071 1052 4112 a
1095 4057 1380 4112 monachis
1423 4056 1802 4113 sacerdotibus
1832 4067 1938 4114 sta-

338 4145 470 4201 tutis
490 4152 698 4200 tantum
740 4144 936 4200 diebus
966 4145 1398 4201 celebrabantur.
1440 4146 1633 4202 Totum
1666 4162 1799 4218 ergo
1837 4148 1942 4204 hoc

337 4232 636 4305 capitulum
660 4232 759 4288 fuit
787 4233 844 4288 in
873 4233 1095 4306 antiqua
1125 4241 1323 4290 statuta
1352 4233 1709 4290 transfusum.

409 4375 543 4432 CAP.
574 4374 668 4430 ΙΙῐ.
687 4405 756 4416 -
775 4376 918 4432 Item
937 4376 1090 4432 unde
1119 4393 1311 4449 supra.
1332 4377 1393 4431 Id
1422 4385 1506 4433 est
1522 4376 1590 4432 de
1601 4376 1796 4433 eadem
1816 4391 1940 4434 ma-

336 4463 492 4529 teria,
525 4463 594 4520 de
628 4479 738 4536 qua
749 4463 862 4533 jam
896 4464 1150 4536 superius
1179 4473 1358 4521 actum
1389 4474 1490 4522 est.

407 4552 608 4608 Textus
636 4552 798 4621 hujus
845 4553 1077 4625 Capituli
1114 4553 1384 4625 reperitur
1403 4554 1472 4610 de
1503 4555 1674 4610 verbo
1704 4555 1775 4611 ad
1812 4571 1940 4612 ver-

337 4639 467 4696 bum
502 4639 704 4697 relatus
733 4656 854 4713 cap.
887 4645 940 4710 3,
973 4657 992 4696 ι
1029 4649 1173 4714 part.
1206 4643 1374 4714 antiq.
1417 4643 1634 4713 Statut.,
1667 4661 1818 4700 num.
1869 4649 1938 4711 8;

338 4743 462 4800 cap.
497 4731 584 4797 11,
617 4737 827 4800 tpart.,
859 4745 1016 4786 num.
1057 4733 1155 4798 10,
1189 4745 1318 4803 cap.
1349 4735 1440 4802 t9,
1479 4732 1727 4802 ejusdem
1770 4733 1943 4805 partis

340 4833 492 4872 num.
553 4818 608 4885 7,
669 4825 718 4874 et
747 4834 867 4890 cap.
901 4821 988 4886 27,
1031 4835 1182 4875 num.
1219 4823 1272 4875 5.
1326 4823 1403 4878 De
1432 4821 1772 4881 dormitione
1801 4821 1946 4878 idem

341 4904 571 4961 refertur
600 4920 720 4979 cap.
747 4909 822 4962 34
852 4907 1098 4978 ejusdem
1118 4908 1312 4980 partis.

411 4994 604 5050 Totum
632 5011 764 5069 ergo
808 4996 1107 5069 capitulum
1145 4997 1290 5052 istud
1333 4997 1434 5053 fuit
1469 4998 1526 5053 in
1580 5007 1775 5054 statuta
1797 4999 1942 5056 anti-

343 5098 451 5154 qua
497 5083 849 5156 transfusum,
898 5093 951 5141 et
985 5085 1182 5143 eadem
1211 5102 1438 5157 prorsus
1485 5103 1631 5145 nunc
1677 5088 1942 5144 observa-

336 5186 475 5240 mus,
507 5181 733 5246 excepta
771 5173 1096 5231 dormitione
1128 5175 1344 5242 diurna,
1393 5193 1516 5248 quae
1545 5185 1628 5232 est
1656 5177 1940 5250 abrogata.

411 5277 573 5334 Num.
599 5283 649 5336 1.
683 5281 748 5336 In
777 5296 970 5338 mense
981 5283 1189 5354 primo,
1214 5289 1317 5338 etc.
1350 5282 1490 5339 Hinc
1519 5283 1782 5354 probatur
1799 5284 1946 5355 quod

341 5366 545 5423 mensis
598 5369 819 5425 Martius
881 5344 1010 5426 tunc
1056 5344 1234 5427 adhuc
1296 5344 1538 5442 primus-
1573 5344 1942 5443 reputabatur,
1975 5344 2030 5406 Β

344 5471 469 5511 nam
497 5456 552 5511 in
578 5473 768 5514 mense
816 5458 922 5515 isto
964 5459 1171 5529 jejunia
1217 5460 1536 5532 temporalia
1583 5463 1946 5518 communiter

347 5553 658 5604 occurrunt.

415 5652 578 5709 Num.
608 5657 663 5712 2.
720 5655 942 5712 Missam
963 5656 1333 5713 celebramus.
1368 5657 1515 5713 Ecce
1563 5656 1652 5714 hic
1681 5657 1860 5714 adhuc
1889 5652 1949 5714 ﬁt

347 5740 530 5800 missa
571 5743 777 5800 mentio
823 5760 943 5818 quae
981 5745 1342 5802 communiter
1381 5745 1712 5815 celebratur,
1771 5753 1823 5801 et
1867 5745 1950 5801 in-

2044 4069 2329 4117 censetur.

2115 4150 2250 4206 CAP.
2279 4151 2370 4207 IV.
2409 4182 2479 4192 —
2519 4153 2722 4207 Textus
2770 4152 2929 4221 hujus
2975 4151 3200 4223 capituli
3227 4168 3401 4224 usque
3432 4152 3504 4207 ad
3557 4150 3651 4207 illa

2044 4238 2232 4304 verba,
2263 4239 2565 4296 Sabbatum
2586 4256 2840 4312 sequens,
2866 4248 2992 4306 etc.,
3025 4241 3094 4296 de
3130 4240 3298 4296 verbo
3317 4241 3388 4296 ad
3419 4241 3652 4296 verbum

2043 4327 2278 4382 refertur
2319 4342 2439 4399 cap.
2491 4332 2523 4382 5
2574 4327 2768 4400 prima
2822 4328 2988 4399 partis
3041 4329 3214 4400 antiq.
3295 4329 3648 4402 Statutorum,

2042 4431 2098 4469 n.
2125 4418 2227 4482 56;
2262 4431 2384 4487 cap.
2435 4418 2489 4483 7,
2531 4433 2586 4471 n.
2621 4421 2686 4485 1;
2733 4433 2852 4490 cap.
2908 4421 2960 4486 9,
3011 4421 3126 4472 n.l
3178 4425 3232 4472 et
3282 4421 3345 4482 2;
3403 4432 3525 4490 cap.
3559 4421 3649 4486 10,

2043 4520 2137 4558 nn.
2173 4507 2302 4573 1,2,
2331 4509 2437 4560 3et
2477 4506 2534 4559 4.

2113 4593 2276 4647 Num.
2311 4595 2363 4648 5.
2397 4595 2632 4650 Sextum
2652 4599 2710 4650 et
2729 4595 2967 4650 missam
2996 4599 3051 4650 et
3082 4611 3315 4650 nonam.
3363 4594 3463 4651 Hic
3491 4594 3652 4651 etiam

2045 4682 2114 4737 de
2145 4682 2317 4737 missa
2346 4682 2504 4754 quasi
2533 4682 2784 4739 ordinate
2813 4683 3146 4740 celebranda
3167 4683 3224 4738 tit
3255 4683 3479 4739 mentio.

2117 4772 2280 4827 Num.
2301 4775 2352 4826 8.
2381 4772 2681 4828 Sabbatum
2701 4788 2936 4844 sequens
2959 4775 3134 4829 missa
3151 4777 3328 4829 caret.
3351 4772 3452 4828 Hic
3471 4780 3652 4829 autem

2045 4860 2199 4916 locus
2233 4860 2312 4917 sic
2343 4860 2664 4932 exprimitur
2692 4877 2709 4916 ι
2739 4870 2898 4933 part.,
2923 4877 3042 4933 cap.
3080 4865 3165 4927 11,
3210 4865 3260 4926 1,
3304 4878 3359 4917 n.
3395 4865 3445 4930 1,
3481 4861 3650 4934 antiq.

2046 4949 2238 5005 Statut.
2293 4950 2454 5006 Missa
2486 4951 2715 5022 propria
2754 4954 2937 5017 caret,
2972 4955 3047 5012 .et
3071 4954 3346 5007 cantatur
3379 4951 3558 5006 missa
3588 4951 3655 5006 de

2047 5040 2112 5093 B.
2161 5039 2338 5094 Maria
2366 5039 2430 5094 in
2463 5044 2774 5106 conventu;
2809 5039 3006 5112 quibus
3035 5039 3217 5096 verbis
3246 5055 3440 5094 sensus
3479 5039 3545 5095 Β.
3590 5040 3652 5094 Ρ.

2049 5127 2318 5199 Guigonis
2347 5127 2544 5183 clarius
2577 5127 2900 5200 exprimitur
2948 5129 3094 5186 circa
3136 5129 3360 5184 missam
3401 5128 3469 5184 de
3509 5129 3658 5198 jeju-

2048 5216 2158 5283 nio,
2194 5233 2315 5288 quae
2346 5217 2508 5272 etiam
2551 5233 2696 5274 nunc
2749 5225 2910 5275 vacat
2957 5217 3012 5272 in
3059 5217 3263 5274 nostris
3322 5216 3656 5288 Missalibus,

2050 5312 2102 5360 et
2131 5305 2426 5361 celebratio
2455 5305 2638 5362 missae
2668 5305 2738 5362 de
2760 5306 2923 5362 beata
2960 5307 3127 5362 Maria
3157 5305 3400 5380 Virgine,
3434 5304 3543 5362 diei
3581 5305 3659 5361 illi

2049 5394 2379 5465 assignatur.

2117 5485 2282 5539 Num.
2312 5487 2364 5538 9.
2398 5484 2463 5540 In
2513 5485 2612 5540 hoc
2645 5484 2898 5552 Sabbato,
2935 5501 3110 5557 usque
3141 5485 3212 5541 ad
3253 5485 3371 5542 haec
3407 5485 3576 5542 verba
3605 5487 3662 5542 si

2049 5571 2430 5628 sacerdotum.
2474 5572 2626 5628 Idem
2656 5581 2833 5630 textus
2862 5573 3097 5630 refertur
3125 5573 3194 5630 de
3235 5573 3404 5630 verbo
3433 5575 3501 5630 ad
3529 5590 3659 5630 ver-

2051 5659 2180 5716 bum
2211 5677 2330 5732 cap.
2366 5664 2423 5715 11
2479 5660 2669 5732 prima:
2710 5661 2885 5733 partis
2924 5670 3038 5718 ant.
3069 5662 3284 5728 Statut.,
3319 5680 3412 5717 nn.
3446 5665 3498 5731 2,
3534 5665 3586 5731 3,
3623 5665 3655 5717 5

2051 5757 2106 5805 et
2138 5752 2225 5804 10.
