3928 6412
345 345 449 401 683
1196 342 1539 400 GUIGONIS
1579 346 1597 399 l
1637 344 2046 403 CARTHUSUE
2084 344 2377 402 MAJORIS
2415 346 2689 405 PRIORIS
2730 351 2793 404 V.
3539 353 3650 408 644
3686 362 3695 369 ’

418 471 506 524 12.
538 468 751 523 Nonam
782 474 836 522 et
864 466 1086 521 missam
1114 482 1238 521 cum
1268 466 1586 537 praefatione
1614 468 1682 523 de
1712 467 2138 542 Quadragesima
2166 479 2220 526 et
2240 487 2497 543 vesperas
2553 473 2700 529 omni
2759 473 2846 528 die
2903 473 2956 528 in
2988 474 3220 530 ecclesia
3249 482 3553 545 cantamus,
3589 475 3638 529 si

346 565 689 622 sacerdotum
714 564 855 619 adsit
884 563 1057 634 c0pia,
1092 563 1177 619 vel
1207 564 1297 635 qui
1328 565 1524 619 adsunt
1553 566 1731 637 aliqua
1762 567 2067 622 rationabili
2098 584 2206 623 non
2236 569 2603 639 impediantur
2631 571 2700 626 de
2732 586 2914 627 causa.

420 668 508 721 13.
554 661 839 719 Dominica
885 662 955 717 de
1003 662 1262 717 Passione
1306 662 1545 732 capitula
1587 671 1874 730 mutamus,
1922 673 2181 720 consueta
2222 664 2478 738 suffragia
2540 684 2713 739 usque
2761 668 2828 723 ad
2892 669 3190 725 secundam
3243 679 3363 741 post
3409 680 3637 728 octavas

344 767 563 822 Pascha:
613 764 805 821 feriam
851 762 1293 829 intermittimus;
1324 780 1355 818 a
1401 777 1508 833 quo
1556 761 1644 816 die
1693 778 1865 832 usque
1910 763 1981 817 ad
2010 763 2232 818 Cinnam
2277 764 2564 819 Jcremiam
2611 765 2810 835 partim
2857 766 2911 820 in
2936 767 3188 835 ecclesia,
3223 770 3417 840 partim
3450 771 3505 825 in
3535 788 3634 826 re-

342 864 592 933 fectorio,
621 871 842 933 propter
871 861 1113 917 noctium
1142 860 1461 915 brevitatem
1490 859 1746 930 legimus.
1798 860 1857 912 In
1887 873 1995 929 quo
2023 858 2279 928 temporis
2312 860 2505 929 spatio,
2540 860 2643 914 nisi
2673 861 2963 917 duodecim
2993 848 3287 918 lectionum
3312 864 3634 921 solemnitas

343 961 571 1027 intersit,
607 960 678 1015 ad
704 957 1068 1014 invitatorium
1100 965 1152 1012 et
1180 957 1250 1011 ad
1281 956 1643 1027 Responsoria
1672 965 1719 1009 ct
1753 955 1823 1009 ad
1853 953 2123 1010 introitum
2160 957 2405 1011 Gloriam
2436 972 2543 1010 non
2573 956 2825 1012 dicimus.

417 1062 503 1114 14.
530 1059 609 1112 De
639 1056 775 1112 festo
803 1054 963 1109 trium
994 1054 1286 1111 lectionum
1314 1052 1884 1108 commemorationem
1914 1060 2119 1106 tantum
2152 1052 2396 1108 facimus.

418 1158 504 1211 15.
538 1154 782 1210 Sabbato
812 1151 956 1223 quod
986 1150 1284 1206 Dominica:
1315 1147 1615 1203 Palmarum
1641 1148 1905 1219 jungitur,
1938 1148 2162 1202 missam
2194 1166 2301 1203 non
2329 1150 2578 1205 dicimus.

417 1257 503 1307 16.
538 1251 620 1306 Ad
649 1264 911 1320 vesperas
941 1247 1254 1317 capitulum,
1287 1247 1393 1301 lloc
1416 1248 1643 1308 sentite,
1678 1244 2108 1314 responsorium,
2145 1247 2367 1301 Fratres
2391 1247 2519 1312 mei,
2545 1263 2717 1317 usque
2745 1246 2813 1301 ad
2853 1248 3094 1302 Coenam.

419 1352 503 1405 1'7.
537 1347 822 1404 Dominica
851 1346 906 1399 in
953 1344 1153 1399 Palmis
1196 1351 1407 1398 cantata
1448 1342 1621 1406 tertia,
1673 1349 1723 1395 et
1754 1341 1940 1395 induto
1969 1341 2150 1396 casula
2200 1342 2511 1410 sacerdote,
2544 1351 2663 1412 post
2694 1341 3094 1398 confessionem
3126 1343 3259 1397 rami
3289 1344 3633 1400 benedicun-

345 1457 454 1516 tur,
486 1447 803 1519 aspersique
849 1460 987 1516 aqua
1024 1442 1312 1498 benedicta
1354 1441 1604 1496 omnibus
1635 1455 1668 1495 a
1698 1440 1981 1494 sacerdote
2020 1440 2336 1505 traduntur;
2370 1449 2419 1494 et
2464 1441 2678 1495 interim
2724 1450 2972 1496 cantatur
3019 1442 3340 1514 antiphona,
3379 1444 3632 1513 Collegc-

346 1551 521 1613 runt,-
554 1543 795 1615 sequitur
822 1544 1089 1597 Dominus
1120 1540 1396 1595 vobiscum
1426 1545 1477 1592 et
1508 1536 1678 1591 oratio
1711 1536 1813 1590 ista
1845 1551 1857 1589 :
1895 1537 2259 1607 Omnipotens
2298 1538 2641 1607 sempiterno
2674 1539 2839 1593 Deus.

418 1648 504 1698 18.
539 1642 595 1698 Si
644 1638 989 1695 Annuntiatio
1039 1637 1125 1691 vel
1175 1635 1439 1691 festivitas
1468 1634 1641 1689 sancti
1672 1632 1949 1689 Benedicti
1977 1642 2225 1705 quartam
2258 1634 2417 1701 hujus
2450 1634 2807 1690 hebdomada‘.
2837 1636 3146 1691 transierint
3175 1635 3387 1707 feriam,
3422 1637 3625 1692 nullam

346 1750 539 1814 postea
567 1739 636 1794 de
667 1737 800 1809 ipsis
830 1734 1058 1791 facimus
1085 1732 1436 1789 mentionem.

418 1841 505 1892 19.
540 1837 597 1889 In
630 1836 800 1890 Carna
845 1831 1039 1886 festum
1084 1828 1329 1892 facimus,
1377 1844 1574 1882 novem
1617 1826 1752 1880 sicut
1797 1825 1983 1882 clerici
2014 1824 2337 1880 lectionibus
2367 1826 2623 1892 contenti,
2656 1827 2721 1880 ad
2756 1828 3086 1884 Benedictus
3115 1828 3390 1884 lucernam
3422 1828 3632 1883 exstin-

350 1931 587 2004 guimus,
620 1928 881 1984 Ecclesiae
910 1942 1118 1982 morem
1150 1924 1350 1978 tantilla
1382 1940 1445 1977 ex
1476 1931 1626 1993 parte
1654 1922 1944 1976 imitantes.

422 2034 506 2082 20.
560 2027 636 2080 At]
690 2026 923 2097 primam
971 2022 1343 2085 convenimus,
1394 2031 1507 2090 post
1556 2020 1846 2088 t'apittilum
1899 2020 2105 2073 tertiam
2151 2022 2203 2073 in
2252 2022 2402 2075 cellis
2452 2024 2701 2083 dicimus,
2741 2034 2786 2077 et
2824 2024 3110 2078 munditias
3144 2025 3339 2091 singuli
3378 2026 3625 2083 facimus.

351 2136 555 2179 Sextum
586 2140 801 2195 utroque
831 2122 1028 2175 ibidem
1059 2128 1354 2181 cantantes,
1390 2133 1604 2169 numam
1638 2128 1683 2167 et
1721 2118 1941 2169 missam
1974 2130 2018 2171 et
2056 2136 2311 2187 vesper-as
2346 2120 2394 2171 in
2430 2122 2659 2173 eet-lesia
2694 2122 3053 2175 celebramus.

419 2231 506 2281 21.
546 2226 600 2276 In
635 2224 819 2287 missa,
856 2222 1023 2277 hostia
1059 2219 1319 2272 llominit'i
1353 2220 1595 2289 corporis
1631 2222 1841 2285 integra
1874 2220 1925 2272 in
1964 2221 2255 2271 l’arascew
2287 2238 2317 2273 a
2351 2224 2631 2275 sacerdote
2664 2224 2925 2275 sunto-mla
2958 2234 3216 2276 servatur.

421 2331 501 2378 ἐξ.
568 2326 689 2378 l’ust
730 2321 1079 2375 refectionem
1127 2335 1335 2379 omnes,
1389 2319 1437 2371 in
1491 2328 1745 2388 quantum
1790 2318 2046 2387 possibile
2098 2328 2196 2381 est,
2246 2320 2492 2374 monachi
2538 2329 2583 2371 et
2638 2320 2753 2372 laici
2805 2323 2869 2373 ad
2907 2322 3219 2374 mandatum
3252 2320 3301 2372 in
3334 2319 3625 2389 ezmitulum

346 2420 715 2485 convenimus,
765 2419 948 2489 ibique
986 2417 1155 2488 pedes
1202 2416 1409 2471 cunctis
1429 2432 1467 2469 a
1498 2416 1679 2485 priore
1727 2416 1812 2469 vel
1841 2414 1927 2469 cui
1952 2416 2057 2469 hoc
2087 2413 2202 2484 ipse
2245 2415 2548 2484 injunxerit,
2583 2416 2792 2487 ipsique
2824 2417 2891 2469 ab
2924 2432 2989 2472 eo
3020 2417 3110 2488 qui
3141 2418 3292 2487 prior
3324 2424 3403 2470 est
3432 2417 3626 2471 ordine

345 2520 652 2583 abluuntur,
685 2523 990 2587 terguntur,
1038 2514 1369 2579 osculantur,
1421 2512 1634 2567 caeteris
1673 2528 1944 2584 congruas
1991 2513 2317 2583 antiphonas
2363 2515 2703 2568 canentibus.
2750 2514 2955 2569 Dehinc
2997 2514 3175 2585 priore
3214 2530 3408 2586 aquam
3441 2513 3627 2568 infun-

345 2616 527 2682 dente,
557 2615 683 2670 lotis
709 2612 949 2669 omnium
970 2612 1244 2677 manibus,
1278 2626 1508 2666 accensa
1538 2610 1763 2666 candela
1792 2609 2138 2681 evangelium
2167 2610 2385 2682 legitur,
2415 2612 2682 2666 stantibus
2714 2613 2923 2669 cunctis
2954 2630 3127 2685 usque
3157 2613 3227 2667 ad
3258 2614 3330 2679 id,
3368 2613 3503 2668 Cum
3538 2628 3627 2667 re-

344 2714 625 2771 cubuisset
654 2716 884 2769 iterum.

412 2817 500 2870 23.
536 2814 582 2868 Α
611 2828 718 2884 quo
746 2812 868 2868 loco
896 2811 1148 2866 eamdem
1179 2808 1465 2865 lectionem
1497 2809 1749 2863 sedentes
1783 2807 2053 2877 audimus,
2091 2825 2262 2879 usque
2305 2808 2434 2863 dum
2480 2809 2704 2877 dicatur,
2759 2812 3001 2881 Surgite,
3044 2828 3238 2867 eamus
3278 2812 3428 2866 hinc.
3477 2810 3628 2865 Tunc

343 2911 508 2980 enim,
552 2910 892 2981 prmcedente
954 2908 1203 2971 diacono,
1247 2906 1300 2960 in
1360 2904 1709 2961 refectorium
1775 2903 2074 2976 pergimus,
2124 2906 2267 2975 quod
2314 2914 2565 2976 superest
2614 2906 2862 2962 lectionis
2912 2907 3167 2962 sedentes
3211 2905 3471 2972 audituri;
3518 2923 3627 2977 qua

338 3008 490 3064 ﬁnita
534 3008 719 3063 vinum
747 3024 777 3060 a
805 3005 1067 3062 ministris
1113 3004 1403 3076 apponitur
1447 3002 1698 3074 singulis.
1742 3004 1990 3073 Dataque
2021 3018 2053 3056 a
2082 3003 2363 3058 sacerdote
2408 3004 2803 3071 benedictione,
2857 3004 3089 3059 bibimus
3137 3013 3189 3061 et
3234 3005 3464 3059 abimus.
3499 3004 3627 3059 Post

343 3122 464 3179 quae
492 3104 725 3160 nudatur
752 3103 937 3158 altare.

412 3202 508 3257 24.
549 3200 664 3255 Hac
692 3198 781 3253 die
810 3206 933 3269 post
960 3197 1268 3268 prandium,
1303 3197 1415 3251 sive
1446 3203 1569 3267 post
1607 3194 1937 3259 mandatum,
1985 3194 2215 3249 duorum
2266 3196 2607 3268 sequentium
2656 3197 2915 3253 lectiones
2964 3206 3017 3253 et
3046 3197 3395 3269 responsoria
3424 3197 3626 3270 praevi-

343 3299 474 3354 dent
502 3297 720 3365 fratres,
755 3304 1015 3368 tanquam
1045 3311 1218 3367 usque
1247 3295 1316 3349 ad
1347 3294 1642 3349 Sabbatum
1672 3301 1795 3364 post
1824 3292 2198 3358 refectionem,
2231 3294 2299 3348 ad
2320 3294 2613 3349 claustrum
2643 3310 2749 3350 non
2774 3294 3064 3351 reversuri.

1848 3390 2338 3445 MMENTARIUM.

1848 3390 1896 3442 Μ
1929 3390 1950 3442 Ι
2002 3390 2141 3442 ΝΤΑ
2326 3433 2338 3445 .

410 3465 1122 3535 Num.12.Sisacerdotum
1140 3477 1291 3532 adsit
1309 3478 1594 3547 copia,vel
1614 3477 1709 3548 qui
1725 3388 2008 3533 aggunhtii
2037 3391 2355 3531 breviiiiiiiiin
2425 3477 2833 3544 ordinabantur,
2893 3485 2942 3532 et
3000 3476 3259 3533 lectiones
3326 3478 3622 3549 longiores,

339 3568 531 3641 aliqua
561 3567 897 3624 rationabili
928 3583 1041 3621 non
1073 3566 1466 3637 impediantur
1496 3566 1561 3620 de
1591 3581 1780 3620 causa.
1807 3566 1934 3618 Hzec

337 3657 508 3712 verba
555 3671 666 3711 non
717 3655 1061 3726 reperiuntur
1104 3654 1159 3708 in
1204 3653 1438 3725 antiquis
1487 3654 1697 3708 statutis
1743 3652 1928 3717 relata,

339 3760 406 3800 ex
434 3744 632 3816 quibus
659 3752 712 3798 et
741 3742 1051 3798 conditione
1100 3742 1344 3812 apposita
1388 3741 1665 3813 colligitur
1712 3741 1857 3812 quod
1887 3740 1933 3795 si

258 3856 265 3863 ε
338 3848 529 3887 omnes
571 3831 827 3888 monachi
873 3839 1119 3901 tempore
1147 3831 1211 3885 R.
1248 3831 1306 3883 Ρ.
1339 3829 1604 3900 Guigonis
1647 3830 1715 3884 ad
1744 3845 1931 3885 sacer-

339 3920 547 3976 dotium
576 3920 820 3976 nondum
850 3926 1033 3974 essent
1058 3918 1313 3989 promoti,
1338 3918 1522 3989 plures
1543 3926 1721 3973 tamen
1751 3926 1927 3983 erant,

338 4017 390 4064 et
417 4024 610 4065 omnes
638 4009 711 4063 ad
757 4007 1070 4064 clericatum
1120 4007 1321 4072 idonei,
1354 4015 1408 4061 ut
1446 4023 1511 4062 ex
1540 4022 1661 4076 cap.
1695 4009 1761 4061 73
1794 4007 1931 4061 ista-

338 4114 457 4153 rum
487 4096 949 4153 Consuetudinum
981 4095 1200 4167 patebit.
1235 4096 1314 4150 Ex
1350 4094 1803 4166 praetermissione
1831 4112 1930 4149 au-

335 4194 446 4242 tem
498 4187 788 4242 verborum
852 4185 1100 4251 istorum,
1150 4185 1204 4238 in
1250 4184 1482 4255 antiquis
1545 4184 1757 4238 statutis
1822 4200 1928 4238 non

337 4276 654 4339 relatorum,
688 4275 741 4328 id
770 4281 975 4329 tantum
1025 4273 1300 4345 colligitur
1344 4273 1487 4343 quod
1537 4281 1782 4341 tempore
1822 4288 1929 4343 quo

336 4372 535 4419 statuta
564 4364 785 4435 antiqua
815 4363 1030 4419 condita
1062 4362 1298 4429 fuerunt,
1319 4362 1463 4431 apud
1493 4377 1593 4414 nos
1615 4360 1928 4415 sacerdotes

336 4455 537 4523 saepius
562 4452 910 4507 celebrabant
958 4467 1120 4522 quam
1169 4458 1412 4519 tempore
1448 4450 1512 4503 R.
1548 4450 1605 4503 Ρ.
1640 4448 1925 4519 Guigonis,

280 4569 284 4573 η
333 4543 475 4597 unde
507 4541 872 4597 conditionem
900 4540 1049 4595 illam
1081 4555 1286 4610 ponere
1311 4538 1421 4606 jam
1449 4538 1563 4592 fere
1595 4538 1929 4607 superfluum

332 4647 454 4686 esse
481 4630 656 4686 visum
676 4629 791 4684 fuit.
824 4631 904 4684 De
936 4643 1101 4684 causa
1130 4627 1224 4682 illa
1245 4625 1549 4682 rationabili
1571 4626 1929 4698 impedimen-

330 4726 445 4775 tum
473 4718 730 4774 aﬂerente
762 4734 860 4773 suo
889 4717 1011 4773 loco
1038 4724 1251 4789 agetur.

2030 3568 2118 3623 vel
2165 3566 2444 3621 breviores
2494 3565 2695 3619 fiebant
2739 3566 2794 3619 in
2841 3566 3135 3635 matutinis,
3181 3567 3331 3635 juxta
3386 3567 3626 3622 noctium

2031 3656 2363 3728 qualitatem.
2388 3653 2580 3726 Agitur
2608 3662 2786 3709 autem
2808 3654 2895 3711 hic
2924 3656 2992 3709 de
3017 3654 3123 3710 ﬁne
3154 3655 3623 3727 Quadragesimae,

2032 3760 2139 3816 quo
2170 3752 2410 3814 tempore
2457 3751 2666 3798 constat
2711 3743 2832 3797 dies
2879 3742 2998 3797 ﬁeri
3042 3743 3323 3815 longiores
3354 3752 3407 3798 et
3434 3750 3625 3799 noctes

2031 3833 2329 3889 breviores.
2364 3833 2444 3886 De
2474 3831 2591 3885 istis
2621 3831 2821 3903 vigiliis
2849 3831 2993 3886 infra
3023 3840 3216 3904 agetur
3247 3847 3346 3887 suo
3374 3832 3514 3887 loco.

2100 3922 2264 3975 Num.
2299 3925 2385 3976 19.
2418 3921 2685 3977 Novem...
2722 3921 3057 3976 lectionibus
3086 3921 3360 3976 contenti.
3383 3921 3478 3975 His
3500 3937 3625 3976 ver-

2031 4010 2113 4064 bis
2143 4010 2257 4064 vult
2300 4008 2624 4079 exprimere,
2671 4008 2755 4062 bis
2806 4016 3009 4063 tantum
3055 4008 3244 4063 diebus
3295 4008 3625 4064 austeriores

2030 4098 2245 4170 vigilias
2276 4113 2309 4151 a
2339 4098 2496 4152 nobis
2526 4096 2804 4167 paululum
2835 4097 3087 4164 relaxari,
3119 4113 3184 4153 ac
3220 4097 3526 4168 lampadem
3553 4098 3622 4151 ad

2030 4188 2364 4241 Benedictus
2396 4185 2667 4257 exstingui
2695 4204 2708 4251 ;
2742 4185 2927 4256 sicque
2959 4186 3126 4239 tribus
3149 4185 3255 4239 illis
3276 4186 3624 4255 diebus,quae

2032 4283 2153 4328 sunt
2184 4275 2390 4327 tantilla
2420 4291 2549 4343 pars
2580 4283 2829 4343 respectu
2853 4273 3013 4327 totius
3031 4274 3178 4339 anni,
3205 4283 3413 4328 nostras
3452 4283 3625 4327 matu-

2028 4364 2164 4417 tinas
2196 4363 2461 4417 Ecclesiae
2492 4362 2610 4416 usui
2643 4379 2764 4417 esse
2797 4362 3126 4417 conformes.

2100 4452 2148 4505 Ν
2155 4468 2263 4505 um.
2289 4455 2376 4508 20.
2403 4452 2709 4506 Munditias
2749 4452 2959 4521 singuli
2988 4453 3252 4521 facimus.
3278 4454 3319 4506 A
3345 4451 3475 4506 solis
3493 4451 3622 4506 Car-

2030 4540 2292 4593 tbusianis
2321 4539 2376 4593 id
2425 4548 2600 4609 potest
2647 4539 2895 4611 intelligi,
2930 4548 2982 4594 et
3013 4539 3284 4612 significat
3332 4549 3623 4595 consuetu-

2027 4629 2209 4682 dinem
2239 4645 2360 4699 qua:
2387 4630 2666 4699 hucusque
2696 4628 2751 4681 in
2780 4628 2971 4683 ordine
3003 4636 3324 4684 conservata
3351 4638 3432 4684 est
3451 4628 3504 4683 in
3534 4630 3622 4684 die

2029 4718 2209 4771 Ccenaa
2254 4716 2489 4782 Domini,
2522 4724 2581 4771 ut
2610 4715 2863 4787 privatim
2893 4716 2949 4770 in
2975 4717 3130 4772 cellis
3175 4718 3345 4788 pedes
3387 4718 3621 4772 munde-

403 4808 609 4863 Caetera
638 4807 832 4861 iisdem
862 4805 977 4860 fere
1006 4804 1190 4860 verbis
1216 4804 1521 4860 referuntur
1562 4804 1743 4875 prima
1769 4811 1923 4875 parte
1951 4826 2005 4887 Β
2027 4821 2150 4859 mus
2180 4812 2233 4860 et
2252 4805 2495 4860 lavemus
2522 4813 2815 4875 antequam
2843 4805 2912 4859 ad
2941 4805 3253 4875 capitulum,
3271 4805 3363 4861 ubi
3390 4821 3423 4860 a
3443 4806 3620 4877 priore

332 4895 528 4951 Statut.
589 4895 786 4967 antiq.,
834 4909 954 4965 cap.
1004 4896 1091 4960 11,
1143 4896 1228 4960 12,
1280 4896 1368 4960 13,
1421 4895 1508 4960 14,
1559 4896 1644 4961 15,
1698 4895 1784 4959 17,
1855 4896 1920 4947 18

329 4992 381 5041 et
411 4988 497 5039 19.

396 5073 561 5128 Num.
594 5075 678 5128 13.
714 5072 937 5127 Partim
961 5071 1024 5127 in
1055 5071 1309 5136 ecclesia,
1339 5072 1556 5143 partim
1583 5072 1647 5126 in
1677 5073 1920 5140 refecto-

326 5162 433 5218 rio.
481 5162 831 5217 Innotescere
875 5159 1062 5231 incipit
1110 5176 1261 5225 usus,
1313 5159 1404 5230 qui
1460 5174 1679 5229 semper
1724 5157 1778 5212 in
1826 5174 1919 5213 or-

325 5250 452 5305 dine
498 5249 692 5322 viguit,
729 5258 786 5304 ut
828 5248 1003 5303 Biblia
1049 5248 1166 5304 sine
1194 5248 1249 5302 in
1298 5246 1547 5314 ecclesia,
1594 5246 1709 5301 sive
1749 5246 1804 5299 in
1835 5263 1920 5302 re-

324 5337 571 5404 fectorio,
604 5338 719 5394 sive
748 5338 803 5391 in
832 5336 1104 5407 colloquio
1136 5335 1362 5406 singulis
1390 5334 1570 5401 annis,
1603 5351 1668 5389 ex
1708 5334 1918 5406 integro

322 5425 594 5498 legantur.

392 5515 531 5570 Ibid.
578 5517 817 5588 Propter
878 5514 1136 5570 noctium
1203 5511 1557 5568 brevitatem.
1628 5509 1786 5580 Quod
1850 5512 1919 5567 de

319 5603 557 5659 noctium
618 5603 883 5658 brevitate
937 5600 1026 5658 hic
1071 5600 1219 5663 dicit,
1270 5598 1502 5655 refertur
1548 5599 1617 5654 ad
1682 5599 1916 5673 vigilias,

321 5708 442 5761 quae
472 5692 603 5747 olim
630 5692 687 5745 in
715 5690 907 5746 ordine
942 5690 1097 5759 juxta
1122 5688 1357 5745 noctium
1406 5688 1801 5761 longitudinem
1829 5699 1919 5744 aut

2029 4893 2201 4949 lavari
2245 4894 2463 4958 debent,
2509 4893 2811 4949 veniamus.
2844 4894 2904 4948 Id
2932 4902 3090 4950 vocat
3136 4895 3201 4949 Β.
3234 4895 3393 4950 Pater
3439 4894 3620 4967 Guigo

2030 4983 2344 5037 munditias
2372 4984 2575 5051 facere.

2099 5071 2262 5125 Num.
2283 5071 2372 5126 24.
2403 5072 2517 5125 Ilac
2545 5071 2633 5125 die
2658 5075 2787 5141 post
2813 5072 3121 5143 prandium
3150 5075 3329 5128 sive...
3362 5072 3435 5127 ad
3463 5073 3620 5128 clau-

2027 5163 2215 5215 strum
2240 5176 2355 5215 non
2383 5160 2682 5217 reversuri.
2717 5159 2816 5216 Hic
2845 5161 3078 5216 obscure
3106 5161 3308 5216 indicat
3334 5177 3493 5215 usum
3532 5177 3621 5216 re-

2028 5247 2420 5314 cordationum,
2472 5265 2593 5319 quae
2640 5247 2696 5302 in
2739 5248 2973 5304 claustro
3022 5248 3240 5317 ﬁebant,
3290 5266 3453 5320 quem
3511 5265 3623 5305 non

2026 5337 2185 5407 plene
2230 5336 2483 5407 exprimit
2511 5337 2636 5408 quia
2666 5354 2755 5392 res
2801 5346 2917 5393 erat
2946 5339 3252 5394 communis
3282 5347 3333 5393 et
3362 5347 3486 5394 nota
3534 5338 3620 5393 bis

2020 5425 2091 5479 ad
2118 5440 2255 5496 quos
2284 5424 2570 5492 scribebat,
2605 5433 2659 5481 et
2686 5424 2812 5481 inde
2844 5426 3020 5482 elucet
3051 5426 3282 5498 qualiter
3320 5443 3410 5482 res
3439 5426 3619 5497 potius

2018 5513 2306 5583 aliquando
2362 5513 2590 5568 innuero
2656 5522 2942 5570 contentus
3004 5515 3165 5570 fuerit
3212 5516 3276 5571 R.
3328 5516 3388 5570 P.
3436 5516 3618 5587 Guigo

2018 5617 2181 5672 quam
2228 5602 2347 5656 illas
2378 5602 2486 5657 late
2529 5602 2819 5672 explicare.
2855 5602 2998 5671 Quid
3045 5611 3229 5659 essent
3275 5612 3453 5660 autem
3500 5605 3621 5661 ista:

2017 5690 2444 5757 recordationes,
2478 5692 2833 5773 etoquomodo
2872 5690 2993 5747 ﬁeri
3022 5692 3301 5760 deberent,
3334 5693 3437 5749 sub
3467 5694 3619 5750 titulo
