3928 6426
210 316 313 370 645

279 441 368 494 25.
402 438 829 511 Completorium
858 451 1047 514 postea
1077 455 1317 504 sonatur.
2063 508 2071 517 .

281 537 374 591 26.
408 536 467 592 In
499 537 807 595 Parasceve
836 557 1015 612 genua
1043 543 1329 613 ﬂectimus,
1363 549 1621 608 Miserere
1649 556 1782 625 mei,
1808 558 1973 625 Deus,
1998 557 2256 615 dicimus.

241 726 249 736 .
274 634 360 686 27.
396 632 656 742 Τοιίεςιιξξ
684 636 767 692 his
800 637 969 693 tribus
998 639 1193 696 diebus
1220 658 1414 714 preces
1435 647 1636 719 singuli
1667 651 1869 724 quique
1901 653 1957 708 in
1984 654 2200 712 silentio
2229 658 2460 715 dicimus
2490 660 2546 716 in
2590 663 2843 719 omnibus
2872 663 3023 722 horis
3042 709 3055 733 ,
3092 668 3213 725 haec
3244 685 3351 726 una
3392 686 3523 728 ora-

1572 332 2178 395 CONSUETUDINES.
3425 351 3529 405 6L6

206 1125 414 1231 tractus
444 1127 498 1175 et
526 1120 702 1229 oratio
716 1124 864 1180 Deus
889 1142 923 1180 a
1089 1132 1153 1231 et
1172 1131 1382 1198 Iudas,-
1410 1133 1540 1190 item
1568 1137 1672 1191 alia
1700 1139 1880 1210 lectio,
1911 1153 1960 1199 et
1992 1154 2218 1220 tractus,
2251 1150 2449 1208 deinde
2477 1155 2664 1226 passio
2689 1157 2898 1229 absque
2918 1158 3191 1214 Dominus
3215 1120 3513 1231 uobiscum,

206 1222 330 1285 post
550 1219 864 1289 orationes;
894 1222 1091 1294 quibus
1121 1224 1287 1282 ﬁnitis
1318 1232 1533 1287 exuitur
1559 1240 1821 1295 sacerdos
1842 1244 2047 1311 casula,
2080 1248 2346 1305 nudamus
2364 1219 2556 1322 pedes,
2589 1219 2936 1327 oblatamque
2972 1271 3002 1309 a
3031 1255 3261 1313 diacono
3292 1219 3511 1314 crucem

209 1314 594 1427 venerabiliter
622 1318 958 1389 osculamur,
993 1322 1237 1381 dicentes
1257 1326 1400 1384 intra
1429 1346 1530 1385 nos
1568 1332 1770 1405 singuli
1805 1355 1817 1393 :
1849 1341 2161 1400 Adoramus
2194 1350 2265 1417 te,
2317 1314 2557 1420 Christe,
2592 1356 2649 1407 et
2679 1314 3059 1410 benedicimus
3095 1354 3216 1420 tibi,
3255 1354 3387 1426 quia
3415 1370 3517 1427 per

203 1418 463 1523 sanctam
492 1432 718 1523 crucem
766 1423 927 1476 tuam
969 1423 1259 1481 redemisti
1296 1431 1595 1487 mundum.
1642 1435 1863 1492 Interim
1909 1450 2207 1499 conventus
2239 1454 2417 1502 cantat
2451 1449 2824 1522 antiphonam,
2880 1453 2982 1509 Nos
3029 1456 3225 1508 autem
3263 1418 3512 1523 piari-ari

202 1516 444 1620 Op‘ortet,
479 1522 532 1569 et
563 1514 955 1620 Responsoria,
1004 1523 1214 1593 Popule
1252 1543 1409 1581 meus
1450 1537 1503 1583 et
1546 1532 1813 1604 Expandi
1850 1553 2056 1595 manus
2103 1558 2276 1599 meas.
2328 1545 2456 1602 Post
2504 1514 2624 1619 qua:
2665 1548 2734 1603 ad
2784 1514 2961 1605 locum
3011 1514 3298 1620 pristinum
3347 1564 3509 1606 cruce

201 1609 403 1719 relata,
426 1613 690 1719 sacerdos
721 1614 846 1671 lotis
875 1618 1127 1676 manibus
1157 1624 1450 1697 casulaquc
1480 1627 1718 1703 indutus,
1752 1634 1981 1691 calicem
2012 1655 2133 1694 cum
2164 1641 2289 1698 vino
2313 1609 2540 1716 corpore
2570 1646 2787 1700 Domini
2818 1609 3181 1718 superposito,
3214 1662 3248 1702 a
3276 1647 3508 1704 diacono

200 1709 447 1813 suscipit,
479 1709 765 1813 inchoante
796 1714 991 1772 eodem
1019 1721 1478 1795 communionem,
1512 1729 1619 1783 [loc
1650 1746 1878 1803 corpus.
1922 1733 2128 1803 Quibus
2150 1736 2204 1792 in
2235 1738 2394 1794 altari
2413 1740 2749 1813 compositis,
2783 1709 2906 1813 post
2932 1709 3206 1800 modicum
3237 1744 3507 1801 silentium

197 1805 350 1877 icipit
376 1808 477 1914 sic,
514 1810 765 1914 gremiis,
797 1818 1093 1887 praceptis
1122 1820 1472 1878 salutaribus
1502 1829 1728 1883 moniti.
1762 1832 1956 1902 Agnus
1986 1835 2085 1891 Dei
2116 1852 2225 1892 non
2251 1837 2464 1908 dicitur,
2490 1805 2591 1897 nec
2612 1840 2666 1895 in
2691 1805 2949 1898 sabbato.
2984 1843 3250 1914 Percepto
3279 1851 3458 1898 autem
3479 1858 3509 1896 a

196 1904 485 1962 sacerdote
514 1908 731 1964 Domini
761 1926 1011 1983 corpore,
1055 1931 1313 1987 vesperas
1342 1920 1662 1979 alterutrum
1693 1944 1813 1983 cum
1847 1930 2061 1988 silentio
2090 1934 2344 1990 dicimus.

270 2008 355 2055 ἐκ.
394 2004 650 2074 Sabbato,
672 2009 899 2062 cantatis
931 2010 983 2063 in
1015 2013 1221 2067 cellulis
1254 2026 1404 2071 sexta
1436 2029 1484 2072 et
1518 2038 1677 2090 nona,
1705 2034 1753 2079 et
1786 2028 1999 2084 interim
2029 2032 2308 2089 sacerdote
2340 2033 2544 2097 induto.
2581 2037 2649 2089 ad
2680 2035 2966 2092 ecclesiam
2999 2037 3340 2107 congregati,
3369 2056 3505 2107 prec-

197 2120 377 2155 missis
429 2114 659 2174 quatuor
704 2107 1022 2164 lectionibus
1069 2129 1190 2165 (sunt
1238 2116 1405 2169 tribus
1465 2122 1721 2176 tractibus
1774 2134 1823 2177 et
1874 2126 2058 2182 litania
2098 2131 2365 2199 perbrevi,
2409 2134 2633 2187 missam
2667 2151 2697 2187 ει
2741 2138 2898 2205 Kyrir
2941 2139 3145 2189 eleismz
3193 2135 3508 2189 SOllelllf‘t'

196 2203 517 2257 inchoamus
539 2247 550 2265 ,
581 2205 768 2260 Gloria
801 2207 856 2259 in
884 2211 1124 2263 excelsis
1162 2213 1265 2267 [leo
1299 2213 1545 2281 dicimus,
1582 2220 1716 2274 (luas
1748 2226 2007 2279 candelas
2039 2230 2407 2291 arcentlimus,
2442 2249 2633 2302 pacem
2665 2234 2960 2304 accipimus
2986 2284 2995 2299 ,
3047 2234 3323 2289 incensum
3376 2251 3505 2288 vero

195 2315 301 2353 non
334 2301 636 2356 uiolentus.
673 2303 881 2371 Quibus
912 2307 1141 2377 expletis
1169 2310 1386 2379 pulsato
1427 2313 1783 2374 tintinnabulo
1819 2339 2074 2394 vesperas
2098 2326 2248 2395 juxta
2291 2345 2500 2384 morem
2530 2331 2906 2387 monachicum
2936 2332 3335 2387 solemnissime
3365 2350 3501 2386 cau-

192 2406 390 2454 tamus.

260 2499 351 2553 29.
385 2496 449 2597 In
476 2495 564 2552 die
594 2506 781 2554 sancto
810 2500 1037 2557 Pascha
1064 2501 1205 2560 inter
1232 2510 1517 2566 matutinas
1548 2522 1601 2568 et
1632 2517 1881 2589 primam,
1915 2523 2142 2592 cunctis,
2175 2525 2231 2580 in
2264 2535 2523 2597 quantum
2554 2543 2743 2583 eorum
2774 2528 2957 2584 sinunt
2984 2528 3326 2594 obedientias,
3350 2528 3502 2584 laicis

188 2595 548 2694 praesentibus
576 2605 630 2652 et
660 2600 1205 2672 communicantibus,
1240 2622 1306 2661 ea
1346 2609 1660 2669 celebritate
1704 2631 1807 2687 qua
1853 2619 2155 2677 Dominicis
2208 2595 2345 2678 solet
2382 2623 2577 2680 diebus
2623 2626 2793 2681 missa
2846 2632 3110 2694 cantatur,
3161 2625 3378 2681 duobus
3417 2625 3500 2680 vel

189 2692 367 2749 tribus
395 2695 789 2752 monachorum
812 2699 1155 2755 sacerdotem
1167 2702 1502 2770 juvantibus.

260 2792 349 2846 30.
387 2790 448 2844 In
475 2791 671 2861 majori
694 2791 862 2848 missa
891 2796 1253 2854 communicat
1279 2813 1596 2874 conventus,
1633 2817 1686 2864 et
1719 2811 1809 2882 qui
1838 2813 1905 2868 de
1934 2813 2088 2869 laicis
2119 2816 2572 2872 communicaturi
2601 2825 2747 2873 sunt.

260 2890 348 2942 3t.
386 2887 554 2943 Totos
584 2897 817 2960 quatuor
844 2891 946 2946 hos
977 2892 1094 2948 dies
1122 2896 1516 2958 celeberrimos
1561 2905 1828 2965 ducimus.
1881 2911 2033 2967 Feria
2081 2914 2339 2981 secunda,
2379 2914 2555 2982 tertia,
2606 2923 2800 2986 quarta
2837 2916 2891 2970 in
2921 2915 3201 2971 matutinis
3246 2915 3498 2972 laudibus

189 2983 324 3039 duas
379 2985 630 3083 candelas
681 2987 1030 3083 accendimus
1076 2991 1466 3069 incensumque
1515 3001 1815 3062 offerimus.
1855 3008 2013 3065 Feria
2043 3019 2234 3082 quarta
2276 3012 2539 3068 recedunt
2566 3013 2710 3069 laici.
2762 3013 2980 3083 Quinta,
3013 3022 3185 3081 sexta,
3236 3014 3495 3081 Sabbato,

190 3088 400 3183 sentam
427 3080 485 3135 in
514 3081 745 3183 ecclesia
766 3091 1042 3141 cantantes
1059 3089 1221 3144 simul
1236 3092 1530 3153 reficimus.
1555 3099 2035 3163 Hebdomadarum
2064 3080 2287 3165 Pascha:
2302 3117 2353 3165 et
2375 3111 2727 3168 Pentecostes
2748 3080 3024 3182 prioribus
3054 3111 3248 3167 diebus
3276 3120 3503 3183 quatuor
3583 3090 3593 3101 ’

189 3177 396 3233 nullum
426 3178 646 3276 omnino
685 3188 1000 3237 sanctorum
1029 3183 1225 3241 festum
1255 3191 1615 3253 celebramus.
1648 3200 1840 3258 Tribus
1869 3221 2001 3261 vero
2031 3207 2437 3276 posterioribus,
2473 3208 2519 3262 si
2549 3207 2712 3263 trium
2733 3208 3024 3265 lectionum
3055 3207 3253 3264 festum
3300 3223 3500 3264 occur-

186 3275 337 3427 :erit,
371 3274 546 3332 solam
575 3280 1172 3353 commemorationem,
1205 3284 1290 3341 sin
1315 3297 1495 3347 autem
1528 3294 1837 3370 duodecim,
1865 3311 2034 3359 totum
2062 3306 2315 3362 facimus.
2372 3307 2737 3379 Responsoria
2779 3307 3052 3378 paschalia
3091 3306 3497 3381 quatuordecim

224 3388 272 3427 te
311 3389 376 3427 us
407 3383 713 3427 cantamus.

224 3383 376 3428 tebus
407 3383 688 3430 cantamus
699 3415 713 3429 .

253 3473 340 3529 32.
372 3475 540 3528 Actus
567 3473 936 3545 apostolorum
969 3475 1142 3532 tribus
1172 3477 1625 3548 hebdomadibus,
1659 3482 1951 3538 canonicas
1982 3499 2113 3539 vero
2161 3484 2434 3556 Epistolas
2480 3485 2683 3541 exinde
2731 3501 2905 3557 usque
2950 3485 3021 3540 ad
3062 3484 3489 3551 Ascensionem;

182 3574 232 3622 et
260 3569 329 3623 ab
358 3570 698 3627 Ascensione
727 3587 902 3643 usque
931 3574 1000 3628 ad
1031 3574 1388 3633 Pentecosten
1433 3577 1822 3651 Apocalypsim
1863 3583 2267 3651 tantummodo,
2300 3583 2498 3655 partim
2524 3583 2581 3638 in
2612 3583 2866 3651 ecclesia,
2899 3583 3094 3655 partim
3125 3582 3181 3638 in
3209 3582 3495 3639 refectorio

185 3665 537 3738 perlegimus.

254 3767 340 3820 33.
373 3756 534 3821 Feria
562 3766 720 3824 tertia
749 3767 1114 3841 Rogationum
1145 3767 1318 3826 semel
1346 3763 1641 3831 reficimus,
1676 3761 1774 3818 sed
1805 3763 2094 3836 coquinum
2124 3765 2373 3822 facimus.

1536 3882 2124 3941 COMMENTARIUM.

182 3978 401 4049 speciali
422 3993 544 4051 cap.
577 3983 645 4035 35
674 3981 860 4052 primae
879 3982 1047 4054 partis
1074 3982 1419 4055 antiquorum
1447 3981 1780 4036 Statutorum
1806 3984 1863 4042 Α
1885 3980 1982 4036 Hic
2010 3995 2278 4052 apparere
2307 3980 2495 4052 incipit
2521 3998 2654 4037 usus
2695 3981 2958 4038 festorum
2991 3981 3336 4051 solemnium,
3367 3995 3490 4053 quae

183 4065 302 4123 fuse
331 4084 653 4140 expressum
683 4070 934 4153 habetur,
980 4079 1139 4142 prout
1188 4071 1321 4127 ratio
1370 4070 1783 4127 condendorum
1884 4071 2011 4127 ideo
2067 4070 2441 4128 candelarum
2478 4071 2532 4126 in
2563 4071 2800 4143 antiquis
2849 4071 3064 4127 statutis
3111 4079 3164 4126 et
3209 4070 3489 4127 veteribus

182 4162 507 4212 statutorum
528 4156 715 4229 exigit.
752 4159 1001 4215 Monachi
1030 4160 1085 4214 in
1119 4159 1422 4216 claustrum
1453 4159 1614 4213 simul
1646 4173 1783 4213 con-
1885 4160 2041 4215 libris
2070 4159 2279 4215 ordinis
2312 4159 2672 4230 appellantur,
2707 4160 2836 4232 quia
2865 4160 2919 4215 in
2961 4161 3181 4233 signum
3228 4159 3489 4215 solemnis

183 4245 469 4301 veniebant
494 4247 657 4301 certis
687 4247 900 4314 diebus,
945 4258 995 4304 et
1045 4248 1153 4303 alia
1182 4248 1451 4305 faciebant
1478 4248 1546 4303 de
1586 4247 1783 4319 quibus

178 4348 274 4388 suo
310 4335 430 4391 loco
478 4344 692 4407 agetur.
739 4337 837 4393 Hic
874 4345 1083 4392 tantum
1115 4337 1437 4393 adnotamus
1488 4337 1621 4391 nihil
1654 4336 1783 4391 novi

178 4420 375 4478 debere
407 4424 659 4495 imputari
688 4441 760 4480 ex
794 4427 895 4481 hoc
926 4427 1047 4483 loco
1073 4426 1473 4498 posterioribus
1524 4428 1586 4481 Β.
1636 4424 1781 4479 Patri

177 4510 408 4581 Guigoni
442 4513 713 4581 Patribus,
738 4515 830 4587 qui
858 4516 913 4571 in
946 4515 1184 4587 antiquis
1207 4515 1421 4570 statutis
1453 4524 1685 4587 egerunt
1712 4516 1780 4570 de

176 4601 639 4658 recordationibus
690 4622 704 4659 :
751 4620 877 4659 nam
946 4604 1052 4659 late
1127 4613 1331 4660 tantum
1397 4605 1672 4675 explicant
1727 4612 1781 4659 et

175 4685 391 4745 ﬁrmant
420 4707 583 4747 usum
615 4692 898 4765 antiquum
928 4694 1389 4764 recordationum,
1440 4694 1533 4766 qui
1578 4693 1667 4748 hic
1702 4693 1780 4747 in-

176 4775 471 4850 digitatur;
505 4780 603 4836 sed
632 4782 851 4851 clarius,
898 4782 1167 4839 succincte
1203 4791 1407 4852 tamen,
1456 4782 1779 4855 exprimitur

178 4862 315 4921 infra
337 4883 460 4940 cap.
495 4873 548 4924 9.

243 4956 404 5014 Num.
438 4963 529 5017 28.
564 4959 800 5017 Sabbato
830 4963 1085 5019 cantatis
1106 4964 1170 5019 in
1198 4964 1436 5041 cellula.
1467 4962 1528 5017 Id
1545 4969 1630 5017 est
1648 4976 1775 5032 per-

175 5043 381 5114 solutis,
416 5064 543 5103 nam
570 5056 728 5105 extra
756 5050 985 5106 chorum
1021 5051 1167 5123 apud
1197 5067 1298 5108 nos
1328 5066 1608 5124 nunquam
1646 5049 1773 5107 offi-

175 5132 259 5188 cia
287 5135 470 5191 divina
495 5136 713 5193 fuerunt
741 5146 975 5209 cantata,
1011 5148 1065 5196 et
1090 5140 1369 5212 piissimus
1399 5141 1629 5212 scriptor
1656 5138 1774 5195 fere

175 5220 370 5294 ubique
398 5226 626 5282 verbum
648 5232 885 5283 cantare
906 5244 1003 5299 pro
1031 5232 1346 5302 persolvere
1379 5237 1626 5301 usurpat.

1883 4248 2070 4319 gaudii
2100 4248 2153 4302 in
2186 4249 2457 4303 matutinis
2487 4257 2540 4303 et
2591 4250 2835 4321 vesperis
2882 4250 3099 4305 illarum
3138 4248 3491 4304 festivitatum

1884 4337 2026 4394 cerei
2053 4338 2512 4393 accendebantur.

1952 4426 2116 4481 Num.
2151 4431 2240 4481 33.
2272 4458 2341 4467 —
2370 4429 2532 4482 Feria
2567 4430 2740 4483 tertia
2771 4431 3143 4498 Rogationum
3162 4434 3336 4489 semel
3369 4434 3492 4502 reﬁ-

1881 4517 2083 4581 cimus,
2108 4518 2204 4571 sed
2233 4518 2533 4588 coquinum
2565 4518 2829 4587 facimus.
2874 4519 2932 4571 In
2983 4519 3219 4590 antiquis
3261 4520 3488 4575 Statutis

1880 4621 1898 4660 ι
1931 4613 2076 4675 part.
2117 4621 2239 4676 cap.
2276 4607 2362 4674 17,
2396 4620 2453 4660 N.
2502 4608 2555 4673 6,
2600 4604 2801 4678 legitur
2833 4623 2846 4659 :
2880 4608 3043 4662 Feria
3094 4610 3267 4664 tertia
3297 4594 3353 4664 et
3392 4625 3483 4665 se-

1878 4693 2067 4750 cunda
2088 4694 2462 4764 [legationum
2482 4694 2654 4750 semel
2685 4694 2990 4763 reﬁcimus,
3015 4696 3109 4751 sed
3130 4696 3278 4767 feria
3312 4699 3487 4754 tertia

1878 4790 2036 4839 caseo
2057 4787 2114 4838 et
2136 4783 2252 4839 ovis
2286 4784 2419 4839 licet
2444 4784 2552 4839 uti.
2583 4783 2670 4838 Ad
2700 4782 3114 4855 intelligendum
3145 4793 3325 4841 autem
3356 4785 3487 4858 quid

1878 4872 1981 4927 sibi
2009 4872 2139 4927 velit
2168 4873 2238 4928 Β.
2281 4873 2338 4927 Ρ.
2375 4871 2555 4946 Guigo
2586 4872 2753 4928 verbo
2783 4874 3035 4945 coquinw
3063 4873 3120 4928 in
3144 4874 3249 4930 hoc
3279 4882 3331 4930 et
3363 4874 3485 4930 aliis

1875 4960 2032 5032 locis,
2068 4961 2347 5017 sciendum
2386 4969 2469 5017 est
2524 4969 2654 5017 tunc
2699 4960 2869 5018 fuisse
2921 4962 2976 5017 in
3021 4980 3122 5019 usu
3167 4963 3313 5034 apud
3361 4978 3483 5035 nos,

1875 5046 2039 5119 idque
2064 5063 2163 5118 per
2196 5046 2349 5118 plura
2377 5046 2581 5103 saecula
2610 5046 2983 5104 continuatum
3014 5046 3204 5116 fuisse,
3252 5055 3311 5103 ut
3358 5064 3484 5106 mo-

1874 5136 2033 5191 nachi
2060 5143 2272 5207 partem
2302 5136 2477 5192 victus
2528 5136 2611 5191 sui
2660 5136 2764 5191 sibi
2812 5144 3111 5209 coquerent
3156 5136 3213 5192 in
3259 5138 3487 5210 propria

1874 5225 2032 5292 cella,
2063 5224 2201 5281 oﬂ‘as
2232 5241 2429 5297 nempe
2459 5233 2513 5281 et
2542 5224 2795 5298 quaedam
2824 5225 3103 5299 legumina
3148 5226 3338 5298 eisque
3373 5235 3486 5283 tan-

239 5310 399 5368 Num.
430 5318 521 5372 29.
554 5316 778 5372 Duobus
816 5318 904 5373 vel
935 5317 1117 5375 tribus
1137 5319 1545 5376 monachorum
1578 5334 1771 5375 sacer-
1792 5346 1848 5408 Β
1873 5321 1983 5370 tum
2041 5314 2441 5369 ministraretur
2495 5331 2527 5369 a
2578 5314 2895 5386 coquinaria
2916 5357 2930 5385 ,
2993 5324 3047 5370 et
3105 5315 3481 5388 dispensatore

175 5396 352 5456 dotem
384 5404 745 5475 juvantibus.
803 5405 935 5461 Inde
983 5415 1213 5478 apparet
1252 5408 1399 5480 quod
1452 5414 1580 5463 tunc
1626 5414 1775 5463 recto

177 5491 376 5546 tantum
403 5498 533 5549 tono
579 5494 809 5550 missam
851 5494 1015 5550 istam
1049 5503 1368 5564 cantarent;
1410 5512 1554 5551 nunc
1588 5511 1776 5551 mona-

178 5575 259 5630 chi
289 5593 478 5637 omnes
508 5582 634 5639 huic
679 5583 865 5639 missae
912 5583 1177 5640 assistunt
1224 5593 1275 5641 et
1326 5600 1449 5641 cum
1496 5584 1641 5641 notis
1672 5585 1774 5640 de-

180 5674 410 5723 cantant.

235 5754 395 5813 Nam.
418 5761 504 5813 31.
533 5760 700 5818 Feria
727 5761 994 5829 secunda,
1023 5768 1153 5831 etc.,
1180 5761 1322 5821 duas
1342 5760 1631 5831 candelas,
1666 5768 1769 5818 etc.

1877 5402 2155 5459 communi
2172 5403 2351 5475 panis,
2376 5403 2564 5458 vinum
2595 5410 2649 5458 et
2680 5402 2735 5458 id
2764 5404 2911 5475 quod
2937 5404 2993 5458 in
3023 5404 3304 5477 plerisque
3343 5404 3480 5461 locis

1878 5492 2342 5548 Consuetudinum
2372 5492 2437 5548 R.
2472 5493 2532 5548 P.
2566 5492 2837 5565 Guigonis
2859 5494 3120 5565 pitantia
3150 5493 3479 5565 appellatur.

1877 5580 2174 5653 Coquinam
2206 5596 2340 5653 ergo
2368 5580 2530 5635 istam
2558 5596 2779 5651 semper
2805 5581 2911 5636 sibi
2940 5579 3211 5638 faciebant
3239 5581 3482 5653 exceptis

1875 5670 2072 5725 diebus
2101 5669 2462 5739 abstinentiae,
2492 5678 2546 5724 et
2574 5668 2770 5724 diebus
2796 5670 3096 5740 refectorii,
3131 5670 3328 5742 quibus
3357 5678 3482 5724 tunc

1878 5757 2039 5815 simul
2063 5759 2118 5815 in
2163 5758 2456 5815 refectorio
2492 5756 2871 5815 comedebant.
2906 5759 3083 5815 Locus
3129 5758 3479 5829 antiquorum
