3928 6450
490 353 594 408 647

1310 355 1652 413 GUIGONIS
1701 358 1722 411 Ι
1767 355 2176 412 CARTHUSIE
2225 353 2521 413 MAIORIS
2567 357 2845 414 PRIORlS
2897 359 2963 414 V.

3690 364 3791 417 648

559 477 646 529 34.
673 475 732 528 In
761 474 944 545 vigilia
973 474 1323 530 Ascensionis
1355 485 1560 531 sextam
1591 484 1645 531 et
1673 477 1896 531 missam
1927 477 1982 532 in
2001 479 2236 536 ecclesia
2265 491 2586 550 cantamus;
2621 483 3012 540 Ascensionem
3043 481 3398 537 celeberrime
3429 483 3680 542 colimus.

553 576 639 626 35.
675 573 734 625 In
763 571 951 642 vigilia
985 572 1333 627 Pentecostes
1362 588 1562 627 nonam
1590 581 1643 627 et
1670 573 1890 626 missam
1937 573 1993 628 in
2023 575 2256 631 ecclesia
2297 579 2549 646 dicimus,
2597 588 2876 652 totamque
2923 578 3323 634 hebdomadam
3367 578 3506 636 sicut
3552 582 3791 638 Pascha-

483 669 591 723 lem
619 669 982 735 ducnrrimus,
1013 669 1118 724 nisi
1149 670 1293 741 quod
1323 669 1460 724 feria
1505 676 1700 740 quarta
1754 678 1807 724 et
1856 670 2107 737 Sabbato,
2160 681 2370 729 sextam
2412 684 2534 746 post
2587 677 2812 732 missam
2856 676 2973 732 sine
3005 676 3293 732 intervallo
3331 684 3636 734 cantamus.
3679 679 3797 736 Hac

483 766 683 838 quippe
713 766 1057 821 hebdomada
1072 767 1280 836 jejunia
1309 766 1556 836 Quatuor
1584 767 1912 838 Temporum
1943 768 2196 825 facimus.

1883 893 2281 950 CAPITULUM
2319 896 2384 949 V.

1834 991 1972 1047 Item
2030 993 2178 1048 unde

2247 1008 2438 1063 supra.

558 1087 608 1138 1.
645 1085 769 1139 Post
799 1085 1199 1141 hebdomadam
1228 1087 1390 1151 hanc,
1422 1086 1510 1142 die
1543 1102 1865 1159 quacunque
1895 1087 2093 1141 festum
2124 1089 2441 1156 occurrerit,
2477 1089 2644 1145 libros
2674 1091 2886 1163 Regum
2915 1089 3224 1162 incipimus,
3257 1091 3609 1162 responsoria
3654 1107 3789 1148 vero

483 1182 731 1252 ejusdem
761 1184 1002 1239 historia:
1034 1185 1282 1256 sequenti
1311 1184 1618 1241 Dominica.

551 1284 605 1337 2.
639 1283 684 1334 Α
715 1281 975 1337 Kalendis
1007 1282 1236 1354 Augusti
1266 1298 1438 1353 usque
1467 1283 1538 1336 ad
1571 1279 1841 1336 Kalendas
1871 1281 2227 1352 Septembris,
2286 1281 2602 1349 Parabolas,
2625 1277 3012 1348 Ecclesiasten,
3066 1282 3262 1337 librum
3292 1283 3602 1354 Sapientia,
3637 1290 3691 1339 et
3722 1283 3790 1338 de

483 1377 868 1434 Ecclesiastico
899 1388 1156 1450 quantum
1188 1388 1400 1452 tempus
1431 1380 1711 1451 permittit,
1740 1378 1997 1452 legimus.

557 1480 609 1530 3.
645 1475 916 1531 Kalendas
948 1477 1304 1548 Septembris,
1339 1477 1441 1533 Job
1473 1478 1685 1532 duabus
1717 1479 2034 1550 septimanis
2065 1483 2181 1538 sive
2211 1482 2405 1547 tribus,
2439 1481 2650 1536 duabus
2679 1481 3033 1552 sequentibus
3061 1479 3307 1547 Tobiam,
3338 1479 3539 1548 Iudith,
3571 1479 3792 1536 Esther.

551 1575 604 1630 4.
639 1578 685 1630 Α
707 1575 965 1630 Kalendis
997 1576 1252 1633 Octobris
1281 1593 1455 1649 usque
1494 1577 1561 1631 ad
1583 1578 1970 1646 Novembrem,
2004 1580 2442 1636 Machabzeorum
2472 1579 2661 1635 libros.

550 1677 603 1727 5.
636 1674 880 1746 Totoque
912 1675 1016 1731 hoc
1046 1683 1311 1746 tempore,
1344 1675 1398 1729 id
1430 1683 1512 1730 est
1540 1691 1569 1728 a
1600 1675 1917 1732 Pentecoste
1946 1694 2119 1749 usque
2149 1678 2219 1733 ad
2248 1679 2577 1734 Novembris
2624 1677 2917 1745 Kalendas,
2975 1693 3100 1743 una,
3150 1675 3256 1732 nisi
3305 1675 3500 1732 festum
3547 1675 3783 1741 intersit,

481 1770 734 1837 lectione,
772 1771 911 1827 sicut
939 1772 1117 1827 caateri
1149 1771 1418 1840 monachi,
1471 1772 1712 1828 contenti
1744 1790 1948 1828 sumus.

555 1873 605 1923 6.
637 1871 934 1941 Nunquam
965 1877 1146 1924 autem
1172 1885 1274 1941 pro
1305 1869 1466 1924 trium
1495 1870 1786 1926 lectionum
1819 1871 1976 1936 festo,
2010 1870 2269 1926 lectiones
2300 1871 2553 1926 Historia:
2599 1869 2935 1937 dimittimus,
2967 1869 3070 1924 nisi
3119 1869 3175 1924 in
3205 1869 3388 1942 vigilia
3435 1869 3644 1924 Natalis
3675 1871 3790 1925 Βο-

480 1964 634 2031 mini,
669 1972 721 2020 et
751 1965 927 2020 tribus
947 1974 1069 2038 post
1101 1965 1296 2020 festum
1331 1967 1684 2021 Innocentum
1735 1967 1927 2022 diebus
1975 1976 2022 2022 et
2070 1966 2502 2022 hebdomadibus
2543 1967 2766 2021 Paschaa
2797 1973 2849 2021 et
2895 1966 3264 2031 Pentecostes,
3307 1974 3360 2020 et
3389 1965 3524 2019 infra
3566 1972 3789 2022 octavas

484 2062 889 2133 Assumptionis
920 2063 1093 2118 beata:
1118 2063 1320 2118 Mariae.

553 2161 606 2214 '7.
641 2159 1012 2215 Invitatorium
1046 2160 1208 2231 igitur
1236 2168 1442 2214 tantum
1474 2167 1526 2214 et
1554 2157 1828 2226 versiculi,
1851 2165 1902 2212 et
1933 2155 2283 2228 responsoria
2318 2166 2372 2212 et
2401 2157 2694 2225 orationes,
2730 2165 2782 2211 et
2822 2155 3097 2211 matutinae
3125 2155 3334 2223 laudes,
3367 2155 3463 2211 sed
3495 2163 3547 2211 et
3576 2155 3646 2210 ad
3667 2157 3790 2227 pri-

481 2272 625 2311 mam
654 2256 967 2328 antiphona,
1001 2258 1070 2312 ad
1100 2257 1311 2312 tertiam
1342 2273 1557 2328 quoque
1588 2263 1640 2310 et
1671 2262 1894 2318 sextam,
1931 2254 1975 2307 si
2006 2253 2175 2308 semel
2205 2255 2590 2324 prandendum
2621 2262 2722 2320 est,
2763 2254 2847 2308 sin
2896 2261 3073 2308 autem
3105 2252 3187 2306 bis
3211 2253 3281 2307 ad
3313 2252 3525 2308 tertiam
3556 2260 3788 2322 tantum,

487 2353 819 2425 antiphona,
853 2371 1044 2408 versus
1085 2362 1134 2409 et
1165 2354 1460 2418 orationes,
1492 2369 1592 2423 pro
1622 2351 1714 2405 tali
1742 2351 1879 2406 festo
1909 2351 2181 2406 dicuntur.

557 2457 608 2506 8.
642 2452 914 2507 Dominus
947 2454 1199 2523 regnavit
1223 2466 1330 2504 non
1349 2450 1523 2504 solum
1555 2449 1607 2503 in
1638 2449 1835 2502 talibus
1866 2447 2037 2512 festis,
2075 2449 2171 2502 sed
2204 2448 2362 2502 etiam
2392 2464 2422 2502 a
2451 2448 2740 2507 Nativitate
2771 2463 2943 2520 usque
2983 2446 3053 2502 ad
3092 2453 3313 2502 octavas
3360 2445 3697 2517 Epiphaniae,
3737 2456 3789 2502 et

484 2563 516 2602 a
547 2548 757 2603 Pascha
785 2564 959 2620 usque
986 2549 1055 2603 ad
1083 2556 1300 2604 octavas
1330 2549 1699 2614 Pentecostes,
1733 2545 1802 2601 ad
1832 2544 2123 2599 matutinas
2145 2545 2334 2600 laudes
2358 2545 2598 2616 quotidie
2627 2544 2886 2601 dicimus.

1870 2670 2269 2727 CAPITULUM
2308 2671 2397 2726 VI.

1819 2767 1960 2822 Item
2019 2766 2170 2822 unde
2225 2784 2425 2841 supra.

551 2868 618 2923 Et
644 2868 748 2924 hoc
778 2867 1060 2923 sciendum
1094 2867 1239 2940 quod
1269 2867 1322 2923 in
1352 2866 1503 2922 nulla
1534 2864 1873 2922 solemnitate
1903 2863 2311 2934 processionem
2356 2866 2602 2936 facimus,
2637 2881 2739 2922 nec
2779 2865 2949 2922 ullum
3005 2865 3198 2920 festum
3228 2864 3315 2920 vel
3343 2864 3587 2936 vigiliam
3640 2873 3786 2922 tran-

483 2975 807 3021 smutamus.

1857 3029 2251 3085 CAPITULUM
2280 3030 2395 3084 VII.

1773 3129 1847 3183 De
1905 3124 2090 3198 ofﬁcio
2149 3126 2510 3182 Dominicali.

555 3229 606 3278 1.
640 3221 801 3277 Omni
825 3220 1062 3276 Sabbato
1092 3226 1213 3290 post
1243 3233 1442 3272 nonam
1472 3217 1526 3271 in
1555 3217 1852 3272 claustrum
1883 3218 2274 3286 convenimus;
2309 3220 2570 3275 lectiones
2592 3227 2644 3274 et
2683 3226 2878 3275 caetera
2900 3221 3205 3277 necessaria
3235 3222 3544 3279 recolimus.

549 3325 604 3377 2.
638 3320 706 3374 Et
737 3318 860 3390 quia
891 3324 1002 3373 tota
1029 3314 1372 3371 hebdomade
1401 3314 1456 3368 in
1484 3314 1640 3370 cellis
1663 3313 1935 3369 silentium
1965 3322 2232 3382 tenemus,
2281 3323 2506 3386 peccata
2554 3323 2742 3370 nostra
2789 3315 2981 3387 priori,
3032 3317 3118 3373 vel
3170 3318 3365 3390 quibus
3403 3321 3469 3374 ab
3509 3334 3575 3376 eo
3604 3320 3788 3392 injun-

481 3423 626 3472 ctum
657 3423 758 3484 est,
802 3411 1137 3470 confitemur.

552 3516 603 3567 3.
640 3511 798 3580 Quod
837 3510 882 3565 si
902 3525 1040 3565 nova
1070 3507 1422 3580 responsoria
1443 3507 1748 3564 inchoanda
1779 3516 1922 3575 sunt,
1957 3523 2214 3581 magnum
2247 3511 2657 3583 responsorium
2686 3511 2742 3565 in
2769 3512 3014 3584 vesperis
3044 3521 3348 3570 cantamus.

1831 3633 2418 3690 COMMENTARIUM.

482 3743 809 3791 statutorum
864 3733 1116 3804 exprimit
1163 3739 1371 3786 tantum
1412 3731 1556 3802 quod
1603 3731 1689 3786 hic
1733 3731 2074 3797 subauditur,
2099 3734 2158 3796 Α
2187 3733 2319 3804 tiqu.
2357 3733 2581 3801 Statut.,
2614 3749 2669 3786 n.
2705 3735 2790 3787 16.
2823 3732 2979 3788 Nunc
3009 3732 3217 3804 aliquas
3245 3737 3627 3806 processiones
3648 3736 3784 3794 faci-

477 3825 572 3879 sed
587 3824 642 3878 in
671 3823 793 3878 aliis
823 3822 960 3878 locis
975 3819 1441 3876 Consuetudinum
1460 3820 1524 3874 R.
1552 3820 1610 3876 P.
1641 3819 1909 3891 Guigonis
1933 3820 2078 3875 idem

477 3911 609 3966 satis
641 3910 978 3980 exprimitur,
997 3908 1091 3963 ubi
1112 3907 1416 3978 explicatur
1435 3907 1655 3978 quando
1686 3908 1805 3962 ovis
1837 3915 1890 3963 et
1913 3923 2076 3964 caseo

479 3999 557 4054 uti
589 3998 798 4053 licitum
827 4005 997 4053 esset.

549 4087 759 4142 Eadem
808 4103 929 4157 quae
977 4086 1032 4140 in
1074 4087 1178 4140 hoc
1225 4082 1461 4154 capitulo
1515 4084 1860 4140 continentur
1918 4085 2078 4142 etiam

477 4192 623 4232 nunc
679 4175 1070 4241 observantur,
1121 4174 1230 4228 imo
1273 4171 1517 4242 rigidius,
1571 4173 1692 4244 quia
1740 4191 1870 4229 usus
1919 4175 2079 4229 simul

477 4264 837 4321 conveniendi
863 4264 918 4318 in
937 4264 1236 4319 claustrum
1265 4261 1336 4316 ad
1368 4261 1774 4318 recordationes
1800 4263 2079 4319 faciendas

478 4353 776 4425 abrogatus
798 4360 898 4408 est.

549 4461 680 4515 CAP.
716 4460 780 4514 ν.
815 4490 884 4500 -
916 4458 1193 4530 Quidquid
1221 4459 1309 4514 hic
1337 4459 1589 4526 habetur,
1623 4458 1784 4513 etiam
1833 4458 1889 4512 in
1933 4459 2077 4513 anti-

479 4548 598 4620 quis
630 4547 847 4603 Statutis
874 4547 1164 4618 reperitur,
1195 4563 1315 4618 cap.
1348 4551 1436 4614 21,
1469 4548 1638 4618 prim.
1694 4554 1860 4617 part.,
1892 4563 1986 4602 nn.
2023 4550 2074 4612 1,

475 4641 530 4702 2,
565 4641 595 4691 3
631 4644 684 4692 et
712 4639 764 4692 4.
797 4639 1039 4708 Itemque
1083 4653 1202 4707 cap.
1252 4640 1341 4705 20,
1366 4653 1420 4690 n.
1467 4641 1490 4690 1
1524 4655 1538 4703 ;
1581 4651 1703 4706 cap.
1744 4639 1835 4703 2i,
1879 4652 1936 4690 n.
1971 4639 2076 4700 l3;

478 4740 599 4796 cap.
635 4729 722 4792 30,
755 4742 811 4780 n.
858 4730 916 4790 l;
953 4741 1075 4796 cap.
1109 4729 1160 4793 5,
1191 4741 1247 4780 n.
1281 4728 1349 4781 42
1377 4743 1390 4792 ;
1423 4740 1546 4795 cap.
1579 4727 1630 4790 4,
1665 4741 1721 4778 n.
1755 4726 1807 4778 4.

547 4814 713 4868 Num.
768 4816 820 4867 '1.
875 4815 934 4870 Si
979 4816 1152 4869 semel
1173 4813 1577 4885 prandendum
1609 4817 1712 4882 est,
1743 4815 1836 4868 sin
1885 4817 2079 4868 autem

479 4903 580 4958 bis.
614 4902 674 4956 Id
705 4909 787 4957 est
818 4902 863 4956 si
893 4902 964 4956 sit
991 4902 1109 4957 dies
1138 4919 1244 4975 qua
1293 4901 1375 4956 bis
1425 4901 1764 4966 comedatur,
1817 4908 1870 4955 et
1920 4916 2079 4956 caena

478 4991 615 5046 sicut
663 4998 716 5044 et
758 4990 1050 5061 prandium
1093 4990 1430 5046 ministretur
1457 5033 1470 5056 ,
1515 4989 1702 5060 sicque
1750 4989 1879 5044 bina
1932 4989 2077 5044 refe-

2181 3838 2320 3887 mus,
2351 3830 2460 3876 tum
2493 3837 2560 3876 ex
2582 3819 2896 3892 praescripto
2948 3822 3228 3889 Ecclesiaa,
3262 3832 3318 3878 ut
3356 3824 3411 3878 in
3441 3824 3783 3882 solemnitate

2183 3911 2442 3981 Corporis
2490 3909 2706 3974 Christi,
2767 3917 2880 3964 tum
2931 3909 3221 3981 aliquando
3251 3929 3317 3967 ex
3360 3912 3679 3981 devotione;
3731 3922 3786 3969 et

2182 4000 2284 4053 hoc
2314 3999 2492 4070 potius
2521 3999 2592 4054 ad
2619 3997 2831 4069 pietatis
2861 4007 3214 4072 augmentum
3243 4001 3494 4072 pertinet,
3518 4017 3684 4072 quam
3709 4003 3781 4058 ad

2181 4087 2452 4143 defectum
2467 4130 2479 4143 .

2253 4231 2385 4286 CAP.
2421 4232 2536 4287 VII.
2568 4262 2637 4271 —
2662 4231 2824 4286 Num.
2863 4235 2912 4286 1.
2949 4231 3115 4287 Omni
3145 4231 3378 4288 Sabbato
3393 4236 3518 4304 post
3540 4249 3777 4303 nonam,

2182 4327 2285 4375 etc.
2323 4321 2383 4373 In
2412 4320 2633 4375 Statutis
2664 4319 2918 4392 antiquis,
2953 4336 3072 4390 cap.
3111 4323 3198 4388 35,
3224 4320 3302 4375 sic
3339 4319 3536 4392 legitur
3567 4339 3580 4376 :
3613 4321 3781 4377 Omni

2181 4408 2404 4465 sabbato
2433 4414 2490 4464 et
2518 4411 2582 4464 in
2604 4409 2809 4481 vigiliis
2839 4410 3117 4479 festorum
3146 4407 3436 4466 duodecim
3470 4411 3780 4466 lectionum

2181 4498 2327 4552 etin
2355 4499 2547 4570 vigilia
2597 4499 2764 4554 Coena
2794 4498 3046 4554 Domini.
3106 4497 3254 4552 Idem
3301 4505 3480 4553 autem
3524 4497 3779 4569 exprimit

2180 4585 2320 4640 infra
2350 4586 2412 4642 R.
2447 4587 2504 4641 Ρ.
2539 4587 2740 4657 Guigo,
2765 4602 2887 4658 cap.
2920 4590 2971 4640 9.
2997 4603 3052 4640 ιι.
3097 4589 3150 4640 3.
3184 4585 3292 4640 Sed
3319 4585 3408 4642 hic
3445 4587 3514 4642 de
3542 4587 3778 4642 Sabbato

2180 4683 2385 4729 tantum
2417 4676 2748 4731 mentionem
2778 4675 2907 4732 facit
2937 4675 3006 4730 ad
3029 4674 3440 4746 exprimendum
3461 4676 3605 4747 quod
3625 4674 3780 4731 ﬁeret

2180 4763 2233 4818 in
2267 4765 2504 4820 Sabbato
2545 4764 2722 4836 primo
2771 4763 3104 4831 recordatio,
3153 4779 3219 4820 ac
3259 4763 3458 4820 deinde
3507 4763 3780 4821 confessio

2181 4852 2613 4909 sacramentalis.

2249 4978 2410 5031 Num.
2442 4982 2496 5034 2.
2532 4979 2601 5032 Et
2631 4979 2768 5050 quia
2803 4982 2923 5035 tota
2944 4977 3286 5034 hebdomada
3315 4979 3378 5034 in
3407 4978 3567 5034 cellis
3595 4979 3776 5033 silen-

476 5079 584 5134 ctio
629 5079 926 5147 habeatur;
973 5079 1117 5134 unde
1167 5079 1223 5132 in
1272 5079 1468 5134 ordine
1525 5094 1659 5132 usus
1714 5077 1958 5144 invaluit,
2020 5086 2072 5132 ut

2193 5067 2346 5131 lium,
2382 5074 2484 5121 etc.
2520 5066 2790 5132 Subaudi,
2824 5067 2929 5122 nisi
2960 5083 3090 5122 casu
3139 5066 3438 5132 advenerit,
3479 5081 3587 5138 quo
3629 5066 3777 5134 juxta

477 5167 595 5223 dies
656 5168 853 5239 quibus
907 5183 1016 5224 non
1059 5169 1336 5238 jejunatur
1365 5211 1378 5234 ,
1436 5167 1554 5223 dies
1585 5166 1728 5222 binae
1766 5166 2074 5222 refectionis

479 5265 760 5312 vocentur.

548 5347 713 5401 Num.
746 5350 797 5400 8.
832 5347 1104 5402 Dominus
1146 5347 1422 5417 regnavit,
1456 5353 1584 5413 etc.,
1636 5345 1707 5400 ad
1750 5347 2075 5400 matutinas

482 5435 694 5490 laudes.
729 5434 826 5490 Hic
856 5433 1010 5490 locus
1039 5434 1244 5490 indicat
1272 5434 1425 5488 illum
1457 5433 1605 5506 loqui
1631 5433 1700 5488 de
1731 5432 1861 5488 solis
1893 5432 2074 5487 laudi-

480 5521 602 5594 bus,
635 5523 854 5594 quando
883 5522 1010 5578 alibi
1039 5522 1125 5577 his
1153 5522 1338 5578 verbis
1366 5523 1552 5590 utitur,
1585 5537 1801 5593 nempe,
1834 5522 2077 5578 matuti-

479 5613 573 5666 nis
605 5612 864 5668 laudibus
877 5653 890 5665 .

549 5699 682 5755 CAP.
716 5699 807 5755 VI.
841 5699 992 5755 Idem
1036 5697 1272 5756 refertur
1316 5715 1435 5771 cap.
1486 5704 1509 5754 1
1565 5699 1725 5770 prim.
1778 5705 1921 5770 part.
1973 5713 2076 5754 an-

2179 5155 2423 5222 ejusdem
2454 5155 2517 5209 R.
2543 5155 2718 5209 Patris
2750 5155 3019 5227 Guigonis
3041 5155 3475 5211 Consuetudines
3506 5153 3776 5208 silentium

2176 5242 2353 5313 frangi
2383 5242 2732 5313 permittitur,
2777 5251 2834 5298 ut
2863 5243 3000 5298 infra
3037 5243 3330 5300 notabitur.
3366 5243 3516 5299 Idem
3545 5241 3779 5298 refertur

2177 5346 2304 5401 cap.
2345 5334 2429 5397 11,
2465 5347 2502 5384 ιι
2531 5339 2668 5401 part.
2702 5331 2868 5403 antiq.
2905 5331 3097 5387 Statut.

2250 5436 2387 5490 Ibid.
2421 5437 2611 5493 Priori
2638 5438 2725 5492 vel
2746 5437 2944 5508 quibus
2974 5438 3041 5493 ab
3073 5455 3134 5494 eo
3162 5439 3491 5509 injunetum
3521 5440 3626 5493 est.
3647 5435 3779 5492 Inde

2178 5533 2328 5595 patet
2365 5526 2513 5596 quod
2551 5533 2679 5582 tunc
2725 5526 2989 5596 temporis
3036 5527 3438 5598 deputabuntur
3466 5524 3683 5597 quidam
3711 5523 3779 5578 ad

2180 5613 2553 5668 confessiones
2583 5614 2918 5681 audiendas,
2952 5622 3113 5686 prout
3158 5631 3302 5670 nunc
3347 5616 3424 5680 fit,
3459 5621 3511 5669 et
3553 5613 3779 5669 libertas

2181 5697 2414 5753 dabatur
2439 5697 2845 5768 paenitentibus,
2882 5715 3044 5770 quem
3072 5699 3272 5757 vellent
3300 5697 3560 5772 eligendi.
