3928 6410
194 336 298 392 669
1547 335 1801 392 CONSUI

1907 335 2150 391 lDINES.
3403 339 3507 390 650

267 461 320 513 II.
353 460 664 527 Dominica,
712 469 835 532 post
885 460 1136 532 primam,
1184 460 1483 532 capitulum
1527 468 1796 515 tenemus.
1848 459 1979 514 Inde
2026 458 2280 514 fratribus
2321 458 2387 512 ad
2431 457 2599 512 cellas
2639 457 3010 524 redeuntibus,
3055 457 3102 512 si
3130 457 3296 513 missa
3321 473 3389 514 ea
3417 459 3507 516 die

191 555 465 610 cantanda
493 564 599 624 est,
633 557 689 612 id
720 565 800 612 est
830 557 876 611 si
908 557 1161 612 sacerdos
1189 557 1275 612 vel
1324 557 1638 612 sacerdotes
1687 555 1997 611 rationabili
2048 571 2155 610 non
2194 554 2556 624 impediantur
2594 555 2662 609 de
2693 570 2875 620 causa,
2932 555 3113 609 statim
3144 555 3361 626 signum
3394 555 3510 626 pul-

174 640 392 717 satur;
427 652 565 708 alias
614 654 758 707 enim
804 669 1089 726 usquequo
1130 654 1296 708 tertia
1346 653 1415 708 sit
1461 653 1693 709 dicenda
1743 652 1988 708 differtur
2023 669 2034 708 :
2070 652 2216 725 quod
2247 652 2500 723 spatium,
2538 660 2798 723 quantum
2831 651 3115 707 infirmitas
3142 653 3511 709 necessitasve

192 747 477 817 permittit,
511 750 882 821 spiritualibus
907 750 1244 822 profectibus
1273 751 1604 805 attribuitur.

273 850 326 901 5.
361 848 492 903 Post
523 849 640 904 hzec
671 847 950 913 sacerdos,
984 855 1229 918 tempore
1278 863 1525 919 congruo
1574 847 1643 901 ad
1674 847 1962 902 ecclesiam
1993 863 2268 914 reversus,
2301 846 2562 915 induitur,
2597 845 2864 919 signoque
2896 849 3052 903 tertia
3081 848 3179 920 [αι.
3213 848 3389 921 terna]
3421 849 3509 905 in-

193 947 402 1004 cisione
432 946 666 1016 pulsato,
698 945 1059 1017 praesentibus
1090 945 1297 1001 cunctis
1326 960 1466 1016 aqua
1498 952 1766 1000 sacratur.
1799 942 1971 1012 Quam
2002 944 2261 1000 sacerdos
2293 944 2624 1015 Spargendo,
2657 944 2821 999 altare
2843 945 3151 1013 circuiens;
3184 955 3310 1002 ante
3327 947 3508 1018 ipsum

195 1045 361 1099 altare
392 1041 701 1108 monachis,
733 1043 804 1096 ad
831 1042 1030 1097 ostium
1060 1041 1214 1097 chori
1263 1041 1413 1096 laicis
1443 1040 1730 1112 dispergit,
1765 1041 2087 1096 canentibus
2119 1040 2329 1096 caeteris
2358 1041 2730 1110 antiphonam,
2763 1041 3033 1112 Asperges
3059 1058 3150 1098 me
3175 1062 3193 1110 ;
3224 1059 3507 1099 reversus-

196 1157 299 1212 que
329 1140 402 1195 ad
433 1139 718 1194 lectorium
749 1137 896 1192 addit
923 1153 1167 1208 precem,
1202 1137 1442 1194 Ostende
1471 1137 1648 1206 nobis,
1679 1138 1933 1202 Domine,
1981 1138 2430 1194 misericordiam
2473 1142 2654 1204 tuam,
2689 1138 2889 1193 deinde
2918 1141 3192 1195 Dominus
3223 1141 3505 1198 vobiscum

193 1246 242 1294 et
271 1236 578 1293 orationem
607 1237 764 1301 hanc,
799 1235 1024 1291 Exaudi
1039 1252 1161 1304 nos,
1186 1235 1440 1299 Domine,
1474 1237 1668 1290 saucte
1699 1236 1892 1290 Pater.
1927 1235 2074 1302 Post,
2108 1233 2326 1289 tertiam
2355 1233 2594 1300 inchoat,
2629 1249 2793 1306 quam
2825 1235 3072 1306 sequitur
3096 1236 3283 1292 missa.

261 1339 312 1390 6.
354 1335 552 1391 Gloria
581 1335 644 1389 in
673 1333 882 1388 excisis
910 1333 1020 1387 Deo
1047 1332 1104 1386 in
1131 1331 1384 1387 omnibus
1412 1330 1864 1398 solemnitatibus,
1897 1336 2100 1402 praeter
2131 1329 2438 1384 Adventum
2463 1338 2516 1384 et
2548 1330 3041 1400 Septuagesimum,
3075 1341 3376 1400 cantamus,

255 1433 307 1486 7.
346 1429 524 1485 Credo
555 1430 619 1484 in
653 1445 835 1484 unum
878 1431 1055 1484 Deum
1085 1436 1193 1482 tam
1223 1427 1279 1481 in
1309 1426 1607 1482 Dominicis
1636 1427 1827 1482 diebus
1860 1410 2020 1497 quam
2050 1425 2103 1478 in
2135 1426 2370 1493 caeteris,
2407 1426 2649 1498 exceptis
2687 1426 3068 1484 confessorum
3109 1438 3162 1485 et
3194 1440 3496 1503 martyrum

195 1527 605 1594 festivitatibus,
638 1535 692 1582 et
719 1526 891 1580 tribus
922 1525 1117 1580 diebus
1146 1525 1368 1579 Pascha:
1401 1532 1454 1579 et
1484 1525 1857 1594 Pentecostes,
1888 1522 2146 1579 dicimus.

261 1629 312 1680 8.
345 1627 481 1680 Post
511 1625 736 1679 missam
785 1623 856 1678 ad
900 1622 1069 1678 cellas
1113 1637 1324 1712 aquam,
1358 1629 1604 1676 sanctam
1643 1621 1898 1690 ferentes,
1930 1637 2158 1692 parvum
2188 1620 2418 1677 facimus
2447 1621 2830 1691 intervallum;
2862 1623 3059 1680 deinde
3090 1625 3249 1698 signo
3280 1627 3494 1697 pulsato

197 1723 260 1777 ad
288 1720 591 1777 ecclesiam
634 1720 926 1775 redeuntes
970 1727 1177 1774 sextam
1207 1725 1522 1785 cantamus;
1555 1725 1608 1772 et
1637 1718 1715 1772 sic
1744 1717 1799 1771 in
1829 1717 2175 1773 refectorium
2217 1720 2517 1788 pergimus,
2549 1720 2851 1774 animarum
2881 1722 3090 1792 pariter
3118 1732 3172 1778 et
3203 1739 3496 1795 corporum

200 1837 374 1876 escam
407 1817 703 1889 sumpturi.
737 1819 1009 1873 Exeuntes
1049 1825 1230 1870 autem
1259 1815 1328 1870 de
1359 1814 1648 1870 refectorio
1678 1831 1711 1868 a
1740 1815 2002 1870 Kalendis
2043 1817 2370 1871 Novembris
2400 1833 2571 1888 usque
2602 1817 2671 1871 ad
2705 1817 3136 1874 Purificationem
3169 1822 3348 1876 Beatze
3378 1823 3497 1876 Ma-

201 1919 284 1972 ria:
313 1917 498 1972 statim
550 1931 752 1970 nonam
791 1921 1092 1980 cantamus,
1129 1929 1193 1967 ex
1224 1928 1332 1984 quo
1359 1911 1447 1967 die
1475 1927 1648 1983 usque
1679 1913 1748 1966 ad
1787 1913 2019 1978 Pascha,
2054 1913 2288 1983 spatium
2320 1914 2466 1984 quod
2495 1913 2590 1980 ibi,
2625 1913 2679 1968 id
2709 1922 2790 1968 est
2820 1915 2960 1969 inter
2987 1917 3277 1985 prandium
3309 1925 3361 1972 et
3391 1933 3496 1972 no-

201 2031 339 2084 nam,
366 2014 625 2078 facimus,
655 2011 873 2068 lectioni
903 2010 990 2066 vel
1020 2008 1294 2080 aliquibus
1333 2008 1530 2063 talibus
1560 2009 1830 2065 exercitiis
1857 2009 2170 2080 deputatur.
2204 2009 2416 2065 Exinde
2444 2017 2557 2065 tota
2585 2017 2792 2077 aestate,
2827 2027 2926 2082 pro
2955 2011 3168 2068 dierum
3199 2015 3502 2085 quantitate

202 2127 333 2167 nunc
363 2109 612 2175 brevius,
643 2123 787 2164 nunc
815 2106 1031 2178 longius
1060 2105 1224 2177 quieti
1253 2105 1434 2160 datur.

1588 2203 2158 2260 COMMENTARIUS.

267 2332 428 2386 Num.
464 2331 521 2385 4.
557 2329 616 2385 Si
645 2328 820 2384 missa
867 2343 931 2383 ea
965 2325 1054 2383 die
1093 2326 1382 2382 cantanda
1422 2331 1523 2393 est,
1559 2333 1661 2382 etc.
1696 2326 1795 2382 IIic
1823 2331 1874 2390 A
1903 2335 1959 2382 ut
2007 2327 2351 2383 observantia
2402 2327 2688 2400 regularis,
2733 2335 2785 2383 et
2833 2328 2910 2385 sic
2952 2329 3158 2398 stricte,
3209 2340 3266 2387 ut
3295 2334 3364 2390 de
3393 2334 3497 2392 hac

204 2419 344 2474 locus
374 2419 648 2474 obscurus
678 2422 920 2486 apparet.
955 2417 1021 2470 At
1051 2414 1126 2468 ibi
1156 2415 1224 2470 de
1257 2414 1423 2468 missa
1453 2414 1798 2470 conventuali

209 2523 307 2563 non
336 2507 544 2579 agitur,
578 2505 677 2560 sed
706 2505 775 2558 de
806 2503 973 2557 missa
1001 2503 1232 2573 privata,
1266 2520 1386 2575 quae
1416 2503 1509 2556 illa
1537 2502 1624 2558 die
1656 2503 1799 2557 ultra

210 2596 463 2664 majorem
513 2593 631 2649 sive
677 2591 1092 2648 conventualem
1123 2591 1390 2646 celebrari
1419 2599 1797 2660 consueverat,

215 2685 347 2755 quod
378 2683 517 2737 satis
548 2681 814 2752 probatur
844 2696 941 2750 per
969 2679 1140 2734 verba
1162 2679 1448 2750 sequentia
1481 2693 1493 2732 :
1527 2680 1658 2734 Post
1683 2680 1798 2734 haec

209 2773 452 2828 sacerdos
484 2775 737 2842 tempore
758 2784 1021 2839 congruo.
1054 2769 1134 2822 Ex
1166 2767 1360 2838 quibus
1383 2775 1530 2837 patet
1553 2765 1798 2836 superius

209 2861 341 2915 dicta
370 2875 496 2915 esse
535 2857 756 2913 omnino
794 2856 1014 2912 diversa
1045 2871 1077 2910 a
1099 2855 1268 2909 missa
1302 2854 1664 2920 conventuali,
1699 2869 1798 2909 cu-

205 2949 286 3016 jus
311 2945 611 3003 celebratio
651 2953 704 3000 et
743 2945 938 3000 modus
967 2959 1090 2999 eam
1121 2942 1438 2999 celebrandi
1469 2959 1683 2999 necnon
1712 2941 1799 2996 of-

209 3035 321 3092 ﬁcia
349 3044 471 3108 post
499 3035 728 3090 missam
758 3032 1009 3098 dicenda,
1044 3032 1149 3086 ﬁxe
1178 3032 1539 3104 designantur
1573 3047 1585 3086 :
1618 3029 1716 3085 sed
1745 3030 1800 3084 id

213 3125 435 3195 amplius
483 3123 749 3195 probatur
789 3138 854 3176 ex
885 3138 939 3175 n.
973 3123 1023 3186 4,
1058 3136 1179 3191 cap.
1215 3126 1266 3186 8,
1302 3120 1392 3174 ubi
1423 3120 1622 3175 dicitur
1657 3134 1668 3172 :
1699 3120 1799 3175 Se-

211 3213 447 3268 cundam
489 3213 725 3267 missam
747 3213 875 3282 post
903 3210 1229 3264 matutinas
1263 3209 1455 3264 laudes
1488 3209 1800 3279 incipiente

226 3303 360 3368 luce,
377 3304 531 3358 sicut
543 3300 670 3368 ﬁeri
679 3299 818 3356 solet
835 3301 894 3354 in
922 3299 1230 3354 Dominicis
1247 3297 1455 3364 diebus,
1473 3301 1795 3352 cantamus.

277 3390 410 3444 Ibid.
435 3390 486 3443 4.
524 3387 674 3456 Quod
691 3389 964 3458 spatium,
987 3389 1266 3458 quantum
1287 3386 1598 3453 inﬁrmitas
1614 3400 1804 3439 neces-

212 3479 408 3534 s‘ilasve
435 3477 751 3550 permittit,
788 3475 1184 3547 spiritualibus
1219 3474 1636 3545 profectibus...
1668 3473 1800 3526 Inde

210 3566 384 3637 incipit
407 3581 706 3637 apparere,
726 3564 869 3635 quod
890 3563 1105 3634 plenius
1125 3579 1188 3617 ex
1212 3563 1564 3633 sequentibus
1575 3561 1796 3632 patebit,

209 3655 403 3724 primos
461 3653 639 3709 nostri
703 3651 964 3723 propositi
1029 3651 1366 3706 institutores
1415 3650 1798 3705 discretionem

212 3759 421 3813 semper
449 3742 504 3796 in
561 3740 736 3812 pretio
783 3739 1061 3808 habuisse,
1111 3739 1275 3794 veluti
1305 3738 1561 3793 solitaria:
1590 3738 1714 3794 vitae
1744 3737 1799 3790 in

210 3831 388 3900 primis
428 3829 825 3895 necessariam,
861 3828 1048 3899 sicque
1079 3828 1148 3881 ab
1199 3827 1451 3881 omnibus
1481 3827 1799 3882 excessibus

210 3927 260 3972 et
286 3917 715 3974 extremitatibus
763 3917 868 3971 sibi
915 3931 981 3971 ac
1011 3915 1424 3971 successoribus
1469 3915 1580 3969 suis
1607 3930 1799 3969 cavere

217 4007 465 4073 voluisse,
500 4015 559 4060 ut
590 4005 768 4060 omnia
799 4005 1003 4060 viribus
1038 4004 1291 4059 humanis
1330 4003 1519 4076 gratiae
1563 4003 1800 4060 Caelestis

213 4096 403 4166 auxilio
449 4094 670 4162 adjutis,
716 4101 768 4148 et
813 4093 998 4147 habita
1040 4108 1400 4163 personarum
1434 4091 1706 4163 qualitate,
1743 4098 1800 4144 ut

211 4183 400 4253 saepius
447 4183 742 4248 insinuant,
789 4188 973 4236 essent
1010 4181 1441 4236 accommodata.
1465 4179 1801 4234 Infirmitatis

215 4287 341 4343 ergo
381 4279 475 4326 aut
537 4269 878 4326 necessitatis
934 4285 1220 4337 mensura},
1279 4284 1593 4323 mensuram
1637 4270 1800 4323 etiam

215 4359 591 4416 exercitiorum
624 4357 984 4428 spiritualium
1013 4357 1199 4412 volunt
1227 4356 1494 4427 adaptari.

277 4449 434 4503 Num.
477 4451 531 4502 8.
566 4451 858 4503 Exeuntes
879 4449 1073 4502 autem
1093 4446 1160 4501 de
1191 4446 1558 4516 refectorio...
1596 4445 1802 4499 statim

213 4552 436 4602 nonani,
470 4543 574 4592 etc.
609 4535 670 4589 Id
699 4541 904 4589 tantum
937 4551 1080 4589 nunc
1101 4534 1458 4588 observamus
1478 4531 1672 4587 diebus
1693 4547 1802 4586 non

214 4623 356 4678 festis
385 4624 525 4678 intra
568 4622 804 4678 Octavas
849 4622 1158 4677 Nativitatis
1188 4621 1408 4676 Christi.
1443 4620 1668 4675 Cmteris
1699 4636 1801 4674 au-

214 4719 314 4766 tem
357 4712 508 4768 festis
550 4711 692 4766 intra
728 4711 869 4766 idem
921 4719 1134 4781 tempus
1183 4709 1597 4764 occurrentibus
1655 4708 1802 4762 idem

215 4799 553 4855 intervallum
584 4798 832 4869 facimus,
866 4799 1010 4870 quod
1048 4806 1242 4870 postea
1286 4799 1350 4853 R.
1396 4799 1454 4852 P.
1491 4796 1671 4869 Guigo
1702 4812 1802 4851 ex-

215 4887 410 4956 primit.
448 4889 537 4943 Ea:
565 4904 690 4960 quo,
735 4896 836 4942 etc.

286 4976 422 5031 Ibid.
451 4976 674 5031 Exinde
707 4979 825 5031 tota
854 4979 1070 5040 testate,
1103 4990 1205 5046 pro
1227 4974 1450 5029 dierum
1479 4974 1801 5046 quantitate

1900 2433 1960 2471 re
1980 2416 2208 2487 loquens
2231 2417 2300 2471 R.
2333 2415 2396 2469 P.
2424 2415 2604 2487 Guigo
2617 2432 2738 2486 cap.
2754 2421 2842 2482 29,
2864 2433 2918 2471 n.
2942 2418 3154 2474 5.dicat
3173 2421 3319 2477 :Non
3337 2425 3494 2478 enim

1898 2520 2197 2560 monemur
2217 2504 2420 2568 solum,
2444 2505 2538 2558 sed
2576 2505 2914 2574 etjubemur
2948 2507 3102 2562 horis
3135 2508 3208 2562 ad
3245 2511 3495 2582 quietem

1901 2592 2208 2664 deputatis,
2235 2591 2567 2646 dormitioni
2589 2609 2857 2669 magnum
2880 2594 3200 2666 impendere
3217 2599 3494 2656 studium.

1900 2680 2054 2736 Unde
2101 2687 2250 2750 patet
2289 2695 2492 2751 magna
2539 2680 2756 2734 Patrum
2806 2681 3081 2750 discretio,
3115 2684 3206 2754 qui
3236 2685 3496 2742 nolebant

1901 2766 2105 2838 aliquid
2135 2783 2236 2839 per
2268 2767 2544 2837 prepriam
2575 2767 2905 2823 voluntatem
2935 2770 3149 2826 detrahi
3166 2788 3232 2827 ex
3257 2773 3342 2828 his
3374 2791 3496 2846 quas

1899 2855 1967 2910 ad
1996 2856 2142 2910 vires
2173 2863 2282 2910 tum
2314 2855 2562 2925 corporis
2613 2864 2722 2910 tum
2751 2857 2915 2912 animi
2953 2861 3360 2917 censervandas
3391 2879 3495 2919 ne-

1899 2943 2142 2999 cessaria
2171 2961 2294 2998 esse
2325 2944 2594 2998 sciebant.

1972 3032 2126 3086 Circa
2156 3032 2290 3086 illud
2320 3032 2539 3104 longius
2568 3032 2654 3087 vel
2685 3033 2904 3089 brevius
2923 3035 3154 3105 spatium
3177 3037 3490 3094 dormitioni

1900 3120 2342 3190 impendendum,
2403 3120 2605 3191 aliquid
2651 3122 2844 3192 procul
2893 3123 3058 3178 dubio
3117 3127 3494 3198 prtescriptum

1901 3217 2037 3274 erat,
2072 3224 2178 3279 quo
2227 3221 2418 3264 omnes
2457 3216 2681 3279 possent
2724 3226 2783 3264 se
2820 3211 3160 3268 uniformiter
3207 3215 3487 3272 ordinare.

1901 3299 1968 3351 At
1998 3296 2129 3350 nihil
2159 3296 2228 3352 de
2259 3297 2362 3352 hac
2392 3313 2453 3352 re
2482 3297 2742 3367 scriptum
2772 3300 3097 3369 reperimus,
3145 3310 3199 3356 et
3227 3303 3352 3358 ideo
3382 3312 3498 3360 tra-

1903 3384 2091 3439 ditioni
2140 3385 2382 3440 relictum
2433 3384 2600 3439 fuisse
2645 3393 2916 3455 putamus,
2963 3389 3109 3459 quod
3138 3390 3191 3444 in
3219 3391 3498 3464 plerisque

1903 3473 2063 3527 etiam
2093 3473 2212 3526 aliis
2242 3473 2492 3528 evenisse
2521 3473 2880 3529 indubitatum
2901 3483 3004 3529 est.
3029 3477 3134 3532 Pro
3155 3480 3406 3549 exemplo
3429 3481 3499 3536 sit

1904 3560 2232 3616 abstinentia
2259 3577 2290 3614 a
2319 3561 2596 3627 carnibus,
2622 3561 2783 3616 etiam
2801 3562 2856 3615 in
2876 3564 3106 3632 morbis,
3127 3566 3194 3621 de
3218 3582 3325 3637 qua
3346 3568 3499 3623 nulla

1823 3682 1874 3742 B
1906 3648 1966 3703 fit
1993 3649 2196 3704 mentio
2226 3649 2370 3719 apud
2401 3649 2466 3704 R.
2500 3651 2713 3704 Patrem
2747 3649 3073 3723 Guigonem.
3099 3654 3269 3708 Porro
3290 3655 3498 3711 dormi-

1903 3737 1978 3792 tio
2006 3737 2099 3792 illa
2127 3737 2318 3792 diurna
2348 3752 2447 3806 per
2477 3745 2678 3791 statuta
2707 3738 2970 3805 ordinata,
2996 3739 3315 3808 jamdudum
3353 3743 3501 3814 apud

1899 3841 2000 3880 nos
2031 3825 2130 3879 fuit
2177 3825 2438 3896 abrogata
2487 3841 2552 3880 eo
2599 3834 2844 3896 tempore
2875 3843 2982 3898 quo
3013 3828 3324 3900 vigiliarum
3355 3831 3495 3887 ordo

1898 3921 2136 3968 mutatus
2166 3920 2268 3979 est,
2303 3921 2360 3967 ut
2377 3928 2477 3968 suo
2493 3913 2705 3968 dicetur
2725 3914 2847 3970 loco
2882 3932 2896 3969 :
2926 3915 3019 3970 illa
3039 3917 3309 3988 siquidem
3326 3927 3490 3976 testa-

1899 4002 1968 4056 tis
1997 4009 2243 4072 tempore
2273 4001 2693 4066 concedebatur,
2738 4011 2797 4056 ut
2833 4003 3178 4073 suppleretur
3208 4008 3354 4077 quod
3383 4008 3484 4063 mi-

1900 4107 2001 4145 nus
2031 4090 2188 4160 spatii
2229 4089 2565 4162 assignatum
2606 4097 2720 4145 erat
2768 4090 2838 4145 ad
2886 4092 3265 4148 dormiendum
3308 4105 3490 4164 nocte,

1900 4187 2123 4249 prOpter
2143 4179 2380 4232 noctium
2398 4177 2884 4233 abbreviationem.
2911 4179 3051 4235 Nam
3065 4190 3189 4251 post
3204 4185 3493 4240 matutinas

1898 4267 1966 4320 ad
1997 4267 2196 4322 lectum
2246 4266 2394 4320 nullo
2439 4265 2686 4320 redibant
2732 4275 3007 4337 tempore;
3043 4277 3095 4323 et
3139 4270 3274 4326 sicut
3304 4280 3495 4328 noctes

1899 4354 2103 4409 sensim
2131 4361 2383 4409 crescunt
2429 4361 2482 4408 et
2511 4354 2856 4421 decrescunt,
2907 4355 2987 4410 sic
3019 4357 3250 4427 spatium
3279 4359 3494 4415 dormi-

1901 4442 2061 4498 tionis
2090 4441 2299 4497 diurnae
2345 4440 2565 4496 brevius
2614 4441 2701 4497 vel
2745 4441 2963 4514 longius
3004 4445 3242 4500 noctium
3270 4462 3494 4502 cursum

1901 4530 2252 4602 sequebatur,
2286 4537 2344 4584 ut
2387 4538 2599 4601 tempus
2645 4530 2713 4584 ad
2759 4530 3141 4588 dormiendum
3183 4541 3294 4588 tam
3331 4544 3493 4592 nocte

1901 4636 2062 4690 quam
2079 4619 2167 4674 die
2187 4617 2514 4673 destinatum
2536 4627 2681 4673 esset
2699 4619 2930 4689 aequale,
2948 4628 2999 4674 et
3019 4620 3074 4674 in
3095 4621 3236 4678 idem
3261 4624 3494 4693 spatium

1901 4708 2015 4762 fere
2045 4706 2364 4762 collimaret.
2399 4706 2588 4761 Hieme
2632 4713 2811 4761 autem
2849 4723 2916 4763 ea
2957 4707 3329 4766 vicissitudine
3358 4712 3495 4767 dor-

1902 4795 2141 4850 mitionis
2189 4793 2399 4849 diurna:
2444 4810 2584 4865 opus
2624 4811 2732 4849 non
2759 4803 2892 4863 erat,
2926 4812 3049 4851 cum
3077 4812 3149 4852 ex
3179 4798 3359 4871 longis
3389 4815 3493 4856 no-

1902 4883 2079 4939 ctibus
2128 4883 2358 4953 spatium
2406 4895 2550 4938 esset
2577 4883 2647 4938 ad
2677 4883 3007 4939 sufﬁcienter
3034 4885 3414 4942 dormiendum
3443 4897 3499 4944 et
3597 4907 3602 4914 '

1904 4972 2110 5042 absque
2140 4971 2407 5026 divisione
2437 4971 2632 5037 somni,
2665 4980 2828 5042 prout
2857 4973 2982 5029 illos
3012 4980 3141 5031 tunc
3171 4974 3498 5034 observasse

222 5078 366 5118 nunc
387 5065 627 5129 brevius,
652 5079 807 5117 nunc
832 5037 1239 5134 longius'quieti
1259 5063 1449 5116 datur.
1470 5037 1508 5114 Ᾰ
1546 5058 1806 5115 Purifica-
1827 5037 1874 5096 Ο
1906 5077 1972 5116 ex
2002 5037 2144 5113 infra
2172 5058 2417 5114 dicendis
2449 5037 2754 5130 apparebit.

222 5150 358 5205 tione
387 5167 560 5222 usque
587 5151 658 5205 ad
691 5152 914 5217 Pascha,
969 5150 1200 5220 spatium
1245 5149 1388 5204 inter
1434 5149 1723 5219 prandium
1755 5155 1808 5202 et

222 5253 411 5292 nonam
441 5240 563 5292 dari
591 5239 926 5309 perhibetur,
977 5247 1029 5293 et
1060 5239 1146 5294 cui
1195 5237 1543 5307 occupationi
1574 5236 1807 5306 spatium

222 5324 344 5380 illud
394 5327 714 5395 destinetur,
776 5327 1138 5397 exprimitur:
1173 5334 1226 5380 et
1280 5334 1473 5396 postea
1530 5324 1807 5390 subditur,

223 5414 434 5469 Exinde
465 5419 584 5470 tota
610 5418 830 5480 testate,
863 5424 991 5482 etc.,
1023 5415 1079 5468 id
1107 5422 1190 5469 est
1221 5430 1253 5468 a
1285 5415 1494 5468 Pascha
1543 5428 1716 5484 usque
1746 5411 1813 5465 ad

1978 5149 2140 5202 Num.
2178 5153 2229 5202 9.
2263 5150 2396 5204 Post
2423 5165 2701 5204 nonam...
2736 5148 2800 5203 de
2820 5149 3056 5205 utilibus
3079 5151 3344 5207 locuturi.
3372 5153 3504 5210 Inde

1911 5235 2136 5292 evidens
2167 5243 2247 5290 est
2279 5235 2496 5289 illorum
2538 5235 2810 5290 silentium
2839 5254 2950 5292 non
2969 5237 3136 5293 fuisse
3157 5249 3501 5310 perpetuum,

1911 5332 1965 5378 et
1995 5340 2153 5378 usum
2183 5323 2582 5393 colloquiorum
2613 5324 2682 5378 ab
2711 5324 2881 5390 initio,
2913 5325 2968 5380 in
2997 5326 3186 5380 ordine
3210 5327 3376 5383 fuisse
3396 5330 3508 5383 usi-

1915 5419 2101 5479 tatum,
2136 5411 2321 5482 sicque
2367 5420 2578 5482 tempus
2627 5411 2884 5483 loquendi
2924 5421 2977 5467 et
3026 5421 3239 5484 tempus
3291 5417 3508 5472 tacendi

226 5501 490 5556 Kalendas
512 5502 786 5568 Octobris,
819 5510 876 5557 ut
907 5519 973 5558 ex
1019 5519 1140 5573 cap.
1206 5505 1274 5558 29
1321 5501 1616 5573 colligitur,
1675 5499 1818 5554 inter
1917 5499 2083 5553 fuisse
2113 5514 2329 5568 semper
2377 5499 2521 5568 apud
2551 5514 2651 5554 nos
2681 5500 3052 5554 observatum.
3085 5501 3199 5556 Imo
3229 5510 3356 5558 tunc
3386 5503 3510 5558 lici-

227 5590 506 5658 prandium
571 5599 624 5646 et
680 5606 878 5646 nonam
943 5591 1200 5646 dormitio
1262 5589 1460 5645 diurna
1509 5589 1815 5644 ordinatur.

1920 5595 2030 5640 tum
2061 5586 2168 5640 illis
2198 5594 2334 5651 erat,
2368 5586 2514 5657 quod
2539 5602 2683 5642 nunc
2714 5602 2822 5641 non
2850 5586 2995 5654 licet,
3029 5603 3226 5659 nempe
3255 5604 3286 5644 a
3315 5591 3511 5661 coqui-

227 5676 351 5733 Ilaec
421 5678 676 5734 dormitio
705 5694 740 5734 a
770 5679 969 5735 nostris
999 5678 1260 5751 religiose
1335 5677 1656 5735 servabatur
1708 5673 1824 5732 vel-
1924 5673 2078 5731 nario
2105 5673 2261 5745 plura
2291 5681 2478 5745 petere
2509 5680 2562 5729 et
2591 5674 2862 5745 accipere.

436 5775 676 5833 PA'raoa.
707 5775 888 5834 CLIII.

3236 5774 3297 5827 2i
