3928 6438
491 281 586 332 551
1329 271 1671 328 GUIGONIS
1713 272 1731 324 l
1771 269 2179 325 CARTIIUSIE
2219 267 2513 322 MAIORIS
2551 265 2826 322 PRIORIS
2864 266 2934 320 V.
3683 264 3796 319 652

561 405 613 454 9.
647 400 775 454 Post
815 412 1017 453 nonam
1045 396 1100 450 in
1149 395 1448 451 claustrum
1479 393 1856 458 convenimus,
1907 392 1974 446 de
2003 391 2225 446 utilibus
2257 388 2515 445 locuturi.
2556 391 2615 444 In
2662 391 2767 445 hoc
2797 388 2972 459 spatio
3000 387 3324 451 incaustum,
3355 400 3790 456 pergamenum,

485 513 712 569 pennas,
742 502 959 561 cretam,
991 493 1160 547 libros
1191 509 1288 546 seu
1317 491 1580 563 legendos
1611 506 1708 544 seu
1737 489 2177 545 transcribendos
2208 503 2240 542 a
2269 488 2526 555 sacrista;
2557 505 2587 542 a
2613 487 2931 560 coquinario
2961 501 3092 542 vero
3121 484 3418 556 legumina,
3453 483 3534 539 sal
3569 492 3622 540 et
3663 499 3780 539 cae-

487 601 603 648 tera
631 591 938 660 hujusmodi
967 589 1244 662 poscimus
1275 599 1326 644 et
1355 588 1670 659 accipimus.

557 695 642 746 10.
676 691 804 745 Post
833 704 1037 744 caenam
1067 685 1309 758 singulas
1338 693 1506 740 tortas
1537 691 1796 754 tanquam
1825 679 2022 737 Christi
2049 677 2284 734 mendici
2313 677 2662 749 accipientes,
2689 676 2856 734 cellas
2886 675 3202 748 repetimus.

555 792 642 842 11.
675 788 734 840 In
767 785 1018 841 omnibus
1045 792 1224 838 autem
1255 782 1521 837 similibus
1553 780 1707 836 festis
1737 795 1875 850 pene
1905 775 2152 832 similiter
2181 775 2439 830 facimus.

549 888 635 940 12.
669 882 966 938 Dominicis
1011 888 1190 936 autem
1241 896 1360 950 quae
1415 885 1539 932 sunt
1581 876 1720 930 infra
1759 884 1981 929 octavas
2026 871 2253 936 Natalis,
2287 871 2674 941 Apparitionis,
2707 869 3129 927 Ascensionisve
3159 869 3396 937 Domini,
3429 868 3778 939 antiphonas,

483 980 854 1054 responsoria,
888 993 1084 1032 versus
1114 985 1166 1031 et
1191 983 1314 1030 octo
1344 975 1552 1045 priores
1581 972 1844 1028 lectiones
1874 971 1942 1024 de
1972 968 2106 1041 ipsis
2139 967 2573 1023 solemnitatibus
2600 968 2849 1035 dicimus,
2883 977 3116 1040 quatuor
3143 967 3472 1039 posteriores
3502 966 3569 1020 de
3600 965 3782 1020 homi-

482 1082 569 1136 liis
591 1075 1003 1134 Dominicalium
1034 1073 1443 1144 evangeliorum
1472 1089 1484 1124 :
1519 1068 1878 1141 Evangelium
1909 1081 2127 1138 quoque
2158 1065 2336 1134 ipsum
2362 1070 2485 1132 post
2521 1064 2587 1118 Te
2617 1063 2793 1116 Deum
2825 1063 3141 1128 laudamus,
3174 1071 3227 1117 et
3255 1061 3563 1131 antiphonae
3589 1058 3656 1113 ad
3678 1059 3785 1113 Be-

482 1178 746 1234 nedictus
784 1178 840 1229 et
871 1171 1212 1243 Magniﬁcat,
1247 1177 1298 1224 et
1328 1168 1501 1224 oratio
1548 1175 1600 1221 et
1630 1165 1815 1230 missa,
1868 1159 2224 1218 Dominicalia
2255 1167 2379 1213 sunt
2407 1173 2419 1212 :
2457 1157 2555 1211 sed
2577 1165 2765 1228 postea
2795 1155 2852 1211 fit
2881 1155 3326 1213 commemoratio
3355 1157 3422 1210 de
3451 1154 3776 1210 solemnita-

479 1275 646 1330 tibus.
681 1270 936 1326 Similiter
963 1268 1146 1338 agitur
1175 1265 1458 1321 Dominica
1487 1280 1607 1335 quae
1636 1263 1778 1316 inter
1807 1267 2030 1316 octavas
2050 1256 2260 1312 Natalis
2291 1253 2508 1309 Domini
2531 1253 2939 1324 Apparitionem
2971 1262 3043 1320 et,
3068 1254 3172 1309 nisi
3193 1253 3338 1325 quod
3373 1252 3587 1324 priores
3608 1250 3776 1306 etiam

482 1379 604 1426 octo
630 1367 892 1424 lectiones
922 1361 1310 1428 Dominicales,
1343 1361 1399 1416 id
1430 1367 1514 1415 est
1541 1359 1609 1414 de
1638 1355 1901 1429 Epistolis
1931 1353 2077 1409 beati
2105 1351 2259 1407 Pauli
2289 1349 2540 1421 legimus,
2577 1357 2630 1405 et
2659 1351 3229 1406 commemorationem
3258 1349 3327 1404 de
3365 1347 3642 1404 nativitate
3661 1360 3778 1402 non

483 1465 735 1523 facimus.

554 1567 641 1617 l3.
673 1562 755 1617 De
784 1565 974 1615 sancto
996 1555 1270 1628 Sylvestro
1300 1549 1746 1609 commemoratio
1775 1555 1983 1604 tantum
2011 1545 2108 1612 ﬁt;
2140 1559 2332 1600 verum
2359 1542 2429 1598 de
2456 1543 2541 1597 his
2574 1559 2694 1614 quae
2723 1543 2951 1614 quadam
2982 1542 3200 1615 speciali
3220 1541 3482 1616 dignitate
3503 1537 3776 1596 solemnia

484 1659 841 1723 celebramus,
875 1651 1187 1726 specialiter
1217 1665 1432 1721 quoque
1462 1646 1750 1702 dicendum
1782 1652 2047 1715 putamus.

1811 1736 2326 1795 CAPITULUM
2388 1735 2576 1790 VIII.

1869 1812 2008 1865 Item
2029 1809 2094 1863 de
2115 1808 2291 1878 ofﬁcio
2321 1807 2531 1860 divino.

559 1914 608 1966 1.
643 1907 814 1981 Igitur
844 1903 1098 1961 Omnium
1141 1901 1483 1962 Sanctorum,
1527 1894 1732 1950 Natalis
1780 1893 2013 1955 Domini,
2066 1893 2308 1959 Pascha,
2342 1892 2713 1958 Ascensionis,
2746 1893 3095 1948 Pentecostes
3115 1933 3129 1962 ,
3163 1892 3332 1949 sancti
3354 1894 3599 1961 Joannis,
3633 1895 3774 1951 bea-

491 2019 669 2065 torum
693 2003 1063 2076 apostolorum
1096 1999 1237 2054 Petri
1265 2006 1316 2053 et
1346 1995 1512 2062 Pauli,
1542 1991 1944 2063 Assumptionis
1974 1991 2146 2045 beatae
2173 1989 2355 2043 Mariae
2392 1989 2607 2068 vigilias
2651 1989 2707 2042 in
2737 2004 2878 2058 pane
2908 1996 2960 2044 et
2988 2005 3126 2060 aqua
3153 1989 3408 2058 facimus,
3441 1991 3772 2064 missasque,

486 2105 542 2158 in
572 2108 758 2157 aestate
788 2098 1002 2170 quidem
1033 2110 1156 2150 cum
1187 2100 1358 2157 sexta,
1390 2091 1443 2145 in
1473 2089 1653 2144 hieme
1685 2103 1812 2144 vero
1842 2101 2036 2142 nonam
2067 2093 2454 2156 supponentes,
2485 2085 2864 2141 continuamus
2896 2101 2908 2139 :
2942 2085 3115 2142 altare
3142 2102 3412 2158 paramus,
3445 2087 3500 2142 in
3528 2089 3774 2160 vesperis

487 2206 540 2255 et
570 2195 842 2252 matutinis
871 2201 924 2248 et
950 2192 1116 2246 missa
1145 2190 1382 2258 itemque
1412 2185 1659 2255 vesperis
1690 2184 1824 2238 duas
1857 2181 2115 2238 candelas
2144 2179 2514 2244 accendimus,
2549 2179 2828 2234 incensum
2859 2180 3130 2250 ponimus.

555 2299 609 2352 2.
644 2295 810 2348 Porro
839 2291 893 2345 in
921 2287 1109 2361 vigilia
1135 2284 1344 2341 Natalis
1373 2281 1641 2338 Dominici
1669 2281 1725 2334 in
1755 2278 2028 2334 matutinis
2058 2276 2310 2333 laudibus
2352 2291 2534 2350 genua
2563 2293 2673 2331 non
2703 2277 2968 2333 ﬂectimus
2995 2298 3010 2346 ;
3040 2280 3312 2336 Dominus
3341 2282 3598 2352 regnavit
3626 2282 3772 2338 dici-

485 2409 624 2457 mus,
656 2392 922 2446 miserere
964 2390 1096 2452 mei,
1130 2385 1293 2449 Deus,
1327 2391 1589 2446 tacemus,
1623 2379 1755 2434 duas
1785 2379 1855 2433 ad
1887 2377 2110 2432 missam
2141 2373 2401 2431 candelas
2431 2375 2802 2444 accendimus,
2835 2376 2932 2431 sed
2959 2377 3082 2432 thus
3109 2392 3220 2433 non
3243 2377 3547 2446 adolemus,
3579 2393 3771 2450 pacem

483 2489 768 2546 sumimus.

550 2591 602 2641 3.
636 2586 693 2640 Si
723 2580 1007 2639 Dominica
1037 2579 1092 2633 in
1120 2579 1220 2632 hac
1253 2575 1438 2648 vigilia
1466 2573 1785 2641 occurrerit,
1840 2586 2060 2626 versum
2105 2576 2227 2624 ante
2268 2567 2614 2640 evangelium
2643 2575 2696 2623 et
2726 2575 2894 2624 totum
2924 2568 3182 2639 deinceps
3212 2568 3446 2626 oﬂicium
3475 2571 3544 2628 de
3574 2572 3768 2644 vigilia

478 2682 728 2748 dicimus,
761 2674 1329 2734 commemorationem
1357 2679 1564 2726 tantum
1592 2670 1661 2727 de
1690 2668 1978 2727 Dominica
2007 2666 2296 2722 facientes.
2338 2664 2548 2720 Eodem
2576 2664 2742 2718 modo
2771 2663 2826 2718 in
2861 2664 3056 2737 vigiliis
3083 2666 3306 2722 Paschze
3334 2675 3388 2723 et
3417 2668 3769 2724 Pentecostes

478 2780 680 2834 missas
711 2775 1072 2832 celebramus.

545 2879 598 2930 4.
632 2877 691 2930 In
721 2872 995 2928 matutinis
1025 2877 1249 2941 quatuor
1295 2866 1514 2920 ultimas
1561 2864 1825 2921 lectiones
1872 2864 1941 2918 de
1983 2860 2298 2934 Evangeliis
2346 2859 2602 2930 legimus.
2667 2858 2905 2914 Primam
2937 2859 3162 2914 missam
3192 2862 3335 2917 inter
3361 2870 3683 2919 nocturnum
3719 2871 3775 2919 et

473 2975 660 3030 laudes
691 2971 1103 3028 celeberrimam
1134 2967 1383 3033 facimus,
1435 2965 1731 3020 secundam
1779 2971 1902 3034 post
1949 2961 2239 3017 matutinas
2270 2958 2482 3027 laudes,
2529 2957 2820 3027 incipiente
2850 2957 2992 3024 luce,
3016 2959 3156 3014 sicut
3182 2960 3299 3015 fieri
3329 2961 3463 3016 solet
3491 2961 3546 3016 in
3574 2962 3771 3017 Domi-

473 3071 612 3128 nicis
641 3069 852 3134 diebus,
887 3073 1186 3131 cantamus,
1221 3064 1275 3117 in
1305 3079 1409 3134 qua
1443 3061 1570 3118 laici
1601 3061 2024 3127 communicant,
2054 3057 2109 3112 in
2139 3058 2242 3112 hac
2274 3056 2437 3110 etiam
2468 3056 2912 3111 commemoratio
2942 3055 3001 3110 fit
3031 3057 3100 3112 de
3132 3057 3187 3112 S.
3220 3059 3523 3114 Anastasia.

547 3168 598 3220 5.
633 3165 694 3219 In
723 3161 917 3231 majori
962 3160 1130 3214 missa
1179 3156 1539 3213 communicat
1578 3163 1896 3224 conventus,
1947 3169 2246 3224 pacemque
2275 3171 2302 3208 a
2336 3153 2620 3210 sacerdote
2669 3162 2722 3208 et
2751 3154 2819 3208 ab
2857 3154 3089 3210 invicem
3118 3135 3308 3211 omnes
3337 3157 3584 3212 monachi
3612 3158 3768 3213 acci-

475 3260 646 3332 piunt.
681 3258 798 3313 Hoc
827 3257 1004 3327 ipsum
1031 3256 1086 3309 in
1115 3253 1365 3309 omnibus
1408 3250 1560 3306 festis
1609 3251 1804 3305 talibus
1854 3250 2087 3322 agimus,
2137 3259 2365 3322 excepta
2411 3252 2833 3308 Circumcisione
2878 3253 3114 3320 Domini,
3171 3262 3222 3308 et
3261 3254 3440 3308 Natali
3482 3255 3767 3310 beatorum

475 3355 846 3428 apostolorum
876 3352 1021 3407 Petri
1051 3360 1104 3407 et
1134 3352 1304 3416 Pauli,
1341 3359 1393 3407 et
1422 3350 1810 3416 Dedicationis,
1844 3358 1894 3404 et
1925 3347 2098 3403 sancti
2128 3348 2424 3406 Michaelis.
2458 3350 2761 3422 Sequentes
2808 3358 2922 3406 tres
2956 3351 3074 3407 dies
3102 3351 3216 3408 fere
3244 3351 3488 3408 similiter
3513 3352 3774 3408 celebra-

479 3470 622 3510 mus.
646 3453 745 3508 Die
776 3459 966 3522 quarta
995 3449 1120 3505 laici
1149 3450 1425 3516 recedunt,
1457 3449 1596 3503 sicut
1623 3448 1678 3502 in
1709 3448 1914 3502 Pascha
1943 3455 1995 3501 et
2026 3448 2363 3502 Pentecoste.

547 3555 598 3604 6.
632 3547 873 3618 Reliquis
902 3547 1072 3600 tribus
1104 3553 1309 3600 sextam
1337 3545 1390 3598 in
1423 3545 1652 3600 ecclesia
1683 3544 1929 3610 dicimus,
1963 3552 2016 3598 et
2045 3559 2262 3608 nonam,
2295 3542 2586 3613 prandium
2616 3542 2776 3598 simul
2805 3550 2859 3599 et
2886 3558 3099 3599 caenam
3125 3543 3400 3600 facientes.

547 3649 602 3701 7.
647 3643 1147 3707 Circumcisionem,
1216 3641 1649 3711 Apparitionem,
1721 3640 2178 3706 Puriticationem,
2247 3638 2748 3707 Annuntiationem,
2815 3639 3228 3709 Ascensionem,
3295 3639 3548 3695 Natalem
3594 3640 3772 3696 sancti

479 3741 722 3804 Joannis,
771 3740 1052 3795 beatorum
1097 3737 1470 3808 apostolorum
1519 3737 1658 3792 Petri
1704 3745 1758 3792 et
1807 3737 1970 3802 Pauli,
2022 3736 2483 3807 Assumptionem,
2529 3736 2957 3805 Dedicationem,
3009 3738 3354 3794 Nativitatem
3381 3738 3555 3793 beatas
3581 3738 3773 3794 Mariae

485 3854 704 3908 semper
729 3835 987 3906 Virginis,
1020 3833 1218 3889 festum
1248 3833 1565 3905 angelorum
1597 3833 1759 3888 simili
1788 3833 2016 3889 colimus
2049 3833 2174 3888 ritu.

555 3940 607 3991 8.
637 3935 802 3990 Porro
831 3933 887 3986 in
915 3931 1292 3986 Puriticatione
1322 3931 1495 3985 beatae
1524 3930 1706 3986 Mariae
1734 3938 1859 3985 ante
1886 3930 2110 3986 missam
2130 3939 2256 4002 post
2277 3930 2678 3987 confessionem
2697 3930 2954 3987 candelas
2983 3931 3297 3987 benedictas
3317 3930 3386 3986 de
3401 3946 3563 3986 manu
3583 3946 3770 3987 sacer-

561 4114 698 4168 Ibid.
723 4113 1051 4183 Legumina,
1074 4111 1159 4166 sal
1181 4114 1236 4166 et
1253 4115 1459 4166 cwlera
1482 4109 1822 4181 hujusmodi.
1848 4026 2082 4165 P223333

2192 4027 2451 4083 FABIUS.

2192 4130 2283 4181 :ur,
2319 4113 2625 4168 referuntur
2651 4112 2705 4167 in
2736 4113 2966 4185 antiquis
2994 4114 3208 4169 statutis
3247 4114 3357 4169 fere
3405 4115 3474 4170 de
3502 4115 3670 4170 verbo
3699 4117 3773 4171 ad

492 4204 562 4258 ba
589 4203 678 4256 illa
709 4206 765 4257 et
793 4205 1016 4265 caetera,
1053 4208 1280 4269 apparet
1307 4199 1484 4268 plura,
1519 4215 1638 4268 quae
1685 4198 1737 4251 in
1770 4198 1886 4252 istis
1935 4199 2083 4253 Con-

492 4290 864 4347 suetudinibus
887 4286 1196 4359 speciﬁcata
1227 4303 1333 4340 non
1353 4293 1494 4351 sunt,
1519 4287 1813 4341 monachos
1833 4294 1958 4341 tunc
1987 4301 2086 4356 po-

491 4380 657 4434 tuisse
701 4386 887 4448 petere
919 4385 970 4430 et
1020 4374 1270 4444 accipere
1301 4390 1330 4428 a
1359 4372 1527 4428 fratre
1571 4374 1903 4445 coquinario,
1941 4374 2084 4429 unde

493 4467 597 4522 sibi
626 4466 759 4536 ipsis
791 4465 1031 4520 facerent
1072 4462 1361 4533 coquinam
1410 4461 1559 4515 illam
1589 4460 1642 4514 in
1669 4461 1819 4516 cellis
1850 4461 1980 4530 suis,
2016 4462 2084 4516 de

495 4570 604 4626 qua
633 4568 799 4624 supra
829 4551 887 4605 fit
914 4551 1135 4614 mentio,
1169 4565 1288 4619 cap.
1324 4551 1376 4615 4,
1395 4565 1450 4602 n.
1483 4549 1579 4618 ult,
1603 4556 1654 4604 et
1684 4549 1787 4603 sibi
1813 4549 1916 4620 ipsi
1937 4565 2087 4620 quaa-

496 4643 623 4696 dam
653 4639 931 4696 esculenta
960 4637 1263 4693 condirent.

565 4731 725 4784 Num.
755 4730 839 4781 10.
866 4729 996 4781 Post
1028 4740 1242 4780 caenam
1277 4725 1528 4794 singulas
1554 4728 1750 4780 tortas.
1776 4724 1918 4793 Quid
1941 4733 2086 4780 esset

493 4822 639 4870 torta
667 4814 778 4878 illa,
811 4819 864 4867 et
891 4829 956 4869 ex
1004 4826 1111 4882 quo
1158 4825 1332 4881 grano
1380 4819 1812 4880 componeretur,
1859 4811 2086 4866 habebis

495 4902 631 4957 infra
661 4917 780 4971 cap.
827 4902 913 4964 34,
948 4916 1002 4952 n.
1034 4903 1087 4954 2.
1124 4899 1222 4953 Hic
1269 4905 1448 4952 autem
1491 4898 1639 4952 nullo
1687 4899 1850 4953 modo
1892 4899 2087 4954 dicitur

494 4989 640 5061 quod
661 4996 804 5043 torta
823 4986 912 5040 illa
929 4987 1152 5040 daretur
1167 5001 1268 5056 pro
1288 4993 1400 5040 tota
1416 4986 1774 5052 hebdomada,
1791 4994 1949 5055 prout
1970 4985 2087 5056 qui-

495 5077 620 5132 dam
650 5081 978 5131 censuerunt
1011 5090 1023 5128 :
1059 5073 1152 5128 sed
1181 5081 1296 5127 erat
1341 5080 1550 5126 tantum
1602 5073 1693 5142 pia
1740 5074 2083 5139 caremonia,

498 5181 619 5235 qua:
649 5179 714 5218 eo
745 5162 852 5217 fine
881 5161 1186 5216 introducta
1215 5168 1352 5225 erat,
1373 5168 1428 5213 ut
1457 5168 1770 5230 paupertas,
1805 5177 1961 5231 quam
1992 5178 2087 5216 vo-

495 5253 690 5316 vimus,
725 5267 790 5305 eo
819 5248 1176 5304 mendicitatis
1204 5256 1324 5302 actu
1353 5247 1581 5316 amplius
1624 5248 2001 5317 honoraretur,
2035 5258 2088 5304 et

495 5355 596 5394 nos
627 5337 825 5392 Christi
846 5336 1125 5391 mendicos
1156 5350 1277 5388 esse
1297 5341 1743 5404 protestaremur.
1765 5334 1899 5402 Quae
1923 5351 2089 5390 caere-

2182 4201 2425 4266 verbum,
2478 4216 2600 4271 cap.
2635 4205 2723 4269 35,
2753 4201 2911 4272 prim.
2946 4218 3022 4272 p.,
3057 4217 3112 4256 n.
3145 4205 3196 4270 1,
3227 4217 3345 4273 cap.
3399 4206 3484 4272 11,
3518 4219 3635 4258 sec.
3674 4221 3768 4274 p.,

2181 4304 2238 4341 n.
2274 4294 2324 4354 1,
2357 4305 2475 4358 cap.
2506 4292 2574 4346 20
2605 4304 2623 4343 ι
2652 4296 2810 4359 part.,
2844 4306 2906 4343 n.
2945 4293 3030 4358 12,
3077 4305 3196 4361 cap.
3231 4291 3318 4358 34,
3349 4307 3404 4345 n.
3439 4294 3491 4356 3,
3525 4306 3644 4362 cap.
3676 4293 3768 4356 43,

2182 4392 2236 4428 n.
2271 4379 2341 4441 ὃς
2373 4391 2492 4446 cap.
2526 4380 2614 4441 32,
2646 4392 2701 4430 n.
2735 4381 2805 4443 3;
2835 4393 2954 4448 cap.
2986 4379 3073 4442 34,
3108 4395 3201 4432 nn.
3237 4382 3321 4444 12,
3355 4381 3441 4447 13,
3476 4381 3688 4444 3,7,10
3719 4388 3775 4435 et

2183 4467 2235 4516 9.
2271 4464 2400 4517 Item
2432 4479 2549 4534 cap.
2585 4467 2635 4529 6,
2670 4481 2724 4517 n.
2759 4467 2829 4530 6;
2863 4480 2984 4534 cap,
3020 4468 3104 4530 17,
3125 4483 3180 4520 n.
3215 4469 3279 4520 19
3308 4485 3322 4533 ;
3353 4481 3475 4537 cap.
3507 4470 3559 4520 5.
3590 4483 3644 4520 n.
3677 4469 3769 4521 43.

2183 4551 2459 4606 Lectorem
2492 4567 2619 4605 vero
2649 4567 2755 4606 non
2803 4561 3021 4608 moveat
3048 4554 3193 4624 quod
3223 4554 3310 4608 hic
3355 4553 3476 4609 loca
3519 4553 3772 4625 antiquo-

2184 4655 2304 4692 rum
2337 4646 2657 4694 statutorum
2687 4639 2905 4694 inverso
2953 4640 3142 4695 ordine
3175 4627 3419 4696 citemus.
3451 4641 3508 4695 Id
3541 4641 3685 4695 enim
3716 4642 3777 4696 fit

2184 4734 2240 4779 ut
2269 4725 2516 4781 ordinem
2541 4726 2814 4781 scribendi
2842 4743 2876 4781 a
2903 4727 2968 4782 R.
3001 4727 3159 4783 Patre
3203 4728 3453 4801 Guigone
3497 4736 3772 4783 servatum

2184 4829 2494 4883 sequamur,
2528 4822 2581 4868 et
2610 4814 2688 4869 sic
2716 4814 2928 4870 facilius
2956 4816 3128 4886 possit
3155 4814 3273 4871 ﬁeri
3315 4816 3556 4872 locorum
3586 4816 3657 4870 ad
3688 4816 3772 4870 in-

2184 4900 2357 4955 vicem
2389 4901 2626 4955 collatio.

2256 4989 2316 5040 In
2347 4987 2496 5042 nullo
2539 5004 2672 5059 ergo
2716 5005 2814 5060 per
2857 4997 3055 5044 statuta
3104 4991 3324 5063 antiqua
3370 4991 3458 5047 hic
3503 4992 3773 5048 contentis

2183 5073 2350 5129 fuisse
2381 5075 2702 5146 derogatum
2746 5077 3093 5148 perspicuum
3130 5087 3232 5148 est,
3265 5096 3387 5151 quae
3433 5080 3595 5135 etiam
3624 5079 3773 5150 apud

2185 5177 2284 5216 nos
2314 5179 2455 5217 nunc
2482 5163 2644 5232 plene
2673 5173 2977 5234 servantur,
3011 5166 3120 5221 imo
3156 5167 3403 5240 rigidiori
3430 5167 3613 5232 modo,
3645 5182 3776 5221 nam

2186 5249 2490 5304 dormiendi
2518 5251 2752 5307 interdiu
2797 5253 3016 5308 licentia
3057 5255 3214 5309 nobis
3256 5255 3433 5309 ablata
3464 5263 3584 5319 est;
3618 5254 3779 5308 item-

2186 5353 2291 5408 que
2322 5337 2549 5392 facultas
2609 5340 2865 5411 loquendi
2909 5357 3033 5396 cum
3081 5342 3425 5413 coquinaria,
3471 5350 3521 5396 et
3579 5342 3646 5397 ab
3678 5343 3773 5397 illo

493 5425 676 5480 monia
706 5425 866 5479 etiam
897 5439 1039 5478 nunc
1060 5422 1270 5491 integre
1292 5429 1554 5475 servatur.
1589 5422 1650 5476 Id
1667 5430 1847 5476 autem
1864 5423 2086 5478 eviden-
2111 5465 2163 5523 B
2185 5425 2414 5493 alicujus
2434 5426 2696 5481 esculenti
2717 5428 2996 5483 materiam
3017 5429 3237 5499 petendi
3265 5437 3318 5485 et
3357 5430 3675 5501 recipiendi,
3709 5446 3775 5485 ac

496 5519 579 5567 ter
605 5512 864 5584 probatur
895 5527 959 5566 ex
987 5525 1105 5579 cap.
1141 5511 1228 5574 31,
1262 5525 1320 5562 n.
1353 5513 1406 5576 2,
1439 5516 1490 5563 et
1520 5524 1586 5563 ex
1615 5524 1665 5564 c.
1699 5510 1783 5577 46,
1815 5525 1870 5563 n.
1909 5514 1958 5577 1,
1992 5510 2085 5566 ubi
2111 5510 2162 5523 "
2183 5512 2397 5566 demum
2431 5514 2651 5576 libertas
2678 5515 2965 5587 coquinam
2994 5517 3151 5572 nobis
3181 5517 3414 5573 faciendi
3452 5518 3506 5572 in
3555 5517 3775 5574 cellula.

493 5597 552 5652 fit
577 5598 782 5653 mentio
811 5597 878 5652 de
907 5611 1049 5666 pane
1082 5595 1317 5666 petendo
1348 5602 1400 5650 et
1425 5595 1771 5666 accipiendo.

565 5687 729 5740 Porro
761 5700 823 5739 ea
855 5683 1032 5739 omnia
1062 5699 1182 5753 quae
1211 5682 1265 5737 in
1293 5683 1547 5752 praesenti
1591 5683 1759 5752 capit.
1815 5707 1835 5729 α
1872 5684 2080 5741 haben-

2253 5600 2386 5655 Car.
2419 5601 2734 5658 VIII.-—-Ea
2765 5604 2948 5660 omnia
2978 5621 3100 5677 quae
3120 5606 3177 5660 in
3195 5606 3299 5661 hoc
3323 5605 3558 5677 capitulo
3575 5606 3779 5662 haben-

2182 5694 2272 5741 tur
2299 5687 2410 5744 fere
2440 5689 2508 5743 de
2530 5689 2699 5747 verbo
2726 5691 2796 5747 ad
2823 5691 3052 5749 verbum
3081 5691 3138 5749 in
3166 5693 3404 5766 antiquis
3435 5693 3652 5750 statutis
3682 5710 3779 5751 re-
