3928 6430
121 325 222 378 653

1464 318 2069 376 CONSUETUDINES.

3322 324 3427 378 654

115 444 258 500 dotis
289 443 563 512 monachi,
597 451 650 499 et
682 443 774 514 qui
803 443 872 498 de
905 443 1059 498 laicis
1089 443 1308 510 adsunt,
1339 444 1653 516 accipimus,
1687 449 1968 500 cantantes
1997 441 2368 512 antiphonam,
2403 443 2617 498 Lumen
2638 444 2709 499 ad
2730 445 3126 500 reuelationem
3147 447 3424 515 gentium,

120 549 172 597 et
201 540 568 614 evangelium,
593 542 755 596 Nunc
784 541 1050 607 dimittis,
1084 555 1150 596 ac
1176 556 1276 611 per
1293 555 1481 596 versus
1511 539 1754 610 singulos
1784 538 2136 608 antiphonam
2167 545 2494 607 repetentes.
2530 539 2788 609 Sequitur
2818 543 3088 598 Dominus
3120 545 3423 613 vobiscum,

119 646 171 693 et
199 638 397 706 oratio,
435 638 677 705 Exaudi,
703 652 1045 709 quaesumus,
1073 638 1325 704 Domine,
1357 637 1555 692 deinde
1584 635 1788 701 missa;
1829 634 2087 690 candelas
2117 641 2297 689 autem
2327 642 2451 704 post
2479 636 2824 707 evangelium
2845 635 3147 694 offerimus.

1509 800 1905 857 CAPITULUM
1943 799 2040 854 IX.

1359 915 1583 982 Quoties
1619 915 1894 971 radamur
1929 915 1993 968 in
2031 927 2202 967 anno.

196 1036 246 1088 1.
273 1034 466 1090 Sexies
493 1034 547 1089 in
578 1049 723 1090 anno
743 1035 982 1091 radimur
1003 1043 1221 1092 servato
1252 1035 1467 1092 silentio
1499 1054 1513 1103 ;
1547 1036 1602 1090 in
1632 1035 1832 1107 vigiliis
1855 1035 2098 1101 Paschae,
2130 1034 2501 1102 Pentecostes,
2533 1034 2954 1106 Assumptionis,
2995 1034 3248 1092 Omnium
3283 1037 3425 1092 San-

127 1137 356 1198 ctorum,
380 1131 588 1186 Natalis
619 1131 856 1198 Domini,
881 1139 935 1187 et
954 1133 1009 1186 in
1045 1133 1223 1203 capite
1251 1133 1457 1202 jejunii.

193 1231 254 1281 2.
295 1227 354 1280 In
383 1227 584 1298 vigiliis
632 1228 914 1283 beatorum
961 1229 1169 1295 Jacobi,
1215 1229 1510 1296 Laurentii,
1561 1228 1958 1295 Bartholomaei,
2014 1228 2270 1294 Matthaai,
2329 1225 2565 1280 Simonis
2599 1233 2652 1280 et
2698 1227 2869 1294 ludas,
2904 1234 2958 1282 et
2984 1227 3214 1283 Andreae
3253 1230 3426 1285 semel

128 1322 349 1394 quidem
381 1322 678 1390 reﬁcimus,
711 1325 809 1380 sed
839 1324 1145 1397 coquinam,
1169 1326 1217 1381 si
1236 1326 1360 1381 talis
1380 1326 1499 1383 dies
1519 1334 1622 1392 est,
1653 1325 1902 1392 facimus,
1935 1324 2238 1396 missasque
2276 1337 2386 1380 non
2407 1329 2712 1378 cantamus.

197 1422 250 1474 3.
284 1419 344 1474 In
374 1420 587 1476 caeteris
614 1421 903 1476 duodecim
920 1421 1213 1478 lectionum
1240 1421 1413 1489 festis,
1447 1422 1644 1494 quibus
1665 1421 1960 1492 capitulum
1986 1437 2097 1477 non
2132 1429 2401 1484 tenemus,
2433 1435 2538 1475 nec
2565 1419 2787 1475 missam
2840 1418 3088 1486 dicimus,
3143 1419 3198 1475 in
3237 1419 3425 1492 vigilia

126 1523 331 1572 tantum
351 1523 480 1588 post
509 1532 706 1573 nonam
735 1518 792 1574 in
821 1518 1117 1595 claustrum
1144 1535 1248 1592 pro
1287 1519 1662 1577 recordatione
1691 1518 2063 1574 convenimus.

1490 1686 2062 1744 COMMENTARIUS.

126 1822 388 1890 feruntur,
417 1838 538 1894 cap.
566 1825 650 1890 14,
673 1828 774 1879 η.1
801 1839 915 1882 sec.
939 1834 1080 1897 part.
1100 1827 1345 1898 Itemque
1371 1843 1492 1899 cap.
1515 1830 1546 1882 ι
1564 1828 1726 1899 prim.
1749 1827 1805 1886 A
1835 1827 2123 1902 Guigonis,
2155 1844 2260 1885 nec
2287 1829 2448 1884 etiam
2478 1828 2671 1884 diebus
2701 1828 2854 1884 festis
2901 1829 3192 1886 duodecim
3236 1831 3425 1887 lectio-

126 1926 265 1980 par.,
299 1927 396 1964 nn.
428 1913 461 1966 4
493 1919 547 1966 et
577 1915 662 1979 1ο,
704 1928 827 1984 cap.
859 1916 911 1981 5,
944 1931 1038 1970 nn.
1069 1919 1124 1982 2,
1158 1919 1211 1981 3,
1258 1920 1323 1970 16
1356 1924 1408 1972 et
1437 1921 1526 1972 38.
1559 1918 1726 1972 Item-

125 2013 228 2068 que
257 2013 382 2068 cap.
419 2003 509 2065 32,
534 2015 588 2053 n.
625 2003 674 2064 1,
708 2016 828 2072 cap.
866 2006 917 2071 8,
952 2018 1008 2057 n.
1042 2004 1094 2058 li.
1371 2045 1374 2049 .

191 2085 506 2156 Apponitur
569 2095 776 2142 tantum
833 2089 889 2142 in
929 2090 1166 2162 antiquis
1223 2092 1434 2147 statutis
1489 2093 1728 2148 conditio

125 2173 244 2239 ista,
277 2173 424 2229 circa
455 2175 807 2230 abstinentias
836 2177 890 2231 in
929 2193 1070 2248 pane
1101 2186 1155 2234 et
1183 2195 1321 2250 aqua
1359 2180 1413 2233 in
1441 2180 1558 2234 istis
1591 2181 1729 2252 vigi-

124 2260 206 2315 liis
225 2261 549 2328 servandas,
570 2263 685 2318 nisi
710 2265 945 2320 veniant
959 2267 1024 2320 in
1045 2268 1207 2336 festis
1221 2267 1512 2324 duodecim
1527 2269 1635 2324 lect
1641 2270 1727 2324 io-

123 2365 281 2414 num,
307 2350 376 2404 de
406 2365 519 2421 qua
551 2351 959 2407 circumstantia
990 2369 1099 2408 non
1129 2353 1188 2408 ﬁt
1218 2370 1482 2425 expressa
1523 2357 1727 2412 mentio

125 2435 176 2489 in
203 2436 707 2493 Consuetudinibus
746 2440 809 2494 R.
843 2441 1017 2496 Patris
1045 2441 1310 2512 Guigonis
1334 2461 1349 2511 ;
1381 2443 1480 2498 sed
1509 2459 1576 2500 ex
1606 2460 1724 2514 cap.

123 2527 207 2589 52,
237 2540 294 2579 n.
320 2528 372 2589 1,
397 2525 532 2579 satis
568 2527 1030 2601 subintelligitur.,

190 2611 364 2667 Porro
409 2613 603 2668 eadem
630 2631 661 2668 a
689 2615 847 2671 nobis
895 2617 1192 2672 etiamnum
1225 2625 1526 2684 servantur,
1562 2635 1728 2675 exce-

126 2699 226 2769 ptis
255 2700 602 2756 abstinentiis
621 2703 677 2756 in
696 2719 838 2773 pane
859 2712 912 2758 et
939 2720 1098 2777 aqua,
1128 2706 1198 2761 de
1255 2722 1487 2777 quarum
1517 2707 1730 2777 dispen-

125 2787 342 2842 sationis
372 2789 604 2855 ratione,
637 2791 748 2846 imo
776 2792 1122 2860 necessitate,
1155 2809 1255 2849 suo
1284 2794 1404 2850 loco
1441 2803 1654 2867 agetur.

193 2875 324 2930 CAP.
353 2877 530 2931 IX.—
558 2878 722 2933 Num.
757 2883 808 2933 1.
841 2881 1037 2936 Sexies
1065 2883 1128 2936 in
1158 2898 1332 2938 anno.
1362 2883 1509 2938 [dem
1552 2883 1728 2938 habe-

127 2970 212 3017 tur
239 2963 292 3018 in
330 2966 570 3037 antiquis
600 2967 817 3022 statutis
845 2983 965 3039 cap.
1019 2973 1104 3034 15,
1139 2985 1253 3025 sec.
1293 2980 1435 3040 part.
1467 2987 1527 3026 n.
1568 2974 1654 3037 16,
1677 2979 1731 3025 et

127 3067 190 3106 ex
217 3068 337 3122 cap.
369 3057 441 3110 28
465 3056 816 3124 praesentium
846 3057 1310 3113 Consuetudinu'n
1331 3067 1560 3129 apparet
1584 3059 1730 3129 quod

129 3138 324 3211 singuli
347 3141 615 3197 haberent
642 3143 964 3200 novaculam
994 3145 1064 3199 ad
1093 3153 1270 3216 caput.

201 3234 373 3289 Num.
400 3236 458 3289 2.
494 3233 558 3286 In
589 3232 796 3302 vigiliis
834 3232 1146 3299 beatorum,
1183 3241 1288 3288 etc.
1313 3234 1462 3289 Idem
1492 3233 1726 3289 refertur

129 3337 246 3393 cap.
272 3324 359 3387 14,
393 3319 643 3389 ejusdem
670 3335 782 3376 sec.
821 3328 962 3390 part.
998 3321 1055 3376 Si
1085 3321 1205 3375 talis
1237 3321 1355 3376 dies
1389 3330 1490 3388 est,
1538 3322 1595 3376 id
1621 3330 1722 3388 est,

126 3409 170 3464 si
196 3425 256 3465 ea
305 3409 395 3463 die
439 3415 736 3463 occurrant
791 3423 907 3479 qua
944 3408 1232 3480 coquinam
1262 3408 1446 3464 facere
1495 3409 1640 3474 licet,
1673 3417 1728 3465 et

122 3498 223 3552 illis
253 3497 448 3551 diebus
480 3511 591 3549 non
619 3495 867 3550 eveniant
914 3496 1254 3551 abstinentiae
1281 3497 1573 3568 deputatis,
1605 3513 1725 3568 qua}

124 3585 174 3639 in
205 3583 571 3655 praesentibus
589 3583 1084 3639 Consuetudinibus
1104 3592 1376 3640 notantur.

195 3673 337 3727 Ibid.
370 3673 670 3742 Missusque
691 3687 806 3726 non
827 3676 1147 3728 cantamus.
1181 3673 1241 3727 Id
1269 3674 1325 3726 in
1354 3673 1586 3742 antiquis
1617 3680 1725 3727 sta-

129 3761 254 3814 tutis
282 3759 572 3815 omittitur.
615 3761 697 3814 An
753 3768 932 3815 autem
992 3759 1223 3832 intelligi
1269 3761 1469 3816 debeat
1516 3767 1626 3814 tum
1655 3761 1725 3816 de

129 3849 293 3902 missa
312 3846 530 3915 majori,
565 3854 677 3900 tum
707 3847 776 3901 de
803 3847 1050 3917 privatis,
1082 3863 1112 3901 a
1142 3847 1355 3919 quibus,
1390 3847 1496 3902 illis
1538 3848 1724 3918 speci-

129 3935 297 3991 ﬁcatis
316 3935 537 4000 diebus,
568 3942 750 4005 utpote
789 3934 995 4003 jejunio
1024 3935 1330 4004 destinatis,
1380 3943 1625 4005 tempore
1655 3937 1720 3991 Il.

129 4025 296 4078 Patris
325 4022 597 4096 Guigonis
635 4023 1018 4090 abstineretur,
1065 4023 1249 4095 aliqua
1305 4031 1531 4094 apparet
1560 4023 1723 4077 dubi-

126 4112 272 4166 tandi
300 4113 461 4179 ratio,
494 4111 730 4166 maxime
761 4119 984 4182 propter
1011 4112 1241 4167 verbum
1272 4111 1403 4167 illud
1435 4127 1551 4166 non
1580 4127 1722 4166 can-

131 4205 332 4266 tamus,
384 4200 517 4271 quia
583 4200 926 4255 conventuali
971 4199 1154 4255 misse
1206 4207 1414 4254 tantum
1461 4198 1724 4270 applicari

125 4303 284 4358 posse
311 4288 551 4343 videtur.
585 4290 653 4342 At
680 4295 738 4342 ut
767 4303 933 4358 supra
961 4303 1082 4358 cap.
1117 4289 1148 4341 4
1170 4289 1270 4342 sub
1302 4287 1466 4342 ﬁnem
1505 4286 1723 4342 notavi-

125 4392 262 4444 mus,
293 4376 525 4432 verbum
556 4376 688 4430 illud
708 4392 742 4430 a
786 4377 852 4432 R.
886 4377 1039 4431 Patre
1081 4376 1333 4448 Guigone
1364 4376 1724 4432 communiter

126 4465 285 4519 etiam
314 4471 630 4535 usurpatur,
665 4480 764 4534 pro
809 4467 1177 4536 persolvimus
1220 4472 1312 4519 aut
1365 4464 1627 4520 dicimus.
1659 4464 1722 4519 Id

127 4567 258 4624 ergo
284 4553 354 4608 de
395 4551 584 4607 missis
616 4552 844 4622 privatis
877 4559 1057 4623 potest
1115 4551 1361 4623 intelligi,
1393 4567 1517 4608 cum
1561 4551 1722 4607 etiam

127 4641 181 4694 in
202 4641 410 4709 jejunio
436 4640 899 4713 quadragesimali
931 4641 1079 4696 omni
1124 4639 1212 4696 die
1268 4641 1441 4695 missa
1477 4655 1721 4696 conven-

130 4729 303 4797 tualis,
338 4729 394 4784 id
445 4738 527 4784 est
574 4729 766 4797 major,
817 4728 1204 4795 celebraretur,
1253 4736 1415 4798 prout
1445 4743 1510 4783 ex
1541 4745 1594 4782 n.
1633 4732 1717 4793 12,

127 4832 249 4887 cap.
292 4819 343 4883 4,
376 4818 665 4887 probatur.
719 4817 1060 4872 Probabilius
1087 4825 1266 4871 tamen
1304 4823 1406 4881 est,
1459 4816 1602 4886 quod
1638 4815 1722 4871 his

126 4911 322 4959 tantum
352 4905 553 4960 diebus
607 4905 834 4958 missam
882 4904 1299 4960 conventualem
1356 4903 1717 4968 celebrarent,

127 4992 320 5063 quibus
367 4993 542 5047 missa
571 4993 794 5063 prapria
824 5008 890 5047 ex
947 4991 1264 5063 praescripto
1311 4991 1548 5046 missalis
1595 4999 1724 5045 tunc

130 5088 240 5134 erat
267 5081 572 5152 assignata.
598 5080 777 5136 Missas
805 5095 1021 5152 quoque
1051 5095 1150 5150 pro
1178 5078 1447 5134 defunctis
1477 5093 1723 5134 conven-

125 5163 334 5218 tualiter
363 5163 807 5229 celebrabantur,
849 5172 1012 5234 prout
1059 5163 1113 5217 in
1142 5162 1264 5217 aliis
1309 5162 1445 5218 locis
1474 5161 1615 5217 clare
1645 5161 1725 5216 vi-

125 5249 349 5305 debitur.

194 5339 354 5394 Num.
380 5344 433 5395 3.
468 5340 534 5394 In
555 5340 794 5407 exteris,
817 5346 946 5405 etc.,
969 5355 1073 5394 nec
1087 5340 1319 5394 missam
1339 5339 1600 5393 dicimus.
1625 5335 1725 5391 Hic

129 5440 186 5480 se
215 5426 370 5482 oﬁ'ert
399 5427 623 5483 occasio
676 5427 831 5483 facile
874 5428 1096 5482 errandi
1142 5427 1246 5481 nisi
1291 5425 1571 5498 sequentia
1602 5440 1726 5480 cum

126 5516 561 5583 przecedentibus
588 5516 880 5586 prudenter
899 5516 1314 5583 concordentur,
1349 5523 1403 5569 et
1430 5514 1555 5568 inde
1585 5528 1722 5567 con-

122 5601 370 5659 cludendi
399 5603 548 5675 quod
577 5605 746 5660 missa
773 5603 1150 5661 conventualis
1179 5611 1422 5673 tempore
1453 5603 1515 5656 R.
1551 5599 1723 5654 Patris

1826 1933 1956 1970 num
1986 1916 2378 1985 celebraretur,
2401 1917 2546 1988 quod
2575 1916 2790 1971 veritati
2821 1917 3101 1972 adversari
3132 1918 3424 1983 credimus,

1826 2020 1952 2060 cum
1981 2005 2052 2060 de
2091 2005 2263 2060 missa
2307 2005 2500 2074 majori
2544 2004 2707 2058 etiam
2761 2004 2989 2075 privatis
3036 2005 3228 2060 diebus
3283 2006 3426 2076 apud

1827 2100 2042 2148 nostros
2058 2092 2372 2163 frequenter
2401 2092 2669 2147 celebrari
2699 2100 2958 2148 consueta
2991 2093 3273 2148 evidenter
3318 2109 3425 2164 pa-

1825 2188 1937 2235 teat
1967 2197 2034 2235 ex
2055 2180 2192 2236 locis
2211 2189 2325 2234 tum
2347 2195 2512 2250 supra
2539 2179 2747 2246 relatis,
2785 2187 2900 2234 tum
2928 2179 3067 2234 infra
3098 2180 3424 2237 referendis.

1828 2268 1888 2322 Id
1919 2283 2051 2340 ergo
2072 2267 2483 2338 intelligendum
2532 2283 2656 2322 esse
2685 2266 2841 2322 nobis
2871 2267 3083 2322 videtur
3127 2268 3196 2323 de
3243 2268 3428 2323 missis

1824 2355 2074 2426 privatis,
2108 2371 2141 2410 a
2165 2355 2379 2426 quibus,
2412 2355 2518 2409 illis
2541 2354 2706 2410 etiam
2731 2354 2925 2409 diebus
2955 2354 3107 2409 festis
3135 2355 3426 2412 duodecim

1825 2443 2120 2498 lectionum
2167 2442 2526 2498 communiter
2579 2450 2708 2497 tunc
2752 2442 3114 2511 abstinebant,
3175 2444 3274 2498 sed
3317 2459 3427 2499 non

1827 2546 2062 2600 semper,
2093 2537 2256 2600 prout
2285 2529 2424 2583 infra
2452 2529 2734 2599 apparebit
2764 2545 2835 2584 ex
2865 2546 2920 2583 n.
2954 2534 3004 2595 1,
3038 2546 3156 2600 cap.
3182 2531 3268 2586 14,
3293 2530 3426 2599 Quae

1827 2618 2152 2672 abstinentia
2178 2633 2209 2671 a
2229 2617 2411 2671 missis
2442 2615 2807 2691 celebrandis,
2839 2632 2940 2686 per
2967 2617 3192 2688 antiqua
3225 2626 3426 2674 statuta

1827 2706 2046 2773 probata
2077 2721 2188 2760 non
2207 2704 2324 2770 fuit,
2357 2712 2518 2776 atque
2550 2704 2676 2759 ideo
2709 2704 2868 2758 aliter
2896 2704 2964 2759 de
2995 2704 3100 2759 hac
3127 2721 3186 2760 re
3219 2706 3276 2760 in
3303 2723 3425 2762 me-

1825 2793 1930 2848 lius
1974 2793 2297 2864 dispositum
2341 2801 2470 2847 est:
2503 2807 2625 2845 nam
2668 2791 2960 2846 missarum
3009 2791 3302 2848 celebratio
3355 2794 3426 2848 ad

1830 2881 2041 2951 pietatis
2069 2887 2123 2936 et
2139 2879 2432 2950 spiritualis
2463 2878 2871 2934 exercitationis
2910 2888 3262 2952 augmentum
3291 2897 3426 2952 per-

1829 2969 1981 3023 tinet.
2014 2969 2097 3023 Ex
2154 2968 2377 3039 antiquo
2408 2967 2572 3022 etiam
2609 2983 2713 3021 usu
2742 2966 2947 3021 ordinis
2968 2967 3024 3021 in
3053 2969 3280 3023 vetustis
3325 2984 3425 3026 co-

1829 3057 2042 3112 dicibus
2071 3071 2356 3126 expresso,
2379 3063 2595 3110 notatur
2629 3055 2682 3108 in
2717 3055 3062 3110 Kalendariis
3095 3057 3288 3122 missa,
3321 3058 3426 3112 sub

1748 3166 1800 3226 Β
1829 3144 1983 3200 festis
2056 3151 2382 3210 sanctorum,
2437 3159 2558 3214 quae
2606 3142 2681 3197 ibi
2739 3142 3043 3198 scribuntur
3097 3143 3429 3200 celebranda

1827 3249 1952 3288 cum
1989 3233 2160 3286 tribus
2197 3239 2407 3286 tantum
2453 3231 2796 3295 lectionibus,
2829 3238 2886 3285 ut
2915 3229 3004 3284 ﬁat
3057 3231 3310 3287 discretio
3340 3232 3429 3287 in-

1827 3328 1912 3374 ter
1940 3319 2077 3375 festa
2104 3319 2433 3388 hujusmodi,
2467 3335 2588 3389 qua:
2634 3317 2858 3372 missam
2914 3319 3326 3374 conventualem
3357 3320 3426 3376 de

1826 3406 1966 3462 festo
1994 3408 2212 3474 habent,
2246 3415 2298 3462 et
2319 3407 2425 3460 alia
2457 3423 2578 3476 quae
2606 3421 2718 3460 non
2737 3405 2959 3460 habent.
2993 3408 3060 3460 At
3089 3406 3222 3461 nihil
3250 3407 3427 3464 simile

1826 3504 2066 3559 notatur,
2097 3510 2203 3550 nec
2230 3494 2286 3548 in
2309 3493 2759 3558 solemnitatibus,
2783 3508 2886 3548 nec
2918 3493 2973 3547 in
3004 3493 3156 3548 festis
3181 3495 3423 3564 capituli,

1825 3599 1928 3638 nec
1958 3582 2014 3637 in
2046 3581 2200 3637 festis
2228 3581 2520 3636 duodecim
2548 3580 2861 3645 lectionum,
2893 3596 3013 3651 quae
3057 3580 3246 3636 ultima
3273 3581 3428 3637 festis

1824 3671 2128 3742 duplicibus
2158 3678 2534 3741 comquantur.
2564 3669 2784 3723 Certum
2811 3678 2892 3724 est
2941 3678 3121 3724 autem
3152 3669 3297 3740 quod
3326 3687 3430 3727 nec

1824 3760 2019 3814 diebus
2101 3759 2520 3821 solemnitatum,
2567 3773 2670 3812 nec
2720 3757 2914 3812 diebus
2957 3756 3221 3812 festorum
3277 3759 3428 3829 capi-

1824 3847 1919 3902 tuli
1949 3847 2174 3901 missam
2205 3845 2620 3901 conventualem
2645 3845 2972 3913 omitterent,
3009 3853 3061 3900 et
3090 3845 3217 3900 inde
3247 3855 3427 3916 potest

1823 3934 2076 3990 concludi
2107 3934 2254 4005 quod
2299 3933 2404 3988 ista
2432 3933 2569 3987 festa
2619 3932 2803 3987 omnia
2869 3933 3149 4003 aequaliter
3201 3938 3424 3988 missam

1823 4022 2106 4092 propriam
2159 4029 2211 4076 et
2253 4021 2666 4076 conventualem
2709 4021 2994 4088 haberent,
3027 4021 3167 4076 sicut
3209 4021 3429 4078 univer-

1824 4110 2008 4164 saliter
2037 4108 2322 4164 observari
2376 4108 2625 4163 videmus
2669 4108 2726 4163 in
2779 4108 3048 4177 Ecclesia,
3080 4108 3228 4164 circa
3284 4109 3425 4165 festa

1821 4196 2077 4267 duplicia.

1894 4284 2030 4339 Ibid.
2061 4287 2114 4338 3.
2145 4285 2212 4338 In
2240 4284 2437 4353 vigilia
2468 4286 2700 4339 tantum
2726 4286 2853 4354 post
2881 4299 3114 4339 nonam.
3165 4283 3244 4338 Ibi
3273 4285 3423 4342 clare

1823 4388 2143 4443 expressum
2171 4371 2340 4425 habes
2370 4386 2529 4424 usum
2579 4371 3020 4426 recordationum
3060 4371 3256 4427 iisdem
3305 4373 3422 4429 die-

1823 4461 1924 4516 bus
1953 4459 2072 4516 ﬁeri
2098 4459 2336 4524 solitum,
2369 4475 2491 4528 qua:
2510 4458 2565 4512 in
2596 4458 2832 4528 antiquis
2861 4458 3073 4512 statutis
3103 4458 3424 4528 speciﬁcan—

1821 4552 1910 4599 tur
1942 4561 1955 4598 :
1979 4551 2032 4598 et
2070 4542 2198 4596 inde
2227 4541 2526 4612 perspicies
2566 4540 2622 4594 in
2651 4540 2888 4610 antiquis
2937 4541 3152 4595 statutis
3181 4557 3244 4596 ea
3265 4542 3420 4597 ordi-

1820 4641 1947 4688 nate
1977 4639 2030 4686 et
2058 4646 2316 4701 expresse
2337 4629 2506 4684 fuisse
2533 4628 2730 4700 posita,
2765 4645 2886 4700 quas
2928 4628 2983 4682 in
3013 4629 3426 4686 Consuetudini-

1821 4721 1922 4775 bus
1952 4721 2016 4776 R.
2067 4718 2242 4773 Patris
2273 4717 2539 4787 Guigonis
2594 4716 2827 4787 sparsim
2858 4724 3083 4785 tantum,
3142 4718 3418 4774 succincte

1823 4817 1873 4862 et
1905 4807 2068 4863 veluti
2110 4806 2370 4876 implicite
2403 4804 2617 4859 fuerant
2647 4804 2845 4874 scripta
2881 4818 2894 4857 :
2926 4811 2978 4859 et
2997 4804 3280 4875 probatum
3310 4805 3416 4861 ha-

1824 4896 1980 4951 bebis
2012 4895 2158 4966 quod
2190 4895 2247 4947 in
2278 4893 2511 4963 Prologo
2541 4892 2609 4946 de
2636 4893 2741 4946 hac
2768 4891 3023 4946 diximus.

1896 4985 2006 5038 Cur
2027 4997 2216 5037 rasura
2243 4997 2387 5036 nunc
2415 4980 2618 5050 pluries
2639 4977 2731 5034 ﬁat
2749 4980 2894 5049 apud
2923 4979 3068 5035 nos?
3096 4979 3156 5034 Id
3183 4981 3420 5051 pertinet

1825 5073 1895 5127 ad
1924 5072 2187 5140 majorem
2229 5068 2594 5124 reverentiam
2647 5067 3014 5122 adhibendam
3046 5067 3099 5121 in
3128 5069 3419 5125 missarum

1825 5160 2212 5223 celebratione,
2255 5174 2378 5228 quae
2435 5155 2770 5226 frequentior
2818 5171 2961 5210 nunc
2988 5163 3072 5210 est
3113 5157 3256 5226 apud
3315 5174 3419 5213 nos

1823 5264 1988 5320 quam
2015 5246 2208 5317 primis
2228 5244 2438 5300 ordinis
2469 5242 2824 5313 temporibus,
2857 5251 2914 5296 ut
2945 5259 3044 5297 suo
3074 5243 3196 5299 loco
3217 5245 3422 5300 videbi-

1824 5341 1928 5390 tur.
1963 5335 2070 5389 Sed
2099 5351 2163 5388 ex
2190 5333 2311 5403 ipsa
2341 5346 2654 5386 rasurarum
2683 5330 3145 5400 multiplicatione,
3177 5331 3420 5403 rigorem

1823 5431 2025 5477 nostrae
2051 5420 2412 5475 observantia:
2442 5418 2620 5488 potius
2648 5426 2861 5472 auctum
2894 5433 3017 5472 esse
3048 5433 3211 5488 quam
3251 5418 3418 5473 dimi-

1823 5518 2035 5574 nutum,
2067 5507 2288 5578 proprio
2318 5506 2692 5576 experimento
2731 5503 2886 5559 facile
2917 5504 3146 5571 discent,
3182 5506 3272 5575 qui
3303 5523 3417 5560 rem

1821 5599 1876 5653 in
1906 5596 2130 5651 dubium
2160 5609 2356 5650 vocare
2399 5592 2601 5648 volent.
