3940 6420
513 349 616 400 655

1361 329 1701 390 GUIGONIS
1741 328 1762 381 l
1801 320 2209 380 CARTHUSl/E
2250 315 2539 372 MAIORIS
2579 312 2854 370 PRIORIS
2893 311 2956 366 V.

3711 303 3821 355 656

1939 439 2339 499 CAPITULUM
2376 440 2445 494 Χ.

1554 548 1755 615 Quales
1778 544 2022 614 hospites
2051 538 2500 594 introducantur
2528 535 2591 589 in
2607 535 2860 590 chorum.

587 663 636 712 t.
673 660 730 712 In
771 659 995 712 chorum
1019 660 1260 709 nostrum
1289 647 1530 719 hospites
1561 652 1770 699 tantum
1801 640 2090 712 religiosos
2129 632 2541 701 introducimus,
2577 647 2701 686 cum
2740 629 2936 701 quibus
2973 625 3284 682 inclaustro
3317 634 3665 678 communem
3684 617 3822 673 licet

516 755 714 809 habere
738 768 1064 808 sermonem.

580 856 633 907 2.
677 851 737 904 In
763 857 973 920 partem
1011 861 1143 902 vero
1173 845 1374 898 ducere
1403 839 1654 910 aliquem,
1687 835 1775 891 vel
1806 833 1948 900 duci,
1989 838 2078 885 aut
2117 829 2268 902 quasi
2307 834 2520 882 secreto
2557 823 2761 896 aliquid
2799 821 3066 890 intimare,
3106 826 3198 875 aut
3234 816 3498 873 mandare
3537 813 3827 886 aliquibus

513 969 624 1010 non
661 911 809 1014 licet,
850 945 955 1000 nisi
982 941 1254 999 licentiam
1286 938 1444 993 dante
1483 935 1694 1006 priore.
1740 931 1914 999 Quam
1959 926 2230 983 licentiam
2279 939 2387 979 non
2417 922 2487 976 ad
2519 938 2639 988 nos,
2689 921 2787 975 sed
2815 921 2885 974 ad
2921 933 3037 988 eos,
3080 917 3126 971 si
3172 915 3305 970 tanti
3351 914 3570 981 habent,
3626 911 3827 966 attinet

515 1059 729 1124 petere.
775 1045 932 1100 Nunc
971 1041 1039 1096 de
1068 1037 1151 1092 his
1184 1051 1305 1107 quae
1342 1047 1444 1104 pro
1465 1028 1734 1086 defunctis
1754 1026 1840 1083 vel
1859 1025 2007 1082 circa
2031 1023 2318 1078 defunctos
2347 1019 2611 1091 gerimus,
2643 1016 2847 1088 aliquid
2885 1025 2968 1072 est
3005 1015 3313 1072 dicendum.

1898 1137 2289 1194 CAPITULUM
2327 1135 2423 1189 ΧΙ.

1792 1237 1866 1292 De
1892 1236 2078 1306 ofﬁcio
2109 1233 2528 1303 defunctorum.

590 1364 641 1413 t.
683 1355 860 1410 Altera
900 1350 1080 1419 itaque
1119 1337 1514 1414 postOmnium
1545 1335 1866 1389 Sanctorum
1889 1331 2086 1386 festum
2112 1329 2219 1396 die,
2245 1327 2348 1382 nisi
2376 1328 2431 1381 in
2469 1327 2752 1382 Dominica
2798 1323 3056 1392 evenerit,
3098 1337 3194 1394 pro
3233 1320 3500 1376 defunctis
3539 1315 3826 1374 universis

516 1455 788 1530 agendam
810 1454 932 1520 post
969 1414 1234 1498 nocturna
1264 1453 1385 1493 cum
1424 1449 1620 1490 novem
1651 1430 1978 1486 lectionibus
2009 1428 2259 1492 dicimus,
2302 1425 2400 1480 hac
2430 1440 2535 1479 una
2573 1432 2780 1478 tantum
2811 1421 3055 1479 oratione
3085 1417 3342 1483 contenti,
3383 1416 3637 1486 ﬁdelium
3666 1414 3824 1468 Deus

519 1523 804 1614 omnium;
849 1541 1066 1605 dehinc,
1099 1545 1220 1609 post
1258 1534 1504 1605 primam,
1545 1529 1771 1584 missam
1802 1532 2070 1598 praesente
2109 1531 2375 1579 conventu
2397 1523 2752 1578 celebramus.

589 1653 644 1704 2.
688 1647 748 1699 In
784 1610 934 1696 nullo
956 1644 1130 1691 autem
1159 1629 1447 1686 duodecim
1479 1626 1770 1681 lectionum
1811 1622 1967 1688 festo,
2004 1619 2090 1674 vel
2121 1618 2262 1672 infra
2290 1626 2513 1673 octavas
2545 1618 2752 1674 Natalis
2782 1616 3017 1686 Domini,
3054 1615 3298 1679 Paschaa,
3342 1610 3428 1668 vel
3466 1610 3827 1664 Pentecostes

522 1744 895 1802 defunctorum
933 1731 1170 1788 ofﬁcium
1213 1725 1460 1789 facimus,
1497 1722 1599 1777 nisi
1633 1721 1770 1776 forte
1809 1719 2095 1772 defunctus
2124 1730 2369 1785 przesens
2407 1714 2585 1780 fuerit,
2631 1714 2717 1770 vel
2770 1713 3119 1770 tricenarium
3167 1710 3257 1782 agi
3305 1706 3614 1779 contigerit.
3657 1704 3826 1773 Quod

524 1801 704 1896 tamen
743 1834 917 1890 tribus
946 1829 1136 1886 diebus
1157 1832 1279 1880 ante
1319 1821 1548 1885 Pascha,
1591 1826 1643 1873 et
1672 1818 1791 1887 ipso
1821 1815 1909 1869 die
1941 1814 2176 1879 Paschae,
2211 1810 2297 1866 vel
2326 1813 2692 1878 Pentecostes,
2726 1826 2824 1867 seu
2846 1809 3052 1866 Natalis
3073 1806 3310 1876 Domini,
3347 1805 3394 1860 si
3408 1804 3548 1860 forte
3575 1801 3826 1859 eveniret

527 1942 786 2009 quantum
813 1930 884 1985 ad
914 1926 1138 1982 missam
1167 1922 1267 1994 [αι.
1297 1917 1537 1974 ofﬁcium
1552 1912 1755 1984 missae]
1785 1911 1991 1975 attinet,
2032 1907 2253 1961 minime
2279 1906 2604 1961 faceremus.

595 2037 646 2087 3.
688 2030 770 2085 Ab
789 2028 894 2081 hoc
914 2024 1079 2094 igitur
1109 2020 1216 2096 die,
1248 2018 1303 2072 id
1331 2023 1413 2072 est
1442 2031 1473 2069 a
1512 2020 1702 2085 quarto
1722 2011 1905 2064 Nonas
1935 2004 2263 2061 Novembris
2300 2019 2472 2075 usque
2502 2005 2570 2058 ad
2627 2002 3117 2076 Septuagesimam,
3150 1999 3422 2072 agendam
3474 1998 3531 2052 in
3585 1993 3830 2052 ecclesia

527 2136 650 2202 post
677 2093 958 2181 nocturna
973 2093 1228 2174 dicimus.
1267 2117 1312 2168 A
1343 2109 1749 2182 Septuagesima
1784 2120 1917 2161 vero
1934 2119 2104 2174 usque
2128 2102 2197 2156 ad
2215 2101 2525 2170 praedictam
2550 2101 2693 2156 diem
2730 2109 2854 2172 post
2881 2114 3143 2170 vesperae
3168 2097 3357 2168 jejunii
3388 2095 3495 2161 die,
3532 2093 3670 2149 alias
3698 2097 3827 2162 post

529 2187 741 2284 coenam
772 2220 1026 2293 [add-itur
1053 2217 1113 2270 in
1141 2229 1244 2268 ms.
1279 2211 1364 2266 vel
1393 2208 1540 2280 ante]
1572 2208 1714 2261 idem
1733 2202 1976 2259 officium
1997 2201 2052 2254 in
2073 2200 2225 2255 cellis
2264 2196 2612 2252 exsolvimus.
2641 2195 2800 2263 Quod
2831 2197 2876 2252 si
2905 2195 3339 2253 anniversarium
3359 2191 3533 2259 fuerit,
3558 2190 3614 2245 in
3647 2187 3828 2246 eccle-

531 2323 612 2379 sia
641 2318 821 2375 statim
842 2322 964 2387 post
986 2325 1250 2381 vesperas
1265 2323 1386 2363 cum
1417 2320 1613 2360 novem
1635 2301 1952 2357 lectionibus
1975 2306 2026 2352 et
2066 2293 2374 2365 antiphonis
2403 2293 2602 2363 agitur.

579 2421 655 2473 ’4.
698 2417 757 2470 In
784 2407 1210 2481 Quadragesima
1240 2413 1439 2470 tamen,
1469 2417 1539 2456 ne
1569 2399 1768 2454 fratres
1797 2401 2111 2469 graventur,
2135 2399 2259 2462 post
2287 2389 2631 2445 refectionem
2663 2389 2718 2444 in
2747 2389 2898 2446 cellis
2928 2389 3143 2446 dicitur.

1893 2506 2283 2564 CAPITULUM
2324 2505 2444 2560 λιι.

1811 2609 1886 2662 De
1922 2605 2247 2661 visitatione
2289 2603 2502 2672 aegroti.

609 2726 659 2778 t.
696 2722 831 2776 Cum
859 2725 1038 2772 autem
1066 2713 1233 2769 frater
1271 2716 1507 2781 aegrotus
1536 2705 1699 2761 morti
1730 2703 2097 2775 propinquare
2133 2698 2425 2769 putabitur,
2458 2706 2822 2771 congregatur
2876 2703 3176 2755 conventus
3205 2696 3276 2751 ad
3307 2693 3631 2751 visitandum
3675 2707 3820 2756 eum,

1901 2818 2472 2878 COMMENTARIUS.

607 2936 1064 2996 CAP.X.—Num.
1101 2937 1150 2988 t.
1186 2931 1494 2986 Inchorum
1515 2930 1792 2989 nostrum,
1814 2929 1918 2978 et‘c.
1945 2919 2130 2987 Quan-
2159 2918 2407 2984 Arentii,
2455 2919 2557 2974 sibi
2603 2918 2833 2975 invicem
2875 2916 3214 2990 quotidianae
3253 2929 3364 2970 sua:
3419 2912 3572 2970 cellae
3613 2909 3824 2982 opellas

536 3027 830 3100 doquidem
867 3024 1151 3096 ingressus
1195 3020 1250 3074 in
1296 3018 1524 3073 chorum
1567 3012 1802 3068 licentiae
1859 3008 2128 3064 silentium

537 3097 825 3187 frangendi
854 3127 952 3183 per
979 3123 1267 3166 commune
1295 3103 1622 3173 colloquium
1653 3115 1777 3156 cum
1807 3097 2129 3170 quibusdam

537 3202 838 3272 hospitibus
884 3207 1012 3253 tunc
1042 3193 1303 3265 temporis
1349 3192 1670 3260 eonjunctus
1718 3195 1855 3253 erat,
1887 3200 1996 3240 non
2051 3191 2132 3238 est

539 3291 740 3346 mirum
770 3304 868 3344 cur
899 3285 1038 3340 fierit
1084 3283 1318 3338 selectus
1345 3292 1726 3350 personarum,
1759 3290 1879 3346 quae
1908 3274 2130 3329 chorum

537 3377 950 3449 ingrederentur
980 3392 994 3438 ;
1043 3370 1278 3441 alioquin
1309 3366 1523 3422 silentio
1544 3363 1813 3436 pernicies
1846 3361 2033 3416 fuisset
2061 3359 2130 3413 i1-

537 3446 668 3532 lata,
719 3472 771 3519 et
803 3464 905 3518 hac
935 3461 1002 3515 de
1031 3475 1192 3515 causa
1221 3455 1540 3526 scrupulose
1568 3452 1890 3507 arcebantur
1919 3465 1952 3504 a
1980 3446 2134 3503 chori

539 3556 795 3624 ingressu
815 3550 935 3605 alia:
961 3563 1231 3619 personae.
1254 3544 1350 3598 His
1371 3558 1502 3598 vero
1534 3539 1890 3611 temporibus,
1916 3536 2132 3608 quando

541 3640 757 3698 licentia
789 3637 1116 3708 colloquium
1148 3647 1433 3689 commune
1461 3629 1702 3684 habendi
1731 3643 1855 3682 cum
1901 3625 2132 3694 hospiti-

544 3731 645 3784 bus
673 3728 940 3799 abrogata
969 3731 1068 3789 est,
1103 3723 1407 3794 ingressum
1438 3717 1590 3772 chori
1627 3715 1878 3772 omnibus
1916 3713 2135 3784 quidem

545 3816 749 3888 passim
796 3829 906 3868 non
952 3809 1332 3883 permittimus,
1367 3806 1462 3861 sed
1492 3821 1600 3859 non
1655 3813 1762 3858 tam
1816 3800 2134 3872 scrupulose

544 3903 937 3960 interdicimus.
976 3901 1266 3970 Ingressus
1304 3895 1394 3949 ille
1424 3894 1552 3948 olim
1603 3891 1903 3962 pertinebat
1931 3889 2002 3943 ad
2031 3889 2136 3942 ob-

548 3989 876 4048 servantiam
906 3987 1212 4059 regularem
1263 3981 1610 4053 personalem
1641 4021 1656 4045 ,
1688 3987 1909 4050 propter
1939 3976 2138 4031 silentii

545 4079 849 4137 custodiam
882 4095 897 4142 ;
928 4071 1326 4142 nunc'sublata
1355 4071 1460 4124 ista
1513 4068 1730 4123 licentia
1775 4064 2134 4136 colloquendi,

549 4168 617 4224 ad
646 4166 885 4238 politiam
905 4179 1054 4218 mere
1085 4169 1364 4216 externam
1396 4158 1646 4229 pertinet,
1671 4172 1792 4227 quin
1817 4160 2014 4224 potest,
2043 4153 2139 4206 ha-

2229 3008 2498 3078 rapientes
2539 3008 2627 3079 pie
2667 3006 2972 3078 expellebat
3019 3005 3252 3061 dicendo
3285 3021 3299 3058 :
3335 3003 3414 3058 Ite
3453 3001 3524 3057 ad
3569 3015 3696 3056 ove:
3728 3015 3820 3056 ve-

2227 3100 2396 3162 stras,
2423 3104 2525 3150 etc.

2299 3184 2510 3239 Eadem
2565 3200 2792 3255 prorsus
2847 3184 3110 3238 habentur
3166 3183 3221 3236 in
3273 3179 3508 3251 antiquis
3604 3174 3825 3232 Statutis

2229 3287 2350 3344 cap.
2384 3278 2436 3338 9,
2461 3289 2608 3327 num.
2634 3277 2656 3326 1
2687 3281 2738 3327 et
2757 3277 2825 3328 28
2862 3270 3114 3327 secundae
3137 3269 3325 3340 partis.

2301 3362 2431 3416 CAP.
2453 3362 2550 3415 XI.
2585 3391 2654 3402 —
2689 3361 2900 3416 Eadem
2954 3375 3178 3430 prorsus
3205 3373 3326 3430 qua:
3367 3357 3423 3410 in
3459 3356 3565 3410 hoc
3589 3351 3828 3423 capitulo

2231 3450 2518 3515 habentur,
2582 3450 2638 3503 in
2673 3449 2906 3520 antiquis
2949 3447 3169 3503 Statutis
3239 3445 3544 3500 referentur
3587 3457 3691 3512 cap
3755 3444 3823 3496 28

2230 3537 2389 3609 prim.
2422 3544 2583 3608 part.,
2617 3553 2672 3590 n.
2706 3540 2758 3603 5,
2791 3545 2844 3592 et
2863 3551 2985 3606 cap.
3012 3537 3098 3604 46,
3130 3550 3280 3589 num.
3315 3537 3365 3599 t,
3410 3532 3495 3600 14,
3529 3533 3563 3584 7
3591 3538 3646 3585 et
3674 3533 3762 3584 11.

2303 3626 2464 3679 Num.
2501 3629 2551 3680 t.
2584 3624 2866 3695 Agendum
2918 3627 3046 3695 post
3088 3627 3392 3678 nocturna.
3426 3619 3672 3691 Agenda,
3713 3632 3823 3688 quo

2233 3715 2453 3768 nomine
2484 3713 2716 3768 officium
2749 3711 3150 3777 defunctorum,
3181 3710 3238 3764 id
3266 3717 3349 3764 est
3393 3721 3677 3778 vesperas,
3710 3721 3826 3759 ma-

2236 3803 2435 3858 tutinas
2481 3810 2533 3855 et
2577 3800 2768 3855 laudes
2815 3801 2886 3854 ab
2921 3799 3156 3871 antiquis
3183 3812 3457 3864 vocamus,
3484 3795 3540 3849 in
3595 3795 3766 3850 choro
3794 3808 3829 3848 a

2237 3898 2434 3961 quarto
2463 3889 2650 3944 Nonas
2678 3887 3006 3944 Novembris
3051 3902 3226 3957 usque
3254 3886 3324 3940 ad
3354 3882 3824 3955 Septuagesimam

2236 3987 2365 4034 tunc
2391 3987 2597 4032 tantum
2619 3977 2926 4043 dicebatur;
2951 3975 3159 4032 caeteris
3185 3989 3318 4031 vero
3338 3972 3465 4028 anni
3485 3971 3822 4042 temporibus

2236 4066 2290 4120 in
2322 4066 2456 4122 cella
2475 4074 2599 4136 post
2625 4080 2902 4136 vesperas,
2921 4064 3026 4117 nisi
3055 4062 3290 4118 officium
3318 4060 3451 4116 illud
3475 4060 3532 4114 in
3561 4066 3828 4116 conventu

2239 4171 2335 4224 pro
2366 4153 2735 4208 anniversario
2778 4153 2931 4208 reddi
2961 4151 3259 4206 debuisset.
3309 4150 3467 4204 Nunc
3488 4163 3618 4204 vero
3647 4162 3823 4219 agen-

549 4235 663 4311 bita
699 4263 1000 4323 temporum
1048 4257 1101 4304 et
1155 4263 1440 4305 causarum
1495 4245 1724 4310 ratione,
1785 4243 1992 4311 absque
2031 4239 2141 4294 ulla
2168 4243 2361 4321 Bdam
2391 4243 2445 4296 in
2475 4243 2645 4298 choro
2677 4257 2890 4312 semper
2927 4239 3278 4307 exsolvimus,
3318 4244 3544 4308 excepto
3573 4235 3825 4304 Quadra-

550 4341 906 4400 observantia:
923 4337 1193 4410 regularis
1213 4336 1434 4390 laesione
1455 4331 1706 4388 relaxari.
1729 4332 1832 4385 Per
1851 4329 2140 4384 observan-

549 4434 681 4486 tiam
709 4438 885 4484 autem
914 4425 1254 4498 personalem
1276 4423 1542 4494 intelligo,
1568 4436 1632 4476 ea
1662 4435 1781 4491 quae
1809 4434 1906 4489 per
1925 4434 1985 4473 se
2017 4424 2138 4471 ten-

550 4521 684 4575 dunt
711 4518 781 4572 ad
811 4513 1194 4570 macerandam
1226 4526 1465 4575 carnem,
1500 4516 1554 4563 et
1573 4507 1849 4579 pr0priam
1886 4505 2138 4561 volunta-

554 4616 663 4662 tem
695 4603 1072 4675 frangendum.

622 4695 786 4749 Num.
818 4696 872 4748 2.
891 4692 956 4746 In
976 4693 1201 4762 partem
1219 4688 1486 4742 ducere...
1520 4685 1632 4739 nisi
1657 4685 1948 4740 licentiam
1969 4682 2140 4737 dante

549 4783 759 4855 priore,
784 4787 888 4834 etc.
921 4777 1053 4832 Inde
1084 4773 1308 4830 evidens
1337 4781 1419 4827 est
1448 4772 1590 4843 quod
1609 4780 1849 4840 tempore
1880 4771 1944 4824 Β.
1971 4770 2141 4824 Patris

555 4867 841 4940 Guigonis,
876 4865 1015 4920 sicut
1042 4871 1094 4918 et
1123 4877 1267 4917 nunc
1297 4867 1561 4924 servatur,
1587 4875 1711 4914 cum
1739 4857 1952 4914 licentia
1992 4858 2142 4928 prius

555 4973 656 5028 per
685 4963 971 5010 extraneos
1000 4969 1029 5004 a
1071 4951 1251 5021 priore
1298 4949 1461 5019 petita
1500 4956 1551 5001 et
1581 4947 1852 5015 obtenta,,
1904 4963 2013 5000 non
2044 4963 2144 5016 per

552 5043 934 5112 nosmetipsos,
966 5029 1078 5108 ipsi.
1100 5036 1342 5092 extranei
1372 5042 1617 5105 poterant
1643 5034 1925 5089 nobiscum
1953 5032 2142 5103 priva-

556 5133 650 5186 tim
682 5129 935 5199 colloqui,
968 5135 1018 5181 et
1046 5126 1171 5180 inde
1215 5125 1531 5178 observatur
1560 5122 1717 5176 etiam
1756 5137 1917 5187 nunc,
1951 5129 2004 5175 ut
2035 5137 2142 5175 sae-

557 5219 767 5275 culares
814 5215 1081 5271 licentiam
1113 5213 1359 5268 obtinere
1405 5211 1636 5265 debeant
1664 5226 1694 5263 a
1723 5211 1925 5280 priore,
1986 5217 2142 5263 ante-

557 5323 720 5379 quam
765 5303 975 5375 possint
1005 5319 1037 5356 a
1066 5301 1224 5356 nobis
1266 5301 1319 5354 in
1377 5299 1568 5354 cellam
1599 5299 1668 5352 ad
1723 5298 2142 5367 colloquendum

557 5393 786 5449 admitti.
821 5391 979 5459 Quod
1009 5397 1187 5444 autem
1207 5387 1516 5459 primisillis
1536 5385 1871 5456 temporibus
1901 5385 2142 5439 extranei

554 5487 777 5552 possent
799 5480 961 5534 etiam
991 5477 1047 5531 in
1066 5477 1230 5532 cellas
1250 5483 1462 5530 nostras
1484 5474 1673 5544 recipi,
1696 5489 1758 5528 ex
1791 5473 1910 5543 ipso
1932 5474 1988 5527 S.
2013 5475 2145 5526 Bru-

557 5569 714 5624 nonis
744 5565 992 5636 exemplo
1032 5565 1337 5628 innotescit,
1396 5562 1487 5633 qui
1517 5570 1625 5616 tum
1676 5568 1918 5615 sanctum
1949 5562 2139 5630 Hugo-

554 5671 680 5711 nem
701 5654 1035 5726 episcopum,
1064 5659 1176 5706 tum
1204 5649 1506 5721 piissimum
1535 5649 1775 5721 priorem
1803 5648 1990 5704 Sancti
2009 5649 2141 5703 Lau-

2239 4331 2464 4403 gesima
2489 4339 2754 4401 tempore.

2310 4420 2472 4474 Num.
2505 4423 2557 4474 3.
2597 4418 2746 4488 Quod
2777 4420 2826 4473 si
2855 4417 3395 4473 anniversarium...
3445 4433 3576 4472 cum
3629 4431 3822 4471 novem

2243 4507 2594 4564 lectionibus.
2633 4507 2736 4560 Per
2768 4506 2929 4560 istam
2964 4505 3375 4576 expressionem
3401 4520 3600 4560 novem
3627 4505 3820 4560 lectio-

2240 4613 2395 4661 num,
2419 4594 2803 4650 anniversariis
2850 4592 3103 4665 specifice
3123 4593 3458 4658 attributam,
3483 4591 3655 4646 innuit
3672 4607 3825 4646 usum

2243 4684 2335 4755 qui
2365 4683 2642 4738 extensius
2682 4681 2982 4753 explicatur
3025 4681 3082 4734 in
3129 4681 3363 4752 antiquis
3391 4679 3620 4745 statutis,
3654 4687 3706 4734 et
3734 4679 3822 4750 qui

2243 4779 2371 4826 tunc
2419 4771 2541 4825 talis
2585 4778 2720 4836 erat,
2779 4777 2836 4824 ut
2874 4785 3190 4826 communes
3219 4769 3448 4841 agenda:
3492 4783 3616 4824 cum
3660 4767 3822 4822 tribus

2243 4867 2448 4913 tantum
2481 4858 2802 4914 lectionibus
2831 4866 2884 4913 et
2909 4873 3106 4913 novem
3135 4856 3360 4928 psalmis
3388 4856 3754 4912 redderentur.

2313 4947 2460 5000 Nihil
2488 4962 2620 5018 ergo
2647 4946 2702 5000 in
2736 4947 2838 5001 hac
2867 4953 3016 5017 parte
3048 4945 3319 5016 reperitur
3372 4944 3689 5010 relaxatum,
3719 4943 3823 4998 imo

2245 5037 2424 5105 potius
2453 5035 2655 5105 aliquid
2676 5043 2913 5101 auctum,
2962 5034 3089 5105 quia
3117 5049 3262 5090 nunc
3299 5034 3513 5105 agenda
3542 5047 3753 5103 semper
3773 5031 3825 5085 in

2245 5124 2410 5177 choro
2441 5122 2638 5177 dicitur
2663 5131 2784 5193 post
2815 5137 3091 5193 vesperas,
3126 5130 3180 5177 et
3207 5137 3426 5192 semper
3462 5137 3585 5177 cum
3640 5135 3825 5176 novem

2244 5211 2588 5266 lectionibus.

2316 5300 2447 5352 CAP.
2482 5300 2601 5353 XII.
2631 5299 2868 5353 —Idem
2899 5298 3195 5369 capitulum
3249 5297 3466 5369 integre
3523 5297 3746 5352 refertur
3771 5295 3822 5350 in

2244 5386 2479 5457 antiquis
2510 5386 2719 5440 statutis
2749 5402 2867 5458 cap.
2903 5389 2968 5441 47
2997 5387 3158 5458 prim.
3199 5395 3340 5457 part.

2315 5475 2476 5528 Num.
2509 5479 2562 5530 2.
2607 5475 2754 5529 Tunc
2777 5475 3077 5543 conﬁtetur
3089 5479 3323 5545 peccata
3351 5491 3480 5532 sua.
3519 5473 3579 5528 Id
3608 5473 3676 5528 de
3705 5487 3826 5529 con-

2245 5561 2480 5617 fessione
2538 5562 2914 5616 sacramentali
2968 5577 3079 5617 non
3133 5562 3468 5634 intelligitur,
3519 5569 3572 5617 et
3615 5577 3684 5617 ne
3709 5559 3827 5616 inde

2243 5649 2476 5720 suspicio
2508 5649 2738 5704 oriretur
2766 5648 3125 5706 confessionis
3140 5650 3391 5721 publicae,
3426 5665 3547 5722 quae
3565 5664 3828 5722 nunquam
