3940 6432
101 364 215 417 657
1518 363 2129 422 CONSUETUDINES.
3338 361 3444 413 658

102 494 159 542 et
187 487 336 544 dicit
367 492 662 560 sacerdos,
698 493 819 548 Pax
850 492 980 549 huic
1011 492 1203 550 domui
1231 497 1287 548 et
1329 491 1584 550 omnibus
1617 488 2005 546 habitantibus
2035 490 2098 543 in
2127 504 2212 555 ea,
2248 503 2517 560 spargens
2545 503 2737 560 aquam
2765 493 3033 553 sanctam;
3072 484 3439 556 respondetur

106 587 325 642 Amen.

182 687 242 738 2.
280 684 450 739 Tunc
483 685 768 742 confitetur
785 694 1008 756 peccata
1037 701 1156 752 sua,
1188 693 1239 740 et
1266 693 1390 756 post
1415 685 1814 741 absolutionem
1844 685 1973 740 dicit
2001 682 2146 737 idem
2177 681 2274 752 [al.
2307 681 2457 753 item]
2488 682 2746 737 sacerdos
2781 701 2794 737 :
2835 683 3062 738 Salvum
3092 683 3185 752 fac
3215 693 3441 734 servum

115 783 297 836 tuum
321 802 342 850 ;
377 784 521 839 Esto
551 785 622 848 ei,
656 784 928 851 Domine;
961 784 1114 839 Nihil
1139 784 1422 855 proﬁciat,
1458 783 1728 839 Dominus
1747 783 2046 847 vobiscum,
2071 781 2215 834 Deus
2238 781 2336 851 qui
2354 781 2572 850 famulo
2591 784 2705 845 tuo,
2729 781 2874 834 Deus
2893 779 2988 851 qui
3005 794 3107 850 per
3127 777 3447 848 apostolum

113 881 314 933 tuum.

190 978 248 1028 3.
283 975 517 1031 Deinde
546 975 740 1033 dicitur
766 976 1029 1047 psalmus,
1061 977 1316 1043 Domine,
1351 991 1423 1030 ne
1450 978 1513 1031 in
1541 979 1734 1046 furore
1765 979 1878 1039 tuo,
1913 973 2141 1044 primus,
2174 982 2297 1044 post
2326 974 2477 1042 cujus
2508 972 2670 1028 ﬁnem
2701 971 2978 1044 inungitur
2999 970 3048 1024 ei
3071 970 3220 1026 visus
3237 977 3287 1024 et
3311 968 3446 1024 dici-

116 1078 210 1125 tur
234 1089 250 1127 :
266 1074 389 1127 Per
403 1075 583 1128 istam
597 1074 927 1130 unctionem
947 1077 1001 1128 et
1014 1090 1178 1129 suam
1192 1074 1510 1144 piissimam
1521 1072 1968 1128 misericordiam
1985 1072 2281 1140 indulgeat
2304 1071 2407 1125 tibi
2421 1073 2566 1126 Deus
2585 1069 2849 1141 quidquid
2868 1069 3114 1140 peccasti
3126 1083 3228 1138 per
3242 1068 3442 1121 visum-

195 1167 252 1220 4.
288 1167 364 1220 Et
398 1167 482 1222 ita
511 1175 634 1238 post
683 1167 1022 1240 singulorum
1070 1168 1405 1238 psalmorum
1450 1176 1658 1238 septem
1706 1165 1888 1233 ﬁnem,
1935 1167 2198 1237 repetitur
2240 1169 2358 1222 hinc
2403 1168 2598 1222 eadem
2628 1167 2797 1222 oratio
2827 1166 2898 1220 ad
2929 1164 3147 1236 singula
3167 1164 3219 1217 in
3251 1162 3448 1234 quibus

118 1263 426 1336 inungitur
458 1265 599 1333 loca,
632 1265 688 1320 id
717 1273 800 1320 est
828 1265 897 1319 ad
927 1265 1189 1333 auditum,
1223 1265 1292 1319 ad
1322 1264 1622 1328 odoratum,
1656 1263 1725 1316 ad
1753 1268 1972 1334 gustum
2003 1263 2116 1318 sive
2153 1263 2447 1336 loquelam,
2481 1264 2550 1319 ad
2581 1271 2802 1329 tactum,
2835 1262 2889 1316 id
2921 1268 3003 1317 est
3033 1261 3104 1316 ad
3135 1275 3346 1329 manus,
3380 1259 3448 1312 ad

118 1360 449 1427 incessum,
482 1361 534 1416 id
563 1369 646 1416 est
674 1361 744 1416 ad
763 1361 995 1432 plantas,
1019 1361 1088 1415 ad
1117 1361 1368 1416 ardorem
1399 1360 1659 1429 libidinis,
1692 1360 1746 1414 id
1777 1366 1858 1414 est
1889 1360 1958 1414 ad
1989 1376 2168 1415 renes.

199 1460 256 1512 5.
295 1459 512 1514 Postea
555 1459 780 1532 tergitur
815 1474 878 1514 os
926 1459 1061 1529 ejus,
1096 1466 1148 1514 et
1195 1459 1265 1512 ab
1312 1458 1582 1524 omnibus,
1629 1465 1889 1528 tanquam
1914 1456 2276 1528 profecturus,
2308 1457 2397 1528 pie
2427 1458 2770 1514 exosculatus
2795 1455 3178 1521 communicat,
3216 1461 3450 1511 cantan-

124 1553 281 1608 tibus
312 1555 414 1626 qui
448 1556 646 1610 adsunt
675 1556 1112 1612 communionem
1149 1573 1162 1608 :
1194 1557 1302 1611 Hoc
1335 1571 1556 1626 corpus.

200 1653 256 1705 6.
292 1651 436 1707 Post
466 1653 584 1708 hac
612 1653 866 1709 dicuntur
894 1653 1168 1708 orationes
1187 1652 1321 1718 istae,
1347 1654 1594 1724 Respice,
1619 1652 1880 1716 Domine;
1906 1653 2069 1718 Deus,
2092 1653 2188 1724 qui
2206 1657 2452 1724 factura:
2473 1657 2586 1709 tua:
2609 1675 2627 1720 ;
2660 1655 2826 1722 Deus,
2851 1652 2946 1725 qui
2967 1653 3215 1708 humano
3235 1651 3450 1722 generi.

1471 1767 1860 1822 CAPITULUM
1889 1767 2038 1824 XIII.

1191 1856 1469 1923 Quomodo
1499 1859 1837 1912 tractandus
1865 1859 1943 1913 sit
1968 1861 2064 1931 qui
2093 1858 2363 1914 moritur.

204 1956 258 2007 1.
291 1952 443 2008 Cum
480 1955 598 2023 jam
627 1953 723 2025 [αι.
761 1953 1003 2026 jamjam]
1046 1954 1181 2008 mori
1220 1953 1508 2019 videbitur,
1560 1954 1626 2007 ab
1675 1955 1758 2008 bis
1795 1955 1887 2026 qui
1935 1957 1985 2010 ei
2015 1955 2254 2011 serviunt
2283 1954 2442 2025 signo
2472 1953 2619 2019 dato,
2656 1951 2959 2022 postposita
2987 1949 3135 2006 omni
3164 1948 3456 2006 occasione

123 2057 444 2105 accurrunt
472 2050 667 2116 cuncti,
701 2050 806 2105 nisi
836 2066 958 2106 cum
993 2051 1092 2122 [al.
1127 2049 1329 2121 tamen]
1358 2050 1601 2106 divinum
1631 2051 1686 2104 in
1716 2051 1950 2106 ecclesia
1979 2050 2266 2123 contigerit
2295 2048 2528 2104 ofﬁcium
2559 2048 2850 2102 celebrari.

200 2149 258 2202 2.
296 2146 462 2202 Tunc
493 2147 637 2202 enim
664 2148 838 2218 prior,
887 2148 972 2203 vel
1023 2149 1110 2204 cui
1155 2149 1273 2218 ipse
1303 2148 1610 2216 injunxerit,
1645 2163 1767 2202 cum
1797 2149 2012 2204 duobus
2043 2155 2137 2202 aut
2168 2147 2336 2199 tribus
2359 2145 2427 2198 ad
2457 2145 2776 2199 morientem
2809 2143 3046 2198 festinat.
3087 2141 3459 2213 Depositoque

129 2258 196 2298 eo
227 2258 409 2314 super
441 2244 790 2300 benedictum
836 2243 1093 2310 cinerem,
1144 2243 1382 2298 litaniam
1429 2251 1590 2314 prout
1618 2261 1707 2298 res
1736 2245 1939 2315 patitur
1967 2245 2190 2315 longam
2229 2242 2314 2297 vel
2346 2242 2566 2296 brevem
2599 2239 2815 2296 faciunt.
2851 2241 3122 2310 Sequitur,
3156 2241 3331 2294 Pater
3359 2255 3459 2294 no-

132 2345 276 2407 ster,
314 2348 370 2396 et
402 2356 622 2412 preces,
657 2342 884 2397 Salvum
913 2344 1026 2411 fac,
1059 2343 1188 2396 Esto
1217 2343 1289 2407 ei,
1321 2341 1474 2396 Nihil
1501 2342 1784 2412 proﬁciat,
1835 2343 2032 2398 deinde
2076 2339 2248 2395 oratio
2293 2339 2429 2404 haec,
2465 2338 2897 2393 Misericordiam
2932 2341 3126 2403 tuam;
3156 2343 3281 2407 post
3317 2335 3457 2390 hanc

133 2437 386 2510 quinque
419 2437 636 2508 psalmi,
677 2438 844 2494 Verba
871 2454 1017 2504 mea,
1049 2440 1306 2504 Domine,
1331 2454 1402 2492 ne
1425 2438 1484 2492 in
1513 2441 1727 2508 furore,
1759 2440 1987 2510 primus,
2023 2439 2216 2494 Dilexi
2243 2438 2528 2508 quoniam,
2565 2435 2804 2502 Credidi,
2837 2437 2913 2490 De
2925 2435 3250 2506 pro/undis,
3285 2437 3456 2489 Pater

134 2539 359 2600 noster,
397 2536 440 2589 Α
475 2538 639 2606 porta
669 2535 879 2605 inferi;
906 2534 1099 2602 oratio,
1131 2535 1294 2600 Deus,
1329 2535 1422 2590 cui
1440 2537 1736 2606 praprium
1766 2540 1869 2591 est.
1905 2536 2115 2593 Exinde
2147 2536 2360 2609 agenda
2389 2533 2630 2606 plenaria
2658 2550 2780 2589 cum
2805 2533 3055 2589 laudibus
3087 2540 3141 2589 et
3169 2531 3456 2603 vesperis;

137 2639 263 2702 post
292 2633 463 2699 hanc,
499 2630 837 2687 Psalterium.

205 2731 258 2782 3.
294 2728 522 2784 Interea
550 2727 834 2784 defunctus
861 2727 1095 2782 abluitur
1125 2735 1177 2783 et
1205 2727 1471 2794 induitur;
1505 2729 1804 2783 monachus
1853 2728 2032 2785 cilicio
2066 2736 2118 2784 et
2150 2728 2378 2796 cuculla,
2411 2727 2602 2798 caligis
2634 2735 2684 2782 et
2713 2726 3042 2796 pedalibus;
3076 2725 3246 2782 laicus
3277 2726 3459 2783 tunica

142 2831 194 2879 et
221 2825 473 2895 caputio,
507 2824 698 2897 caligis
725 2833 778 2880 et
806 2824 1114 2895 pedalibus,
1144 2824 1270 2880 inde
1300 2824 1591 2896 imponitur
1619 2825 1822 2880 feretro
1852 2833 1904 2881 et
1933 2826 2243 2880 intermissa
2285 2824 2592 2896 psalmodia
2620 2825 2749 2880 dicit
2778 2825 3056 2890 sacerdos,
3091 2825 3154 2879 In
3183 2826 3459 2880 memoria

145 2926 390 2990 aeterna,
425 2924 504 2979 Ne
529 2923 720 2977 tradas
750 2923 962 2989 bestiis,
988 2939 1060 2978 ne
1088 2925 1268 2978 intres
1291 2925 1354 2978 in
1362 2923 1647 2994 judicium
1672 2941 1686 2988 ;
1723 2931 1841 2993 post
1875 2924 1992 2978 haec
2021 2923 2321 2978 orationem
2350 2923 2528 2988 istam,
2561 2924 2725 2986 Deus,
2745 2923 2838 2977 cui
2862 2923 3055 2977 omnia
3076 2923 3294 2976 vivunt.

216 3022 270 3074 4.
304 3019 408 3074 His
440 3019 670 3090 expletis
698 3018 868 3074 fertur
893 3020 950 3074 in
989 3020 1314 3086 Ecclesium,
1346 3028 1398 3075 et
1427 3027 1668 3076 cantatur
1714 3021 2138 3090 reSponsorium,
2195 3019 2362 3075 Credo
2406 3019 2549 3090 quod
2590 3020 2958 3090 Redemptor;
2998 3026 3120 3089 post
3165 3020 3284 3074 haec
3329 3018 3460 3073 dicit

149 3117 418 3171 sacerdos
450 3133 464 3170 :
499 3117 540 3172 A
567 3119 735 3186 porta
760 3116 955 3186 inferi,
981 3115 1137 3172 Nihil
1155 3117 1435 3188 preﬁciat,
1469 3118 1544 3172 Ne
1565 3120 1764 3181 intres,
1801 3118 2051 3185 Oremus,
2085 3117 2334 3186 Suscipe,
2369 3116 2619 3179 Domine,
2655 3117 2930 3170 animam.

220 3214 273 3266 5.
307 3210 500 3267 Posito
530 3219 710 3266 autem
737 3211 792 3264 in
823 3210 1055 3267 ecclesia
1098 3211 1374 3281 defuncto,
1405 3213 1667 3283 repetitur
1693 3213 1996 3283 psalmodia
2025 3212 2118 3266 ubi
2148 3211 2323 3266 fuerat
2353 3210 2661 3266 intermissa
2686 3229 2699 3276 ;
2734 3219 2786 3265 et
2814 3211 2917 3265 hoc
2947 3210 3166 3268 omnino
3195 3224 3457 3282 procura-

149 3316 237 3363 tur
282 3317 343 3364 ut
392 3311 506 3364 duo
554 3309 624 3363 ad
671 3308 849 3364 minus
898 3309 1157 3380 psalteria
1203 3310 1467 3376 dicantur,
1515 3327 1679 3365 unum
1723 3310 1778 3365 in
1809 3310 2062 3376 ecclesia,
2111 3309 2338 3365 alterum
2367 3308 2423 3362 in
2449 3309 2602 3364 cellis
2633 3325 2756 3364 cum
2786 3309 2997 3376 veniis;
3033 3309 3079 3362 si
3109 3324 3237 3364 vero
3266 3308 3334 3363 de
3365 3307 3460 3362 illo

153 3405 296 3476 quod
324 3405 384 3460 in
415 3405 651 3461 ecclesia
695 3405 986 3462 dicendum
1037 3414 1138 3472 est,
1176 3405 1436 3460 restiterit
1475 3406 1697 3478 aliquid,
1751 3407 1997 3462 redditur
2042 3408 2096 3461 in
2127 3406 2315 3472 cellis;
2350 3423 2473 3460 nam
2503 3405 2550 3460 si
2579 3414 2790 3476 tempus
2818 3405 3078 3476 permittit
3126 3405 3316 3461 eadem
3346 3405 3455 3473 die,

153 3517 261 3558 non
289 3509 479 3558 tamen
523 3501 628 3558 nisi
669 3511 796 3575 post.
839 3503 1062 3558 missam
1110 3519 1213 3575 pro
1261 3518 1327 3558 eo
1375 3512 1663 3571 cantatam,
1711 3504 1984 3574 sepelitur.
2035 3504 2128 3560 Sin
2175 3511 2376 3571 autem,
2429 3510 2675 3558 servatur
2702 3503 2759 3557 in
2788 3502 3103 3572 crastinum,
3135 3511 3460 3574 noctemque

153 3599 331 3670 ipsam
357 3599 613 3656 monachi
659 3615 782 3657 cum
824 3600 1000 3667 laicis,
1052 3607 1105 3656 et
1144 3616 1247 3672 pro
1293 3600 1376 3656 sui
1423 3617 1650 3657 numero
1681 3608 1733 3657 et
1763 3617 1866 3673 pro
1895 3600 2064 3672 ipsius
2095 3600 2393 3672 quantitate
2423 3599 2688 3666 dividunt,
2718 3599 2863 3655 circa
2892 3615 3091 3671 corpus
3137 3598 3456 3671 psalterium

151 3695 582 3769 frequentantes.

225 3797 282 3848 6.
321 3794 385 3849 In
431 3793 671 3850 crastino
699 3801 898 3861 autem,
949 3793 1120 3849 missa
1156 3794 1363 3850 cunctis
1390 3795 1752 3866 praesentibus
1781 3803 2017 3864 cantata,
2053 3797 2313 3870 sepelitur
2341 3799 2444 3853 hoc
2473 3798 2657 3855 modo.
2690 3799 2808 3853 Stat
2835 3798 3036 3854 chorus
3059 3798 3209 3866 juxta
3237 3813 3454 3868 corpus,

155 3896 206 3942 et
234 3889 364 3945 dicit
395 3889 676 3955 sacerdos,
713 3891 884 3946 Pater
898 3895 1127 3958 noster;
1157 3905 1380 3961 precem
1411 3892 1452 3946 A
1476 3895 1640 3964 porta
1659 3893 1842 3964 inferi
1862 3913 1880 3960 ;
1903 3896 2202 3951 orationem
2232 3897 2398 3963 Deus,
2434 3896 2566 3950 vita:
2595 3895 2793 3962 dator;
2824 3895 3252 3966 responsorium,
3289 3895 3458 3952 Credo

157 3985 295 4055 quod
324 3985 683 4056 Redemptor,
718 3987 879 4056 Kyrie
909 3987 1138 4049 eleison,
1173 3989 1343 4043 Pater
1373 3992 1600 4055 noster;
1631 4004 1853 4059 precem
1883 3992 1959 4047 Ne
1985 3994 2184 4061 intres,
2209 3991 2512 4046 orationem
2535 3994 2696 4058 Deus,
2721 3993 2815 4064 qui
2830 3993 3195 4059 animarum;
3227 4007 3459 4063 respon-

157 4081 376 4149 sorium,
411 4083 490 4139 Ne
519 4082 823 4138 abscondas
850 4100 958 4148 me,
1009 4085 1172 4155 Kyrie
1220 4086 1451 4151 eleison,
1484 4088 1658 4143 Pater
1699 4093 1931 4156 noster;
1963 4105 2203 4160 precem,
2236 4091 2312 4145 Ne
2364 4090 2552 4145 tradas
2583 4090 2798 4156 bestiis,
2831 4089 3006 4144 oratio
3037 4091 3156 4146 Non
3188 4093 3371 4148 intres
3393 4095 3458 4148 in

147 4178 468 4246 judicium;
501 4180 931 4251 responsorium,
965 4183 1041 4238 Ne
1073 4183 1278 4249 intres,
1313 4185 1473 4256 Kyrie
1502 4186 1734 4251 eleison,
1771 4188 1946 4242 Pater
1974 4191 2207 4252 noster;
2232 4202 2472 4257 precem,
2509 4188 2771 4260 Requiem
2800 4191 3106 4251 aeternam;
3129 4188 3451 4254 orationem,

159 4277 283 4345 Fac,
315 4293 658 4350 quaesumus,
689 4280 944 4334 Domine.

225 4377 277 4429 7.
310 4377 464 4432 Tunc
491 4385 736 4448 portatur
764 4378 835 4432 ad
863 4378 1148 4444 tumulum,
1181 4395 1305 4434 cum
1331 4379 1416 4434 his
1445 4381 1690 4450 psalmis,
1724 4379 1787 4434 In
1815 4382 1980 4435 exitu
2012 4381 2208 4445 Israel,
2253 4380 2509 4435 Miserere
2547 4381 2678 4447 mei,
2704 4380 2870 4449 Deus,
2897 4377 3257 4448 Conﬁtemini
3278 4395 3452 4448 cxvu,

161 4469 652 4540 Quemadmodum,
683 4475 976 4543 Memento,
1010 4477 1264 4542 Domine,
1283 4478 1532 4548 probasti
1553 4494 1658 4544 me,
1688 4478 1928 4543 Inclina,
1954 4477 2202 4534 Laudate
2223 4478 2524 4533 Dominum
2549 4477 2614 4532 de
2635 4477 2806 4545 caelis,
2833 4477 3168 4534 Benedictus
3186 4479 3455 4534 Dominus

162 4567 302 4625 Deus
321 4571 519 4638 Israel,
539 4571 879 4643 Magniﬁcat.

1517 4644 2087 4700 COMMENTARIUS.

162 4733 255 4790 fuit
281 4737 337 4792 in
362 4754 468 4793 usu
496 4737 639 4809 apud
667 4753 786 4807 nos,
817 4737 921 4794 nisi
941 4753 1041 4810 pro
1063 4747 1214 4795 certo
1235 4756 1441 4810 genere
1463 4741 1746 4812 culparum
1768 4747 1821 4804 Α
1853 4757 1990 4806 mus,
2026 4749 2079 4795 et
2107 4748 2233 4796 tunc
2259 4755 2356 4812 pro
2386 4739 2745 4811 praesentibus
2775 4747 2982 4796 tantum
3011 4741 3239 4797 mortuis
3259 4743 3455 4799 redde-

163 4822 216 4877 in
243 4827 452 4882 statutis
495 4842 874 4897 expressarum
895 4869 910 4894 ,
944 4844 1065 4899 qua:
1106 4828 1162 4882 in
1210 4829 1444 4900 capitulo
1473 4846 1748 4902 recogno-
1852 4829 2030 4897 batur,
2067 4837 2287 4901 eratque
2318 4828 2514 4884 devota
2535 4828 2815 4900 occupatio
2836 4844 3045 4894 eorum,
3071 4830 3163 4902 qui
3184 4831 3457 4887 custodie-

167 4921 404 4982 scuntur,
438 4915 494 4969 id
513 4914 746 4971 lucidius
774 4915 832 4970 in
859 4916 1136 4972 modernis
1165 4918 1381 4972 statutis
1411 4919 1746 4990 exprimitur,
1853 4918 1980 4972 bant
2008 4932 2211 4988 corpus
2240 4915 2508 4974 defuncti.
2548 4917 2759 4972 Exinde
2788 4917 2843 4972 id
2872 4931 3194 4973 conversum
3223 4918 3340 4984 fuit,
3357 4935 3455 4991 per

167 4999 254 5056 ubi
297 5003 498 5060 dicitur
544 5004 692 5075 quod
730 5012 971 5077 aegrotus
1019 5005 1170 5073 dicit,
1224 5005 1502 5076 Conﬁteor
1547 5010 1675 5074 Deo,
1701 5016 1752 5063 et
1853 5006 2303 5062 consuetudinem
2329 5022 2360 5060 a
2389 5006 2759 5077 singularibus
2790 5005 3046 5062 domibus
3065 5007 3450 5076 introductam,

168 5089 338 5146 subdit
366 5092 645 5159 sacerdos,
680 5094 1030 5160 Misereatur,
1065 5103 1170 5150 etc.
1854 5095 1909 5148 in
1939 5094 2220 5166 quoddam
2247 5095 2591 5165 beneficium,
2627 5095 2773 5167 quod
2795 5095 3147 5152 saecularibus
3163 5097 3326 5153 etiam
3348 5097 3453 5153 ali-

233 5177 432 5237 Eadem
453 5181 526 5237 ad
554 5181 790 5238 litteram
819 5198 966 5240 nunc
997 5198 1297 5240 servamus.
1857 5183 2074 5255 quando
2120 5183 2530 5239 concederetur.
2583 5184 2785 5240 Contra
2831 5185 2976 5242 hanc
3005 5186 3456 5242 consuetudinem

1855 5288 1924 5328 ne
1955 5281 2311 5339 excresceret,
2344 5280 2398 5328 et
2418 5273 2544 5328 inde
2573 5273 2828 5329 monachi
2857 5281 3236 5345 gravarentur,
3270 5275 3452 5331 recla-

1857 5368 2137 5415 maverunt
2166 5360 2373 5432 antiqui
2420 5362 2630 5428 Patres,
2682 5369 2740 5416 ut
2779 5361 2966 5418 videre
3010 5370 3092 5418 est
3119 5363 3276 5433 prim.
3311 5371 3451 5433 part.

1857 5448 2025 5519 antiq.
2065 5448 2260 5504 Statut.
2308 5463 2428 5518 cap.
2468 5450 2553 5519 49,
2580 5465 2728 5504 num.
2766 5453 2831 5504 15
2861 5457 2914 5505 et
2946 5453 3031 5514 16,
3066 5457 3119 5506 et
3145 5450 3202 5504 in
3229 5450 3455 5505 ordina-

235 5521 389 5580 Num.
413 5529 520 5584 2-5.
546 5528 682 5582 Post
699 5528 846 5584 hanc
867 5530 1233 5596 Psalterium,
1257 5537 1382 5596 etc.,
1409 5531 1508 5589 hoc
1525 5534 1756 5590 omnino
1857 5537 2094 5592 tionibus
2122 5536 2356 5606 plurium
2377 5537 2732 5606 capitulorum
2760 5537 3095 5612 generalium
3111 5580 3125 5608 ,
3157 5539 3225 5594 de
3255 5539 3454 5609 quibus

171 5619 516 5679 procuratur,
555 5618 623 5670 ut
660 5615 770 5672 duo
798 5619 871 5672 ad
911 5619 1104 5674 minus
1150 5620 1435 5674 Psalteria
1465 5621 1752 5688 dicantur,
1858 5624 1988 5679 alibi
2017 5623 2190 5680 fusius
2221 5625 2557 5681 tractabitur.

177 5710 342 5785 unum
369 5705 431 5758 in
452 5704 709 5771 ecclesia,
733 5706 986 5761 alterum
1014 5708 1078 5761 in
1099 5707 1260 5763 cellis
1281 5722 1413 5763 cum
1433 5710 1632 5764 veniis.
1657 5709 1757 5765 Hic
1927 5713 1989 5766 In
2030 5713 2241 5768 statutis
2290 5714 2568 5769 modernis
2618 5715 2808 5769 eadem
2850 5731 3076 5785 prorsus
3121 5714 3450 5783 referuntur,

180 5783 331 5845 habes
361 5791 629 5866 originem
675 5791 935 5866 suffragii,
986 5796 1132 5867 quod
1160 5797 1564 5854 monachatum
1593 5813 1756 5854 voca-
1861 5801 1958 5856 sed
1986 5799 2148 5856 latius
2179 5809 2230 5857 et
2253 5801 2558 5856 distinctius
2587 5802 2852 5858 ordinata.

869 5915 931 5947 ὁ

234 5328 357 5385 CAP.
391 5333 540 5387 XIII.
573 5362 640 5375 --
688 5333 836 5388 Idem
866 5334 1160 5405 capitulum
1187 5335 1401 5408 integre
1434 5335 1671 5392 refertur
1699 5337 1754 5391 in

171 5416 391 5490 antiquis
413 5421 626 5476 statutis
654 5437 777 5493 cap.
811 5423 879 5478 47
908 5423 1068 5494 prim.
1101 5431 1235 5494 part.
