3940 6414
436 368 538 421 659
1293 364 1633 422 GUIGONIS
1671 365 1692 418 Ῑ
1731 361 2033 419 CARTHUE

2173 357 2466 415 MAJORIS
2505 357 2778 415 PRIORIS
2814 359 2878 413 V.
3624 355 3746 408 660

509 492 559 542 8.
586 487 722 542 Cum
751 493 970 541 ventum
1001 493 1081 540 est
1111 486 1181 540 ad
1210 486 1536 557 sepulcrum,
1571 486 1700 542 dicit
1731 485 2006 550 sacerdos,
2039 485 2209 538 Pater
2251 489 2462 551 noster,
2496 483 2535 538 Α
2557 487 2719 555 porta
2738 482 2952 552 inferi;
2984 478 3280 534 orationem
3312 477 3444 544 Tibi,
3469 478 3744 543 Domine,

437 583 913 640 commendamus.
945 583 1095 638 Tunc
1125 583 1397 638 benedicit
1445 583 1646 637 fossam
1689 589 1742 637 et
1789 579 2030 651 aspergit
2057 593 2194 649 aqua
2225 585 2409 633 sancta
2439 585 2492 632 et
2520 577 2806 645 thurificat,
2839 576 3037 630 deinde
3065 575 3281 645 ponitur
3309 589 3507 644 corpus
3531 573 3590 626 in
3618 587 3697 627 ea
3722 591 3740 638 ;

433 689 486 737 et
515 681 641 735 dum
670 679 915 750 operitur
941 678 1072 733 dicit
1100 679 1356 733 sacerdos
1386 679 1664 734 orationes
1693 678 1842 744 istas,
1875 675 2084 731 caeteris
2109 673 2399 744 praedictos
2438 673 2678 744 psalmos
2723 671 3063 740 canentibus,
3115 671 3499 735 Obsecramus,
3553 673 3735 732 Deus,

435 777 586 849 apud
614 792 797 849 quem,
826 777 912 841 Te,
945 777 1197 840 Domine,
1235 775 1485 842 Oremus,
1515 777 1748 844 fratres,
1780 774 1924 828 Deus
1954 771 2050 843 qui
2058 771 2256 841 justis,
2292 770 2550 825 Debitum
2583 768 2838 833 humani,
2869 769 3223 824 Temeritatis
3257 767 3498 837 quidem,
3521 766 3736 822 Omni-

436 873 683 945 potentis
704 872 822 938 Dei,
854 871 1096 938 Inclina,
1130 871 1380 925 Domine.

505 973 558 1023 9.
593 967 801 1036 Quibus
831 966 1034 1037 pariter
1062 973 1115 1020 et
1144 965 1370 1020 Psalmis
1400 963 1629 1034 expletis
1661 963 1906 1034 sequitur
1937 965 2108 1018 Pater
2134 966 2346 1027 noster,
2378 968 2430 1016 et
2459 960 2738 1015 orationes
2769 960 2902 1026 Tibi,
2949 960 3200 1024 Domine,
3240 957 3733 1023 commendamus,

435 1073 487 1119 et
515 1067 680 1131 Deus,
714 1065 876 1131 cuius
905 1063 1296 1117 miseratione.
1335 1061 1546 1116 Dehinc
1574 1077 1603 1113 a
1634 1059 1886 1130 sepulcro
1916 1060 2146 1115 redeunt
2191 1064 2474 1114 cantantes
2525 1058 2784 1113 Miserere
2825 1057 2956 1122 mei,
2991 1057 3157 1121 Deus,
3188 1062 3239 1109 et
3266 1054 3321 1108 in
3351 1053 3590 1110 ecclesia
3619 1055 3736 1109 hac

433 1159 681 1215 oratione
710 1165 880 1212 totum
913 1156 1188 1226 complent
1215 1153 1470 1222 olﬁcium,
1504 1155 1780 1210 Fidelium
1804 1155 1970 1209 Deus.

1800 1271 2192 1328 CAPITULUM
2222 1271 2369 1326 XIV.

1641 1359 1783 1416 Item
1805 1359 1871 1415 de
1902 1376 2041 1414 cura
2067 1364 2440 1415 mortuorum.

506 1463 563 1514 l.
603 1458 684 1513 Ab
714 1458 834 1528 ipso
879 1464 1060 1512 autem
1108 1455 1400 1527 sepulturae
1454 1455 1542 1510 die
1590 1471 1764 1526 usque
1795 1455 1862 1510 ad
1894 1455 2248 1521 tricesimum,
2275 1451 2520 1524 quotidie
2551 1465 2652 1520 pro
2683 1465 2769 1516 eo,
2802 1465 2912 1506 non
2942 1457 3123 1507 tamen
3154 1451 3209 1506 in
3241 1458 3528 1520 conventu,
3559 1449 3738 1504 missa

434 1563 702 1622 cantatur,
735 1562 787 1608 et
833 1553 1011 1624 prima
1056 1553 1111 1607 in
1153 1553 1381 1624 agendis
1410 1552 1586 1607 oratio
1627 1553 1677 1607 ei
1723 1553 2031 1622 specialiter
2078 1552 2385 1622 deputatur.
2431 1549 2739 1618 Notatoque
2768 1548 2821 1601 in
2850 1547 3236 1620 Martyrologio
3267 1547 3443 1602 obitus
3473 1546 3588 1615 ejus
3617 1545 3736 1611 die,

434 1667 653 1720 semper
681 1648 1054 1703 anniversaria
1084 1647 1139 1701 in
1168 1654 1437 1702 conventu
1466 1663 1566 1717 pro
1597 1662 1663 1701 eo
1693 1647 1879 1711 missa,
1914 1646 2092 1701 hieme
2122 1653 2264 1716 post,
2298 1650 2484 1698 aestate
2514 1651 2636 1697 ante
2667 1643 2920 1713 primam,
2951 1645 3274 1700 celebratur.

502 1750 557 1803 2.
589 1747 671 1800 Eo
699 1753 878 1800 autem
907 1745 995 1798 die
1025 1759 1138 1815 quo,
1162 1743 1447 1799 defunctus
1476 1743 1755 1813 sepelitur,
1787 1744 1954 1798 cellas
1985 1742 2180 1798 fratres
2211 1751 2397 1798 tenere
2427 1757 2535 1796 non
2573 1748 2859 1812 coguntur,
2893 1748 2946 1796 et
2972 1741 3354 1796 consolationis
3381 1743 3571 1813 gratia,
3607 1744 3720 1811 bis,

431 1842 536 1896 nisi
564 1841 899 1912 praecipuum
921 1840 1185 1910 jejunium
1212 1840 1392 1907 fuerit,
1426 1839 1587 1894 simul
1619 1847 1930 1895 vescuntur.

504 1941 556 1992 3.
589 1938 657 1991 Et
700 1938 805 1993 hoc
853 1937 1150 1998 sciendum,
1183 1937 1329 2009 quod
1365 1936 1480 1991 sine
1508 1935 1614 1990 ulla
1644 1951 1997 2006 personarum
2029 1936 2364 2006 acceptione,
2401 1950 2502 2006 pro
2532 1935 2785 1990 omnibus
2813 1933 3080 1990 defunctis
3112 1935 3314 1990 nostris
3354 1936 3500 1991 idem
3528 1943 3582 1991 et
3611 1950 3716 2007 par

433 2033 667 2090 officium
692 2033 940 2099 facimus,
969 2033 1101 2088 nihil
1127 2049 1229 2104 pro
1266 2033 1531 2088 monacho
1579 2033 1701 2103 plus
1731 2047 1893 2104 quam
1921 2049 2022 2102 pro
2053 2033 2211 2097 laico,
2241 2033 2327 2088 vel
2357 2047 2458 2102 pro
2486 2031 2712 2102 prelato
2740 2047 2899 2102 quam
2919 2047 3021 2102 pro
3051 2032 3264 2086 subdito
3291 2031 3388 2104 [αι.
3423 2031 3718 2105 subjecto].

503 2133 556 2185 ι.
590 2131 695 2185 Pro
725 2129 1164 2185 benefactoribus
1192 2146 1321 2185 vero
1353 2130 1571 2195 nostris,
1606 2137 1831 2200 excepta
1863 2129 2086 2184 assidua
2113 2129 2652 2195 commemoratione,
2686 2145 2808 2200 quae
2836 2127 2896 2182 ﬁt
2922 2144 3138 2198 semper
3165 2128 3219 2182 in
3245 2129 3501 2198 precibus
3531 2129 3722 2185 eccle-

433 2226 635 2282 siastici
664 2225 844 2291 ofﬁcii,
876 2227 1174 2297 penultima
1205 2226 1260 2281 in
1287 2227 1538 2281 omnibus
1563 2226 1792 2299 agendis
1840 2226 2012 2281 oratio
2051 2226 2265 2292 dicitur,
2308 2235 2361 2281 et
2391 2242 2490 2296 per
2518 2225 2761 2298 singulas
2790 2225 3158 2280 hebdomadas
3185 2233 3291 2279 tam
3320 2241 3422 2295 pro
3451 2225 3531 2281 eis
3561 2241 3733 2297 quam

428 2337 526 2392 pro
573 2321 826 2376 omnibus
875 2322 1033 2390 hujus
1077 2322 1181 2377 loci
1228 2323 1635 2390 habitatoribus,
1687 2331 1740 2377 et
1786 2321 2167 2377 universaliter
2213 2339 2311 2393 pro
2357 2323 2567 2378 cunctis
2599 2322 2848 2378 fidelibus
2880 2321 3151 2380 defunctis
3179 2323 3248 2376 ab
3276 2320 3731 2384 hebdomadario,

427 2425 613 2474 aestate
645 2425 768 2474 ante
798 2417 1050 2489 primam,
1085 2419 1262 2474 hieme
1293 2427 1435 2489 post,
1469 2420 1639 2474 missa
1666 2435 1770 2473 una
1798 2427 2068 2475 cantatur.

589 2513 731 2568 Raro
771 2513 970 2585 quippe
1016 2513 1104 2569 hic
1147 2514 1318 2568 missa
1367 2514 1601 2581 canitur,
1643 2515 1900 2586 quoniam
1937 2515 2206 2586 praecipue
2255 2517 2493 2572 studium
2537 2525 2591 2572 et
2636 2515 2968 2588 propositum
3012 2525 3259 2571 nostrum
3306 2525 3388 2572 est
3433 2515 3651 2572 silentio
3680 2525 3740 2571 et

429 2610 705 2666 solitudini
729 2611 880 2666 cellae
910 2627 1105 2666 vacare
1129 2613 1283 2680 juxta
1313 2612 1444 2666 illud
1474 2613 1725 2668 Ieremia
1754 2632 1772 2666 :
1801 2613 2018 2668 Sedebit
2047 2614 2340 2669 solilarius
2368 2619 2424 2669 et
2459 2614 2664 2670 tacebit
2693 2613 2922 2682 (Thren.
2948 2613 3031 2681 ιιι)
3052 2630 3066 2678 ;
3091 2621 3142 2667 et
3161 2612 3290 2667 alibi
3314 2630 3327 2666 :
3353 2614 3392 2668 A
3421 2615 3568 2684 [acie
3600 2629 3735 2667 ma-

431 2725 542 2763 nus
580 2712 694 2764 tute
722 2709 873 2763 solus
913 2709 1186 2775 sedebam,
1219 2689 1351 2780 quia
1387 2710 1828 2764 comminatione
1858 2710 2088 2780 replesti
2116 2726 2206 2765 me
2233 2711 2470 2782 (Jerem:
2504 2710 2625 2781 xv).
2657 2710 2804 2764 Nihil
2835 2709 2976 2764 enim
3013 2709 3343 2764 laboriosius
3373 2709 3428 2762 in
3457 2708 3736 2764 exercitiis

432 2802 734 2874 disciplinae
779 2803 1050 2876 regularis
1096 2805 1426 2859 arbitramur
1456 2821 1616 2876 quam
1647 2805 1916 2860 silentium
1947 2805 2252 2860 solitudinis
2280 2815 2334 2862 et
2363 2807 2620 2878 quietem.
2665 2805 2820 2862 Unde
2850 2813 2903 2862 et
2932 2807 3120 2860 beatus
3162 2805 3498 2877 Augustinus
3553 2805 3684 2859 dicit
3718 2822 3734 2862 :

434 2902 644 2956 Amici:
665 2901 833 2971 hujus
853 2900 1056 2956 mundi
1075 2902 1223 2956 nihil
1245 2917 1359 2957 esse
1386 2901 1716 2958 laboriosius
1737 2919 1904 2974 quam
1921 2917 2037 2956 non
2054 2902 2326 2959 laborare.
2351 2902 2459 2958 Sed
2479 2903 2596 2957 haec
2616 2902 2908 2969 hactenus;
2932 2916 3077 2956 nunc
3098 2909 3297 2957 caetera
3312 2917 3734 2973 prosequamur.

1789 3024 2358 3081 COMMENTARIUS.

505 3119 637 3174 CAP.
668 3118 814 3174 XIV.
849 3149 918 3159 —
944 3119 1113 3172 Num.
1156 3123 1205 3174 1.
1239 3120 1315 3175 Ab
1343 3122 1462 3191 ipso
1500 3125 1693 3176 autem
1721 3123 2026 3193 sepulturae
2044 3124 2098 3181 Α
2125 3138 2318 3176 munes
2348 3129 2400 3176 et
2429 3121 2484 3174 in
2512 3121 2597 3175 his
2626 3120 3118 3175 Consuetudinibus
3152 3120 3484 3190 designatas,
3509 3135 3542 3175 a
3563 3135 3740 3176 saecu-

441 3205 530 3261 die
561 3221 732 3278 usque
762 3206 834 3260 ad
865 3208 1235 3262 tricesimum.
1258 3207 1356 3262 Ilic
1377 3207 1547 3262 habes
1564 3208 1830 3280 originem
1852 3208 2040 3264 suffra-

436 3293 531 3364 gii,
565 3293 710 3363 quod
741 3309 885 3349 nunc
917 3294 1293 3349 tricenarium
1309 3310 1589 3360 vocamus,
1610 3305 1658 3351 et
1679 3312 1780 3366 per
1795 3297 2037 3366 privatas

438 3381 637 3434 missas
667 3380 933 3450 redditur,
978 3389 1208 3452 excepta
1236 3383 1429 3452 prima,
1465 3399 1584 3454 quae
1612 3383 2038 3439 conventualiter

447 3468 642 3523 dicitur
667 3468 720 3522 in
751 3468 839 3524 die
887 3469 1200 3540 sepulturae.
1247 3471 1314 3525 Et
1345 3486 1410 3525 ex
1440 3471 1545 3526 hoc
1585 3471 1820 3541 capitulo
1859 3472 2037 3526 abun-

443 3555 657 3612 dantius
704 3557 964 3628 probatur
1009 3574 1169 3612 usum
1206 3557 1514 3629 frequenter
1554 3559 1866 3614 celebrandi
1894 3561 2039 3630 apud

448 3659 550 3699 nos
577 3644 778 3699 missas
807 3645 1217 3712 conventuales,
1252 3654 1413 3718 atque
1445 3646 1606 3701 etiam
1633 3662 1743 3702 non
1771 3663 1893 3702 raro
1921 3648 2039 3718 pri-

442 3739 595 3788 vatas
635 3731 804 3786 fuisse
826 3733 893 3786 ab
923 3733 1076 3788 initio
1105 3734 1474 3789 observatum.

509 3820 675 3874 Num.
705 3824 759 3876 2.
799 3819 980 3876 Cellas
1023 3825 1254 3891 fratres,
1288 3830 1392 3878 etc.
1444 3824 1587 3878 Usus
1640 3823 1742 3878 iste
1771 3822 1869 3877 fuit
1896 3823 2039 3894 apud

440 3922 543 3962 nos
574 3914 764 3978 postea
796 3915 1091 3977 correctus,
1123 3917 1176 3964 et
1203 3925 1343 3964 nunc
1373 3910 1567 3964 diebus
1598 3910 1883 3980 sepulturae
1912 3911 2038 3966 nul-

440 3995 553 4049 lum
610 3995 844 4050 habetur
897 3995 1264 4068 colloquium;
1295 3997 1380 4052 bis
1426 4006 1606 4053 tamen
1656 3999 1833 4054 adhuc
1881 3999 2040 4054 simul

441 4081 781 4137 comedimus
811 4083 867 4136 in
897 4082 1202 4140 refectorio.

511 4169 674 4224 Num.
707 4174 758 4224 3.
785 4171 935 4226 Idem
955 4176 1010 4227 ct
1024 4189 1134 4244 par
1153 4174 1418 4243 oﬂicium.
1444 4174 1574 4228 Inde
1597 4173 1754 4228 nobis
1775 4173 2042 4229 indicatur

442 4271 603 4327 quam
635 4257 825 4312 sedulo
859 4259 1020 4328 primi
1048 4260 1256 4314 ordinis
1281 4262 1467 4315 Patres
1490 4261 1768 4316 charitatis
1790 4262 2041 4317 exhibita

441 4344 802 4414 aequalitatem
833 4346 974 4400 inter
1002 4363 1128 4401 suos
1157 4349 1368 4402 servari
1398 4348 1618 4414 vellent,
1650 4363 1813 4420 quam
1843 4350 2041 4404 imitari

2135 3210 2340 3264 laribus
2370 3216 2774 3279 expeterentur,
2806 3216 2859 3263 et
2887 3209 3117 3263 maxime
3148 3208 3216 3263 de
3247 3209 3353 3262 illis
3382 3216 3568 3263 contra
3598 3224 3738 3278 quas

2135 3297 2404 3352 invehitur
2432 3313 2551 3366 cap.
2584 3298 2671 3364 41,
2704 3312 2758 3350 n.
2785 3298 2834 3361 ι,
2870 3296 2960 3350 ubi
2991 3296 3119 3350 dicit
3153 3313 3166 3350 :
3200 3295 3528 3352 Audiuimus
3557 3298 3734 3362 enim,

2135 3386 2276 3458 quod
2304 3401 2418 3440 non
2445 3385 2762 3455 probamus,
2785 3385 3073 3456 plerosque
3095 3384 3261 3439 toties
3281 3384 3572 3454 splendide
3601 3399 3736 3440 con-

2136 3474 2334 3539 vivari,
2365 3475 2673 3543 missasque
2702 3475 2892 3543 facere
2919 3475 3171 3543 paratos,
3197 3473 3413 3543 quoties
3437 3473 3616 3543 aliqui
3631 3488 3739 3543 pro

2136 3563 2254 3616 suis
2278 3563 2357 3616 eis
2370 3561 2652 3617 voluerint
2670 3561 2932 3614 exhibere
2947 3560 3255 3630 defunctis,
3272 3567 3376 3614 etc.
3395 3559 3584 3614 Statim
3601 3573 3740 3630 ergo

2138 3657 2301 3720 atque
2333 3648 2444 3718 egit
2474 3647 2542 3701 de
2588 3647 2814 3717 speciali
2860 3646 3026 3700 missa
3073 3662 3174 3716 pro
3220 3645 3656 3701 benefactoribus
3685 3654 3745 3701 et

2139 3736 2349 3791 cunctis
2379 3735 2632 3790 fidelibus
2684 3734 2973 3800 defunctis,
3005 3734 3236 3806 singulis
3278 3742 3480 3788 tantum
3523 3734 3738 3789 hebdo-

2138 3824 2389 3879 madibus
2426 3823 2772 3888 celebranda,
2825 3830 2987 3892 prout
3029 3822 3191 3877 etiam
3223 3838 3364 3877 nunc
3393 3825 3734 3889 observatur,

2139 3913 2206 3966 ad
2234 3912 2432 3967 missas
2461 3911 2581 3965 illas
2611 3911 2962 3976 convertitur,
2996 3926 3132 3981 quas
3165 3909 3502 3980 temporibus
3521 3909 3627 3964 illis
3645 3926 3745 3980 pa-

2140 4007 2323 4055 rentes
2349 3998 2726 4054 defunctorum
2758 3998 3086 4068 expetebant
3112 3997 3374 4053 celebrari
3392 4014 3421 4051 a
3438 3998 3742 4064 monachis,

2140 4089 2210 4143 ad
2252 4103 2390 4160 quos
2434 4088 2595 4141 simul
2643 4087 2931 4142 mittebant
2961 4086 3162 4141 bonum
3196 4086 3500 4156 prandium,
3529 4086 3597 4140 de
3628 4102 3739 4156 quo

2139 4176 2368 4246 loquens
2398 4183 2616 4230 sanctus
2663 4173 2748 4230 vir
2775 4174 2926 4240 dicit,
2969 4172 3258 4246 splendide
3290 4174 3593 4239 convivari,
3632 4181 3736 4227 etc.

2140 4264 2252 4317 Has
2282 4278 2416 4332 ergo
2445 4262 2639 4316 missas
2670 4261 2978 4332 specialiter
3009 4261 3062 4314 in
3095 4269 3276 4316 mente
3306 4261 3560 4315 habuisse
3589 4259 3741 4314 arbi—

2141 4358 2366 4417 tramur,
2401 4350 2531 4404 dum
2560 4350 2690 4404 dicit
2723 4365 2735 4402 :
2763 4352 2906 4404 Raro
2927 4349 3127 4421 quippe
3167 4348 3256 4403 hic
3278 4347 3532 4420 [subaudi
3553 4349 3742 4418 hujus-

437 4431 720 4500 debemus,
755 4441 808 4487 et
839 4448 946 4488 non
977 4441 1086 4488 tam
1114 4433 1274 4489 facile
1305 4435 1602 4507 singularia
1623 4435 1888 4491 beneficia
1908 4445 2036 4506 post
2079 4467 2128 4526 B
2149 4436 2321 4508 modi]
2350 4439 2526 4492 missa
2553 4439 2825 4501 canitur,-
2855 4444 2908 4491 et
2936 4436 3117 4490 subdit
3147 4436 3431 4501 rationem,
3470 4436 3735 4507 quoniam

440 4527 674 4574 mortem
711 4521 990 4575 reddenda
1019 4522 1294 4592 postulare
1329 4531 1419 4577 aut
1448 4524 1768 4579 concedere.
1795 4525 2047 4594 Singula~

449 4607 578 4660 ritas
611 4608 752 4662 enim
785 4609 1030 4663 cbaritati
1059 4610 1325 4682 derogare
1366 4611 1596 4676 videtur,
1629 4613 1758 4665 dum
1787 4613 1925 4666 alius
1953 4612 2043 4666 alii

446 4694 727 4764 praefertur
758 4696 814 4749 in
843 4697 1040 4750 auxilio
1093 4699 1417 4768 praestando.
1466 4701 1596 4754 Inde
1628 4701 1788 4754 etiam
1819 4709 2046 4770 apparet

445 4790 708 4852 quantum
738 4798 838 4838 nos
880 4799 1071 4839 omnes
1117 4785 1320 4840 distare
1370 4787 1570 4841 vellent
1607 4804 1639 4842 a
1679 4803 2038 4857 personarum

441 4870 772 4941 acceptione.
806 4871 1129 4942 Superiores
1159 4889 1291 4928 vero
1321 4874 1389 4928 ab
1409 4875 1680 4939 omnibus,
1707 4891 1828 4946 quae
1850 4892 2039 4946 super-

440 4957 644 5027 cilium,
678 4958 896 5021 fastum,
927 4969 1020 5014 aut
1049 4962 1428 5034 singularitem
1456 4963 1714 5018 redolent.

441 5123 446 5128 .
511 5046 674 5100 Num.
695 5049 745 5100 4.
762 5049 837 5103 Ab
850 5048 1278 5106 hebdomadario
1289 5054 1487 5106 testate
1500 5053 1914 5122 anteprimam,
1932 5060 2036 5106 etc.

442 5133 522 5187 De
543 5135 831 5190 sacerdote
852 5137 1279 5193 hebdomadario
1302 5138 1389 5194 hic
1409 5138 1464 5192 fit
1483 5139 1684 5194 mentio
1711 5146 1763 5193 et
1784 5141 1853 5194 de
1874 5139 2041 5194 missa

443 5237 566 5291 quae
596 5238 695 5291 pro
725 5223 1160 5279 benefactoribus
1190 5232 1243 5279 et
1274 5241 1374 5295 pro
1417 5227 1625 5280 cunctis
1655 5226 1904 5281 fidelibus
1935 5227 2038 5280 de-

443 5308 640 5364 functis
670 5310 900 5380 singulis
947 5313 1384 5367 hebdomadibus
1422 5314 1676 5384 privatim
1706 5315 2034 5369 celebratur.

449 5394 590 5462 Quid
620 5413 756 5470 ergo
785 5398 888 5452 sibi
917 5400 1030 5454 vult
1059 5401 1122 5454 R.
1156 5401 1216 5454 P.
1257 5401 1458 5473 Guigo.
1491 5402 1618 5456 dum
1637 5402 1818 5456 subdit
1848 5422 1866 5456 :
1898 5405 2040 5458 Raro

447 5486 650 5556 quippe
671 5487 760 5540 hic
791 5488 964 5542 missa
985 5489 1220 5543 canitur
1238 5489 1266 5542 ?
1295 5489 1476 5544 Facile
1499 5489 1585 5544 hic
1609 5498 1818 5544 erratur
1838 5489 1941 5543 nisi
1966 5490 2044 5542 in-

449 5571 722 5642 telligatur
748 5574 816 5628 dc
847 5575 1042 5644 quibus
1073 5575 1252 5629 missis
1298 5577 1384 5631 hic
1424 5577 1661 5647 loquitur
1691 5577 1774 5631 vir
1801 5585 2037 5631 sanctus.

450 5658 642 5731 Agitur
673 5676 803 5730 ergo
851 5662 936 5716 hic
964 5662 1239 5733 praecipue
1269 5664 1335 5718 de
1367 5664 1546 5719 missis
1575 5681 1694 5734 qua:
1723 5664 1862 5720 ultra
1894 5679 2042 5720 com-

2152 4527 2430 4596 prascipue
2452 4524 2706 4580 studium
2726 4529 2785 4579 et
2797 4526 3149 4595 propositum
3168 4528 3426 4579 nostrum
3448 4527 3555 4589 est,
3569 4524 3738 4578 silen-

2150 4615 2249 4678 tio,
2285 4621 2389 4668 etc.
2423 4613 2683 4667 Parentes
2710 4613 2853 4666 enim
2882 4612 2985 4682 ipsi
3015 4613 3086 4666 ad
3106 4611 3494 4666 monasterium
3512 4611 3734 4665 accede-

2145 4701 2274 4754 bant
2318 4700 2541 4754 missam
2596 4699 2849 4768 audituri,
2908 4707 2961 4754 et
3015 4698 3237 4754 forsitan
3291 4707 3482 4769 postea
3538 4698 3732 4752 ibidem

2143 4789 2418 4858 pransuri,
2450 4788 2597 4858 quod
2627 4803 2659 4842 a
2702 4787 2902 4842 silentii
2947 4794 2998 4842 et
3032 4785 3337 4842 solitudinis
3381 4785 3654 4856 proposito
3683 4793 3737 4840 et

2141 4877 2321 4930 studio
2352 4876 2591 4931 alienum
2631 4884 2767 4930 erat.
2801 4876 2907 4930 Sed
2930 4875 3051 4946 quia
3076 4876 3227 4930 locus
3246 4875 3348 4928 iste
3369 4873 3528 4929 valde
3548 4873 3741 4930 obscu-

2143 4981 2237 5018 rus
2266 4973 2400 5027 erat,
2436 4963 2540 5017 ista
2571 4964 2761 5028 verba,
2799 4980 2933 5020 raro
2963 4965 3166 5036 quippe
3190 4963 3280 5018 hic
3295 4964 3464 5017 missa
3485 4963 3732 5026 canitur,

2141 5052 2196 5105 in
2226 5051 2457 5122 antiquis
2505 5052 2720 5105 statutis
2772 5068 2880 5106 non
2912 5050 3125 5105 fuerunt
3154 5051 3346 5120 posita.
3379 5051 3580 5104 Caetera
3609 5063 3735 5104 vero

2141 5139 2194 5193 in
2228 5139 2360 5209 ipsis
2391 5139 2703 5194 referuntur
2732 5140 2894 5208 prim.
2927 5147 3063 5208 part.
3094 5154 3216 5208 cap.
3250 5140 3338 5204 £8,
3362 5153 3417 5191 n.
3439 5141 3488 5201 1,
3513 5152 3631 5205 cap.
3649 5139 3733 5205 t7,

2140 5243 2194 5280 n.
2228 5231 2316 5282 28.
2353 5228 2483 5281 ltem
2515 5243 2636 5296 cap.
2673 5228 2759 5293 48,
2784 5243 2933 5280 num.
2969 5231 2998 5279 8
3030 5235 3082 5280 et
3114 5230 3199 5291 l3,
3225 5233 3276 5280 et
3293 5241 3414 5294 cap.
3439 5223 3734 5278 93ecundze

2147 5322 2314 5386 part.,
2342 5331 2398 5368 n.
2429 5318 2523 5371 26.

2220 5404 2384 5456 Num.
2420 5405 2472 5456 5.
2498 5403 2653 5458 Nihil
2683 5404 2839 5458 enim
2863 5402 3190 5458 laboriosius
3209 5402 3272 5456 in
3295 5401 3610 5465 exercitiis,
3635 5407 3734 5455 etc.

2151 5491 2251 5545 llic
2279 5489 2427 5559 loqui
2476 5490 2662 5559 incipit
2706 5490 2774 5544 de
2823 5489 3130 5544 solitudinis
3158 5497 3212 5544 et
3241 5488 3437 5544 silentii
3467 5488 3738 5558 proposito

2152 5587 2204 5632 et
2234 5585 2442 5640 natura.
2475 5577 2619 5629 Nihil
2651 5593 2780 5631 vere
2813 5577 3134 5631 laboriosius
3163 5585 3245 5632 est
3273 5584 3474 5631 naturae
3497 5577 3741 5631 humana:

2159 5680 2323 5735 quam
2354 5664 2609 5719 societate
2657 5664 2760 5718 sibi
2807 5664 3081 5732 similium,
3134 5673 3185 5721 et
3214 5664 3467 5736 loquendi
3499 5663 3744 5720 libertate
