3940 6470
175 410 298 463 661

1562 409 2168 467 CONSUETUDINES.

3420 408 3523 461 662

1597 532 1989 589 CAPITULUM
2018 533 2138 588 XV.

1485 629 1562 684 De
1591 629 1951 685 ordinatione
1977 630 2214 701 prioris.

265 752 332 807 ί.
375 751 511 806 Cum
537 751 779 822 priorem
817 751 1010 807 domus
1052 752 1213 821 hujus
1254 752 1408 808 obire
1457 751 1765 823 contigerit,
1810 759 1934 822 post
1976 753 2093 822 ejus
2143 727 2474 823 sepulturam
2520 750 2831 808 convocatis
2873 749 3149 818 fratribus,
3200 747 3511 802 triduanum

185 847 430 902 cunctis
459 846 718 903 indicitur
738 847 1020 917 jejunium,
1054 863 1318 920 maneque
1348 856 1400 903 et
1431 863 1661 918 vespere
1690 848 1745 902 in
1773 848 2008 904 ecclesia
2035 849 2298 920 psalmus,
2333 850 2413 904 Ad
2445 853 2500 904 te
2533 849 2726 914 levavi,
2760 848 2976 918 expleto
3003 845 3198 912 officio,
3241 844 3515 900 communi

187 942 514 1001 devotione
544 951 804 1010 cantatur,
837 944 1322 1016 procumbentibus
1352 961 1515 1016 super
1543 944 1748 1000 formas
1773 945 2027 1000 omnibus
2059 963 2072 999 :
2105 947 2269 1018 Kyrie
2298 947 2529 1014 eleison,
2553 949 2724 1001 Pater
2751 948 2964 1011 noster,
3005 951 3059 998 et
3086 958 3298 1014 preces,
3322 942 3514 998 Salvos

188 1042 302 1109 fac
336 1057 530 1098 servos
563 1045 707 1107 tuos,
720 1042 875 1096 Mitte
905 1041 985 1097 eis
1013 1043 1305 1098 auxilium
1334 1042 1399 1098 de
1424 1043 1810 1107 sancto,Nihil
1837 1043 2100 1114 proﬁciat
2130 1044 2398 1099 inimicus
2426 1044 2489 1098 in
2509 1044 2607 1109 eis,
2624 1051 2676 1097 et
2695 1042 2884 1107 oratio,
2915 1041 3229 1106 Prtetende,
3255 1041 3510 1105 Domine,

186 1145 622 1208 supponuntur.
656 1138 856 1206 Quinta
885 1145 1068 1193 autem
1098 1138 1185 1194 die
1215 1153 1376 1194 mane
1405 1139 1570 1194 missa
1597 1139 1666 1192 de
1697 1139 1896 1208 Spiritu
1944 1139 2216 1209 paracleto
2244 1139 2297 1192 in
2328 1147 2596 1194 conventu
2636 1137 2984 1193 devotissime
3014 1136 3344 1192 celebratur.
3381 1134 3512 1189 Inde

185 1233 250 1287 in
302 1233 616 1304 capitulum
657 1234 1062 1304 convenientes,
1094 1235 1360 1304 majorum
1403 1235 1792 1306 meliorumque
1837 1236 2064 1291 consilio
2095 1252 2157 1291 ex
2192 1235 2386 1306 seipsis
2429 1252 2596 1290 unum
2639 1236 2864 1306 eligunt,
2899 1241 2988 1288 aut
3032 1233 3389 1298 sacerdotem,
3423 1239 3515 1286 aut

186 1329 266 1384 ad
303 1331 684 1386 sacerdotium
726 1332 1174 1402 promovendum,
1207 1332 1496 1403 statimque
1527 1331 1582 1386 in
1610 1332 2036 1403 praedecessoris
2080 1332 2413 1387 transferunt
2441 1333 2641 1388 locum.
2673 1333 2974 1403 Totamque
3015 1329 3160 1386 diem
3189 1329 3337 1383 illam
3367 1343 3510 1400 gau-

189 1427 295 1482 dio
330 1427 674 1495 dedicantes,
709 1427 792 1482 bis
821 1427 925 1483 nisi
953 1429 1284 1500 praecipuum
1309 1429 1570 1498 jejunium
1599 1428 1779 1498 fuerit,
1811 1429 1868 1482 in
1895 1428 2181 1484 refectorio
2215 1428 2529 1485 comedunt.

1576 1577 2152 1635 COMMENTARIUS.

191 1718 260 1757 se
292 1701 548 1772 privare,
581 1702 706 1774 quia
725 1702 858 1761 nihil
875 1709 956 1758 est
983 1703 1040 1757 in
1075 1703 1221 1774 quod
1250 1700 1572 1774 pr0pensius
1595 1702 1812 1769 tendat;
1836 1706 1887 1764 A
1919 1702 2013 1768 tio,
2047 1719 2168 1773 quae
2195 1719 2260 1758 ex
2290 1693 2673 1758 concurrentia
2694 1700 3057 1771 corporalium
3079 1699 3510 1770 etspiritualium

191 1806 464 1862 ususque
492 1790 664 1846 libere
705 1790 1070 1846 convcrsandi
1098 1798 1151 1845 et
1197 1790 1474 1862 loquendi,
1509 1798 1591 1844 est
1639 1791 1816 1860 quod-

191 1877 337 1932 dam
373 1894 606 1950 germen
634 1878 1006 1934 delectationis
1046 1868 1325 1945 naturalis,
1360 1894 1466 1949 quo
1496 1894 1593 1948 per
1623 1879 1816 1932 solitu-

191 1966 355 2019 dinis
391 1973 445 2020 et
475 1966 674 2020 silentii
721 1966 1038 2022 exercitium
1083 1967 1484 2037 quodammodo
1528 1965 1814 2029 suffocato,

190 2054 316 2107 vim
364 2053 594 2124 patitur,
627 2054 751 2126 quia
795 2070 862 2109 ne
911 2070 1129 2108 sursum
1174 2054 1442 2126 geminet
1488 2053 1806 2124 impeditur.

191 2141 312 2196 Sed
349 2141 490 2195 nihil
538 2149 620 2196 est
651 2142 797 2212 quod
845 2151 1092 2197 naturam
1129 2150 1443 2212 corruptam
1489 2141 1663 2212 possit
1693 2157 1816 2196 am-

189 2229 352 2299 plius
387 2236 444 2283 et
465 2229 712 2284 securius
740 2229 1018 2294 edomare,
1054 2237 1262 2301 atquea
1283 2230 1541 2300 periculis
1572 2245 1811 2295 servare,

193 2316 334 2388 quia
369 2317 503 2371 inde
551 2317 869 2373 occasiones
898 2317 947 2372 ei
977 2317 1293 2372 auferuntur
1331 2334 1390 2372 se
1419 2319 1474 2372 in
1517 2334 1814 2373 conversa-

191 2404 356 2459 tione
407 2405 690 2459 hominum
736 2405 1056 2475 dissipandi,
1091 2405 1227 2460 etin
1254 2405 1566 2475 profusione
1614 2407 1814 2461 verbo-

196 2509 327 2547 rum
361 2509 493 2547 sese
524 2493 840 2561 evacuandi,
870 2509 936 2548 ex
967 2493 1164 2564 quibus
1194 2493 1535 2549 communior
1554 2495 1816 2564 peccandi

194 2581 447 2635 materia
477 2581 839 2650 componitur,
874 2589 926 2635 et
956 2581 1084 2635 dum
1101 2581 1274 2636 ambae
1305 2581 1422 2636 ista:
1451 2581 1552 2636 vias
1583 2582 1815 2636 societa-

194 2668 268 2721 tis
329 2676 387 2722 et
449 2667 846 2733 collocutionis,
906 2668 1196 2724 solitudine
1246 2677 1299 2724 et
1346 2668 1598 2734 silentio,
1650 2669 1815 2724 veluti

199 2756 386 2826 spinis
420 2755 796 2826 spiritualibus
825 2756 1123 2826 sepiuntur,
1157 2757 1320 2812 homo
1351 2772 1410 2811 se
1439 2756 1509 2810 ad
1556 2757 1732 2812 Deum
1763 2765 1816 2812 et

198 2844 270 2899 ad
304 2843 559 2914 seipsum
590 2851 906 2900 convertere
935 2843 1164 2916 cogitur.

274 2932 387 2986 Per
427 2931 699 2985 silentium
729 2939 781 2986 et
813 2932 1158 2987 solitudinem
1205 2932 1410 2987 mundo
1439 2939 1492 2987 et
1522 2932 1813 2987 vanitatum

198 3019 447 3089 objectis
466 3020 646 3088 januaz
674 3020 1035 3085 clauduntur;
1060 3027 1112 3074 et
1141 3020 1269 3074 dum
1290 3037 1323 3075 a
1343 3021 1596 3076 sensibus
1625 3021 1815 3075 huma—
1835 3050 1888 3109 B

200 3108 289 3161 nis
306 3115 671 3162 removentur
691 3123 755 3161 ea
773 3124 894 3179 quae
913 3107 1156 3162 carnalia
1176 3107 1449 3163 desideria
1471 3116 1628 3180 atque
1649 3109 1811 3163 etiam

201 3196 471 3250 mentalia
518 3195 753 3250 excitare
801 3203 1221 3262 consueverunt,
1255 3195 1438 3250 anima
1485 3196 1587 3250 sibi
1620 3204 1672 3250 et
1701 3197 1815 3251 Deo

202 3283 441 3338 liberius
473 3298 669 3338 vacare
699 3282 859 3338 discit
875 3291 928 3337 et
957 3283 1243 3338 assuescit.
1279 3282 1334 3337 Si
1364 3299 1496 3356 ergo
1527 3284 1741 3338 silentio
1763 3293 1815 3339 et

203 3370 507 3426 solitudine
527 3379 735 3426 naturae
763 3378 1033 3440 corrupta:
1052 3370 1348 3442 propensio
1379 3371 1526 3426 velut
1553 3372 1815 3442 Opprimi-

205 3466 316 3525 tur,
351 3467 408 3513 et
438 3473 562 3514 cum
590 3458 659 3512 sit
687 3474 753 3513 ex
782 3457 970 3514 amicis
997 3458 1205 3525 mundi,
1237 3459 1562 3515 laboriosius
1602 3460 1652 3514 ei
1679 3459 1813 3514 nihil

203 3547 292 3611 sit,
346 3546 652 3602 secundum
683 3547 748 3600 D.
784 3546 1146 3618 Augustinum
1193 3546 1280 3602 hic
1308 3546 1603 3614 laudatum,
1652 3564 1812 3619 quam

206 3651 318 3690 non
359 3634 638 3700 laborare,
669 3633 724 3688 id
752 3642 834 3688 est
863 3635 1159 3690 secundum
1207 3651 1360 3688 suam
1388 3636 1812 3706 propensionem

205 3739 400 3796 agere,
433 3722 604 3793 loqui,
636 3723 974 3789 conversari,
999 3731 1208 3778 certum
1236 3731 1319 3778 est
1345 3724 1491 3794 quod
1520 3723 1575 3777 in
1603 3724 1810 3779 utrius-

208 3827 316 3881 que
348 3810 613 3866 exercitio
630 3810 807 3883 magis
837 3827 994 3883 quam
1017 3810 1072 3864 in
1101 3811 1222 3866 aliis
1255 3811 1668 3882 quibuscunque
1701 3813 1812 3868 vim

206 3899 434 3968 patitur.
474 3897 620 3952 Nihil
665 3915 820 3970 aeque
863 3907 1112 3953 naturam
1161 3897 1466 3966 mortificat,
1517 3899 1644 3971 quia
1691 3900 1811 3956 alia:

208 3986 662 4042 mortificationes
691 4001 906 4043 carnem
943 3994 1244 4055 macerant,
1277 3987 1375 4041 sed
1403 3988 1520 4043 haec
1550 3988 1708 4042 etiam
1741 3989 1810 4043 ad

208 4075 458 4130 animum
514 4075 809 4147 pertingit;
854 4083 908 4129 at
953 4075 1083 4129 dum
1133 4075 1210 4130 sic
1254 4075 1633 4147 angustiantur
1679 4093 1811 4131 vasa

207 4163 417 4222 carnis,
451 4162 668 4217 dilatari
697 4170 926 4232 possunt
973 4163 1149 4233 spatia
1181 4163 1479 4229 charitatis,
1511 4172 1562 4218 et
1594 4164 1808 4220 exerci-

208 4251 337 4305 tatio
368 4251 482 4315 illa,
514 4250 638 4305 licet
667 4249 720 4304 in
751 4251 1004 4319 praesenti
1033 4251 1281 4305 videatur
1321 4267 1443 4306 esse
1473 4252 1727 4307 maeroris
1757 4261 1810 4308 et

207 4337 374 4404 tazdii,
411 4337 643 4393 fructum
675 4345 854 4392 tamen
880 4338 1284 4408 pacatissimum
1333 4339 1644 4395 exercitatis
1675 4341 1808 4396 red-

209 4424 284 4478 dit
331 4425 522 4480 salutis
553 4433 603 4479 et
650 4425 854 4481 intimae
900 4425 1287 4481 consolationis
1323 4442 1336 4481 :
1369 4442 1495 4480 nam
1538 4443 1639 4497 per
1685 4445 1806 4482 eam

208 4521 463 4582 gustatur
491 4521 544 4568 et
570 4513 783 4568 videtur
813 4513 1066 4584 quoniam
1113 4513 1295 4568 suavis
1323 4522 1405 4568 est
1437 4515 1723 4582 Dominus,
1755 4524 1808 4570 et

211 4615 333 4670 quae
363 4601 434 4655 sit
460 4601 552 4656 illa
581 4601 779 4655 Christi
809 4617 914 4672 pax
945 4618 1281 4672 exsuperans
1311 4618 1526 4658 omnem
1561 4619 1803 4671 sensum,

207 4689 374 4743 corda
432 4697 598 4761 atque
651 4689 1035 4761 intelligentias
1094 4691 1427 4756 custodiens,
1485 4691 1806 4748 suavissimo

209 4773 549 4846 dignoscitur
603 4777 995 4848 experimento,
1057 4780 1102 4832 si
1159 4786 1339 4833 tamen
1405 4781 1806 4835 exercitationis

208 4861 351 4918 illius
393 4864 666 4936 susceptio
711 4865 918 4920 caelesti
967 4866 1250 4921 vocatione
1295 4866 1455 4921 fuerit
1503 4877 1802 4938 praeventa,

210 4959 280 5016 et,
313 4960 372 5006 ut
417 4970 517 5024 par
564 4960 666 5018 est,
702 4954 999 5009 secundum
1044 4962 1280 5009 mentem
1328 4962 1381 5010 et
1420 4955 1798 5012 discretionerr

213 5040 416 5096 ordinis
445 5057 479 5097 a
505 5041 665 5097 nobis
693 5042 1003 5107 observata,
1051 5042 1142 5114 qui
1173 5042 1227 5096 in
1255 5043 1508 5098 omnibus
1537 5045 1796 5115 providit.

212 5127 284 5182 Ne
316 5130 447 5200 quid
488 5131 682 5186 nimis.
715 5130 775 5184 In
805 5130 1095 5185 solitudine
1123 5131 1268 5185 enim
1311 5133 1583 5186 servanda
1611 5133 1806 5188 modus

213 5213 370 5270 etiam
418 5217 760 5273 adhibendus
817 5226 916 5284 est,
963 5234 1031 5273 ne
1076 5235 1142 5274 ex
1189 5235 1416 5275 excessu
1459 5235 1805 5276 communem

214 5301 490 5361 hominum
538 5313 739 5361 statum
785 5314 1091 5377 superante,
1124 5307 1337 5362 animus
1384 5308 1684 5374 hebetetur,
1716 5317 1808 5363 aut

213 5389 370 5446 etiam
399 5393 452 5448 in
487 5410 586 5450 suo
617 5395 848 5450 naturali
878 5403 1018 5449 statu
1066 5394 1315 5461 latdatur,
1347 5397 1544 5466 quibus
1593 5397 1805 5452 incom-

215 5480 385 5535 modis
427 5483 721 5554 prudenter
751 5483 805 5537 in
836 5482 1028 5538 ordine
1075 5484 1355 5554 provisum
1402 5493 1506 5540 est.
1555 5486 1696 5539 Nam
1739 5502 1806 5540 ex

217 5569 483 5624 exercitiis
504 5571 609 5626 sibi
638 5570 873 5626 invicem
903 5571 1340 5638 succedentibus,
1366 5581 1420 5627 et
1446 5573 1613 5628 veluti
1633 5573 1804 5627 inter-

218 5655 390 5722 textis,
448 5659 590 5714 inter
647 5675 766 5730 qua!
813 5659 1211 5716 conversationi
1267 5661 1593 5733 quandoque
1650 5661 1806 5714 datur

1917 1790 2297 1846 exercitiorum
2341 1789 2503 1844 simul
2549 1790 2843 1860 prudenter
2888 1789 3168 1844 mistorum
3200 1797 3253 1843 et
3294 1795 3508 1858 tempe-

1915 1886 2177 1944 ratorum,
2213 1878 2372 1932 statui
2403 1879 2640 1932 humano
2672 1878 2748 1932 sic
2779 1885 2860 1932 est
2889 1893 3008 1932 cum
3040 1876 3223 1930 debita
3273 1891 3510 1947 propor-

1913 1964 2060 2020 tione
2090 1966 2520 2030 accommodata,
2541 1974 2598 2019 ut
2619 1964 3173 2035 secureproverbium
3196 1963 3326 2017 illud
3359 1963 3511 2018 dica-

1914 2069 2036 2107 mus
2061 2069 2073 2108 :
2102 2055 2272 2109 Serva
2302 2053 2576 2118 ordinem,
2598 2058 2656 2108 et
2678 2054 2794 2125 ipse
2815 2057 2866 2108 te
2889 2053 3152 2116 servabit,
3179 2067 3286 2106 non
3307 2059 3512 2104 tantum

1914 2141 1971 2195 in
1999 2140 2200 2210 anima,
2234 2141 2330 2195 sed
2353 2149 2405 2195 et
2435 2142 2487 2194 in
2508 2141 2756 2212 corporis
2787 2149 2948 2212 atque
2980 2141 3139 2195 etiam
3172 2139 3338 2195 animi
3369 2139 3514 2194 bona

1913 2228 2238 2298 valetudine,
2272 2235 2324 2283 et
2355 2228 2444 2298 pia
2473 2229 2758 2284 hilaritate.

1987 2317 2185 2371 Omnia
2239 2317 2438 2371 etenim
2497 2325 2619 2371 sunt
2662 2317 2898 2372 discrete
2943 2316 2999 2370 in
3048 2315 3262 2370 statutis
3308 2312 3513 2368 nostris

1915 2412 2228 2475 temperata,
2285 2405 2351 2458 ad
2410 2405 2733 2459 servandam
2790 2412 3210 2475 perseveranter
3262 2401 3512 2457 solitudi-

1914 2509 2060 2558 nem,
2112 2493 2321 2548 viribus
2364 2493 2612 2546 humanis
2657 2493 2953 2563 prudenter
3000 2491 3427 2558 accommodata,
3459 2496 3514 2544 et

1916 2580 2197 2651 desupera
2219 2581 2450 2635 Domino
2479 2581 2778 2635 benedicta.
2816 2580 2974 2648 Quod
3003 2579 3268 2635 continuis
3297 2586 3350 2633 et
3377 2591 3512 2648 quo-

1915 2667 2135 2722 tidianis
2166 2668 2547 2738 experimentis
2575 2668 2865 2738 probatum
2895 2668 3160 2724 habemus
3188 2667 3244 2720 in
3271 2665 3356 2720 his
3385 2680 3508 2720 om-

1916 2755 2076 2809 nibus
2106 2756 2199 2826 qui
2227 2771 2340 2810 suze
2389 2755 2745 2826 professionis
2796 2755 3011 2810 habitus
3058 2755 3159 2809 sibi
3190 2769 3508 2824 comparare

1915 2858 1948 2898 a
1971 2844 2253 2911 juventute
2283 2843 2539 2916 religiose
2570 2845 2905 2909 studuerunt,
2935 2852 2988 2898 et
3023 2844 3078 2898 in
3109 2843 3244 2899 cella
3274 2857 3334 2897 se
3362 2840 3510 2895 utili-

1913 2938 1999 2985 ter
2027 2946 2313 3002 occupare.
2347 2931 2516 2986 Secus
2544 2939 2725 2986 autem
2757 2932 2803 2985 si
2832 2932 2968 2987 ordo
3015 2947 3124 2986 non
3151 2931 3290 2985 bene
3320 2945 3508 2984 serve-

1915 3025 2017 3073 tur.
2071 3020 2162 3074 Vte
2220 3019 2366 3074 enim
2413 3020 2772 3074 Carthusiano
2820 3020 2920 3086 illi,
2969 3019 3147 3073 statim
3191 3019 3507 3085 clamamus,

1918 3106 2042 3177 quia
2085 3106 2485 3161 tribulationem
2517 3115 2570 3162 et
2597 3107 2844 3162 dolorem
2892 3107 3114 3172 invenit,
3166 3105 3412 3160 laborem
3457 3111 3512 3159 et

1916 3193 2261 3250 aﬂlictionem
2293 3195 2514 3265 spiritus
2562 3211 2709 3266 saepe
2751 3195 2952 3265 patitur
2999 3195 3054 3248 in
3097 3201 3300 3263 mente,
3333 3201 3385 3248 et
3411 3207 3509 3264 per

1917 3299 2068 3336 suam
2117 3283 2580 3349 indiscretionem,
2612 3283 2668 3337 id
2716 3292 2798 3338 est
2843 3299 2944 3354 per
2988 3283 3169 3355 aliqua
3213 3298 3379 3353 opera
3420 3287 3509 3336 aut

1915 3371 2168 3426 exercitia
2197 3387 2304 3426 non
2336 3371 2633 3427 secundum
2681 3371 2930 3427 ordinem
2978 3381 3069 3426 aut
3114 3378 3314 3442 praeter
3359 3369 3509 3425 ordi-

1914 3475 2058 3529 nem,
2114 3459 2318 3530 proprii
2359 3459 2549 3528 judicii
2601 3467 2656 3514 et
2710 3459 2945 3531 prOpriae
3001 3458 3294 3514 voluntatis
3350 3458 3512 3513 ductu

1914 3556 2182 3619 suscepta,
2213 3546 2394 3602 deficit
2422 3547 2477 3601 in
2526 3563 2777 3618 corpore,
2811 3556 2864 3602 et
2909 3547 3124 3618 lapsum
3171 3545 3510 3618 spiritualem

1913 3634 2138 3689 incurrit
2166 3635 2221 3689 in
2250 3634 2496 3689 interiori
2525 3634 2762 3690 homine.
2797 3635 2877 3690 De
2907 3635 3183 3690 laboribus
3222 3633 3344 3689 vitae
3371 3632 3507 3688 soli-

1913 3723 2063 3778 tariae
2093 3739 2238 3778 nunc
2262 3725 2379 3778 haec
2408 3738 2580 3794 pauca
2608 3722 2813 3778 dixisse
2844 3722 3087 3778 sufﬁciat.

1985 3811 2091 3866 Sed
2121 3828 2220 3866 cur
2241 3813 2304 3868 R.
2329 3811 2491 3866 Pater
2521 3810 2701 3884 Guigo
2731 3812 2800 3866 de
2829 3811 3031 3884 vigiliis
3060 3818 3113 3866 et
3141 3807 3502 3874 abstinentiis,

1911 3899 1979 3954 de
2009 3899 2130 3954 aliis
2159 3899 2307 3954 duris
2353 3907 2406 3955 et
2434 3899 2643 3970 asperis
2687 3916 2807 3970 quae
2835 3899 2890 3954 in
2921 3899 3112 3955 ordine
3152 3898 3509 3953 observantur

1910 3987 2112 4040 nullam
2147 3987 2236 4043 hic
2280 3988 2612 4043 mentionem
2661 3988 2802 4054 fecit,
2837 4003 2901 4044 ac
2931 3989 2976 4043 si
3018 4003 3118 4058 pro
3166 3985 3334 4041 nihilo
3384 3985 3506 4040 illas

1909 4075 2245 4130 austeritates
2295 4075 2780 4146 reputaret?Quia
2810 4076 3047 4132 essentia
3094 4075 3320 4130 instituti
3368 4075 3508 4130 Car-

1910 4163 2147 4217 thusiani
2177 4163 2233 4216 in
2266 4163 2416 4218 cellas
2458 4173 2508 4218 et
2537 4164 2736 4219 silentii
2781 4163 3148 4230 observantia,
3182 4172 3342 4235 atque
3374 4179 3507 4233 per-

1908 4249 2051 4305 fecta
2075 4251 2312 4321 propriae
2342 4251 2632 4306 voluntatis
2661 4252 3027 4324 abnegatione
3055 4251 3302 4306 consistit
3326 4266 3338 4304 :
3364 4251 3508 4305 unde

1908 4337 2042 4392 alias
2098 4339 2444 4393 austeritates
2500 4339 2674 4394 solum
2726 4341 2972 4406 aestimat,
3025 4339 3080 4392 in
3135 4347 3393 4410 quantum
3439 4339 3508 4394 ad

1908 4426 2275 4481 obedientiam
2305 4426 2636 4494 referuntur,
2668 4435 2828 4498 prout
2856 4428 2973 4497 ipse
2995 4427 3225 4498 explicat
3254 4441 3376 4498 cap.
3411 4429 3502 4489 35,

1907 4531 1961 4567 n.
1988 4518 2039 4578 3,
2065 4514 2156 4567 ubi
2184 4515 2293 4568 ait:
2318 4516 2473 4571 Licet
2496 4517 2651 4570 enim
2679 4518 2865 4571 multa
2893 4518 3011 4571 sint
3041 4520 3097 4570 et
3126 4515 3348 4570 diversa
3378 4531 3502 4586 qua

1907 4603 2281 4670 observamus,
2313 4619 2426 4658 uno
2479 4608 2668 4659 tamen
2697 4609 2752 4659 et
2797 4605 2914 4659 solo
2962 4604 3293 4659 obedientiae
3341 4604 3501 4669 bono,

1905 4694 2118 4746 cuncta
2147 4691 2304 4746 nobis
2332 4695 2629 4762 fructuosa
2657 4694 2858 4762 futura
2885 4707 3197 4763 speramus.

1978 4779 2111 4834 CAP.
2145 4780 2265 4834 XV.
2289 4810 2357 4819 —
2379 4781 2540 4833 Num.
2569 4784 2618 4835 1.
2645 4779 2780 4834 Cum
2809 4781 3056 4851 priorem
3087 4780 3280 4835 domus
3312 4779 3500 4850 hujus,

1907 4874 2009 4921 etc.
2030 4867 2289 4938 Loquitur
2309 4875 2516 4921 tantum
2538 4868 2606 4922 de
2627 4868 2790 4922 domo
2808 4868 3124 4933 Carthusia},
3147 4868 3272 4939 quia
3302 4884 3408 4923 non
3431 4869 3507 4923 le-

1906 4972 2006 5026 ges
2063 4955 2183 5009 aliis
2229 4956 2609 5026 praescribere,
2654 4957 2752 5011 sed
2800 4965 3002 5010 tantum
3050 4956 3501 5012 consuetudinem

1905 5043 2288 5110 introductam,
2314 5052 2367 5098 et
2390 5045 2504 5112 jam
2533 5061 2632 5116 per
2659 5061 2816 5098 usum
2846 5044 3218 5100 confirmatam
3250 5045 3303 5098 in
3337 5045 3502 5099 domo

1905 5131 2226 5197 Carthusiae,
2288 5132 2410 5186 aliis
2465 5132 2870 5188 communicare
2912 5132 3159 5188 intendit.
3218 5133 3380 5188 Nulla
3438 5133 3507 5190 de

1905 5219 2082 5274 forma
2118 5220 2258 5289 juris
2308 5221 2581 5276 servanda
2627 5221 2769 5276 inter
2817 5237 2912 5276 eos
2941 5219 2997 5274 ﬁt
3027 5221 3249 5289 mentio,
3283 5237 3386 5278 nec
3434 5223 3504 5277 de

1903 5307 2312 5364 conﬁrmatione
2343 5309 2612 5376 habenda,
2647 5309 2771 5381 quia
2801 5310 2870 5364 de
2911 5310 3062 5365 titulo
3091 5309 3196 5365 fixo
3227 5310 3500 5380 superiori

1903 5397 2045 5450 inter
2075 5412 2174 5451 nos
2203 5397 2380 5452 dando
2409 5413 2511 5453 nec
2540 5398 2869 5468 cogitabant.
2903 5398 3059 5453 Unde
3081 5414 3297 5470 semper
3323 5399 3378 5452 in
3411 5415 3502 5453 or-

1904 5484 2030 5539 dine
2062 5499 2261 5540 nomen
2287 5486 2496 5555 prioris
2525 5493 2844 5556 usurpatum
2891 5495 2973 5541 est
3000 5487 3068 5541 ad
3099 5487 3500 5560 designandum

1904 5588 2029 5626 eum
2070 5572 2162 5642 qui
2209 5573 2328 5627 aliis
2376 5574 2702 5644 praepositus
2750 5581 2854 5640 est,
2890 5583 2946 5628 ut
2994 5575 3342 5640 indicaretur,
3377 5591 3502 5630 eum

1905 5660 1994 5731 qui
2024 5659 2146 5714 aliis
2177 5669 2372 5730 praeest
2404 5661 2544 5715 inter
2585 5676 2703 5728 nos,
2739 5678 2862 5717 esse
2896 5671 3101 5718 tantum
3148 5663 3380 5734 primum
3411 5663 3502 5717 in-

219 5737 363 5797 locus
391 5755 648 5818 quantum
678 5747 832 5816 satis,
864 5746 924 5802 ﬁt
953 5747 1200 5819 quaedam
1230 5747 1477 5804 salutaris
1523 5747 1799 5820 composi-
1819 5741 1873 5801 D
1905 5756 1988 5804 ter
2042 5763 2226 5820 pares,
2259 5757 2312 5805 et
2338 5749 2627 5822 aequalium
2683 5749 3013 5808 directorem
3059 5767 3123 5808 ac
3171 5751 3503 5820 ministrum,
