3940 6420
387 316 491 371 663

1202 314 1544 374 GUIGONIS
1591 316 1614 371 ι
1658 313 2068 372 CARTHUSLE
2112 313 2406 371 MAIORIS
2432 313 2710 371 PRIORIS
2756 314 2820 369 V.

3578 317 3690 372 664

460 440 515 493 2.
550 434 654 504 Qui
682 436 931 508 quamvis
961 437 1212 493 omnibus
1242 440 1412 495 verbo
1440 447 1493 496 et
1521 439 1628 495 vita
1662 440 1923 510 prodesse
1954 437 2169 502 debeat,
2203 445 2254 492 et
2283 445 2602 494 cunctorum
2652 435 2879 493 sollicite
2909 448 3101 507 gerere
3148 446 3353 500 curam,
3392 436 3691 492 monachis

390 540 593 603 tamen,
626 549 691 588 ex
721 534 916 605 quibus
962 544 1209 605 sumptus
1240 545 1341 604 est,
1375 537 1569 609 quietis
1601 546 1653 592 et
1684 534 1990 591 stabilitatis
2020 541 2073 589 et
2100 541 2443 601 cancrorum,
2478 550 2599 605 quae
2628 533 2697 588 ad
2726 548 2916 587 eorum
2946 530 3111 585 vitam
3156 527 3429 599 pertinent
3460 532 3683 588 exerci-

390 630 606 695 tiorum,
641 630 945 699 exemplum
976 632 1207 687 maxime
1238 634 1479 703 praebere
1510 634 1688 687 debet.

463 729 514 780 3.
550 724 796 794 Quatuor
839 726 1022 797 itaque
1066 729 1383 798 septimanis
1413 730 1466 782 in
1495 729 1634 784 cella
1678 746 1800 784 cum
1848 729 2057 785 caeteris
2105 728 2389 784 monachis
2436 726 2659 792 exactis,
2706 724 2948 797 quintam
2991 722 3121 777 facit
3166 736 3288 777 cum
3335 720 3507 778 laicis.
3556 721 3682 791 Quo

392 821 568 893 spatio
600 822 713 890 ejus
747 838 876 893 erga
909 822 1103 878 fratres
1134 824 1363 880 ofﬁcium
1396 804 1592 897 aliquis
1621 826 1687 879 ab
1713 841 1779 881 eo
1802 827 1987 894 jussus
2016 826 2345 896 exsequitur.

463 921 516 973 4.
551 920 672 989 Ipse
706 925 884 974 tamen
934 921 1104 975 eremi
1151 922 1413 976 terminos
1442 938 1552 977 non
1582 923 1881 993 egreditur.
1914 922 2084 977 Sedes
2115 922 2230 990 ejus
2260 921 2503 989 ubilibet,
2535 919 2623 977 vel
2652 918 2878 975 vestitus
2923 916 3074 973 nulla
3101 916 3252 989 quasi
3298 915 3564 989 dignitate
3592 918 3687 972 vel

394 1014 732 1085 pretiositate
780 1014 959 1070 diﬁ'ert
986 1032 1019 1071 a
1048 1018 1278 1083 casteris,
1312 1033 1413 1073 nec
1443 1020 1737 1091 quidquam
1784 1027 1961 1092 gestat
2006 1019 2150 1074 unde
2197 1018 2342 1089 quod
2372 1018 2438 1071 sit
2466 1016 2616 1089 prior
2661 1023 2936 1087 appareat.
2990 1014 3334 1086 Supplicatur
3376 1014 3444 1080 ei,
3476 1022 3531 1069 et
3576 1015 3688 1070 hoc

395 1110 629 1176 modice,
663 1111 1005 1168 solummodo
1034 1114 1103 1169 ad
1134 1113 1417 1170 lectionem
1450 1115 1594 1170 eunti
1625 1124 1677 1171 et
1706 1116 1973 1181 redeunti,
2005 1114 2095 1171 vel
2121 1130 2243 1171 cum
2288 1122 2411 1169 ante
2439 1128 2562 1169 eum
2610 1113 2885 1183 transitur,
2918 1118 2972 1168 et
3000 1127 3124 1168 cum
3171 1110 3239 1166 ad
3282 1110 3494 1183 aliquos
3536 1111 3690 1167 venit

397 1208 726 1282 assurgitur.

1744 1308 2312 1365 COMMENTARIUS.

396 1444 508 1484 non
536 1427 834 1485 dominum.
868 1429 967 1485 Hic
993 1430 1122 1485 libet
1151 1431 1360 1486 referre
1397 1432 1575 1488 locum
1605 1431 1754 1487 illum
1787 1433 1990 1487 exhor-
2011 1435 2065 1493 Α
2094 1430 2251 1486 nachi
2296 1429 2606 1502 aliquando,
2653 1429 2903 1501 quamvis
2947 1444 3097 1496 raro,
3146 1428 3235 1485 vel
3282 1438 3552 1500 praesente
3595 1432 3685 1487 vel

400 1516 618 1571 tationis
649 1532 813 1588 quam
858 1517 925 1572 ab
955 1518 1190 1590 antiquis
1238 1519 1387 1589 prior
1415 1519 1714 1574 Carthusias
1762 1518 1993 1592 singulis

401 1604 560 1659 annis
589 1604 645 1658 in
675 1603 779 1659 fine
827 1606 1045 1675 capituli
1092 1606 1362 1676 generalis
1393 1607 1531 1661 solet
1577 1607 1880 1661 astantibus
1910 1606 1993 1661 fa-

401 1707 548 1759 cere,
580 1691 673 1746 ubi
702 1692 781 1747 sic
811 1692 1049 1764 loquitur
1072 1693 1343 1763 prioribus
1377 1711 1390 1747 :
1427 1694 1679 1765 Cogitent
1716 1711 1771 1749 se
1801 1696 1994 1749 domo-

405 1796 535 1836 rum
564 1797 800 1835 suarum
828 1782 1127 1836 ministros
1158 1798 1293 1850 esse,
1325 1798 1439 1837 non
1470 1783 1743 1848 dominos,
1775 1783 1993 1854 quibus,

407 1871 473 1922 ut
492 1869 575 1923 ait
591 1869 907 1939 Apostolus,
922 1869 1264 1939 dispensatio
1285 1870 1500 1925 credita
1523 1874 1625 1925 est.
1645 1871 1785 1925 Ecce
1798 1886 1918 1940 quae
1932 1870 1999 1924 sit

407 1970 564 2010 mens
593 1954 801 2010 ordinis
830 1964 882 2010 et
913 1956 1145 2027 qualiter
1166 1956 1396 2029 singulis
1417 1958 1573 2012 annis
1601 1958 1875 2028 prim-ibus
1892 1974 1998 2029 pu-

408 2042 549 2098 blice
581 2042 911 2113 proferatur.
958 2044 1165 2099 Eadem
1211 2052 1386 2099 autem
1416 2060 1561 2100 nunc
1605 2044 1779 2101 forma
1810 2061 1999 2101 serva-

410 2138 499 2185 tur
527 2130 583 2185 in
613 2131 898 2201 electione,
930 2132 1125 2186 additis
1156 2140 1362 2187 tantum
1392 2132 1457 2187 iis
1487 2150 1607 2204 qum
1635 2149 1699 2189 ex
1722 2134 1862 2202 juris
1890 2134 2000 2189 dis-

407 2218 679 2289 positione
730 2220 1046 2275 necessario
1098 2229 1255 2276 erant
1304 2221 1574 2285 addenda,
1625 2222 1839 2293 quando
1887 2230 2001 2277 sta-

414 2314 527 2361 tuta
555 2307 609 2361 in
638 2307 832 2362 ordine
862 2307 1079 2363 fuerunt
1121 2308 1360 2375 condita,
1393 2317 1446 2364 et
1475 2310 1797 2379 jamdudum
1842 2310 2003 2365 insti-

412 2401 585 2450 tutum
617 2394 999 2451 Carthusiense
1030 2396 1173 2451 inter
1201 2396 1528 2453 monasticos
1573 2398 1793 2453 ordines
1826 2397 2004 2453 fuerat

412 2482 656 2539 relatum.

482 2572 647 2627 Num.
682 2576 732 2627 1.
766 2574 1123 2645 Ρνιεείριιωη
1142 2574 1451 2643 jejunium.
1487 2574 1546 2628 Id
1576 2583 1658 2629 est
1680 2575 1945 2644 jejunium
1973 2590 2007 2628 a

413 2666 525 2714 tota
554 2659 801 2715 Ecclesia
830 2661 929 2715 sub
950 2669 1223 2731 praecepto
1248 2661 1457 2716 servari
1478 2662 1711 2732 solitum,
1735 2679 1843 2717 non
1874 2679 2006 2719 vero

2091 1517 2436 1589 permittente
2470 1518 2653 1589 priore
2670 1517 2829 1571 simul
2867 1516 3289 1572 deambulabant
3328 1518 3687 1574 recreationis

2092 1606 2288 1679 gratia,
2313 1614 2364 1660 et
2381 1605 2459 1660 sic
2483 1605 2869 1674 spatiabantur.
2895 1604 3032 1660 Hinc
3059 1620 3258 1658 nomen
3287 1607 3685 1676 spatiamenti,

2096 1708 2203 1764 quo
2232 1692 2600 1747 deambulatio
2631 1691 2720 1745 illa
2748 1691 2889 1746 intra
2938 1691 3201 1746 terminos
3230 1692 3507 1764 assignata
3534 1693 3691 1748 desi-

2095 1788 2307 1853 gnatur,
2339 1787 2520 1834 ortum
2560 1778 2790 1850 accepit,
2822 1787 2875 1833 et
2920 1779 3203 1851 hucusque
3241 1779 3296 1833 in
3324 1780 3516 1836 ordine
3562 1797 3690 1836 ser-

2097 1875 2279 1925 vatum
2310 1876 2410 1922 est.

2162 1956 2445 2010 Terminos
2484 1955 2606 2009 illos
2647 1955 3053 2026 possessionum
3100 1964 3228 2011 tunc
3273 1956 3535 2027 temporis
3576 1973 3689 2012 non

2096 2051 2302 2099 tantum
2317 2042 2466 2115 prior
2487 2042 2786 2098 Carthusiie
2814 2058 2922 2098 non
2951 2043 3357 2115 egrediebatur,
3372 2052 3529 2115 prout
3547 2061 3694 2100 nunc

2098 2133 2167 2187 ab
2199 2148 2264 2186 eo
2294 2139 2554 2197 servatur,
2589 2131 2686 2185 sed
2732 2130 2874 2185 idem
2922 2131 3284 2187 observabant
3329 2133 3694 2188 communiter

2100 2219 2191 2275 alii
2233 2220 2517 2274 domorum
2548 2218 2760 2289 priores
2790 2227 2841 2273 et
2882 2234 2982 2289 par
3010 2227 3127 2273 erat
3155 2219 3292 2274 ratio
3330 2220 3385 2274 in
3414 2221 3688 2287 omnibus,

2101 2308 2229 2379 quia
2257 2323 2380 2363 cum
2411 2307 2787 2378 possessiones
2814 2307 3103 2362 domorum
3131 2307 3270 2362 intra
3311 2308 3572 2363 terminos
3601 2309 3691 2362 in-

2102 2396 2268 2451 clusae
2298 2402 2499 2460 essent,
2532 2395 2676 2449 nulla
2704 2395 2942 2450 instabat
2971 2395 3272 2451 necessitas
3301 2395 3695 2466 inspectionem

2103 2491 2155 2539 et
2184 2499 2368 2539 curam
2413 2482 2746 2554 pastoralem
2794 2483 3105 2549 exercendi,
3137 2482 3243 2538 nisi
3273 2491 3475 2538 tantum
3507 2483 3562 2537 in
3607 2483 3694 2539 his

2102 2572 2269 2627 rebus
2298 2571 2365 2625 ad
2394 2587 2494 2625 nos
2524 2571 2910 2641 spectantibus,
2945 2588 3065 2643 qua:
3094 2571 3231 2625 intra
3266 2571 3528 2626 terminos
3558 2587 3696 2626 con-

2105 2660 2430 2714 tinebantur.
2464 2658 2607 2725 Dixi,
2644 2661 3045 2725 communiter,
3078 2675 3202 2713 nam
3249 2667 3456 2715 certum
3482 2668 3565 2714 est
3592 2676 3697 2715 ne-

409 2747 673 2817 jcjunium
710 2747 843 2803 illud
890 2749 1035 2821 quod
1082 2757 1284 2804 tantum
1330 2766 1394 2804 ex
1437 2751 1641 2806 ordinis
1688 2751 2003 2823 praescripto
2032 2779 2085 2840 B
2107 2763 2261 2803 cesse
2289 2748 2583 2818 aliquando
2606 2746 2771 2801 fuisse
2804 2755 2857 2801 ut
2874 2748 3081 2818 priores
3108 2746 3369 2802 terminos
3389 2763 3518 2803 suos
3539 2764 3697 2819 egre-

413 2835 715 2891 institutum
746 2844 847 2891 est.

484 2925 647 2981 Num.
673 2928 725 2979 3.
752 2924 1002 2992 Quatuor
1022 2942 1150 2997 ergo
1180 2928 1583 2999 septimanis...
1614 2928 1871 2999 quintam
1910 2931 2005 2999 fa-

416 3013 516 3067 cit.
541 3012 624 3066 Ad
635 3012 811 3067 locum
826 3013 976 3068 illum
995 3014 1132 3069 bene
1149 3014 1582 3086 intelligendum,
1599 3015 1879 3070 sciendum
1902 3023 2003 3085 est,

415 3104 473 3150 ut
517 3112 583 3150 ex
630 3096 983 3167 sequentibus
1031 3098 1252 3168 patebit,
1303 3097 1499 3153 fratres
1542 3114 1835 3153 conversos
1882 3108 2008 3156 tunc

415 3183 674 3255 temporis
721 3200 829 3239 non
876 3184 1134 3241 habuisse
1182 3185 1341 3240 ﬁxum
1389 3186 1719 3242 domicilium
1747 3187 1802 3241 in
1844 3188 2008 3243 domo

416 3272 830 3341 monachorum,
866 3290 988 3343 quae
1027 3274 1271 3343 superior
1319 3282 1560 3341 vocatur,
1595 3275 1721 3346 quia
1768 3274 1821 3329 in
1869 3276 2007 3331 emi-

417 3360 653 3416 nentiori
680 3360 802 3416 loco
831 3360 1045 3432 rupium
1094 3362 1390 3417 Carthusia:
1429 3363 1532 3417 sita
1562 3371 1644 3417 est
1689 3378 1852 3434 quam
1881 3364 2005 3430 alia,

419 3464 541 3521 quae
568 3448 693 3504 ideo
723 3447 945 3504 inferior
974 3457 1213 3515 vocatur,
1244 3450 1342 3505 sed
1371 3450 1427 3504 in
1456 3450 1549 3505 illa
1577 3450 1819 3506 inferiori
1848 3467 2008 3506 man-

416 3536 576 3591 sisse.
608 3535 855 3604 Quatuor
903 3553 1035 3609 ergo
1083 3538 1514 3593 hebdomadibus
1559 3554 1682 3594 cum
1729 3539 2008 3595 monachis

418 3624 727 3689 transactis,
761 3624 909 3695 prior
936 3626 1005 3679 ad
1034 3624 1345 3681 inferiorem
1394 3627 1676 3697 pergebat,
1712 3636 1763 3681 et
1791 3628 1864 3681 ibi
1909 3644 2011 3698 per

416 3712 820 3768 hebdomadam
848 3712 1116 3784 integram
1162 3729 1288 3769 cum
1336 3714 1618 3769 conversis
1666 3715 2001 3781 morabatur,

417 3808 477 3856 ut
505 3800 835 3871 pastoralem
864 3817 1050 3857 curam
1095 3802 1242 3857 circa
1288 3818 1383 3857 eos
1435 3802 1661 3858 vicinius
1707 3811 2005 3871 exerceret,

416 3896 468 3943 et
515 3888 593 3944 sic
638 3888 861 3943 domum
907 3888 1220 3944 inferiorem
1268 3890 1600 3960 perlustrans
1647 3891 1779 3945 nihil
1825 3892 1899 3945 ibi
1940 3891 2008 3945 ab

416 3975 760 4032 observantia
787 3976 1022 4048 regulari
1050 3977 1268 4034 deviare
1300 3979 1649 4048 permitteret.

490 4063 628 4118 Ibid.
679 4064 893 4136 Aliquis
940 4064 1008 4119 ab
1055 4082 1116 4121 eo
1148 4068 1367 4137 jussus.
1400 4066 1499 4121 Hic
1526 4082 1793 4138 apparere
1822 4066 2009 4137 incipit

418 4150 655 4208 ofﬁcium
684 4152 889 4218 vicarii,
924 4153 1068 4224 quod
1117 4162 1244 4210 tunc
1272 4154 1433 4209 fixum
1466 4171 1574 4209 non
1602 4163 1737 4223 erat,
1772 4171 1875 4210 nec
1921 4155 2012 4210 uni

418 4239 683 4311 singulari
730 4242 1000 4297 monacho
1047 4242 1416 4314 assignatum;
1466 4242 1562 4297 sed
1610 4252 1801 4313 postea
1847 4241 2012 4297 ﬁxum

416 4328 518 4383 fuit
558 4336 610 4383 et
650 4330 861 4395 merito,
897 4329 1024 4401 quia
1074 4331 1146 4385 ad
1187 4330 1425 4401 politiam
1472 4330 1678 4386 ordinis
1724 4331 2014 4402 prudenter

415 4416 812 4487 disponendam
840 4418 919 4473 sic
948 4419 1183 4473 maxime
1212 4419 1591 4474 conveniebat.

486 4506 648 4560 Num.
672 4507 725 4560 4.
749 4508 868 4577 Ipse
894 4511 1082 4563 tamen
1105 4510 1279 4563 eremi
1303 4509 1591 4574 terminos,
1608 4516 1711 4563 etc.
1732 4507 2014 4563 Termino-

418 4610 537 4650 rum
568 4594 785 4649 nomine
809 4595 955 4665 apud
984 4611 1085 4649 nos
1114 4595 1492 4666 intelliguntur
1521 4595 1656 4650 certi
1688 4596 1887 4650 limites
1916 4597 2011 4651 de-

416 4682 641 4754 signari,
676 4682 815 4737 intra
854 4699 993 4753 quos
1037 4690 1289 4737 statutum
1335 4682 1431 4737 fuit
1457 4684 1524 4737 ab
1571 4683 1741 4748 initio,
1775 4692 1832 4738 ut
1876 4701 2011 4754 pos-

415 4769 692 4825 sessiones
723 4786 1040 4840 posssemus
1068 4772 1291 4839 habere,
1318 4788 1438 4841 quae
1470 4771 1777 4828 sufﬁcerent
1800 4773 1870 4827 ad
1901 4772 2012 4827 sin-

416 4856 668 4928 gularum
698 4858 985 4913 domorum
1005 4858 1214 4913 ordinis
1244 4859 1708 4928 sustentationem,
1732 4859 1805 4913 ita
1825 4867 2011 4914 utnon

414 4945 786 5017 indigeremus
842 4946 1029 5015 vagari
1086 4954 1140 5001 et
1197 4963 1440 5018 quaerere
1489 4946 1556 5002 ad
1604 4948 2010 5018 procurandum

414 5033 573 5088 nobis
602 5033 747 5088 unde
794 5041 1219 5088 sustentaremur
1252 5050 1264 5088 :
1299 5034 1427 5106 quia
1469 5034 1523 5089 id
1571 5043 1685 5090 erat
1732 5036 2012 5106 prOposito

414 5129 600 5177 nostro
649 5122 1005 5188 contrarium,
1037 5130 1090 5177 et
1118 5123 1325 5193 absque
1369 5123 1535 5179 dubio
1565 5124 1618 5177 in
1667 5122 1817 5179 brevi
1868 5131 2009 5178 tem-

417 5225 549 5282 pore
605 5209 797 5265 fuisset
840 5210 1008 5266 nostri
1065 5210 1292 5265 instituti
1339 5211 1749 5267 destructivum.
1801 5212 2009 5281 Duplex

420 5306 595 5355 autem
643 5300 787 5369 apud
831 5315 931 5354 nos
974 5299 1328 5354 terminorum
1377 5299 1591 5370 species
1636 5299 2004 5371 distinguitur,

412 5402 643 5458 quorum
676 5402 783 5441 una
812 5388 1245 5457 possessionum,
1278 5387 1379 5442 alia
1418 5387 1808 5443 monachorum
1840 5403 2010 5442 voca-

2106 2836 2376 2901 derentur,
2410 2835 2643 2905 exempli
2684 2834 2881 2905 gratia,
2915 2835 2983 2889 ad
3031 2834 3375 2891 fundationes
3412 2835 3700 2892 domorum

2106 2924 2468 2994 acceptandas
2490 2931 2542 2977 et
2564 2923 2897 2993 dirigendas,
2922 2931 2975 2978 et
2996 2922 3191 2977 similia
3218 2924 3550 2995 peragenda,
3574 2941 3702 2995 quae

2105 3011 2449 3083 personalem
2479 3010 2801 3065 industriam
2831 3019 2882 3065 et
2911 3011 3255 3081 praesentiam
3286 3012 3658 3082 requirebant.

2179 3100 2306 3155 Haec
2364 3106 2543 3153 autem
2600 3113 2733 3154 cura
2788 3100 3196 3169 possessionum
3252 3098 3440 3169 primis
3494 3100 3704 3155 ordinis

2106 3186 2440 3257 temporibus
2471 3185 2600 3241 solis
2629 3186 2901 3257 prioribus
2947 3187 3306 3257 competebat,
3362 3195 3419 3241 ut
3449 3203 3548 3243 suo
3577 3188 3702 3244 loco

2108 3274 2445 3345 probabitur,
2487 3290 2647 3345 quam
2679 3281 2861 3328 tamen
2909 3290 3005 3344 per
3042 3283 3451 3344 procuratorem
3500 3283 3553 3330 et
3594 3275 3705 3331 fra-

2108 3370 2220 3417 tres
2248 3377 2539 3417 conversos
2569 3361 3031 3426 administrabant,
3064 3377 3127 3417 ea
3158 3370 3369 3417 tantum
3403 3380 3503 3433 per
3532 3378 3592 3418 se
3623 3363 3703 3418 fa-

2109 3466 2236 3506 cere
2265 3457 2318 3505 et
2347 3450 2639 3519 disponere
2670 3450 2929 3517 contenti,
2962 3465 3084 3521 quae
3125 3466 3310 3505 eorum
3354 3451 3699 3521 personalem

2106 3538 2449 3609 praesentiam
2481 3538 2829 3609 requirebant
2875 3538 3014 3592 intra
3043 3538 3177 3593 istos
3223 3539 3482 3594 terminos
3515 3555 3528 3594 :
3561 3555 3700 3610 quos

2109 3635 2290 3680 tamen
2343 3625 2635 3697 aliquando
2692 3641 2755 3680 ex
2798 3624 2994 3680 morali
3038 3626 3379 3696 necessitate,
3432 3626 3531 3681 sed
3575 3643 3701 3681 cum

2109 3730 2309 3786 magna
2335 3713 2563 3779 cautela,
2598 3713 2794 3768 fratres
2842 3714 3091 3769 conversi
3133 3722 3188 3769 et
3215 3729 3323 3769 non
3364 3714 3475 3782 alii,
3508 3715 3699 3785 egredi

2109 3809 2359 3872 poterant
2386 3817 2509 3856 cum
2557 3800 2793 3857 licentia.
2826 3802 2907 3856 De
2939 3801 3132 3873 quibus
3178 3802 3425 3856 terminis
3469 3802 3701 3873 qualiter

2109 3890 2166 3943 in
2195 3890 2385 3944 ordine
2416 3896 2542 3944 tunc
2590 3890 3025 3961 assignarentur,
3056 3904 3271 3945 necnon
3295 3890 3364 3944 de
3393 3889 3513 3945 aliis
3554 3907 3697 3961 prae-

2109 3976 2292 4032 libatis
2319 3977 2474 4048 plura
2496 3977 2609 4031 suis
2639 3976 2775 4032 locis
2804 3977 3068 4031 dicentur.
3093 3977 3251 4032 Nunc
3279 3976 3346 4031 de
3367 3993 3553 4033 eremo
3573 3977 3702 4033 Car-

2109 4065 2322 4132 tbusiae,
2374 4072 2524 4120 extra
2583 4080 2743 4136 quam
2808 4065 2959 4136 prior
3028 4064 3324 4120 Carthusia:
3380 4065 3494 4138 (qui
3556 4082 3702 4123 nunc

2034 4126 2079 4187 Ο
2109 4126 2450 4209 reverendus
2497 4126 2668 4209 Pater
2723 4126 2941 4223 dicitur)
2998 4168 3108 4208 non
3171 4126 3465 4224 egreditur,
3525 4170 3699 4225 pauca

2110 4241 2371 4296 dicamus.

2181 4329 2533 4399 Amplissima
2562 4336 2644 4383 est
2674 4328 2765 4382 illa
2796 4344 3033 4395 eremus,
3058 4328 3245 4400 plures
3274 4329 3483 4384 habens
3503 4329 3700 4385 altissi-

2108 4432 2227 4472 mos
2257 4424 2467 4471 montes
2496 4425 2548 4471 et
2568 4416 2863 4486 profundas
2879 4416 3069 4483 valles,
3091 4416 3164 4471 ita
3193 4425 3252 4471 ut
3279 4417 3367 4472 vix
3387 4417 3540 4473 credi
3566 4434 3699 4488 pos-

2111 4505 2179 4559 sit
2223 4513 2422 4576 quauta
2470 4505 2646 4575 spatia
2691 4504 2801 4560 illic
2849 4504 3228 4560 contineantur
3274 4521 3599 4576 pascuorum
3649 4514 3701 4561 et

2109 4609 2392 4648 nemorum
2422 4593 2565 4647 intra
2610 4592 2827 4663 rupium
2865 4601 3136 4663 praerupta
3180 4594 3517 4648 nascentium
3548 4602 3598 4648 et
3628 4593 3701 4647 ibi

2109 4681 2475 4746 morientium,
2510 4679 2633 4751 quia
2663 4696 2768 4734 non
2802 4688 2951 4750 patet
2978 4680 3062 4735 via
3091 4681 3161 4735 ad
3191 4680 3339 4753 ligna
3368 4680 3495 4736 inde
3526 4690 3699 4736 trans-

2110 4770 2395 4840 portanda,
2457 4777 2507 4823 et
2562 4768 2646 4822 his
2695 4768 3006 4823 novissimis
3076 4776 3280 4823 tantum
3348 4769 3696 4839 temporibus,

2109 4874 2229 4912 cum
2248 4856 2460 4927 magnis
2486 4856 2759 4911 laboribus
2776 4856 2916 4910 intra
2938 4857 3200 4928 quasdam
3223 4873 3387 4927 rupes
3409 4856 3493 4913 via
3512 4865 3702 4927 aperta

2110 4954 2213 5012 est,
2260 4946 2413 5013 cujus
2458 4944 2721 5000 benelicio
2776 4944 2957 5015 aliqua
3002 4961 3125 5015 pars
3170 4945 3395 5000 istarum
3444 4946 3702 5000 silvarum

2108 5042 2289 5104 potest
2344 5049 2466 5088 esse
2518 5033 2678 5102 utilis,
2739 5032 3105 5087 mediantibus
3162 5031 3388 5088 ofﬁcinis
3438 5032 3698 5088 ferrariis.

2110 5122 2241 5175 Tota
2272 5136 2403 5176 vero
2431 5121 2525 5175 illa
2557 5137 2775 5176 eremus
2804 5137 2912 5175 non
2958 5120 3189 5191 pertinet
3233 5121 3302 5175 ad
3347 5121 3700 5201 Carlbvusiam,

2111 5210 2204 5265 sed
2237 5218 2439 5264 tantum
2483 5225 2680 5280 magna
2710 5209 2854 5263 illius
2882 5224 3030 5279 pars,
3067 5226 3187 5280 quae
3217 5209 3419 5264 sensim
3466 5209 3534 5264 ad
3562 5209 3704 5265 illius

2109 5298 2515 5368 possessionem
2564 5297 2799 5352 devenit.
2855 5295 3083 5365 Quando
3127 5297 3271 5352 enim
3314 5297 3477 5369 primi
3516 5306 3703 5369 patres

2110 5388 2281 5440 nostri
2309 5386 2377 5440 ad
2407 5384 2749 5440 Carthasiam
2792 5393 3073 5451 venerunt,
3109 5392 3329 5440 sanctus
3378 5387 3534 5457 Hugo
3583 5385 3703 5456 epi-

402 5483 511 5530 tur.
564 5473 667 5543 Qui
723 5474 943 5530 termini
999 5476 1387 5531 monachorum
1447 5475 1610 5546 longe
1658 5476 2074 5546 augustioresD
2105 5489 2303 5543 scopus
2352 5473 2917 5543 Gratianopolitanus,
2959 5481 3011 5528 et
3067 5473 3393 5529 venerabilis
3450 5474 3708 5545 Signinus

405 5562 537 5617 olim
567 5570 908 5633 erantquam
938 5564 1345 5633 possessionum
1373 5578 1533 5617 :nam
1554 5563 1693 5617 intra
1733 5580 1829 5618 eos
1870 5579 2008 5619 con-

404 5649 732 5717 tinebantur,
764 5659 817 5705 et
848 5651 1079 5721 spatium
1123 5651 1489 5723 designabant
1535 5651 1677 5706 intra
1710 5651 1853 5723 quod
1884 5667 2007 5707 mo-

2108 5562 2282 5616 abbas
2312 5561 2597 5615 Casm-Dei
2643 5561 2908 5615 dederunt
2938 5562 2995 5615 S.
3030 5562 3265 5615 Brunoni
3295 5570 3347 5617 et
3393 5561 3558 5617 sociis
3588 5563 3708 5632 ejus

2107 5648 2370 5722 quidquid
2393 5648 2531 5718 juris
2562 5649 2617 5702 in
2646 5665 2709 5703 ea
2738 5649 3010 5705 habebant
3042 5667 3055 5705 :
3087 5649 3185 5706 sed
3214 5657 3402 5721 postea
3447 5650 3621 5706 crevit
3650 5651 3708 5707 in
