3940 6408
132 365 238 418 665

1474 361 1892 418 CONSUETUD
1900 362 2058 417 INES
2072 402 2084 414 .

3339 358 3440 411 666

205 491 256 542 5.
291 487 353 541 In
381 485 675 541 Nativitate
706 501 922 558 quoque
951 494 1006 542 et
1033 487 1244 542 Pascha
1275 495 1328 542 et
1357 488 1698 553 PentecOSte,
1732 495 1786 542 et
1828 502 1950 542 cum
1995 485 2159 539 frater
2201 483 2395 555 aliquis
2433 482 2831 554 professionem
2877 481 3117 536 facturus
3163 485 3266 544 est,
3301 476 3439 531 mis-

133 597 255 636 sam
284 589 468 638 cantat
501 583 783 652 majorem.
816 581 972 651 Quod
1006 582 1213 636 idcirco
1244 581 1529 637 scribimus
1550 623 1562 646 ,
1597 597 1667 634 ne
1697 581 1817 652 quis
1848 580 1987 636 forte
2028 589 2372 653 posterorum
2422 596 2621 636 cornua
2669 581 2772 635 sibi
2821 579 2949 634 velit
2990 591 3305 641 assumere,
3358 573 3443 629 vel

131 694 336 734 nomen
367 695 528 732 suum
557 694 896 749 quacumque
928 677 1106 750 gloria
1135 678 1222 733 vel
1251 677 1545 732 eminentia
1581 677 1876 732 celebrare.

212 779 262 830 6.
299 778 359 830 In
389 778 641 833 Adventu
672 783 848 830 autem
880 784 933 831 et
962 775 1390 847 Quadragesima
1418 783 1646 846 prOpter
1678 775 1969 831 arctiorem
2000 775 2082 830 sui
2112 777 2434 844 custodiam,
2469 792 2501 830 a
2520 777 2782 848 przedicta
2831 772 2991 827 etiam
3047 769 3284 825 abstinet
3312 769 3448 823 visi-

135 873 362 940 tatione,
393 872 497 927 nisi
527 873 707 945 aliqua
738 888 939 942 magna
969 871 1268 928 necessitas
1296 871 1542 943 coegerit
1571 872 1658 926 vel
1678 872 1899 926 utilitas.
1935 873 2043 927 Sed
2073 882 2125 928 et
2151 873 2362 928 caeteris
2393 872 2729 944 temporibus
2759 888 2869 928 non
2898 870 3103 942 passim
3133 876 3221 924 aut
3253 867 3447 923 leviter

139 977 194 1025 et
225 986 326 1041 pro
361 984 686 1044 quacunque
716 969 801 1026 vel
831 983 1071 1040 persona
1100 969 1186 1024 vel
1214 984 1374 1024 causa
1406 969 1476 1023 ad
1503 968 1726 1023 domum
1753 969 2039 1024 descendit
2068 969 2401 1025 inferiorem.

1452 1091 2028 1150 COMMENTARIUS.

136 1209 334 1266 eadem
364 1224 551 1264 eremo
597 1207 953 1262 Carthusiana
999 1206 1296 1277 possessio,
1343 1222 1440 1276 per
1484 1206 1738 1276 pietatem
1768 1210 1822 1268 Α
1914 1209 2067 1264 Hunc
2095 1209 2425 1263 laudabilem
2473 1223 2632 1262 usum
2663 1205 2925 1261 terminos
2972 1218 3082 1258 non
3129 1197 3447 1274 egrediendi

137 1297 437 1368 proborum
466 1296 827 1361 saecularium,
861 1295 952 1366 qui
981 1295 1089 1349 illis
1141 1310 1207 1349 ex
1258 1294 1520 1350 charitate
1567 1294 1741 1349 dede-

137 1393 266 1440 runt
296 1385 440 1456 quod
469 1384 524 1439 in
553 1399 616 1440 ea
651 1383 1020 1455 possidebant,
1055 1383 1220 1438 etiam
1247 1382 1544 1453 aliquando
1571 1382 1625 1436 id
1657 1398 1748 1452 po-

138 1473 466 1528 stulantibus
503 1472 706 1528 nostris
755 1471 1016 1540 eremitis,
1049 1479 1106 1526 ut
1147 1471 1216 1525 ab
1264 1470 1744 1542 inquietudinibus,

139 1578 277 1634 quas
306 1578 418 1616 non
465 1577 590 1616 raro
619 1577 650 1615 a
680 1560 898 1615 rusticis
945 1560 1305 1630 patiebantur,
1358 1559 1743 1625 eximerentur,

137 1665 243 1706 nec
275 1665 385 1706 non
411 1657 466 1704 ut
495 1648 710 1704 termini
741 1648 883 1702 illius
915 1647 1314 1702 Carthusiensis
1344 1646 1534 1712 eremi,
1568 1647 1746 1701 maxi-

137 1755 227 1794 me
255 1754 287 1792 a
316 1745 472 1808 parte
513 1737 696 1792 Sancti
743 1736 1034 1801 Laurentii,
1085 1751 1186 1806 per
1231 1735 1506 1790 naturales
1554 1735 1746 1790 termi-

136 1843 260 1892 nos,
295 1826 350 1880 id
381 1833 462 1882 est
491 1841 591 1896 per
619 1832 921 1896 praeruptas
953 1840 1134 1895 rupes,
1168 1831 1481 1879 notarentur
1508 1831 1560 1878 et
1589 1823 1746 1878 clau—

136 1916 420 1972 derentur.

211 2005 303 2061 Sic
335 2019 441 2075 ego
471 2003 675 2058 sensim
705 2009 990 2058 creverunt
1021 2001 1238 2056 termini
1286 2001 1606 2067 Carthusiae,
1655 2002 1746 2070 ju-

139 2093 397 2149 vantibus
427 2092 586 2147 etiam
618 2091 863 2146 certatim
911 2089 1276 2145 illustrissimo
1319 2089 1552 2160 capitulo
1603 2089 1747 2144 Gra-

139 2181 534 2252 tianopolitano
581 2189 634 2234 et
683 2180 827 2246 aliis,
875 2179 1022 2234 unde
1068 2178 1363 2233 Carthusia":
1411 2179 1748 2233 obvenerunt

140 2285 350 2341 pascua
376 2270 469 2324 illa
499 2268 700 2339 ampla,
736 2284 855 2340 qua:
883 2267 936 2322 in
969 2266 1278 2322 summitate
1319 2266 1565 2320 altissimi
1595 2282 1748 2321 mon-

137 2359 206 2413 tis
236 2357 414 2414 vocati
449 2356 868 2412 Charman-son
899 2354 1067 2425 (quod
1098 2355 1284 2408 Latine
1305 2363 1459 2408 sonat
1489 2355 1751 2410 amoenis-

140 2449 348 2502 simam
380 2443 794 2514 summitatem)
817 2443 916 2497 sita
939 2452 1080 2497 sunt.
1111 2443 1323 2497 Etinde
1355 2452 1436 2498 est
1465 2443 1608 2514 quod
1632 2451 1747 2497 ter-

139 2535 270 2590 mini
318 2533 625 2589 Carthusias
671 2531 918 2586 bifariam
980 2531 1400 2603 distinguantur,
1452 2547 1648 2602 nempe
1691 2531 1819 2619 inB

143 2622 410 2678 terminos
457 2621 851 2692 privilegiatos,
899 2627 952 2674 et
999 2620 1258 2674 terminos
1302 2620 1736 2689 possessionum.

141 2711 385 2766 Termini
424 2709 746 2781 privilegiati
793 2709 1047 2764 dicuntur
1090 2707 1167 2762 illi
1210 2708 1302 2778 qui
1346 2707 1496 2762 initio
1542 2708 1750 2762 ordinis

143 2799 419 2872 designati
447 2797 684 2866 fuerunt,
731 2813 832 2868 per
875 2797 1103 2868 gratiam
1151 2811 1487 2851 summorum
1533 2795 1748 2867 pontifi-

143 2905 262 2944 cum
292 2888 399 2942 sub
428 2886 760 2957 protectione
789 2886 937 2940 sedis
964 2885 1276 2956 apostolicae
1294 2885 1474 2955 positi,
1510 2893 1563 2940 et
1582 2884 1748 2940 variis

149 2976 454 3048 privilegiis
501 2974 784 3043 decorati,
829 2982 989 3044 prout
1031 2981 1156 3028 sunt
1202 2974 1626 3044 prohibitiones,
1679 2990 1748 3029 ne

149 3066 405 3120 mulieres
433 3063 646 3135 possint
675 3063 798 3118 illos
829 3063 1066 3134 ingredi,
1115 3078 1184 3116 ne
1217 3063 1379 3117 homo
1408 3063 1582 3132 possit
1611 3063 1750 3118 intra

149 3154 269 3209 illos
300 3153 446 3223 capi,
482 3151 630 3223 quod
660 3159 742 3206 est
769 3151 952 3222 aliqua
981 3150 1332 3204 immunitatis
1361 3151 1748 3207 ecclesiastica:

149 3241 509 3314 participatio,
541 3248 594 3294 et
624 3239 729 3294 alia
763 3238 1092 3307 hujusmodi,
1129 3254 1247 3310 quae
1285 3239 1522 3310 antiquis
1550 3247 1601 3294 et
1633 3240 1746 3310 pri-

149 3331 252 3385 mis
293 3329 407 3384 illis
447 3327 692 3383 terminis
733 3327 943 3382 fuerunt
993 3342 1278 3382 concessa.
1330 3328 1565 3383 Termini
1613 3344 1746 3382 vero

150 3417 560 3489 possessionum
609 3415 864 3470 dicuntur
888 3415 984 3481 illi,
1019 3415 1109 3486 qui
1160 3415 1280 3470 aliis
1326 3416 1572 3470 terminis
1616 3432 1746 3471 sen-

151 3506 252 3561 sim
281 3522 382 3576 per
411 3504 556 3560 varia
587 3511 834 3574 tempora
865 3512 1236 3572 accesserunt,
1269 3520 1335 3559 ex
1365 3504 1747 3560 donationibus

151 3597 202 3644 et
245 3587 685 3644 attributionibus
730 3602 1044 3653 nemorum,
1081 3603 1439 3658 pascuorum,
1493 3596 1544 3642 et
1587 3588 1745 3643 etiam

149 3693 427 3750 agrorum,
465 3692 587 3747 qua:
615 3683 797 3730 tamen
841 3675 1075 3747 antiquis
1123 3676 1366 3731 terminis
1413 3684 1539 3732 sunt
1568 3677 1746 3732 conti-

150 3782 275 3838 gua,
309 3772 363 3820 et
392 3764 447 3818 in
479 3764 594 3835 ipsa
622 3778 822 3836 magna
852 3779 1039 3819 eremo
1085 3764 1446 3820 continentur.
1481 3765 1608 3820 Sine
1639 3781 1747 3837 quo

151 3859 505 3910 terminorum
533 3861 824 3924 augmento
855 3859 1063 3908 certum
1097 3861 1178 3908 est
1221 3869 1493 3925 nunquam
1525 3855 1746 3910 domum

151 3943 448 3998 Carthusiae
476 3941 739 4012 potuisse,
775 3942 1146 3997 crescentibus
1189 3943 1246 3997 in
1292 3943 1409 3998 dies
1456 3944 1746 4012 oneribus,
1774 3916 1820 3976 Ο

150 4031 443 4086 subsistere
486 4030 692 4101 absque
733 4029 969 4101 vagandi
1035 4038 1088 4086 et
1133 4031 1412 4102 quaerendi
1452 4032 1750 4087 necessitu-

151 4119 292 4184 dine,
326 4135 450 4193 quaa
476 4134 576 4190 per
605 4135 666 4173 se
698 4119 869 4174 nostri
897 4119 1122 4174 instituti
1165 4121 1494 4176 destructiva
1541 4130 1642 4186 est,
1693 4129 1749 4176 ut

153 4208 404 4262 omnibus
435 4207 678 4262 cordatis
706 4207 952 4278 pervium
983 4215 1085 4262 est.
1117 4207 1295 4276 Quam
1321 4209 1482 4263 etiam
1503 4210 1571 4264 de
1588 4225 1750 4264 causa

149 4313 256 4351 non
277 4296 514 4369 vagandi
546 4311 646 4351 nec
684 4296 961 4368 quaerendi
1010 4312 1236 4352 necesse
1265 4296 1398 4366 fuit,
1432 4306 1489 4350 ut
1537 4306 1648 4352 tum
1696 4298 1751 4352 in

152 4385 341 4454 majori
371 4384 661 4439 Carthusia
691 4391 800 4439 tum
833 4384 888 4437 in
918 4385 1041 4438 aliis
1087 4385 1338 4440 domibus
1366 4385 1584 4441 licentia
1614 4401 1748 4458 pos-

152 4472 362 4527 sidendi
390 4479 703 4545 augeretur,
727 4479 784 4526 ut
804 4471 916 4526 suis
946 4471 1082 4527 locis
1127 4473 1461 4543 probabitur.
1495 4476 1599 4528 Sed
1631 4491 1752 4546 qua:

151 4569 204 4616 et
233 4569 434 4632 quanta
464 4577 585 4616 esse
610 4561 722 4629 jam
753 4560 1054 4630 inciperent
1081 4561 1176 4616 illa
1204 4577 1370 4617 onera
1409 4570 1652 4634 tempore
1685 4565 1747 4620 R.

151 4649 208 4702 Ρ.
243 4649 532 4721 Guigonis,
566 4649 682 4718 ipse
712 4649 954 4703 narrabit
983 4649 1207 4704 inferius
1237 4665 1358 4721 cap.
1397 4655 1480 4705 19.

219 4737 603 4792 Crescentibus
633 4753 768 4810 ergo
800 4738 878 4791 sic
908 4739 1156 4793 terminis
1182 4740 1589 4809 possessionum
1621 4741 1752 4795 Car-

152 4825 342 4880 thusize
371 4825 427 4879 in
455 4825 574 4896 ipsa
605 4841 807 4891 eremo,
862 4827 1018 4897 quasi
1069 4844 1169 4898 per
1209 4828 1360 4896 juxta
1402 4829 1748 4899 positionem,

152 4913 320 4967 crevit
351 4913 512 4967 etiam
545 4913 679 4968 ratio
705 4913 757 4966 in
797 4914 1070 4984 prioribus
1099 4916 1401 4970 Carthusiae
1430 4917 1751 4988 inspiciendi

156 5000 281 5070 quid
308 5009 586 5074 ageretur,
620 5009 709 5056 aut
737 5002 866 5074 quid
912 5003 1188 5074 agendum
1237 5013 1381 5059 esset
1410 5005 1549 5060 intra
1577 5006 1752 5061 dictos

156 5093 441 5144 terminos.
480 5091 548 5144 Et
577 5090 702 5145 inde
733 5098 815 5144 est
845 5092 991 5162 quod
1020 5092 1090 5145 ab
1122 5092 1271 5146 initio
1320 5093 1525 5148 ordinis
1557 5110 1750 5149 serva-

158 5185 346 5230 verunt
375 5177 479 5231 sibi
514 5177 813 5232 libertatem
860 5179 1224 5250 personaliter
1271 5180 1539 5237 invisendi
1589 5183 1751 5254 quid-

1849 1312 2064 1366 semper
2087 1305 2446 1352 servaverunt
2475 1296 2689 1366 priores
2737 1292 3056 1357 Carthusiae,
3092 1289 3319 1345 subaudi
3348 1304 3446 1342 ex-

1847 1392 1932 1438 tra
1963 1400 2124 1440 casus
2155 1385 2400 1456 urgentis
2432 1383 2792 1446 necessitatis,
2833 1389 2993 1452 prout
3033 1387 3156 1433 sunt
3180 1377 3446 1433 bellorum

1847 1473 2122 1538 tumultus,
2180 1473 2367 1543 pestis,
2418 1473 2634 1528 vocatio
2683 1471 2880 1525 summi
2928 1466 3200 1540 pontificis
3244 1472 3296 1520 et
3337 1463 3446 1518 alia

1847 1561 2175 1629 hujusmodi,
2219 1579 2340 1632 qua:
2369 1562 2548 1633 legem
2597 1575 2704 1614 non
2749 1559 2970 1623 habent,
3023 1563 3076 1610 et
3122 1570 3230 1608 non
3276 1550 3446 1606 semel

1847 1659 2145 1704 evenerunt
2175 1649 2226 1703 in
2258 1649 2474 1705 ordine.
2513 1650 2625 1702 Nec
2656 1648 2724 1701 ab
2754 1649 2858 1701 hoc
2906 1643 3163 1699 laudabili
3211 1659 3312 1696 usu
3341 1656 3446 1694 un-

1846 1753 2026 1809 quam,
2061 1739 2174 1792 Deo
2205 1745 2546 1808 protegente,
2578 1735 2881 1799 discedent,
2915 1733 2984 1787 ad
3033 1732 3265 1787 aliorum
3294 1727 3448 1782 Prio-

1846 1842 1968 1880 rum
1997 1825 2202 1881 ordinis
2232 1825 2559 1896 exemplum,
2610 1822 2860 1894 quamvis
2890 1821 3035 1876 circa
3070 1819 3211 1884 illos,
3245 1831 3444 1871 neces-

1847 1916 2004 1969 sitate
2035 1922 2284 1985 cogente,
2320 1930 2405 1968 res
2433 1913 2592 1968 aliter
2623 1912 2828 1966 sancita
2858 1909 3039 1974 fuerit,
3071 1914 3128 1962 ut
3167 1904 3282 1960 suis
3311 1904 3448 1958 locis

1849 2003 2150 2058 notabitur.

1921 2093 2049 2146 Haec
2102 2098 2282 2145 autem
2332 2089 2519 2144 stricta
2581 2086 2871 2143 residentia
2918 2083 3111 2156 prioris
3153 2079 3451 2138 Carthusia:

1849 2181 1987 2234 intra
2046 2179 2317 2250 propriam
2389 2194 2634 2233 eremum
2684 2174 2996 2231 necessaria
3035 2171 3276 2241 judicata
3346 2175 3448 2223 est.

1848 2284 1958 2323 non
1986 2276 2195 2322 tantum
2226 2275 2284 2320 ut
2314 2283 2380 2321 eo
2411 2266 2660 2336 exemplo
2691 2264 2872 2320 caeteri
2919 2263 3129 2334 priores
3174 2259 3241 2313 ab
3285 2256 3448 2311 inuti-

1848 2357 1988 2410 libus
2019 2356 2354 2411 discursibus
2391 2363 2540 2410 extra
2597 2355 2854 2408 terminos
2903 2352 3189 2407 domorum
3233 2360 3452 2400 suarum

1849 2446 2205 2510 abstinerent,
2227 2452 2278 2498 et
2295 2459 2558 2498 concessa
2580 2459 2643 2498 ex
2664 2441 2983 2497 necessitate
3005 2445 3157 2493 extra
3179 2451 3274 2490 eos
3293 2449 3451 2505 egre-

1850 2534 2032 2588 diendi
2059 2533 2307 2587 libertate
2337 2547 2445 2586 non
2474 2531 2844 2598 abuterentur,
2877 2528 2972 2582 sed
3002 2526 3165 2582 etiam
3195 2531 3250 2578 ut
3278 2535 3448 2591 nego-

1850 2622 1919 2676 tia
1949 2621 2170 2685 ordinis,
2207 2637 2324 2691 qum
2353 2619 2589 2689 undique
2619 2619 2688 2672 ad
2735 2617 2884 2671 illum
2904 2659 2916 2681 ,
2951 2615 3064 2670 sive
3090 2629 3190 2683 per
3220 2611 3444 2674 litteras,

1848 2710 1962 2764 sive
1991 2725 2090 2780 per
2119 2723 2410 2778 expressos
2440 2707 2655 2762 nuntios
2684 2705 2998 2760 deferuntur
3021 2745 3033 2768 ,
3062 2701 3142 2756 sic
3189 2700 3448 2754 damnum

1848 2815 1913 2852 ex
1943 2797 2360 2868 responsionum
2391 2795 2650 2850 dilatione
2671 2810 2778 2849 non
2807 2799 3141 2864 paterentur,
3173 2803 3296 2843 cum
3315 2802 3451 2840 sem-

1848 2903 1948 2958 per
1975 2887 2031 2940 in
2059 2887 2223 2940 domo
2251 2885 2570 2952 Carthusize,
2605 2884 2691 2938 vel
2719 2883 2910 2937 saltem
2953 2882 3090 2935 intra
3125 2876 3295 2933 eremi
3325 2891 3445 2928 am-

1847 2977 2017 3031 bitum
2046 2976 2199 3047 prior
2246 2974 2538 3028 Carlhusize
2577 2982 2723 3027 certo
2772 2971 2997 3041 reperiri
3045 2968 3266 3022 sciatur.
3317 2966 3446 3020 Haec

1846 3081 2020 3136 pauca
2050 3066 2118 3120 de
2149 3080 2332 3118 eremo
2364 3061 2661 3118 Carthusim
2691 3068 2743 3115 et
2773 3061 2841 3116 de
2886 3059 3131 3132 priorum
3161 3057 3277 3126 ejus
3305 3054 3446 3109 resi-

1848 3155 2034 3210 dentia
2061 3167 2207 3208 nunc
2236 3152 2438 3207 dixisse
2469 3150 2715 3205 sufﬁciat.

1919 3243 2054 3297 Ibid.
2113 3242 2278 3298 Sedes
2326 3244 2447 3312 ejus
2494 3240 2724 3294 ubilibet
2782 3240 2866 3293 vel
2911 3237 3168 3293 vestitus.
3219 3234 3299 3288 Ex
3345 3233 3449 3287 hoc

1848 3331 1968 3386 loco
2000 3331 2185 3401 incipit
2213 3346 2476 3400 apparere
2505 3343 2601 3384 cur
2646 3327 2701 3382 in
2748 3327 2940 3382 ordine
2989 3323 3174 3378 titulus
3213 3321 3444 3386 abbatis,

1847 3436 1949 3475 nec
1979 3420 2046 3473 ab
2077 3420 2196 3489 ipso
2221 3418 2401 3489 priore
2431 3417 2732 3472 Carthusiae
2753 3414 2960 3469 ordinis
2991 3410 3253 3484 generali,
3288 3409 3446 3464 etiam

1846 3508 2158 3580 impellente
2189 3507 2483 3577 aliquando
2513 3505 2570 3559 S.
2602 3505 2734 3559 sede
2777 3501 3097 3574 apostolica,
3146 3499 3306 3554 fuerit
3351 3513 3447 3552 ac-

1846 3604 2108 3668 ccptatus.
2158 3596 2310 3650 Mens
2367 3594 2511 3650 enim
2555 3593 2780 3658 ordinis,
2830 3590 2990 3647 amici
3050 3597 3103 3644 et
3148 3588 3347 3643 fratres
3392 3586 3448 3640 in

1847 3687 2059 3742 Christo
2091 3683 2429 3740 dilectissimi
2459 3682 2676 3752 (iisdem
2707 3680 2852 3736 enim
2899 3679 3102 3746 verbis,
3135 3677 3330 3748 quibus
3363 3690 3453 3730 so-

1848 3774 1961 3830 cios
1992 3773 2285 3845 alloquitur
2314 3773 2379 3827 Il.
2411 3773 2470 3826 Ρ.
2506 3771 2704 3842 Guigo,
2739 3785 2874 3841 erga
2902 3783 3000 3824 vos
3047 3767 3123 3821 uti
3162 3781 3272 3820 non
3304 3763 3448 3819 desi-

1847 3866 2021 3933 nam),
2055 3878 2229 3927 mens,
2266 3862 2508 3932 inquam,
2551 3859 2760 3914 ordinis
2791 3866 2891 3923 est,
2917 3857 3004 3911 hic
3054 3863 3107 3910 et
3149 3853 3348 3924 ubique
3395 3852 3453 3907 in

1851 3950 2063 4005 statutis
2092 3958 2284 4021 postea
2317 3965 2591 4020 expressa,
2625 3956 2681 4002 ut
2727 3947 2783 4000 in
2827 3945 3118 4001 dilectione
3145 3950 3199 3998 et
3244 3940 3454 3996 humili-

1850 4047 1956 4094 tate
1987 4039 2346 4103 ambulemus,
2379 4046 2432 4092 et
2463 4038 2676 4109 priores
2707 4035 2839 4089 nihil
2879 4035 2982 4089 sibi
3027 4039 3305 4104 usurpent,
3351 4046 3454 4086 nec

1851 4128 1905 4182 in
1937 4127 2101 4182 titulis
2131 4143 2233 4181 nec
2258 4126 2313 4180 in
2343 4126 2521 4192 rebus,
2557 4125 2675 4180 sive
2698 4125 2767 4179 ad
2793 4124 3014 4187 victum,
3044 4121 3159 4176 sive
3187 4121 3257 4176 ad
3288 4119 3452 4176 vesti-

1852 4224 1983 4281 tum,
2026 4215 2140 4270 sive
2170 4215 2239 4269 ad
2271 4214 2662 4284 supellectilem
2682 4211 3099 4284 pertinentibus,
3123 4209 3271 4281 quod
3298 4224 3392 4264 eos
3422 4223 3453 4262 a

1852 4303 2134 4358 monachis
2173 4302 2488 4373 distinguat.
2521 4303 2587 4355 Et
2620 4301 2883 4372 quidquid
2911 4306 3132 4369 apparet
3161 4297 3216 4351 in
3241 4297 3325 4352 his
3354 4312 3452 4366 per

1853 4400 2055 4446 statuta
2118 4391 2397 4446 monachis
2445 4405 2555 4445 non
2611 4405 2735 4444 esse
2773 4403 3116 4452 concessum,
3166 4385 3268 4439 sibi
3316 4385 3448 4455 ipsis

1853 4481 2014 4536 etiam
2045 4480 2243 4534 debent
2273 4479 2497 4535 credere
2529 4494 2640 4532 non
2670 4476 2893 4542 licitum,
2946 4474 3185 4545 exceptis
3233 4474 3298 4528 iis
3330 4489 3450 4545 quae

1852 4569 1926 4624 ita
1948 4569 2219 4640 prioratus
2248 4568 2446 4622 muniis
2475 4575 2599 4622 sunt
2628 4581 2856 4630 annexa,
2890 4573 2948 4619 ut
2974 4564 3181 4634 absque
3211 4563 3317 4616 illis
3347 4576 3455 4616 non

1854 4658 2063 4728 possint
2094 4658 2232 4712 bene
2263 4665 2314 4711 et
2337 4657 2488 4725 juxta
2517 4664 2750 4710 mentem
2781 4653 2988 4708 ordinis
3020 4651 3324 4722 adimplcri.

1923 4747 2084 4801 Num.
2120 4750 2170 4800 5.
2211 4747 2360 4814 Quod
2381 4746 2587 4800 idcirco
2607 4743 2972 4800 scribimus...
2996 4758 3211 4796 cornua
3232 4737 3336 4795 sibi
3365 4755 3452 4795 ve—

1857 4837 1944 4900 lit,
1979 4843 2065 4890 etc
2119 4837 2283 4889 lstum
2328 4833 2582 4906 loquendi
2618 4833 2837 4887 modum
2868 4849 2897 4886 e
2946 4830 3234 4900 Scripturis
3281 4828 3452 4883 sacris

1853 4923 2141 4994 assumpsit
2175 4923 2237 4978 Β.
2275 4925 2331 4978 Ρ.
2367 4923 2566 4995 Guigo,
2599 4922 2654 4976 in
2683 4921 2881 4993 quibus
2929 4935 3037 4975 non
3067 4935 3192 4974 raro
3221 4919 3452 4973 ambitus

1853 5008 1944 5063 ille
1973 5025 2031 5062 se
2064 5024 2229 5078 supra
2260 5007 2396 5062 alios
2444 5006 2732 5075 exaltandi,
2783 5021 2882 5076 per
2927 5021 3128 5059 cornua
3174 5011 3452 5074 assumpta

1854 5096 2187 5168 exprimitur,
2222 5097 2385 5151 veluti
2413 5096 2550 5167 psal.
2584 5110 2760 5149 Lxxw
2792 5109 2805 5148 :
2852 5095 3033 5150 Nolite
3082 5095 3358 5150 extollere
3388 5093 3450 5148 in

1852 5187 2038 5240 altum
2071 5201 2250 5241 cornu
2291 5190 2558 5240 vestrum.

160 5264 285 5333 quid
312 5265 548 5337 antiquis
594 5267 837 5321 terminis
894 5267 1206 5338 contiguum
1236 5269 1304 5323 de
1352 5286 1493 5326 novo
1519 5271 1752 5327 accede-
1776 5256 1828 5314 D
1928 5275 2090 5328 Num.
2109 5276 2160 5326 6.
2184 5275 2288 5328 Sed
2300 5278 2354 5328 et
2370 5275 3069 5345 cmteristemporibusnon
3084 5274 3320 5345 passim,
3345 5280 3448 5327 etc.

159 5359 258 5418 ret,
291 5368 415 5408 cum
463 5370 679 5426 semper
725 5355 793 5410 ad
843 5371 1090 5410 eremum
1137 5357 1432 5413 Carthusiaa
1481 5361 1755 5430 pertinere

159 5450 528 5496 censerentur.
571 5441 784 5514 Quippe
813 5444 869 5497 in
899 5460 1085 5498 eremo
1116 5460 1431 5502 aconcursu
1451 5447 1750 5512 hominum,

159 5542 187 5579 a
207 5529 362 5600 pagis
391 5537 445 5584 et
475 5530 618 5584 villis
646 5540 852 5587 remota
876 5532 1194 5599 consistunt,
1220 5542 1382 5605 atque
1412 5536 1480 5590 de
1509 5536 1753 5590 terminis

159 5629 263 5668 non
293 5618 615 5688 scrupulose
647 5627 697 5673 et
729 5619 970 5690 physice,
1006 5621 1102 5675 sed
1151 5622 1428 5676 moraliter
1456 5623 1753 5693 intelligen-

163 5701 242 5756 dis
273 5704 359 5760 hic
391 5706 594 5776 agitur.

1856 5362 1953 5417 Hic
1983 5369 2131 5432 patet
2163 5363 2306 5434 quod
2337 5362 2718 5432 hospitalitatis
2749 5362 2946 5433 gratia,
2966 5377 3226 5432 personas
3257 5377 3453 5433 graves

1855 5458 1907 5503 et
1938 5451 2193 5504 honestas
2223 5450 2372 5520 prior
2401 5450 2705 5506 deducebat
2735 5451 2802 5504 ad
2849 5450 3070 5504 domum
3117 5448 3451 5519 inferiorem,

1854 5537 1939 5591 vel
1961 5538 2033 5591 ibi
2063 5553 2158 5591 eas
2194 5538 2476 5603 visitahat;
2511 5555 2636 5592 nam
2686 5547 2812 5593 tunc
2854 5538 3116 5608 temporis
3164 5538 3238 5591 ibi
3276 5553 3455 5592 came-

1853 5642 1956 5692 ras,
1991 5626 2044 5679 in
2079 5626 2274 5695 quibus
2324 5626 2566 5696 hospites
2608 5626 2961 5682 communiter
3004 5627 3074 5680 ad
3117 5633 3452 5697 pernoctan-

1853 5714 1979 5766 dum
2011 5713 2065 5767 in
2097 5714 2195 5768 hac
2227 5714 2418 5781 majori
2449 5715 2730 5770 Carthusia
2753 5715 3152 5786 exciperentur,
3179 5713 3450 5769 exstitisse
