3940 6424
413 431 516 485 667
1238 435 1581 494 GUIGONIS
1620 441 1641 493 I
1687 440 2093 496 CARTHUSLE
2139 437 2434 494 MAIORIS
2479 438 2756 495 PRIORIS
2795 437 2863 492 γ.

1761 564 1959 619 CAPIT
1965 563 2156 619 ULUM
2200 564 2346 619 XVI.

1548 663 1623 716 De
1653 665 2015 732 procuratore
2046 661 2240 716 domu:
2259 662 2576 731 inferioris.

494 751 544 802 1.
577 747 877 805 Ρτωῦοὶῑιιι·
907 751 1050 806 enim
1080 753 1148 806 ab
1180 771 1246 810 eo
1293 756 1476 811 eidem
1505 757 1688 812 domui
1734 774 1872 811 unus
1919 774 1949 811 e
1993 759 2274 813 monachis
2323 759 2558 831 diligens
2597 764 2934 828 procurator,
2984 755 3061 808 sic
3101 754 3244 808 enim
3287 772 3407 811 eum
3455 757 3715 813 volumus

421 844 706 914 appellari.
747 846 852 914 Qui
882 849 1264 906 universorum
1297 863 1512 908 strenue
1541 871 1718 909 curam
1750 872 1969 925 gerens,
2002 856 2047 909 si
2075 870 2337 927 magnum
2365 854 2570 924 aliquid
2599 862 2685 908 aut
2713 861 2914 924 praeter
2941 851 3390 907 consuetudinem
3431 855 3715 924 agendum

421 948 520 1007 est,
573 941 638 994 ad
670 942 868 1012 prioris
899 946 1130 1000 recurrit
1163 965 1380 1019 semper
1407 951 1711 1016 consilium,
1742 967 1845 1005 nec
1893 951 2100 1021 grande
2149 949 2373 1021 aliquid,
2422 957 2622 1020 praeter
2665 950 2780 1018 ejus
2823 947 3118 1012 licentiam,
3167 949 3370 1005 donare
3422 952 3714 1020 praesumit

417 1043 502 1087 aut
532 1049 699 1106 agere
712 1077 724 1091 .

3593 441 3708 493 668

488 1134 541 1184 2.
574 1132 682 1186 Sed
713 1142 765 1188 et
793 1134 930 1205 ipse,
959 1141 1206 1208 quamvis
1237 1141 1486 1212 exemplo
1514 1143 1756 1207 Marthae,
1792 1143 1942 1210 cujus
1975 1143 2214 1213 suscepit
2242 1143 2492 1207 ofﬁcium,
2526 1143 2672 1198 circa
2720 1139 2888 1194 multa
2931 1140 3206 1194 sollicitari
3239 1149 3292 1196 et
3342 1143 3545 1197 turbari
3593 1160 3706 1199 ne-

420 1241 574 1282 cesse
619 1229 837 1297 habeat,
889 1233 1159 1290 silentium
1200 1245 1377 1292 tamen
1427 1247 1478 1292 et
1527 1239 1760 1308 quietem
1811 1239 1962 1292 cellae
2013 1255 2119 1293 non
2168 1241 2379 1309 penitus
2427 1240 2660 1307 abjicere
2700 1245 2791 1290 aut
2821 1236 3114 1291 abhorrere
3147 1238 3304 1292 solet.
3364 1239 3468 1293 Sed
3499 1241 3706 1310 potius,

422 1334 680 1393 quantum
711 1328 905 1384 domus
937 1334 1156 1404 negotia
1186 1335 1478 1404 patiuntur,
1512 1335 1666 1406 quasi
1696 1335 1762 1388 ad
1794 1335 2118 1389 tutissimum
2151 1345 2202 1390 et
2233 1337 2630 1407 quietissimum
2675 1342 2862 1405 portus
2909 1333 3108 1400 sinum,
3157 1335 3225 1388 ad
3269 1335 3459 1390 cellam
3489 1353 3714 1408 semper

425 1423 673 1489 recurrit,
707 1433 760 1478 ut
786 1426 1039 1499 legendo,
1075 1431 1302 1496 orando,
1336 1432 1647 1486 meditando
1695 1439 1746 1485 et
1787 1432 2125 1486 turbulentos
2176 1434 2339 1486 animi
2391 1433 2470 1487 sui
2519 1441 2698 1486 motus
2745 1449 2808 1485 ex
2860 1445 3042 1484 rerum
3074 1429 3403 1485 exteriorum
3445 1447 3575 1487 cura
3621 1428 3717 1487 vel

422 1515 773 1586 dispositione
803 1533 1088 1593 surgentes
1119 1527 1334 1596 sedare,
1367 1537 1420 1582 et
1450 1529 1503 1582 in
1533 1530 1743 1585 arcanis
1773 1529 1854 1583 sui
1884 1529 2121 1598 pectoris
2152 1529 2354 1598 aliquid
2387 1529 2619 1593 salubre,
2654 1527 2798 1598 quod
2845 1525 3102 1580 fratribus
3151 1527 3458 1580 commissis
3504 1527 3559 1580 in
3607 1543 3712 1582 ca-

424 1613 594 1682 pitulo
625 1618 863 1672 suaviter
891 1629 941 1673 et
973 1623 1246 1691 sapienter
1295 1634 1518 1691 eructet,
1558 1628 1730 1697 possit
1778 1626 2093 1681 recondere.
2147 1627 2318 1680 Tanto
2363 1625 2505 1680 enim
2554 1622 3007 1696 frequentioribus
3052 1621 3522 1692 praedicationibus
3563 1622 3719 1677 indi-

425 1717 576 1780 gent,
609 1723 810 1782 quanto
842 1717 1017 1772 minus
1046 1719 1254 1774 litteras
1283 1730 1498 1776 norunt.

499 1809 557 1860 3.
598 1807 700 1876 Qui
730 1811 794 1876 si,
831 1814 972 1882 quod
1005 1816 1158 1881 absit,
1191 1818 1476 1889 negligens
1509 1826 1598 1872 aut
1625 1818 1889 1890 prodigus
1919 1826 2010 1872 aut
2038 1826 2324 1872 contumax
2357 1818 2608 1872 inventus
2637 1816 2812 1881 fuerit,
2865 1814 3171 1886 saepiusque
3213 1824 3503 1885 corruptus
3531 1832 3719 1871 emen-

431 1901 560 1956 dare
589 1905 838 1974 noluerit,
873 1911 1162 1984 subrogato
1191 1914 1247 1968 in
1294 1915 1471 1970 locum
1518 1917 1635 1984 ejus
1675 1916 1922 1979 meliore,
1973 1915 2044 1968 ad
2085 1915 2236 1969 cellae
2281 1914 2525 1984 protinus
2584 1912 2885 1968 custodiam
2937 1917 3238 1979 revocatur,
3292 1918 3349 1964 ut
3391 1910 3485 1982 qui
3528 1913 3719 1983 nequit

433 1999 682 2070 alienam,
716 2021 869 2060 suam
900 2008 1089 2063 saltem
1118 2019 1376 2080 operetur
1407 2012 1664 2066 salutem.

1803 2106 2191 2161 CAPITULUM
2222 2107 2391 2160 XVII.

1352 2205 1427 2259 De
1457 2205 1682 2271 inﬁrmo
1712 2203 1805 2275 qui
1824 2203 2080 2257 mittitur
2108 2203 2179 2257 ad
2210 2205 2539 2272 inferiorem
2569 2201 2814 2257 domum.

512 2317 555 2364 ι.
590 2309 746 2377 Quod
779 2313 824 2365 si
857 2330 1018 2384 quem
1048 2315 1210 2369 alium
1249 2332 1313 2370 ex
1351 2317 1635 2370 monachis
1664 2317 1730 2369 ad
1769 2315 2082 2370 inferiorem
2127 2317 2344 2370 domum
2391 2313 2578 2368 fecerit
2625 2313 2773 2383 prior
2815 2313 3147 2370 descendere
3195 2311 3276 2382 (fit
3324 2320 3502 2367 autem
3550 2328 3703 2373 raro.

434 2421 634 2477 magna
660 2409 891 2478 quadam
923 2418 974 2464 et
1005 2427 1144 2480 pene
1176 2412 1470 2466 inevitabili
1501 2413 1840 2477 necessitate,
1877 2413 1960 2466 vel
1992 2412 2059 2466 ad
2098 2409 2438 2480 importabile
2471 2411 2688 2463 tmdium
2736 2411 3108 2474 relevandum,
3142 2409 3227 2463 vel
3255 2409 3322 2463 ad
3351 2409 3716 2479 periculosam

436 2501 724 2572 aliquando
754 2507 1103 2561 tentationem
1135 2509 1452 2573 sedandam,
1487 2510 1573 2564 vel
1603 2510 1670 2563 ad
1703 2525 1875 2580 genus
1907 2508 2126 2578 aliquod
2156 2508 2334 2561 morbi
2382 2507 2697 2578 gravissimi
2738 2507 3140 2579 mitigandum),
3175 2505 3219 2558 si
3249 2521 3411 2575 quem
3467 2520 3602 2576 ergo
3635 2512 3724 2558 ta-

437 2598 562 2652 lium
594 2600 692 2671 [al.
725 2601 910 2674 alium]
941 2603 1168 2659 inferius
1198 2607 1533 2661 descendere
1565 2606 1714 2677 prior
1742 2606 1947 2671 fecerit,
1982 2605 2049 2659 de
2078 2604 2519 2674 dispositionibus
2550 2612 2602 2658 et
2632 2604 2865 2675 negotiis
2895 2603 3167 2672 totiusque
3197 2601 3389 2655 domus
3419 2615 3547 2656 cura
3575 2599 3730 2654 nulla

438 2711 498 2750 se
527 2697 838 2753 curiositate
868 2699 1202 2756 intromittet.

506 2796 560 2849 2.
597 2795 718 2850 Non
758 2796 900 2850 enim
929 2799 1144 2868 expedit
1196 2799 1479 2854 habitatori
1509 2800 1660 2855 cella:
1709 2816 1872 2854 nosse
1920 2798 2246 2866 hujusmodi,
2280 2805 2393 2851 tum
2445 2797 2604 2852 etiam
2657 2796 2820 2851 totius
2861 2795 3057 2851 domus
3096 2793 3216 2865 paci
3263 2794 3595 2850 contrarium
3616 2799 3728 2848 est.

1804 2919 2374 2977 COMMENTARIUS.

439 3040 645 3089 οεΐίυῐη
673 3043 774 3101 εει)
809 3036 1056 3107 quamvis
1087 3037 1248 3092 etiam
1285 3038 1466 3108 aliqua
1512 3037 1812 3092 diversoria
1840 3037 1892 3090 in
1924 3053 2018 3090 ευ·
2039 3045 2092 3102 Α
2121 3050 2453 3121 exsequendi
2483 3049 2536 3102 in
2567 3049 2778 3103 ordine.
2811 3049 2907 3103 Cui
2945 3048 2990 3103 si
3023 3064 3082 3104 se
3111 3047 3450 3104 conformare
3478 3049 3733 3104 studeant

437 3123 639 3192 periori
667 3124 829 3178 domo
851 3125 1196 3191 haberentur,
1230 3133 1289 3179 ut
1317 3125 1449 3179 infra
1482 3127 1766 3179 videbitur.

510 3211 678 3264 Porro
709 3227 769 3266 ea
799 3212 976 3280 omnia
1007 3230 1126 3282 qua:
1157 3213 1209 3266 in
1242 3215 1346 3268 hoc
1382 3214 1618 3283 capitulo
1667 3212 2028 3278 continentur,

441 3296 510 3351 de
539 3298 708 3353 verbo
733 3299 802 3352 ad
833 3300 1056 3354 verbum
1084 3301 1251 3354 relata
1282 3302 1544 3356 habentur
1573 3301 1627 3354 in
1656 3300 1888 3370 antiquis
1920 3308 2031 3352 sta-

443 3385 568 3438 tutis
597 3399 635 3439 n
679 3394 820 3457 part.
855 3401 974 3457 cap.
1005 3391 1056 3453 5,
1088 3405 1180 3442 nn.
1218 3392 1239 3442 l
1277 3397 1327 3443 et
1358 3406 1538 3460 seqq.;
1572 3404 1694 3458 cap.
1730 3391 1781 3454 6,
1832 3403 1925 3440 nn.
1979 3391 2030 3450 1,

442 3478 532 3540 23,
564 3479 652 3540 30,
685 3480 737 3542 2,
770 3479 801 3530 3
833 3485 886 3530 et
913 3479 1018 3542 2t;
1051 3485 1103 3531 et
1132 3477 1256 3532 ideo
1285 3478 1416 3531 nihil
1451 3492 1678 3547 prorsus
1708 3493 1773 3530 ex
1802 3477 1905 3530 hoc
1937 3491 2033 3530 ca-

440 3563 609 3634 pitulo
639 3563 736 3618 fuit
765 3564 1025 3618 omissum
1058 3566 1203 3636 quod
1233 3566 1285 3619 in
1316 3574 1501 3620 vetera
1540 3572 1734 3619 statuta
1774 3580 1882 3618 non
1912 3564 2034 3618 fue-

441 3651 508 3705 rit
538 3651 888 3706 transfusum.

514 3739 644 3794 CAP.
668 3740 812 3794 XVI.
837 3770 906 3779 —
925 3741 1001 3796 De
1022 3746 1390 3811 procuratore
1406 3741 1602 3795 domus
1625 3741 1936 3810 inferioris.
1961 3741 2036 3793 Ea

441 3828 624 3882 omnia
652 3844 770 3898 quin
818 3827 873 3882 in
922 3829 1021 3882 hoc
1069 3829 1305 3899 capitulo
1353 3829 1633 3893 habentur,
1700 3829 2039 3898 procuratori

445 3915 639 3969 domus
668 3915 942 3970 inferioris
972 3925 1201 3986 possunt
1239 3924 1442 3970 tantum
1486 3916 1749 3987 applicari
1779 3935 1792 3970 :
1828 3933 1953 3970 nam
1984 3917 2038 3970 in

444 4002 695 4057 domibus
724 4003 778 4056 in
808 4004 1004 4074 quibus
1045 4005 1239 4058 domus
1283 4004 1506 4059 inferior
1544 4020 1649 4058 non
1699 4012 1850 4069 erat,
1884 4005 2041 4075 plura

446 4107 566 4161 quae
594 4091 682 4146 hic
710 4091 961 4146 dicuntur
989 4107 1096 4146 non
1125 4091 1378 4156 faciebat,
1410 4100 1570 4162 prout
1607 4109 1703 4162 per
1737 4093 2040 4147 ordinatio-

445 4195 544 4234 nes
574 4179 930 4249 capitulorum
963 4180 1299 4252 generalium
1329 4181 1586 4250 deinceps
1627 4181 2042 4235 determinatum

445 4265 563 4334 fuit,
594 4275 650 4320 ut
684 4267 795 4320 suis
822 4267 957 4321 locis
985 4268 1275 4322 videbitur.
1311 4268 1420 4321 Cur
1465 4275 1644 4322 autem
1675 4269 1868 4323 domus
1898 4268 2041 4322 infe—

446 4354 558 4408 rior
587 4362 895 4409 constructa
943 4354 1102 4409 fuerit
1152 4357 1204 4408 in
1255 4355 1419 4410 domo
1459 4356 1676 4424 Majoris
1721 4356 2036 4419 Carthasim,
2059 4386 2110 4445 B

444 4451 493 4496 et
525 4450 711 4512 postea
742 4443 811 4496 ad
857 4444 972 4510 ejus
1017 4443 1362 4498 imitationem
1407 4444 1461 4497 in
1509 4444 1897 4514 antiquioribus
1943 4445 2039 4498 do-

448 4530 624 4584 mibus
654 4531 878 4596 ordinis,
911 4547 1028 4602 qua:
1049 4531 1208 4586 etiam
1232 4531 1500 4587 Correriw
1519 4541 1797 4597 vocantur,
1823 4532 2040 4586 nomine

446 4627 724 4688 assumpto
754 4619 822 4672 ab
852 4619 943 4673 illo
973 4619 1216 4673 inferiori
1246 4619 1406 4672 domo
1429 4619 1728 4673 Carthusize
1759 4636 1879 4689 qua:
1911 4620 2041 4673 Cor-

447 4706 589 4760 reria
620 4706 862 4760 dicitur?
891 4707 948 4761 Id
977 4707 1172 4762 factum
1200 4707 1472 4761 credimus
1507 4715 1560 4760 ut
1591 4722 1622 4760 a
1669 4707 1830 4761 domo
1880 4723 2044 4776 supe-

449 4793 597 4858 riori,
630 4795 719 4847 ubi
764 4794 1013 4849 monachi
1064 4794 1394 4862 habitabant,
1443 4794 1619 4849 omnis
1649 4796 1904 4865 strepitus
1953 4795 2041 4849 ille

446 4890 741 4950 arceretur,
776 4881 865 4952 qui
896 4882 973 4936 rei
1006 4881 1250 4936 familiari
1274 4883 1629 4952 procurandae
1651 4883 1916 4937 naturalis
1938 4891 2039 4948 est,

449 4976 591 5024 etne
621 4985 684 5023 ex
719 4969 944 5023 tumultu
984 4968 1346 5024 recedentium
1379 4970 1532 5042 quies
1566 4972 1958 5025 monachorum
1989 4971 2043 5024 in

449 5057 562 5111 suis
591 5058 800 5112 cellulis
832 5057 1148 5112 turbaretur.

523 5146 684 5199 Num.
712 5149 762 5199 1.
805 5147 906 5214 Qui
929 5148 1337 5213 universorum,
1377 5155 1504 5212 etc.,
1547 5151 1649 5202 aut
1675 5151 2043 5218 prwtcrcon-

451 5234 830 5290 suetudinem.
858 5235 955 5290 Hic
977 5235 1346 5304 procuratoris
1367 5251 1491 5290 cura
1516 5235 1692 5306 qualis
1711 5242 1874 5300 esset,
1905 5242 1957 5288 et
1977 5235 2046 5289 ad

451 5339 571 5394 qua:
587 5338 646 5377 se
662 5323 977 5378 extenderet
999 5323 1335 5392 exprimitur,
1357 5339 1552 5393 nempe
1573 5323 1638 5376 ad
1661 5322 1914 5376 universa
1927 5340 2047 5392 quae

453 5411 574 5482 geri
601 5410 846 5464 solebant
875 5411 927 5464 in
960 5411 1122 5465 domo
1144 5409 1406 5474 inferiori,
1442 5419 1493 5466 et
1518 5411 1667 5479 juxta
1695 5411 2046 5465 consuetudi-

452 5515 598 5564 nem,
632 5515 754 5553 nam
787 5499 965 5554 statim
996 5507 1156 5570 atque
1207 5499 1334 5570 quid
1390 5508 1586 5569 praeter
1639 5507 1896 5554 consueta
1945 5516 2047 5570 ge-

455 5587 680 5644 rendum
712 5587 962 5652 occurrit,
996 5588 1061 5642 ad
1093 5587 1326 5658 priorem
1356 5588 1441 5642 hic
1474 5587 1782 5641 remittitur.

528 5677 587 5728 In
619 5675 722 5730 hoc
748 5676 999 5745 capitulo,
1035 5676 1176 5746 quod
1200 5677 1267 5730 de
1288 5676 1456 5730 verbo
1477 5676 1544 5730 ad
1566 5676 1788 5730 verbum
1820 5677 2048 5731 relatum

459 5763 626 5817 habes
657 5762 710 5816 in
740 5763 975 5833 antiquis
1023 5763 1263 5827 Statutis,
1323 5772 1456 5834 part.
1520 5780 1579 5830 ιι,
1612 5780 1732 5834 cap.
1765 5768 1817 5831 8,
1847 5781 1901 5818 n.
1938 5769 1959 5817 1
1998 5773 2049 5819 et

463 5863 516 5902 n.
551 5853 638 5915 33,
671 5849 896 5904 habetur
936 5851 1161 5923 egregia
1207 5851 1375 5907 forma
1420 5852 1775 5908 ministerium
1823 5853 2046 5908 Marthae

2130 3139 2403 3203 officiales,
2435 3153 2542 3191 non
2573 3137 2816 3191 obstante
2847 3136 2962 3205 ipsa
3006 3153 3189 3190 rerum
3239 3145 3578 3191 externarum
3628 3138 3735 3191 ad-

2132 3226 2539 3291 ministratione,
2575 3224 2689 3278 veri
2719 3223 3060 3278 Carthusiani
3092 3240 3214 3278 esse
3257 3225 3687 3294 perseverabunt
3715 3244 3731 3291 ;

2132 3316 2177 3368 si
2207 3329 2337 3368 vero
2368 3314 2422 3367 in
2451 3328 2630 3366 rerum
2662 3312 3038 3381 temporalium
3085 3326 3248 3366 curas
3277 3311 3351 3365 ita
3397 3327 3456 3366 se
3499 3312 3734 3366 immer-

2133 3409 2282 3472 gant,
2317 3409 2374 3454 ut
2403 3400 2636 3454 studium
2685 3399 2948 3454 orationis
2987 3399 3209 3465 intimae,
3251 3399 3404 3455 cellaa
3433 3407 3734 3466 secretum,

2133 3498 2185 3543 et
2216 3488 2512 3558 spiritualis
2559 3487 2802 3542 lectionis
2845 3487 3260 3556 occupationem
3285 3502 3318 3542 a
3347 3503 3405 3541 se
3448 3487 3729 3555 abjiciant,

2134 3578 2220 3632 hic
2247 3584 2434 3632 contra
2465 3592 2523 3629 se
2554 3575 2751 3630 habent
2775 3574 3037 3643 judicium
3063 3575 3450 3645 conscriptum,

2207 3665 2337 3718 CAP.
2369 3664 2537 3718 XVII.
2572 3693 2640 3702 —
2682 3664 2761 3716 Ex
2796 3663 2899 3717 hoc
2945 3662 3179 3731 capitulo
3227 3677 3496 3732 apparere
3540 3661 3736 3733 incipit

2137 3751 2392 3807 discretio
2421 3766 2583 3821 quam
2615 3750 2717 3803 sibi
2746 3765 2847 3819 pro
2878 3749 3070 3822 regula
3118 3749 3406 3820 principali
3435 3759 3736 3820 posuerant

2137 3839 2362 3893 instituti
2383 3839 2555 3893 nostri
2582 3837 2913 3902 fundatores,
2949 3845 3001 3891 et
3027 3837 3100 3891 ibi
3147 3837 3519 3907 exprimuntur
3571 3853 3736 3892 casus

2139 3924 2191 3976 in
2223 3923 2417 3992 quibus
2471 3922 2689 3992 aliquod
2740 3921 3008 3986 levamen,
3060 3920 3206 3975 salva
3251 3921 3516 3990 propositi
3559 3922 3736 3976 nostri

2141 4010 2456 4078 substantia,
2490 4009 2718 4063 infirmis
2749 4009 2883 4064 dare
2911 4017 3036 4064 tunc
3073 4016 3488 4063 consueverant.
3539 4009 3646 4064 Sed
3675 4010 3733 4064 id

2140 4114 2248 4152 non
2277 4106 2358 4152 est
2384 4097 2618 4166 amplius
2649 4097 2702 4150 in
2733 4113 2836 4150 usu
2866 4097 3009 4166 apud
3039 4112 3158 4161 nos,
3193 4112 3258 4151 eo
3293 4097 3438 4167 quod
3465 4105 3588 4166 post
3615 4097 3734 4166 pri-

2141 4202 2287 4239 mum
2339 4185 2545 4240 ordinis
2595 4185 2872 4249 saeculum,
2922 4184 2978 4238 in
3025 4184 3277 4238 omnibus
3321 4183 3437 4240 fere
3482 4184 3736 4240 domibus

2143 4291 2263 4343 quzn
2293 4281 2614 4328 constructa:
2661 4272 2890 4338 fuerunt,
2935 4272 3083 4326 nulla
3127 4271 3286 4327 fuerit
3329 4271 3587 4327 aedificata
3633 4272 3736 4328 d0-

2143 4377 2263 4415 mus
2294 4360 2518 4415 inferior
2544 4377 2574 4413 a
2603 4360 2764 4414 domo
2806 4359 3075 4430 superiori
3123 4367 3388 4430 separata,
3423 4360 3548 4430 quia
3595 4375 3736 4414 con-

2142 4449 2330 4502 sultius
2354 4448 2650 4516 judicatum
2681 4455 2781 4513 est,
2814 4447 2882 4500 ad
2927 4445 3324 4516 perfectionem
3362 4446 3586 4500 instituti
3628 4462 3734 4501 no-

2142 4537 2238 4590 stri
2303 4535 2726 4604 observantiam,
2775 4542 2829 4588 ut
2875 4549 3068 4588 omnes
3114 4542 3222 4587 tam
3270 4534 3524 4588 monachi
3572 4549 3736 4603 quam

2142 4623 2393 4678 conversi
2438 4623 2576 4676 intra
2623 4623 2782 4676 unius
2839 4630 2891 4675 et
2936 4621 3181 4690 ejusdem
3236 4621 3431 4675 domus
3478 4620 3738 4675 ambitum

2142 4719 2486 4766 morarentur
2558 4710 2659 4763 sub
2724 4709 2967 4777 ejusdem
3025 4707 3218 4778 prioris
3267 4708 3443 4764 oculis
3474 4750 3487 4773 ,
3538 4716 3588 4762 et
3633 4709 3736 4762 sub

2143 4799 2334 4853 iisdem
2397 4797 2764 4868 spiritualibus
2825 4797 3096 4851 exercitiis
3143 4795 3437 4860 constituti,
3493 4794 3737 4850 aedifica-

2143 4887 2212 4940 tis
2260 4895 2439 4939 tamen
2486 4885 2776 4955 separatim
2803 4901 2834 4937 a
2889 4885 3124 4939 claustro
3188 4882 3416 4938 ofﬁcinis
3443 4925 3455 4947 ,
3493 4890 3547 4937 et
3617 4882 3738 4937 aliis

2145 4973 2433 5039 similibus,
2466 4974 2555 5028 ubi
2606 4973 2812 5043 absque
2859 4972 3245 5026 monachorum
3290 4970 3737 5026 interturbatione

2144 5061 2386 5132 hospites
2418 5061 2804 5130 reciperentur,
2830 5068 2883 5115 et
2905 5076 2994 5114 res
3017 5058 3312 5114 familiares
3332 5057 3732 5129 perficerentur.

2146 5152 2290 5206 Usus
2319 5165 2457 5221 ergo
2489 5149 2578 5204 ille
2626 5149 2878 5219 antiquus
2908 5155 2988 5202 est
3037 5147 3092 5200 in
3130 5147 3323 5201 melius
3381 5154 3648 5209 mutatus,
3684 5155 3738 5200 et

2148 5239 2389 5292 subsidia
2417 5238 2557 5291 intra
2588 5236 2835 5291 eamdem
2873 5237 3090 5290 domum
3139 5234 3351 5290 cautius
3399 5249 3540 5289 nunc
3583 5233 3739 5287 mini-

2148 5326 2306 5380 strari
2337 5333 2566 5395 possunt
2610 5324 2854 5389 infirmis,
2901 5324 3146 5378 adinstar
3192 5338 3380 5376 eorum
3420 5337 3540 5392 quae
3568 5321 3622 5374 in
3651 5321 3743 5376 illa

2149 5416 2310 5470 domo
2341 5413 2576 5468 inferiori
2608 5413 2904 5483 antiquitus
2930 5418 3181 5481 poterant
3205 5410 3454 5466 concedi.

2218 5503 2381 5556 Num.
2413 5505 2467 5556 2.
2500 5503 2619 5556 Non
2647 5502 2803 5555 enim
2833 5501 3061 5570 expedit
3080 5499 3385 5553 habitatori
3412 5498 3602 5563 cellae,
3634 5506 3737 5554 etc.

2150 5591 2248 5645 Hic
2271 5605 2590 5659 expressum
2618 5589 2880 5642 habemus
2925 5595 3183 5658 quantum
3221 5585 3506 5642 curiositas
3545 5601 3606 5640 se
3647 5587 3744 5640 im-

2154 5679 2415 5732 miscendi
2446 5677 2678 5747 negotiis
2709 5676 3090 5746 temporalibus
3138 5675 3422 5729 domorum
3454 5674 3648 5730 nociva
3677 5676 3745 5728 ab

2150 5765 2300 5820 initio
2324 5765 2564 5834 judicata
2611 5765 2679 5818 sit
2734 5764 2863 5818 viris
2919 5763 3009 5833 pio
3055 5763 3238 5817 Mariae
3297 5761 3556 5817 exercitio
3598 5763 3747 5818 addi-

2150 5853 2352 5908 scendo
2382 5861 2434 5908 et
2465 5851 2770 5908 exercendo
2829 5851 3094 5923 deputatis
3127 5868 3139 5904 :
3173 5858 3225 5906 et
3283 5849 3412 5904 illud
3467 5850 3613 5905 idem
3670 5860 3749 5908 est
