3940 6414
193 399 294 451 669
1541 383 2145 442 CONSUETUDINES.
3391 386 3494 441 6'70

190 515 501 583 Extraneis,
547 514 652 570 nisi
674 514 879 584 jussus,
916 528 1028 569 non
1084 512 1352 585 loquetur,
1385 525 1508 575 nec,
1533 508 1816 565 conversis
1844 508 2049 579 passim
2079 515 2133 563 et
2161 509 2509 581 quibuslibet,
2545 510 2643 565 sed
2691 509 2778 565 his
2821 517 3032 565 tantum
3083 509 3279 582 quibus
3324 507 3496 580 priori

188 614 272 668 vel
304 611 672 684 dispensatori
702 609 968 681 placuerit
1002 623 1015 662 :
1046 617 1102 663 ut
1141 608 1186 663 si
1217 608 1342 663 talis
1364 614 1446 662 est
1491 605 1581 676 qui
1613 604 1824 659 erudire
1856 611 1907 658 et
1937 604 2209 659 consolari
2245 613 2438 677 potens
2470 605 2556 671 sit,
2591 622 2715 662 cum
2745 608 2829 661 his
2878 608 3130 679 loquatur
3161 607 3253 678 qui
3293 605 3497 661 erudiri

188 717 237 763 et
267 708 541 764 consolari
583 715 781 780 egent;
831 706 914 761 sin
959 712 1143 761 autem
1178 704 1297 776 ipse
1348 701 1717 759 consolatione
1764 700 1852 755 vel
1901 701 2204 757 eruditione
2242 718 2381 774 Opus
2427 703 2624 770 habet,
2666 719 2791 760 cum
2820 704 2906 760 his
2950 705 3040 777 qui
3086 705 3203 760 haec
3243 712 3491 776 prestare

187 812 473 861 noverunt.

1438 866 1944 923 CAPITULUM
1995 868 2263 923 XVIII.

1519 963 1657 1018 Item
1687 962 1755 1017 de
1784 967 2171 1034 procuratore.

254 1066 370 1122 Hoc
401 1064 559 1120 etiam
592 1063 947 1120 omittendum
1002 1077 1113 1117 non
1164 1069 1264 1129 est,
1299 1059 1445 1132 quod
1474 1074 1614 1130 pene
1645 1066 1827 1113 tamen
1847 1057 1998 1113 obliti
2044 1056 2333 1125 fueramus,
2369 1060 2496 1131 quia
2533 1060 2821 1131 praedictus
2875 1068 3193 1132 procurator
3238 1060 3295 1114 in
3326 1060 3489 1116 domo

188 1162 429 1219 inferiori
470 1163 617 1219 vices
656 1161 854 1233 prioris
907 1176 1187 1226 exercens,
1219 1158 1462 1229 hospites
1495 1155 1739 1226 suscipit,
1773 1155 2069 1218 osculatur,
2104 1162 2156 1209 et
2185 1155 2229 1208 si
2260 1156 2350 1209 tali
2385 1157 2461 1225 (id
2491 1165 2573 1212 est
2620 1158 2761 1214 circa
2792 1158 3023 1227 sextam)
3078 1157 3300 1213 veniunt
3351 1164 3489 1210 tem-

188 1276 342 1331 pore,
375 1268 426 1315 et
458 1259 589 1313 tales
629 1272 901 1329 personae,
944 1257 1049 1311 hoc
1079 1263 1162 1311 est
1199 1253 1475 1325 religiosae
1522 1259 1671 1318 sunt,
1701 1258 1753 1305 et
1791 1250 2127 1321 praecipuum
2168 1266 2275 1306 non
2324 1260 2406 1307 est
2428 1254 2711 1324 jejunium,
2747 1256 2977 1327 prandet
3005 1271 3128 1311 cum
3172 1253 3281 1321 eis,
3329 1253 3489 1308 absti-

187 1357 381 1413 nentiae
409 1371 636 1412 censura
665 1354 860 1421 soluta,
894 1360 948 1409 et
976 1352 1046 1408 ad
1074 1351 1313 1424 priorem
1339 1365 1476 1422 quos
1500 1348 1697 1420 dignos
1725 1346 1931 1415 judicat
1962 1356 2327 1420 congruenter
2359 1350 2688 1407 transmittit.

1556 1468 2132 1525 COMMENTARIUS.

185 1576 329 1648 quod
368 1581 565 1629 statuta
596 1580 785 1628 nostra
839 1578 947 1625 tam
1002 1568 1226 1641 antiqua
1296 1581 1461 1638 quam
1517 1565 1784 1620 moderna
1803 1566 1858 1623 A
1886 1564 2034 1634 bant,
2070 1575 2127 1621 ut
2156 1568 2319 1622 etiam
2343 1568 2609 1637 jejunium
2641 1570 2856 1625 ordinis
2883 1577 3071 1641 posset
3099 1569 3279 1641 frangi
3309 1585 3343 1624 a
3370 1584 3494 1640 pro-

184 1670 469 1732 tantopere
498 1658 898 1723 commendant,
933 1656 1126 1712 eadem
1148 1655 1314 1710 verba
1336 1652 1637 1723 repetendo
1666 1666 1787 1723 quae
1887 1661 2133 1710 curatore
2161 1656 2284 1711 illos
2332 1657 2655 1727 excipiente.
2691 1659 2941 1713 Verbum
2972 1665 3174 1723 autem,
3221 1658 3488 1729 prandet,

184 1750 274 1805 hic
303 1748 491 1805 scribit
522 1749 586 1803 Β.
618 1748 682 1801 Ρ.
715 1746 917 1816 Guigo,
950 1752 1007 1800 et
1028 1744 1135 1799 alia
1165 1742 1321 1813 plura
1360 1740 1632 1795 addendo.
1889 1757 1997 1811 quo
2029 1742 2192 1797 etiam
2241 1759 2455 1799 coenam
2501 1745 2755 1815 exprimit
2782 1746 2847 1801 Η.
2880 1747 3038 1801 Pater
3087 1745 3287 1817 Guigo,
3317 1746 3492 1800 lecto-

253 1838 417 1892 Num.
449 1840 503 1892 2.
537 1836 849 1890 Extranez's
896 1833 1010 1888 nisi
1051 1833 1269 1903 jussus,
1313 1837 1424 1884 etc.
1482 1828 1543 1882 Id
1571 1825 1785 1898 signiﬁ-

185 1932 270 1981 cat
300 1924 447 1996 quod
475 1938 601 1979 cum
629 1921 917 1987 extraneis,
951 1920 1021 1974 ad
1049 1920 1268 1973 domum
1313 1916 1623 1971 inferiorem
1654 1930 1785 1985 pas-

187 2013 289 2068 sim
313 2010 747 2079 advenientibus,
781 2009 1082 2064 monachus
1111 2005 1358 2061 infirmus
1406 2005 1534 2059 illuc
1586 2003 1787 2057 missus

186 2100 338 2171 loqui
367 2115 477 2155 non
522 2105 737 2169 poterat
780 2097 897 2151 sine
927 2094 1146 2150 licentia
1201 2095 1330 2163 (hoc
1367 2092 1470 2146 sibi
1501 2091 1615 2146 vult
1660 2106 1785 2145 ver—

186 2189 317 2242 bum
374 2188 490 2242 nisi
509 2188 731 2257 jussus,
767 2200 875 2256 quo
924 2184 1088 2238 etiam
1144 2196 1245 2252 pro
1295 2179 1513 2235 licentia
1570 2176 1787 2250 signiﬁ-

186 2272 363 2332 canda
390 2274 517 2329 alibi
560 2273 726 2328 utitur
773 2273 838 2328 R.
892 2273 1053 2326 Pater
1084 2270 1309 2340 Guigo),
1341 2283 1445 2323 nec
1474 2267 1634 2321 etiam
1663 2282 1787 2320 cum

185 2363 599 2435 quibuscunque
646 2359 949 2415 conversis.
1009 2360 1090 2414 De
1155 2355 1552 2427 dispensatoris
1607 2361 1788 2408 autem

182 2452 384 2523 placito
441 2450 531 2505 hic
559 2449 618 2503 ﬁt
645 2447 869 2515 mentio,
903 2447 1049 2518 quia,
1100 2453 1158 2500 ut
1215 2443 1353 2498 infra
1384 2442 1685 2505 videbitur,
1720 2441 1789 2495 ad

187 2554 537 2603 conversum,
599 2536 691 2608 qui
747 2534 985 2590 ofﬁcium
1052 2530 1443 2604 dispensatoris
1476 2530 1786 2595 exercebat,

187 2625 500 2697 pertinebat
526 2624 580 2679 in
610 2623 857 2678 absentia
904 2621 1102 2693 prioris
1154 2628 1209 2675 et
1258 2617 1629 2689 procuratoris
1659 2616 1790 2671 dare

187 2714 307 2769 aliis
347 2711 631 2769 conversis
659 2710 929 2766 licentiam
958 2707 1236 2780 loquendi,
1270 2707 1387 2761 sine
1420 2721 1527 2778 qua
1574 2704 1791 2760 licentia

187 2801 465 2857 silentium
497 2799 749 2873 frangere
778 2797 885 2853 illis
931 2796 1176 2852 illicitum
1232 2802 1364 2863 erat,
1395 2793 1501 2848 nisi
1532 2793 1589 2847 in
1642 2793 1790 2848 casi-

190 2890 293 2944 bus
325 2889 421 2960 qui
449 2904 547 2959 per
598 2894 791 2941 statuta
836 2884 1288 2940 determinantur.

259 2978 401 3032 Ibid.
448 2979 515 3033 Ut
542 2977 592 3031 si
622 2976 757 3031 talis
786 2978 888 3039 est,
922 2981 1028 3029 etc.
1069 2972 1201 3026 Inde
1257 2978 1487 3042 apparet
1533 2977 1790 3041 quantum

188 3066 243 3120 in
293 3064 490 3119 dandis
556 3062 904 3133 colloquendi
950 3060 1184 3116 licentiis
1245 3058 1497 3114 habenda
1527 3058 1594 3112 sit
1653 3056 1790 3112 ratio

188 3153 419 3222 majoris
448 3151 694 3206 utilitatis
722 3149 1034 3221 spiritualis,
1097 3147 1399 3203 secundum
1438 3154 1672 3201 mentem
1708 3145 1780 3200 R.

189 3242 367 3296 Patris
422 3239 709 3310 Guigonis,
756 3246 814 3292 ut
870 3236 1125 3293 solatium
1184 3243 1468 3291 externum
1496 3234 1710 3289 interno
1740 3241 1792 3288 et

187 3328 460 3400 spirituali
516 3344 626 3383 non
683 3314 965 3381 remaneat
1017 3324 1355 3389 destitutum,
1414 3330 1633 3378 servata
1660 3338 1790 3392 pru-

189 3418 394 3472 dentiae
449 3414 779 3471 discretione
802 3414 953 3483 juxta
981 3412 1289 3484 qualitatem
1324 3410 1522 3466 infirmi
1558 3419 1611 3466 et
1632 3408 1788 3464 inﬁr-

191 3505 418 3561 mitatis.

258 3593 396 3648 CAP.
441 3592 636 3648 XVIII.
668 3620 738 3631 —
768 3590 832 3645 In
861 3590 1020 3646 domo
1048 3588 1334 3659 inferiori,
1388 3589 1534 3643 vices
1580 3587 1789 3657 prioris

188 3697 486 3749 exercens,
519 3688 647 3749 etc.,
690 3679 933 3751 hospites
960 3678 1220 3748 suscipit.
1252 3676 1385 3731 Inde
1425 3674 1650 3730 evidens
1708 3681 1789 3729 est

190 3770 340 3841 quod
396 3775 719 3840 procurator
781 3767 958 3822 vicem
1012 3765 1211 3838 agebat
1278 3764 1476 3835 prioris
1532 3764 1587 3818 in
1625 3762 1788 3818 domo

185 3857 455 3923 inferiori,
488 3864 541 3912 et
564 3856 710 3927 quod
753 3864 881 3911 tunc
933 3854 1179 3924 hospites
1209 3854 1278 3908 ad
1320 3852 1662 3908 Carthusiam
1694 3867 1787 3907 ve-

185 3946 402 4000 nientes
460 3944 516 3998 in
569 3945 732 3999 domo
762 3942 1004 3998 inferiori
1050 3942 1225 4013 primo
1283 3940 1703 4010 recipiebantur,
1736 3947 1790 3994 et

183 4042 379 4105 postea
421 4033 491 4087 ad
536 4031 775 4102 priorem
832 4031 901 4085 ad
947 4031 1169 4085 domum
1221 4029 1554 4100 superiorem
1603 4028 1788 4082 mitte-

185 4122 407 4186 bantur,
441 4128 653 4175 servata
704 4119 1031 4174 discretione
1075 4118 1162 4173 hic
1199 4125 1400 4182 notata,
1456 4117 1547 4188 qui
1606 4124 1790 4170 tamen

186 4210 339 4280 prior
367 4209 440 4264 ad
466 4208 709 4277 hospites
748 4207 1084 4271 invisendos,
1144 4205 1191 4260 si
1245 4205 1300 4260 id
1330 4213 1685 4273 mererentur,
1717 4206 1787 4260 ad

186 4297 413 4352 domum
444 4295 760 4350 inferiorem
816 4294 1202 4360 descendebat,
1235 4300 1293 4348 ut
1339 4309 1503 4364 supra
1535 4308 1657 4363 cap.
1691 4308 1790 4363 xv,

184 4400 244 4440 II.
278 4387 333 4447 6,
382 4383 726 4454 exprimitur.

259 4472 426 4528 Circa
457 4475 699 4537 sextam,
725 4477 854 4537 etc.,
887 4474 943 4526 et
968 4471 1320 4542 praecipuum
1349 4485 1465 4525 non
1509 4473 1594 4525 est
1633 4470 1791 4541 jeju-

181 4561 369 4626 nium,
402 4559 666 4631 prandet,
692 4566 797 4614 etc.
824 4559 883 4612 In
915 4560 1019 4613 hoc
1049 4566 1271 4627 apparet
1293 4565 1555 4628 quantum
1575 4557 1792 4611 abesset

181 4663 214 4702 a
244 4647 445 4718 primis
491 4647 697 4702 ordinis
734 4645 1141 4717 professoribus
1201 4646 1472 4701 obstinata
1541 4646 1790 4716 quaedam

181 4734 524 4791 adhaerentia
553 4734 666 4788 suis
714 4734 1055 4788 abstinentiis
1081 4776 1093 4799 ,
1149 4749 1286 4805 quas
1309 4732 1619 4788 subdendas
1669 4749 1791 4788 esse

183 4823 485 4896 aliquando
555 4822 801 4878 charitati
848 4831 901 4877 et
958 4838 1178 4892 semper
1232 4822 1574 4887 obedientiae,
1608 4821 1791 4877 verbis

184 4912 463 4968 docebant
539 4918 592 4965 et
652 4910 917 4981 exemplis
973 4910 1444 4965 demonstrabant.
1507 4910 1628 4979 Quo
1684 4910 1791 4967 fine

183 4999 237 5055 id
270 4999 568 5055 facerent?
595 5000 663 5054 Ut
692 4998 967 5070 propriam
989 4998 1330 5053 subditorum
1360 4999 1568 5054 ordinis
1598 5000 1790 5054 volun-

181 5094 355 5142 tatem
382 5087 453 5141 ad
484 5086 664 5141 omnia
695 5102 912 5157 semper
944 5086 1236 5141 ﬂexibilem
1268 5087 1581 5153 redderent,
1615 5095 1669 5142 et
1697 5103 1790 5143 ex—

181 5177 443 5231 hiberent
488 5175 560 5229 ad
618 5175 790 5230 nostri
834 5174 1062 5229 instituti
1120 5175 1379 5230 rationem
1409 5176 1701 5246 pertinere,
1733 5184 1792 5231 ut

183 5264 373 5318 omnia
402 5262 678 5329 omnibus,
729 5270 985 5334 quantum
1037 5263 1187 5328 satis,
1259 5262 1376 5318 fieri
1450 5264 1787 5318 studeamus.

182 5351 581 5422 Hospitalitatis
611 5366 746 5423 ergo
800 5350 977 5423 gratia
1014 5350 1257 5421 hospites
1305 5352 1676 5419 advenientes,
1712 5352 1791 5407 sic

183 5441 419 5511 probata
475 5438 753 5495 charitatis
789 5438 1092 5494 urbanitate
1136 5439 1282 5510 apud
1309 5455 1409 5495 nos
1440 5440 1608 5511 recipi
1634 5440 1790 5496 vole-

254 5618 328 5681 (Β)
405 5616 610 5677 Quando
657 5615 717 5665 de
787 5615 1095 5666 instituendis
1156 5628 1245 5678 pro
1311 5618 1429 5667 viris
1498 5617 1788 5667 militaribus

182 5684 459 5746 splendidis
481 5683 717 5733 conviviis
750 5682 1010 5743 loquimur,
1057 5683 1104 5733 id
1146 5696 1242 5733 non
1284 5683 1595 5745 intelligimus
1616 5696 1789 5733 secun-

183 5751 299 5800 dum
355 5762 502 5800 usum
557 5748 807 5799 sazcularis
850 5748 1154 5811 splendoris,
1196 5750 1283 5799 sed
1328 5750 1593 5800 secundum
1648 5762 1788 5800 usum

184 5816 391 5881 ordinis,
418 5816 469 5867 id
493 5820 566 5867 est
592 5814 720 5877 quod
761 5815 983 5867 convivia
1016 5816 1109 5867 ista
1147 5816 1399 5880 splendida
1421 5829 1448 5866 a
1476 5815 1614 5866 nobis
1653 5828 1789 5866 assa.

1815 4254 1863 4315 Ο

1887 1845 2001 1884 rem
2050 1847 2271 1886 movere
2318 1848 2430 1886 non
2481 1832 2642 1887 debet
2697 1849 2820 1888 cum
2850 1833 2997 1899 alibi,
3050 1849 3247 1904 nempe
3279 1848 3397 1903 cap.
3435 1836 3487 1900 5,

1887 1933 1942 1970 n.
1977 1918 2030 1982 '7,
2089 1919 2285 1973 eodem
2338 1920 2510 1975 verbo
2566 1920 2638 1975 ad
2670 1920 3084 1992 exprimendum
3111 1928 3224 1976 tum
3254 1934 3490 1987 cmnam,

1891 2012 2001 2059 tum
2051 2007 2341 2076 prandium
2370 2014 2569 2061 utatur.

1961 2093 2363 2163 Hospitalitatis
2392 2094 2576 2167 itaque
2599 2095 2874 2169 religiosae
2901 2096 3206 2163 urbanitas,
3240 2112 3361 2168 quae
3390 2098 3499 2152 huc

1888 2197 2059 2251 usque
2088 2181 2146 2234 in
2177 2183 2367 2237 ordine
2415 2182 2516 2237 fuit
2563 2185 2963 2251 commendata,
3008 2199 3041 2239 a
3094 2185 3287 2255 primis
3315 2184 3492 2239 Patri-

1890 2269 1993 2323 bus
2047 2270 2249 2324 nostris
2279 2271 2548 2343 originem
2589 2273 2840 2342 sumpsit,
2901 2289 3021 2343 qua:
3078 2273 3125 2327 si
3180 2288 3397 2343 semper
3439 2280 3494 2328 et

1888 2357 2091 2428 ubique
2149 2358 2206 2411 in
2234 2359 2487 2413 domibus
2528 2368 2776 2415 servetur
2840 2361 2993 2429 juxta
3061 2361 3492 2416 moderationem

1891 2452 1943 2499 et
1989 2445 2371 2501 discretionem
2417 2448 2473 2501 in
2546 2448 2825 2503 modernis
2884 2449 3096 2503 statutis
3148 2463 3487 2519 expressam,

1892 2540 2020 2588 tunc
2047 2533 2317 2588 immunes
2338 2534 2544 2589 erimus
2575 2536 2645 2589 ab
2673 2536 2822 2590 omni
2851 2551 3005 2592 naevo
3030 2537 3189 2604 justas
3204 2537 3493 2607 reprehen-

1893 2620 2080 2675 sionis.
2114 2621 2283 2677 Secus
2312 2638 2462 2689 vero,
2506 2623 2552 2676 si
2583 2623 2782 2678 limites
2812 2624 3055 2679 honestae
3084 2624 3490 2691 mediocritatis,

1892 2717 2107 2764 servata
2144 2725 2501 2780 personarum
2530 2718 2584 2766 et
2612 2708 2861 2781 locorum
2913 2712 3195 2783 qualitate,
3258 2712 3492 2768 exceda-

1891 2813 2047 2864 mus,
2107 2813 2233 2852 cum
2279 2798 2335 2852 id
2400 2806 2514 2853 tum
2552 2815 2649 2865 per
2706 2800 2925 2871 antiqua
2974 2808 3193 2866 statuta,
3229 2808 3346 2855 tum
3392 2816 3493 2870 per

1808 2905 1861 2965 Β
1892 2899 2035 2940 nova
2084 2886 2308 2940 vetitum
2355 2886 2445 2948 sit,
2497 2886 2602 2940 nisi
2661 2887 2734 2942 ad
2786 2887 2842 2942 id
2886 2904 2988 2943 nos
3038 2895 3201 2960 cogat
3256 2887 3492 2943 inevita-

1891 2971 2014 3025 bilis
2068 2973 2385 3028 necessitas.
2448 2974 2678 3044 Explico
2726 2974 3010 3045 exemplis.
3075 2976 3236 3046 Viget
3262 2975 3486 3043 bellum,

1889 3060 2083 3115 domus
2142 3061 2317 3133 aliqua
2364 3062 2570 3116 ordinis
2599 3062 2842 3134 undique
2882 3062 3147 3118 militibus
3179 3063 3491 3120 circumda-

1888 3157 1996 3217 tur,
2047 3156 2099 3204 et
2148 3148 2202 3202 in
2228 3149 2472 3220 periculo
2521 3158 2603 3204 est
2646 3151 2885 3206 maxima
2924 3151 3123 3205 damna
3153 3152 3489 3219 incurrendi,

1889 3236 1996 3291 nisi
2043 3237 2239 3292 ducum
2296 3246 2349 3292 et
2402 3237 2715 3293 oﬂicialium
2769 3239 3000 3311 gratiam
3058 3239 3163 3294 sibi
3218 3240 3489 3308 conciliet,

1889 3333 2049 3395 prout
2092 3333 2169 3380 tot
2197 3326 2358 3379 annis
2418 3327 2623 3396 experti
2673 3343 2859 3381 sumus
2910 3328 2967 3382 in
3011 3327 3264 3382 domibus
3318 3327 3496 3384 Picar-

1888 3412 2029 3480 diae,
2081 3413 2253 3484 Belgii
2310 3421 2364 3468 et
2421 3414 2730 3470 Germania:
2791 3431 2804 3470 :
2866 3415 2987 3486 quis
3048 3415 3303 3470 cordatus
3356 3432 3491 3487 pos-

1890 3500 1959 3555 sit
2032 3502 2179 3569 juste
2234 3502 2637 3572 reprehendere
2704 3502 2963 3558 officiales
3019 3502 3215 3558 domus
3270 3502 3415 3558 illius
3444 3504 3492 3560 si

1889 3589 2117 3643 invitent
2201 3589 2389 3659 duces,
2438 3597 2492 3644 et
2531 3590 2819 3660 splendida
2903 3590 3156 3662 quaedam
3225 3590 3493 3646 instruant

1890 3677 2141 3732 convivia
2164 3679 2242 3748 (5)
2273 3678 2344 3732 ad
2386 3678 2713 3749 captandam
2763 3678 3012 3735 virorum
3050 3678 3362 3733 militarium
3392 3680 3494 3735 be-

1888 3765 2277 3833 nevolentiam,
2311 3766 2399 3837 qui
2460 3767 2711 3821 nesciunt
2756 3767 2969 3822 statutis
3026 3767 3375 3840 regularibus
3405 3776 3493 3824 at-

1889 3854 2132 3921 tendere,
2188 3855 2289 3909 sed
2313 3862 2502 3925 putant
2549 3855 2805 3925 injuriam
2863 3856 2967 3910 sibi
3030 3855 3151 3911 fieri
3206 3856 3311 3911 nisi
3338 3872 3494 3913 men-

1891 3957 2011 3998 sam
2065 3942 2285 4013 opipare
2328 3951 2577 4013 paratam
2610 3943 2931 4011 inveniant;
2964 3945 3051 4000 cui
3082 3944 3129 3999 si
3158 3944 3363 4016 aliquid
3391 3945 3495 4001 de-

1891 4030 1958 4085 sit
2015 4030 2161 4101 quod
2193 4047 2305 4085 suae
2350 4031 2650 4087 conditioni
2697 4032 2889 4088 deberi
2946 4040 3158 4103 putant,
3190 4033 3497 4089 irascuntur

1890 4126 1943 4173 et
2026 4118 2344 4174 occasiones
2429 4136 2490 4174 se
2574 4120 2884 4175 vindicandi
2963 4128 3258 4192 quaerunt,
3333 4129 3496 4192 prout

1891 4206 2188 4261 identidem
2252 4208 2457 4277 experti
2540 4224 2748 4274 sumus,
2807 4207 2917 4263 imo
2963 4224 3065 4263 nec
3114 4209 3495 4265 excusationes

1894 4295 2181 4349 admittunt
2227 4294 2298 4348 ab
2355 4294 2785 4365 impossibilitate
2815 4296 3126 4366 reperiendi
3176 4297 3493 4367 pretiosiora

1893 4383 2167 4439 esculenta
2208 4382 2495 4437 deductas.
2536 4383 2683 4437 Idem
2710 4399 3096 4454 nonnunquam
3126 4384 3320 4440 accidit
3348 4384 3493 4440 circa

1894 4471 2158 4542 quosdam
2215 4469 2428 4525 nobiles
2487 4470 2799 4537 smculares,
2846 4487 3075 4542 quorum
3134 4471 3407 4527 favoribus
3434 4473 3491 4527 in

1894 4559 2056 4615 certis
2086 4558 2303 4614 casibus
2336 4557 2585 4613 absolute
2616 4558 2944 4629 indigemus,
2979 4559 3177 4629 quibus
3229 4559 3275 4614 si
3304 4576 3493 4615 mensa

1896 4648 2116 4703 illorum
2170 4646 2412 4719 qualitati
2443 4654 2534 4701 aut
2564 4647 2831 4717 appetitui
2877 4647 3264 4703 convenienter
3302 4656 3498 4719 parata

1894 4752 2003 4790 non
2058 4734 2338 4801 offeratur,
2368 4752 2428 4790 se
2477 4734 2716 4790 offensos
2771 4742 3040 4805 reputant,
3090 4743 3143 4791 et
3189 4752 3255 4790 ex
3304 4736 3517 4792 amicis

1893 4823 2027 4879 fiunt
2084 4824 2244 4879 nobis
2300 4823 2519 4879 infensi.
2579 4823 2781 4879 Videre
2838 4831 2921 4879 est
2962 4823 3256 4879 miseriam.
3290 4824 3349 4878 In
3376 4824 3495 4879 istis

1894 4929 2029 4985 ergo
2075 4913 2314 4978 casibus,
2377 4913 2575 4983 quibus
2634 4912 2846 4967 ceditur
2896 4920 3101 4968 tantum
3160 4912 3492 4979 necessitati,

1892 5010 2094 5057 temere
2120 5002 2443 5070 judicarent,
2479 5002 2570 5072 qui
2594 5002 2711 5056 haec
2742 5000 2984 5057 videndo
3013 5017 3116 5057 nos
3144 5001 3212 5057 de
3242 5001 3409 5057 nimio
3440 5001 3497 5057 in

1893 5090 2065 5161 epulis
2098 5090 2203 5144 illis
2226 5089 2519 5160 splendore
2540 5090 2988 5145 condemnarent.

1965 5178 2319 5233 Cessantibus
2390 5194 2520 5233 vero
2568 5178 2686 5232 istis
2729 5178 2928 5244 causis,
2989 5178 3043 5232 id
3094 5186 3196 5244 est,
3222 5176 3268 5233 si
3297 5178 3493 5234 eadem

1892 5267 2221 5333 faceremus,
2254 5266 2474 5337 quando
2506 5283 2630 5321 eum
2661 5266 2901 5321 cordatis
2922 5274 2975 5321 et
3003 5265 3107 5337 piis
3156 5266 3288 5321 viris
3336 5266 3494 5322 nobis

1892 5356 2167 5428 agendum
2196 5362 2296 5422 est,
2350 5354 2441 5425 qui
2491 5355 2665 5410 sciunt
2722 5354 2862 5409 bene
2920 5355 3261 5425 perpendere
3290 5355 3420 5427 quid
3464 5371 3494 5410 a

1891 5444 2038 5499 veris
2069 5442 2441 5498 Carthusianis
2462 5442 2655 5514 possit,
2705 5450 2923 5499 servata
2943 5442 3193 5498 decentia
3230 5450 3283 5498 et
3309 5442 3491 5514 quali-

1889 5620 2090 5669 mantur
2112 5630 2173 5667 ex
2198 5624 2426 5678 respectu
2471 5618 2528 5669 ad
2564 5629 2702 5668 usum
2744 5620 3029 5668 consuetum
3054 5619 3255 5668 ordinis.
3284 5643 3349 5655 —
3373 5619 3494 5668 Haec

1886 5685 2069 5801 Edlitor.
2108 5683 2471 5761 parthusianus
2517 5686 2568 5734 in
2616 5684 2803 5734 Manilo
2824 5686 2891 5734 ad
2912 5686 3163 5736 Lectorem
3208 5687 3273 5736 ad
3312 5685 3491 5739 calcem

1889 5766 1948 5802 vo
1971 5763 2175 5801 ummis.
