3940 6408
391 338 489 394 6⁵71
1229 339 1570 398 GUIGONIS
1608 342 1630 396 Ι
1669 340 2000 396 CARTHUS]

2114 341 2407 399 MAJOBIS
2442 318 2720 401 PRIORIS
2758 347 2822 401 v.

1736 467 2131 524 CAPITULUM
2170 467 2324 521 XIX.

1636 594 1709 647 De
1739 592 2082 667 equitaturis
2112 590 2419 661 hospitum.

3572 357 3684 412 672

461 707 511 759 1.
545 705 789 774 Ipsorum
837 713 1016 761 autem
1045 707 1320 778 hospitum
1372 723 1632 778 personas
1670 714 1897 772 tantum,
1922 721 2029 761 non
2060 704 2221 760 etiam
2248 703 2580 776 equitaturas
2609 720 2989 776 procuramus,
3024 709 3268 782 talesque
3294 709 3463 767 lectos
3511 713 3593 769 eis
3625 724 3680 770 et

391 797 542 854 cibos
588 798 837 870 qualibus
881 800 985 871 ipsi
1013 802 1304 871 vescimur,
1352 817 1741 873 praeparemus.
1776 799 1937 869 Quod
1984 800 2257 869 (videlicet
2287 801 2432 871 quod
2489 818 2660 873 equos
2700 819 2811 858 non
2859 806 3243 875 procuramus)
3280 823 3349 862 ne
3406 808 3493 863 cui
3530 810 3680 865 forte

391 893 638 950 videatur
668 903 962 964 austerum,
995 905 1049 951 et
1074 914 1183 952 non
1214 898 1526 953 discretioni
1562 897 1758 952 sobriae
1807 897 1903 951 sed
1957 897 2168 952 duritia:
2215 901 2393 971 potius
2424 910 2476 955 et
2522 903 2759 959 avaritiae
2798 904 3024 975 imputet
3051 902 3297 969 vitiosas;
3340 905 3672 974 consideret,

392 1007 719 1061 quasumus,
772 1009 935 1064 quam
963 1003 1128 1062 arcta,
1175 1010 1337 1066 quam
1368 995 1523 1062 dura,
1553 1009 1715 1064 quam
1744 1008 1885 1063 pene
1926 993 2093 1047 sterili
2132 1010 2445 1051 maneamus
2477 998 2533 1051 in
2570 1014 2775 1066 eremo,
2807 1007 2860 1054 et
2889 1000 3032 1070 quod
3062 999 3213 1066 nihil,
3246 1001 3350 1056 hoc
3396 1010 3478 1057 est
3497 1004 3679 1059 nullas

390 1089 769 1159 possessiones
797 1091 1081 1164 nullosque
1128 1091 1331 1146 reditus
1362 1099 1510 1161 extra
1550 1090 1951 1161 possideamus.
2002 1091 2269 1146 Praeterea
2298 1093 2649 1166 frequentiam
2709 1097 2951 1151 attendat
3004 1095 3298 1166 hospitum,
3332 1098 3526 1170 quibus
3572 1117 3681 1156 ne-

392 1201 663 1259 quaquam
694 1196 949 1259 pasturse,
982 1191 1183 1246 nedum
1226 1203 1456 1243 annonae
1510 1195 1734 1258 possent
1763 1195 1962 1241 nostra:
1992 1186 2263 1256 sufﬁcere,
2289 1190 2487 1263 quippe
2519 1210 2638 1264 qua:
2667 1208 2769 1248 nec
2798 1191 2997 1248 nostris
3028 1191 3299 1248 sufﬁciunt
3327 1196 3677 1265 animalibus,

393 1299 518 1339 nam
547 1292 600 1341 et
630 1286 931 1357 sagmarios
961 1296 1174 1342 nostros
1223 1295 1275 1342 et
1300 1302 1431 1341 oves
1475 1293 1626 1340 extra
1659 1284 1921 1339 mittimus
1959 1286 2289 1356 hyematum.

460 1386 514 1439 2.
546 1383 769 1439 Accedit
791 1384 953 1440 etiam
982 1384 1053 1439 ad
1104 1385 1207 1440 hoc
1238 1384 1382 1455 quod
1430 1382 1665 1455 vagandi
1704 1391 1756 1437 et
1809 1383 2127 1455 quaesitandi
2176 1386 2465 1440 horremus
2520 1387 2765 1455 omnino,
2818 1396 3078 1461 tanquam
3134 1390 3675 1464 periculosissimum,

1748 1532 2320 1590 COMMENTARIUS.

396 1643 519 1698 tatis
555 1658 916 1713 personarum
946 1644 1269 1707 reverentia,
1315 1642 1612 1698 desiderari
1644 1657 1658 1696 :
1692 1657 1803 1697 non
1855 1650 1979 1697 tan-
2000 1644 2051 1703 Α
2086 1644 2273 1699 Patres
2301 1645 2491 1712 nostri,
2524 1647 2621 1700 sed
2650 1662 2759 1701 non
2784 1647 2928 1716 justo
2956 1647 3231 1703 desiderio
3257 1648 3491 1705 habendi
3537 1651 3683 1707 intra

398 1738 515 1785 tum
571 1746 909 1787 mereremur
962 1731 1032 1786 de
1087 1731 1421 1786 relaxatione
1449 1730 1622 1802 argui,
1679 1731 1777 1785 sed
1824 1730 1989 1785 etiam

398 1817 633 1874 irrideri.
674 1820 742 1873 Et
790 1820 906 1873 haec
933 1818 1171 1874 videndo
1198 1818 1494 1888 prudentes
1518 1818 1760 1888 hospites
1783 1818 1907 1886 jure
1938 1826 1992 1872 et

399 1906 594 1960 merito
649 1914 873 1976 possent
933 1906 991 1960 in
1044 1906 1210 1961 corde
1232 1920 1332 1960 suo
1359 1906 1545 1962 dicere
1577 1906 1699 1971 :Hi,
1734 1906 1780 1959 si
1808 1912 1992 1959 essent

400 1994 515 2049 veri
573 1993 927 2063 Carthusiani,
960 1994 1162 2051 scirent
1187 1994 1372 2064 utique
1402 2011 1523 2065 quae
1553 2002 1606 2048 et
1636 1993 1818 2064 qualia
1873 2009 1903 2048 a
1934 2009 1993 2047 se

400 2080 696 2137 ministrari
724 2082 959 2137 debeant
987 2082 1101 2137 suis
1130 2081 1450 2152 hospitibus,
1483 2090 1540 2136 ut
1586 2082 1843 2152 religiose
1872 2096 1992 2137 cum

401 2169 483 2225 eis
545 2177 752 2240 agatur.

474 2258 556 2315 De
584 2258 688 2314 hoc
716 2272 852 2331 ergo
881 2258 1172 2329 pronuntio
1202 2273 1302 2313 nos
1331 2257 1510 2328 potius
1536 2257 1734 2312 mereri
1791 2256 1996 2311 irrisio-

404 2362 532 2402 nem
589 2361 752 2417 quam
805 2346 1275 2417 approbationem,
1308 2346 1353 2399 si
1398 2346 1702 2402 notabiliter
1730 2352 1783 2400 et
1812 2344 1986 2399 scien-

402 2442 485 2490 ter
512 2433 569 2489 in
598 2435 697 2489 hac
724 2442 880 2504 parte
900 2435 1246 2489 excedamus.
1299 2434 1407 2489 Sed
1430 2433 1702 2488 fatendum
1735 2442 1817 2488 est
1836 2434 1995 2487 etiam

402 2521 461 2578 in
486 2523 593 2578 hoc
621 2538 787 2593 posse
816 2522 969 2578 facile
998 2522 1165 2594 errari
1187 2530 1240 2577 et
1269 2531 1471 2577 temere
1492 2521 1725 2590 judicari
1776 2521 1846 2576 ab
1895 2537 1994 2575 ex-

404 2610 630 2676 traneis,
664 2610 756 2681 qui
812 2615 1120 2666 nescientes
1166 2626 1363 2666 causas
1409 2619 1462 2665 et
1509 2610 1768 2674 rationes,
1801 2610 1996 2680 quibus

405 2712 515 2753 non
544 2713 674 2754 raro
703 2699 861 2770 quasi
890 2699 1058 2753 invite
1119 2714 1406 2754 movemur
1447 2698 1516 2753 ad
1561 2714 1807 2753 mensam
1835 2697 1997 2767 paulo

402 2786 602 2841 lautius
631 2787 1025 2852 instruendam,
1072 2787 1254 2841 statim
1310 2803 1412 2841 nos
1462 2787 1911 2852 condemnarent,
1945 2794 1998 2840 et

405 2874 551 2946 quod
577 2875 889 2930 necessitati
917 2883 1124 2930 tantum
1155 2875 1499 2930 tribuendum
1532 2883 1632 2940 est,
1673 2882 1873 2930 nostra:
1926 2874 1996 2927 li—

406 2963 554 3019 berae
582 2964 840 3019 voluntati
874 2962 1215 3032 imputarent.

478 3050 746 3106 Omnibus
772 3051 992 3106 tandem
1020 3057 1359 3115 occurretur,
1393 3051 1440 3104 si
1467 3050 1725 3105 discretio
1783 3050 1838 3104 in
1891 3065 1996 3121 po-

408 3138 626 3193 stremis
654 3139 862 3193 statutis
917 3146 1103 3193 notata
1150 3138 1292 3193 bona
1317 3136 1423 3192 fide
1479 3146 1756 3203 servetur,
1791 3138 1883 3192 ubi
1911 3153 1999 3192 res

407 3241 506 3298 per
529 3226 840 3283 haeeoverba
888 3226 1275 3282 concluditur:
1310 3226 1533 3293 Quanto
1581 3228 1791 3293 rarius,
1838 3230 1998 3281 tanto

407 3315 634 3371 melius.

480 3404 714 3458 Demum
760 3403 806 3457 si
853 3403 1148 3475 aliquando
1202 3404 1257 3458 in
1315 3402 1643 3475 quibusdam
1668 3403 1921 3458 domibus
1950 3410 2003 3458 et

411 3492 482 3547 ab
511 3491 784 3563 aliquibus
827 3491 1144 3548 oﬂicialibus
1174 3492 1230 3546 in
1260 3494 1365 3548 hac
1392 3500 1548 3562 parte
1579 3500 1869 3557 erraretur,
1901 3506 2005 3547 nec

409 3580 586 3637 ordini
604 3595 708 3636 nec
735 3580 1026 3637 conventui
1057 3579 1295 3651 regulari
1335 3579 1625 3635 domorum
1653 3579 1707 3633 id
1735 3580 2005 3650 imputan-

409 3668 542 3723 dum
583 3675 745 3724 esset.
809 3668 1123 3724 Conventus
1154 3667 1320 3734 enim,
1372 3683 1480 3738 quo
1535 3683 1737 3738 corpus
1795 3667 2003 3722 ordinis

412 3756 776 3827 componitur,
810 3756 916 3810 nisi
945 3772 1175 3827 prorsus
1222 3771 1509 3811 commune
1552 3756 1716 3810 habet
1752 3770 1877 3810 cum
1914 3772 2005 3810 re-

411 3843 660 3915 ceptione
714 3844 1008 3915 hospitum,
1044 3851 1098 3898 et
1125 3843 1274 3898 nullo
1330 3844 1495 3899 modo
1550 3843 1833 3914 participat
1888 3844 2007 3898 istis

413 3931 750 3999 excessibus,
775 3947 900 3987 cum
929 3931 1206 4002 pitantiam
1228 3930 1507 4002 aequaliter
1522 3931 1827 3986 ordinatam
1856 3946 2006 3986 sem-

413 4036 515 4091 per
543 4020 780 4075 habeant
806 4020 863 4074 in
884 4020 1022 4075 cella
1064 4020 1267 4091 singuli
1296 4020 1701 4075 conventuales.
1762 4020 1876 4075 Imo
1906 4036 2008 4076 nec

414 4108 591 4163 sciant
648 4107 779 4178 quid
806 4107 862 4161 in
916 4123 1139 4163 camera
1194 4107 1467 4178 hospitum
1521 4108 1877 4175 ministretur,
1912 4108 2005 4162 sed

414 4196 483 4251 ad
554 4196 701 4251 solos
761 4196 969 4266 priores
999 4203 1050 4250 et
1104 4204 1483 4266 procuratores
1564 4196 1861 4267 pertineret
1904 4196 2011 4250 ista

412 4284 718 4356 personalis
750 4284 1137 4355 transgressio,
1172 4300 1294 4354 quae
1321 4284 1390 4339 ad
1417 4284 1759 4339 visitatorum
1781 4299 2010 4338 examen

412 4373 469 4427 in
497 4373 745 4444 sequenti
774 4372 1080 4427 visitatione
1109 4372 1326 4440 adduci,
1360 4380 1412 4427 et
1459 4372 1729 4444 condigna
1759 4372 2010 4427 animad-

413 4461 665 4518 versione
706 4460 868 4532 plecti
911 4461 1154 4516 deberet.

486 4550 634 4606 Idem
694 4549 1046 4619 judicandum
1090 4557 1173 4603 est
1228 4549 1298 4604 de
1343 4548 1463 4603 aliis
1525 4549 1790 4603 similibus
1867 4556 2010 4602 tran-

418 4637 848 4711 sgressionibus,
870 4654 992 4709 qua
1012 4637 1336 4708 personales
1357 4645 1500 4701 sunt,
1524 4645 1577 4692 et
1598 4653 1717 4708 qua:
1735 4653 2010 4709 nunquam

412 4727 471 4780 in
527 4726 776 4782 ordinem
797 4733 1049 4796 poterunt
1068 4726 1211 4791 juste
1240 4724 1474 4792 refundi,
1500 4725 1737 4797 quandiu
1767 4742 1865 4796 per
1885 4741 2011 4782 con-

415 4815 614 4887 dignas
658 4814 1108 4884 reprehensiones
1155 4822 1209 4869 et
1263 4814 1446 4868 anima
1488 4814 1772 4868 versiones
1823 4821 2013 4869 contra

416 4917 509 4957 eas
564 4902 979 4965 reclamabitur,
1039 4910 1093 4956 et
1138 4917 1238 4972 pro
1287 4901 1531 4972 possibili
1600 4901 1926 4971 punientur;
1958 4901 2013 4955 hi

416 4989 563 5046 enim
592 4997 795 5045 tantum
828 4989 919 5060 qui
950 4997 1133 5044 tacent
1160 4991 1470 5045 consentire
1501 4989 1768 5045 videntur.

486 5078 682 5133 Totum
710 5078 815 5133 hoc
861 5078 926 5132 Β.
988 5078 1164 5132 Patris
1196 5077 1463 5149 Guigonis
1507 5078 1801 5148 capitulum
1842 5086 2014 5132 trans-

414 5166 645 5221 missum
672 5165 902 5221 habetur
930 5182 1053 5237 cap.
1088 5172 1119 5221 8
1149 5175 1203 5222 et
1224 5182 1336 5222 sec.
1383 5174 1534 5237 part.
1567 5166 1735 5236 antiq.
1771 5166 1903 5220 Stat.

491 5254 625 5310 CAP.
656 5255 807 5310 XIX.
841 5285 909 5295 -
937 5255 1100 5310 Num.
1137 5258 1186 5309 1.
1234 5256 1486 5326 Ipsorum
1507 5259 1701 5309 autem
1730 5253 2015 5326 hospitum

416 5351 545 5412 etc.,
576 5359 693 5399 non
721 5345 897 5400 etiam
952 5346 1327 5415 equitaturas.
1372 5345 1452 5398 Ex
1491 5344 1596 5397 hoc
1651 5351 1704 5397 et
1734 5343 2015 5413 sequenti-

414 5432 516 5487 bus
546 5432 793 5502 capitulis
847 5432 1008 5486 debet
1047 5432 1251 5485 hauriri
1281 5431 1425 5485 unde
1468 5438 1660 5501 postea
1724 5430 2015 5501 capitulum

419 5517 505 5581 41,
539 5514 633 5569 ubi
662 5514 730 5569 de
759 5514 1017 5586 fugienda
1034 5514 1327 5584 cupiditate
1348 5514 1546 5584 agitur,
1569 5513 1741 5583 possit
1771 5522 1914 5570 recte
1934 5515 2016 5569 in-

417 5602 607 5674 telligi.
642 5602 995 5671 Perspicuum
1022 5602 1169 5656 enim
1204 5609 1286 5655 est
1322 5601 1467 5672 quod
1502 5601 1778 5671 cupiditati
1809 5602 2016 5672 aliquid

2090 1732 2346 1787 terminos
2371 1734 2475 1787 sibi
2505 1734 2813 1806 assignatos
2841 1735 2984 1789 unde
3040 1734 3267 1805 paciﬁca
3296 1745 3520 1807 possent
3548 1740 3685 1794 sub-

2090 1820 2299 1885 sistere,
2333 1829 2386 1875 et
2406 1822 2820 1876 necessitatibus
2849 1823 2961 1877 suis
2990 1822 3323 1879 sufficienter
3366 1826 3682 1894 providere,

2091 1915 2144 1962 et
2192 1923 2301 1964 non
2359 1918 2564 1963 tantum
2604 1910 2714 1963 illis
2747 1910 3165 1965 necessitatibus
3224 1927 3360 1982 quas
3402 1913 3686 1969 absolutas

2093 2010 2370 2061 vocamus,
2422 1997 2518 2051 sed
2556 1998 2717 2052 etiam
2773 1998 2879 2052 illis
2938 2014 3056 2070 quae
3115 2000 3351 2054 morales
3409 2000 3682 2074 dicuntur,

2098 2099 2219 2139 cum
2252 2101 2317 2139 ex
2374 2086 2630 2156 praesenti
2688 2094 2742 2141 et
2792 2086 3148 2157 sequentibus
3206 2088 3454 2159 capitulis
3508 2098 3691 2160 pateat

2094 2172 2216 2226 illos
2272 2180 2399 2228 tunc
2483 2173 2739 2229 habuisse
2818 2189 2927 2229 non
2982 2182 3192 2229 tantum
3234 2176 3380 2231 unde
3435 2176 3687 2247 hospites

2095 2256 2445 2311 advenientes
2510 2259 2739 2313 honeste
2796 2258 3132 2329 exciperent,
3192 2259 3288 2313 sed
3343 2259 3508 2314 etiam
3537 2260 3689 2316 unde

2096 2344 2474 2414 eleemosynas
2514 2344 2775 2400 facerent.

2166 2432 2451 2487 Rationem
2507 2434 2753 2504 assignat
2798 2434 2921 2504 pius
2976 2434 3229 2504 scriptor,
3261 2451 3359 2490 cur
3411 2451 3521 2491 non
3550 2452 3690 2507 pro-

2096 2530 2365 2575 curarent.
2375 2537 2439 2592 eq
2449 2522 2712 2576 uitaturas
2734 2522 3025 2591 hospitum,
3050 2539 3171 2594 quae
3188 2522 3324 2577 ratio
3344 2524 3522 2580 adhuc
3549 2524 3693 2579 sub-

2096 2609 2251 2664 sistit.
2284 2610 2422 2662 Nam
2452 2608 2506 2662 in
2537 2617 2685 2663 tanta
2728 2609 3142 2679 omnigenarum
3173 2610 3446 2680 hospitum
3500 2611 3697 2667 multi-

2096 2698 2386 2768 plicatione
2424 2696 2505 2752 ad
2523 2697 2860 2751 invisendam
2891 2697 3114 2752 domum
3131 2697 3425 2754 Carthusiae
3448 2699 3695 2771 undique

2097 2785 2479 2841 conﬂuentium
2509 2786 2758 2856 (quorum
2789 2800 3047 2839 numerus
3086 2786 3157 2841 ad
3204 2794 3413 2857 septem
3450 2795 3539 2842 aut
3564 2796 3696 2845 octo

2096 2874 2264 2928 millia
2293 2874 2570 2927 hominum
2598 2873 2653 2927 in
2708 2888 2852 2928 anno
2908 2889 3292 2944 nonnunquam
3346 2875 3694 2948 extenditur),

2017 2987 2071 3048 Β
2103 2978 2205 3017 nec
2235 2962 2437 3016 reditus
2466 2976 2568 3017 nec
2597 2961 2899 3017 mconomia
2940 2962 3240 3018 Carthusiae
3267 2971 3491 3033 possent
3531 2962 3697 3019 διιθῖ-

2102 3066 2261 3116 cere,
2320 3050 2365 3104 si
2408 3050 2723 3121 equitaturae
2779 3049 3039 3104 nobilium
3106 3050 3380 3121 hospitum
3443 3067 3476 3105 a
3531 3052 3698 3108 nobis

2101 3146 2524 3209 procurarentur
2579 3138 2694 3192 sive
2747 3137 3033 3192 alerentur.
3090 3137 3204 3193 Hac
3250 3139 3320 3193 de
3376 3155 3555 3204 causa,
3598 3156 3701 3195 nu-

2101 3241 2250 3281 mero
2304 3226 2578 3295 hospitum
2606 3225 2662 3279 in
2689 3225 2807 3280 dies
2838 3233 3135 3291 crescente,
3166 3226 3341 3282 adacti
3372 3226 3572 3282 fuimus
3600 3244 3705 3283 nu-

2102 3315 2246 3385 peris
2276 3314 2430 3367 annis
2495 3313 2566 3367 ad
2622 3314 3044 3368 construendum
3092 3314 3381 3384 hospitium
3420 3315 3698 3385 publicum

2103 3410 2253 3457 extra
2294 3409 2513 3472 pontem
2571 3401 2888 3468 Carthusiae,
2921 3402 2975 3455 in
3031 3416 3139 3473 quo
3192 3402 3443 3472 publicus
3493 3403 3703 3474 hospes

2105 3491 2454 3561 cquitaturas,
2487 3497 2539 3545 et
2567 3505 2842 3557 cursores,
2882 3496 2942 3543 ut
2968 3497 3180 3555 vocant,
3213 3490 3487 3561 hospitum
3541 3490 3703 3548 exci-

2104 3586 2277 3650 peret.
2311 3579 2367 3634 Si
2390 3578 2481 3649 qui
2507 3593 2639 3633 vero
2683 3578 2752 3632 de
2780 3578 2882 3633 hac
2912 3592 2972 3633 re
3000 3585 3191 3633 contra
3209 3594 3311 3633 nos
3330 3587 3696 3647 murmurent,

2104 3667 2433 3737 respondeat
2461 3666 2567 3720 illis
2594 3681 2696 3736 pro
2724 3665 2884 3720 nobis
2912 3665 2977 3720 R.
3010 3666 3069 3721 P.
3103 3665 3302 3739 Guigo,
3333 3666 3425 3738 qui
3444 3665 3703 3739 frequen-

2105 3755 2235 3809 tiam
2264 3754 2411 3808 illam
2448 3753 2719 3823 hospitum
2739 3753 3078 3808 Carthusiam
3097 3753 3443 3810 invisentium
3466 3754 3577 3823 jam
3598 3771 3708 3812 suo

2106 3851 2352 3913 tempore
2406 3849 2604 3908 natam,
2637 3840 2748 3896 imo
2796 3849 2849 3896 et
2891 3842 3047 3913 quasi
3101 3842 3344 3897 adultam
3399 3841 3566 3899 fuisse
3594 3857 3704 3900 nos

2108 3932 2316 3987 edocet.

2178 4019 2315 4073 Ibid.
2361 4020 2623 4090 Talesque
2654 4019 2823 4074 lectos
2842 4019 2923 4073 eis
2968 4021 3025 4073 et
3074 4019 3240 4088 cibos,
3273 4027 3378 4075 etc.
3411 4019 3511 4075 Hic
3540 4020 3702 4077 locus

2106 4106 2494 4179 intelligendus
2525 4114 2608 4160 est
2650 4106 2705 4159 in
2735 4121 2901 4161 sensu
2945 4105 3308 4161 discretionis.
3341 4108 3480 4162 Nam
3507 4108 3705 4163 absur-

2108 4196 2235 4249 dum
2266 4203 2409 4249 esset
2429 4201 2618 4264 putare
2649 4194 2794 4264 quod
2821 4193 3015 4249 diebus
3043 4194 3381 4252 abstinentia
3407 4196 3704 4266 deputatis,

2110 4298 2306 4354 panem
2337 4290 2543 4337 tantum
2572 4289 2625 4336 et
2680 4296 2880 4352 aquam
2920 4297 3043 4337 cum
3082 4282 3194 4336 sale
3237 4283 3351 4337 suis
3398 4284 3705 4354 hospitibus

2109 4380 2235 4426 tunc
2282 4369 2561 4436 offerrent,
2622 4369 2761 4425 sicut
2788 4370 2857 4423 de
2916 4369 3199 4425 monachis
3252 4370 3557 4440 ordinatur,
3601 4372 3705 4426 sed

2110 4459 2165 4513 id
2196 4458 2610 4529 intelligendum
2639 4448 2721 4511 est
2749 4457 2805 4511 in
2846 4472 3050 4527 genere
3078 4457 3148 4512 de
3194 4457 3335 4513 escis
3363 4458 3470 4512 illis
3508 4459 3710 4529 quibus

2111 4547 2186 4601 uti
2233 4546 2499 4611 solebant,
2532 4553 2693 4616 prout
2720 4553 2842 4600 sunt
2869 4546 3069 4615 pisces,
3118 4560 3240 4612 ova,
3290 4561 3486 4601 caseus
3513 4555 3565 4601 et
3589 4547 3712 4602 fru-

2111 4644 2248 4701 ctus,
2316 4635 2544 4690 servatis
2597 4641 2781 4688 tamen
2834 4633 3053 4688 forsitan
3117 4635 3491 4704 temporibus,
3546 4643 3603 4689 ut
3644 4636 3707 4691 in

2111 4724 2360 4779 Adventu
2390 4730 2442 4776 et
2469 4722 2588 4776 aliis
2618 4722 2808 4775 diebus
2837 4737 2933 4792 per
2990 4729 3182 4776 statuta
3220 4721 3425 4777 ordinis
3451 4722 3710 4795 assigna-

2113 4812 2200 4875 tis,
2246 4826 2349 4866 nec
2385 4826 2505 4876 ova,
2545 4825 2647 4865 nec
2702 4826 2916 4875 caseus,
2969 4810 3133 4864 etiam
3186 4809 3321 4879 ipsis
3378 4811 3704 4881 hospitibus,

2114 4907 2341 4969 excepta
2370 4899 2672 4953 rationabili
2716 4912 2902 4966 causa,
2933 4897 3386 4955 ministrarentur.

2184 4988 2268 5042 Ad
2310 4987 2480 5042 lectos
2526 4994 2704 5042 autem
2750 4986 3103 5042 saecularibus
3156 4986 3562 5056 praeparandos,
3595 5002 3711 5042 non

2113 5076 2384 5131 habebant
2411 5074 2690 5140 matalitia,
2724 5075 2817 5128 sed
2870 5075 3096 5130 eosdam
3139 5074 3369 5130 honeste
3418 5083 3709 5144 coopertos

2116 5164 2437 5231 offerebant,
2473 5163 2672 5234 quibus
2700 5162 2871 5218 nostri
2928 5163 3234 5230 utebantur,
3284 5177 3479 5233 nempe
3508 5163 3562 5218 in
3592 5178 3717 5218 mo-

2115 5253 2243 5307 dum
2277 5251 2433 5306 abaci
2463 5250 2812 5323 compositos,
2849 5250 3147 5305 secundum
3185 5265 3391 5305 morem
3428 5250 3719 5323 quietiam

2116 5356 2260 5395 nunc
2289 5348 2607 5410 perseverat
2628 5346 2680 5393 et
2703 5339 2759 5392 in
2788 5338 3040 5394 omnibus
3089 5338 3573 5394 Carthusianorum
3597 5339 3719 5395 cel-

2115 5428 2242 5482 lulis
2270 5428 2509 5483 videtur.
2544 5425 2652 5494 Qui
2695 5427 2892 5481 modus
2930 5425 3062 5480 satis
3117 5426 3435 5480 commodus
3464 5434 3564 5492 est,
3596 5442 3719 5481 ma-

2118 5516 2259 5570 xime
2307 5516 2362 5569 in
2413 5515 2548 5570 locis
2604 5513 2835 5585 frigidis,
2886 5521 3047 5583 prout
3120 5521 3202 5567 est
3245 5514 3550 5580 Carthusia,
3584 5515 3719 5586 quia

2119 5604 2208 5673 qui
2258 5603 2311 5655 in
2359 5602 2493 5672 ipsis
2546 5602 2815 5655 dormiunt
2866 5608 2991 5655 sunt
3036 5600 3187 5655 velut
3242 5599 3296 5654 in
3352 5601 3523 5656 abaco
3581 5617 3720 5657 con-

418 5689 735 5760 possidendi
814 5696 963 5744 extra
1039 5689 1297 5744 terminos
1382 5690 1757 5744 renuntiarent
1856 5690 2015 5761 primi
2043 5686 2096 5745 D
2117 5691 2273 5756 clusi,
2298 5698 2351 5744 et
2374 5690 2453 5746 sic
2473 5706 2505 5745 a
2525 5688 2718 5757 majori
2740 5688 2945 5759 frigore
2966 5696 3267 5744 servantur.
3290 5688 3346 5744 Si
3366 5704 3498 5744 vero
3516 5691 3725 5749 nostris
