3940 6426
251 341 355 394 673

1602 335 2208 393 CONSUETUDINES.

3463 334 3564 388 674

256 462 728 530 consuetudinem,
765 477 926 534 quam
956 462 1010 516 in
1039 463 1220 517 multis
1241 506 1253 529 ,
1306 478 1531 534 quorum
1564 461 1683 533 pios
1727 461 1947 516 labores
1977 467 2030 514 et
2061 463 2302 512 sanctam
2335 456 2388 510 in
2420 455 2637 511 Christo
2666 452 3131 510 conversationem
3164 453 3296 508 satis
3346 452 3568 509 laudare

259 575 370 614 non
400 559 718 626 sufﬁcimus,
753 559 1038 614 occasione
1088 558 1514 626 misericordiae,
1565 565 1623 612 ut
1669 558 1878 613 scilicet
1909 556 2053 628 quod
2111 553 2626 626 supervenientibus
2664 553 2930 606 tribuatur
2976 551 3290 623 acquirant,
3341 549 3569 605 multum

257 655 554 711 inolevisse
584 655 856 710 dolemus.

331 756 384 807 3.
419 752 528 807 Sed
558 760 610 808 et
640 753 772 823 ipsis
806 750 1105 823 hospitibus
1136 767 1244 806 non
1274 767 1468 822 parum
1500 751 1604 806 hoc
1634 751 1892 821 expedire
1921 758 2195 821 putamus,
2227 749 2318 820 qui
2350 747 2552 803 nostris
2586 748 2921 819 spiritalibus
2952 767 3047 804 seu
3093 747 3466 819 corporalibus
3497 746 3570 802 ita

260 847 462 902 debent
491 847 651 902 bonis
680 848 1113 914 communicare,
1165 855 1222 901 ut
1268 862 1369 901 nos
1416 847 1484 900 ad
1523 845 1668 900 mala
1699 862 1805 900 non
1834 854 2033 918 cogant
2063 846 2354 904 declinare.
2383 847 2465 902 Ad
2495 846 2639 903 mala
2666 857 2845 904 autem
2875 847 3152 904 declinare
3183 854 3311 902 tunc
3341 845 3564 912 faciunt,

263 946 309 1002 si
340 946 452 1002 suis
481 963 582 1002 nos
612 945 868 1018 expensis
898 945 969 1001 ad
1001 945 1306 1018 vagandum
1336 944 1797 1016 quzercndumque
1826 943 2179 1014 compellunt.

1657 1067 2052 1123 CAPITULUM
2081 1069 2207 1123 XX.

1441 1165 1516 1221 De
1536 1166 1876 1236 pauperibus
1905 1169 1962 1222 et
1990 1167 2375 1237 eleemosynis.

341 1286 391 1336 1.
439 1280 770 1352 Pauperibus
818 1279 1002 1335 saeculi
1048 1297 1242 1352 panem
1288 1281 1374 1337 vel
1420 1281 1567 1336 aliud
1614 1280 1842 1351 aliquid,
1894 1280 2039 1352 quod
2089 1280 2174 1335 vel
2216 1280 2448 1335 facultas
2475 1278 2632 1336 offert
2675 1281 2760 1335 vel
2791 1279 3039 1336 voluntas
3075 1279 3322 1350 suggerit
3350 1279 3563 1347 damus,

269 1395 391 1436 raro
422 1387 566 1435 tecto
594 1378 939 1449 suscipimus,
973 1379 1072 1433 sed
1101 1379 1169 1434 ad
1202 1377 1389 1433 villam
1418 1378 1596 1449 magis
1625 1377 1886 1432 mittimus
1915 1377 2264 1448 hospitatum.
2296 1379 2420 1433 Non
2450 1377 2594 1434 enim
2624 1385 2848 1448 propter
2877 1377 3177 1433 alienorum
3214 1375 3572 1447 temporalem

271 1492 458 1532 curam
485 1491 814 1547 corporum,
872 1475 968 1530 sed
1013 1491 1113 1545 pro
1159 1482 1464 1530 nostrarum
1516 1475 1848 1544 sempiterna
1896 1474 2071 1528 salute
2117 1474 2413 1530 animarum
2459 1475 2515 1529 in
2561 1475 2719 1543 hujus
2751 1473 2921 1530 eremi
2947 1489 3198 1529 secessus
3228 1471 3567 1544 aufugimus.

268 1575 339 1630 Et
385 1575 509 1629 ideo
562 1573 872 1628 mirandum
901 1587 1011 1627 non
1057 1582 1140 1628 est
1191 1574 1236 1627 si
1285 1572 1406 1644 plus
1438 1572 1818 1628 familiaritatis
1864 1580 1918 1628 et
1966 1572 2140 1628 solatii
2187 1573 2272 1628 his
2317 1573 2409 1645 qui
2437 1589 2538 1643 pro
2567 1573 2853 1628 animabus
2882 1586 3046 1641 quam
3076 1569 3168 1640 qui
3198 1584 3300 1639 pro
3332 1568 3442 1622 suis
3471 1568 3575 1622 huc

271 1674 596 1744 corporibus
652 1671 910 1736 veniunt,
970 1669 1307 1725 exhibemus.
1361 1668 1616 1739 Alioquin
1668 1683 1778 1722 non
1833 1668 1890 1720 in
1945 1676 2053 1721 tam
2101 1669 2310 1738 asperis
2360 1677 2413 1723 et
2441 1669 2665 1724 remotis
2695 1677 2746 1723 et
2774 1684 2915 1738 pene
2944 1666 3413 1722 inaccessibilibus
3439 1664 3575 1719 locis

272 1773 404 1842 (quo
447 1769 752 1842 quicunque
799 1767 1093 1838 corporalis
1124 1766 1302 1820 solatii
1331 1765 1542 1820 venerit
1572 1765 1749 1837 gratia
1775 1809 1787 1829 ,
1835 1765 1957 1836 plus
1986 1765 2222 1836 patiatur
2252 1767 2458 1822 laboris
2501 1784 2659 1838 quam
2707 1773 3024 1837 assequatur
3069 1763 3351 1834 remedii),
3392 1761 3490 1818 sed
3520 1759 3575 1815 in

271 1874 441 1922 strata
470 1867 650 1938 potius
679 1864 896 1937 publica
925 1864 1053 1920 olim
1083 1863 1445 1919 debueramus
1474 1863 1658 1934 utique
1708 1863 2043 1917 consedisse.

1631 1984 2205 2042 COMMENTARIUS.

274 2103 616 2175 temporibus
670 2103 873 2175 aliquid
929 2103 1076 2175 apud
1133 2117 1234 2158 nos
1294 2101 1562 2156 indultum
1622 2099 1692 2154 sit
1731 2100 1877 2156 circa
1903 2103 2349 2168 Ahorrendam,
2399 2103 2673 2158 invehitur
2721 2101 2785 2157 R.
2838 2103 2894 2156 P.
2931 2100 3152 2172 Guigo,
3203 2100 3330 2172 quia
3359 2115 3426 2156 ex
3455 2099 3577 2154 dia-

277 2192 452 2248 lectos
481 2191 772 2262 hospitum,
805 2191 861 2246 id
891 2191 961 2246 ad
990 2206 1196 2246 meram
1225 2189 1470 2261 politiam
1513 2197 1797 2243 externam
1827 2196 1880 2243 et

280 2280 352 2336 ad
397 2289 698 2352 temporum
747 2279 1053 2335 decentiam
1081 2279 1347 2350 pertinet,
1380 2293 1484 2333 nec
1512 2277 1567 2331 in
1599 2277 1708 2332 ullo
1736 2276 1882 2332 laedit

279 2369 681 2424 observantiam
727 2367 1038 2440 regularem
1061 2410 1074 2434 ,
1127 2383 1249 2422 cum
1279 2366 1347 2421 ad
1377 2379 1644 2437 personas
1674 2364 1882 2420 ordinis

277 2473 389 2513 non
437 2465 674 2528 spectet,
725 2471 846 2528 qua
895 2455 1102 2511 eisdem
1154 2471 1373 2526 semper
1440 2454 1595 2510 lectis
1663 2460 1883 2508 utuntur

281 2546 480 2618 quibus
508 2545 672 2616 primi
701 2545 888 2600 Patres
919 2544 1129 2599 ordinis
1167 2544 1480 2598 utebantur.

356 2635 520 2688 Num.
557 2638 606 2688 1.
639 2633 959 2704 Sagmarios
987 2636 1211 2688 nostros
1240 2636 1411 2686 extra
1441 2631 1734 2686 mittimus
1760 2630 1882 2684 hie-

281 2727 524 2778 matum.
576 2723 680 2777 Per
727 2721 1034 2793 sagmarios
1082 2720 1258 2776 mulos
1316 2718 1604 2791 intelligit,
1653 2732 1884 2787 quorum

283 2809 615 2866 adminiculo
646 2825 712 2864 ea
743 2817 948 2864 tantum
983 2823 1278 2879 possumus
1311 2808 1476 2862 etiam
1507 2822 1652 2861 nunc
1681 2805 1884 2859 habere

283 2915 409 2971 quae
429 2907 579 2954 extra
595 2913 840 2953 eremum
862 2907 1158 2952 nascuntur
1177 2904 1269 2952 aut
1290 2903 1564 2962 crescunt,
1581 2900 1741 2966 prout
1764 2899 1887 2946 sunt

288 2987 494 3053 vinum,
533 2987 797 3053 triticum,
845 2986 1048 3051 oleum,
1082 2993 1186 3041 etc.
1215 2985 1355 3039 Nam
1387 3000 1580 3038 currus
1612 2998 1722 3037 non
1751 2997 1885 3051 pos-

287 3083 414 3131 sunt
432 3091 498 3131 ex
517 3075 658 3146 pede
675 3075 890 3145 rupium
907 3090 1078 3145 usque
1101 3073 1170 3127 ad
1191 3073 1533 3127 Carthusiam
1555 3069 1886 3134 ascendere;

290 3160 436 3215 unde
463 3159 735 3214 mulorum
764 3158 942 3214 dorsis
973 3174 1035 3213 ea
1064 3158 1132 3212 ad
1162 3173 1264 3212 nos
1295 3157 1490 3212 advehi
1519 3170 1744 3211 necesse
1782 3160 1882 3207 est.

289 3249 483 3304 Adhuc
512 3247 674 3302 etiam
729 3247 976 3319 cogimur
1006 3261 1199 3301 vaccas
1231 3253 1284 3300 et
1323 3244 1427 3299 alia
1456 3243 1708 3298 animalia
1738 3249 1889 3296 extra

291 3353 538 3393 eremum
567 3336 777 3390 mittere
799 3335 1110 3390 hiematum.
1146 3333 1416 3406 Sagmarii
1453 3339 1635 3387 autem
1669 3345 1883 3393 nomen,

291 3441 327 3482 a
354 3429 605 3496 sagmate
635 3423 926 3479 formatum
958 3429 1060 3488 est,
1094 3422 1240 3494 quod
1270 3421 1493 3476 verbum
1523 3435 1624 3490 pro
1659 3416 1889 3488 jumenti

293 3514 446 3579 sella,
471 3513 586 3568 sive
617 3520 803 3577 strato,
827 3511 1112 3581 accipitur,
1147 3525 1179 3565 a
1211 3526 1318 3580 quo
1339 3508 1644 3582 sagmarius
1665 3512 1889 3564 vocatus

292 3609 377 3658 est
403 3601 579 3656 mulus
609 3599 840 3671 sagmati
871 3599 1144 3670 portando
1172 3598 1493 3653 destinatus.

363 3691 451 3746 Ex
482 3691 586 3746 hoc
617 3697 801 3744 autem
819 3689 942 3744 loco
973 3687 1198 3744 evidens
1230 3694 1311 3742 est
1340 3687 1505 3758 quod,
1528 3685 1652 3741 licet
1684 3701 1888 3740 renun-

293 3780 488 3834 tiarent
533 3777 720 3849 optimi
767 3778 954 3831 Patres
998 3775 1278 3846 cupiditati
1323 3774 1528 3846 aliquid
1572 3775 1890 3845 possidendi

291 3876 445 3923 extra
474 3881 752 3931 eremum,
785 3865 839 3920 id
872 3864 1056 3920 stricte
1086 3863 1503 3935 intelligendum
1536 3871 1620 3917 est
1667 3865 1735 3920 de
1766 3882 1892 3935 spe-

293 3956 482 4012 ciebus
500 3971 681 4010 rerum
703 3970 825 4025 quae
844 3954 898 4008 in
916 3952 1152 4024 capitulo
1173 3956 1232 4007 41
1259 3952 1481 4008 inferius
1503 3953 1886 4022 exprimentur.

291 4046 432 4100 Nam
463 4051 673 4100 certum
703 4051 786 4098 est
805 4042 926 4098 illos
947 4047 1075 4097 tunc
1093 4041 1347 4097 habuisse
1377 4041 1588 4095 stabula
1617 4049 1669 4096 et
1689 4057 1892 4111 pascua

289 4133 344 4188 in
376 4132 679 4189 confinibus
727 4131 896 4187 eremi
927 4131 1226 4186 Carthusiaa
1251 4171 1265 4197 ,
1315 4129 1385 4184 ad
1422 4129 1590 4200 pedes
1639 4128 1892 4184 videlicet

293 4221 510 4293 rupium
556 4219 873 4285 existentia,
925 4235 1150 4290 quorum
1196 4217 1526 4273 adminiculo
1567 4217 1892 4272 animalibus

297 4310 412 4365 suis
445 4317 688 4380 tempore
717 4307 913 4362 hiemis
934 4307 1304 4379 providerent.
1339 4308 1463 4360 Erat
1500 4306 1644 4361 enim
1665 4306 1892 4362 inevita-

294 4398 419 4453 bilis
441 4397 740 4454 necessitas
760 4397 814 4450 id
835 4395 1090 4461 habendi,
1108 4395 1350 4467 alioquin
1371 4410 1573 4467 magno
1591 4395 1764 4465 pretio
1785 4394 1894 4449 illis

295 4487 558 4543 elocanda
605 4485 832 4540 fuissent
881 4484 1118 4551 stabula,
1169 4491 1220 4538 et
1267 4482 1453 4538 fenum
1505 4483 1796 4538 emendum
1825 4484 1894 4538 ad

295 4574 586 4631 nutrienda
605 4573 876 4638 animalia,
892 4588 957 4628 ac
970 4572 1047 4629 sic
1068 4587 1434 4643 expensarum
1454 4572 1693 4643 gravitas
1713 4587 1800 4627 res
1823 4571 1898 4626 fa-

296 4664 535 4719 miliares
555 4663 765 4734 integre
786 4661 1182 4718 absorbuisset.
1216 4661 1276 4716 Id
1307 4660 1528 4731 quidem
1550 4660 1679 4714 satis
1701 4660 1895 4731 proba-

296 4762 410 4808 tum
423 4752 653 4806 habetur
667 4767 764 4822 per
784 4766 906 4822 cap.
927 4753 1015 4805 76.
1036 4749 1498 4805 Consuetudinum
1513 4749 1890 4820 praesentium:

299 4840 398 4897 sed
449 4839 624 4895 nullus
673 4846 920 4894 remanet
950 4838 1209 4909 scrupulo
1231 4838 1420 4902 locus,
1473 4838 1602 4892 dum
1649 4836 1896 4892 visuntur

297 4929 478 4984 adhuc
524 4927 719 4983 rudera
764 4935 1011 4982 veterum
1069 4926 1291 4982 istorum
1349 4925 1720 4992 stabulorum,
1773 4941 1894 4996 quae

302 5017 628 5073 animalibus
678 5014 1012 5086 excipiendis
1059 5014 1447 5070 inserviebant.
1506 5016 1564 5068 ln
1595 5030 1703 5085 quo
1733 5014 1894 5068 etiam

299 5106 422 5162 loco
483 5105 959 5175 congregabantur
1015 5103 1253 5159 triticum
1305 5110 1358 5158 et
1405 5103 1512 5157 alia
1559 5101 1890 5168 necessaria,

303 5210 422 5266 quae
466 5201 654 5264 postea
696 5209 796 5263 per
824 5191 1142 5247 horribilem
1174 5191 1491 5254 transitum.
1545 5191 1634 5262 qui
1673 5199 1898 5246 vocatur

307 5285 357 5338 le
377 5285 542 5350 Frou,
566 5281 811 5336 humeris
840 5281 1120 5335 hominum
1147 5281 1214 5334 ad
1235 5279 1601 5334 summitatem
1619 5279 1903 5347 cujusdam

305 5371 455 5442 rupis
498 5369 922 5434 deferebantur;
971 5369 1115 5423 unde
1159 5377 1350 5438 postea
1395 5368 1571 5423 dorsis
1629 5367 1901 5421 mulorum

303 5459 553 5531 imposita
583 5475 682 5530 per
711 5457 897 5513 villam
922 5464 1165 5512 vocatam
1197 5457 1532 5512 Rucheriam
1580 5456 1650 5511 ad
1681 5456 1902 5510 domum

307 5546 610 5604 Carthusiaa
648 5545 1158 5601 transvehebantur.

375 5637 542 5693 Num.
582 5640 636 5692 2.
669 5632 913 5706 Vagandi
933 5638 989 5689 et
1008 5634 1366 5705 quwsitandi,
1399 5640 1510 5689 etc.
1549 5632 1740 5688 Merito
1769 5647 1905 5688 con-

305 5735 389 5782 tra
435 5726 579 5782 hanc
625 5721 1079 5781 consuetudinem
1101 5765 1116 5790 ,
1166 5721 1320 5794 quasi
1365 5729 1558 5780 contra
1587 5737 1702 5778 rem
1749 5721 1907 5777 nobis

1982 2198 2155 2245 metro
2202 2199 2408 2261 pugnat
2458 2207 2580 2246 cum
2609 2190 2852 2246 instituto
2883 2198 3100 2256 nostro,
3150 2189 3218 2244 ad
3262 2189 3407 2261 quod
3452 2204 3577 2244 ser—

1982 2280 2219 2334 vandum
2250 2297 2417 2334 unum
2449 2296 2478 2335 e
2507 2280 2719 2334 duobus
2751 2279 3060 2350 eligendum
3091 2285 3209 2334 est:
3243 2294 3459 2348 nempe,
3491 2277 3580 2334 vel

1983 2368 2297 2423 habendum
2329 2376 2410 2423 est
2439 2369 2584 2423 unde
2612 2383 2863 2438 personae
2894 2375 2944 2422 et
2969 2367 3164 2422 domus
3194 2366 3402 2421 ordinis
3430 2366 3582 2437 paci-

1984 2456 2085 2511 fice
2119 2463 2510 2522 sustententur,
2544 2456 2754 2528 absque
2782 2456 2893 2510 ulla
2921 2455 3248 2511 necessitate
3276 2455 3576 2526 quaerendi,

1985 2560 2108 2600 cum
2158 2545 2282 2600 vitae
2333 2545 2584 2599 solitariae
2616 2545 2748 2599 ratio
2778 2545 2833 2598 id
2861 2545 3061 2616 exigat,
3095 2553 3147 2599 et
3173 2559 3400 2600 necesse
3432 2543 3499 2597 sit
3523 2550 3582 2598 ut

1984 2633 2284 2687 monachus
2311 2642 2488 2688 cesset
2519 2648 2640 2687 esse
2672 2633 2971 2698 solitarius,
3023 2632 3202 2686 statim
3231 2639 3395 2704 atque
3425 2647 3580 2703 quaa-

1985 2737 2109 2775 rere
2141 2720 2244 2775 sibi
2265 2720 2577 2776 necessaria
2607 2728 2757 2775 extra
2778 2721 3001 2776 domum
3020 2720 3269 2791 cogitur;
3295 2720 3379 2775 vel
3411 2719 3581 2774 sinon

1987 2809 2273 2874 habeatur,
2319 2809 2432 2878 jam
2464 2825 2530 2864 ex
2561 2809 2886 2864 necessitate
2917 2809 3022 2863 sibi
3051 2809 3374 2878 providendi
3403 2814 3584 2864 cesset

1987 2897 2148 2952 etiam
2179 2913 2302 2952 esse
2352 2897 2646 2964 solitarius,
2682 2913 2744 2953 ac
2773 2897 3000 2968 proinde
3049 2897 3457 2952 Carthusianus.
3501 2896 3583 2950 De

1988 2987 2087 3040 hac
2118 3001 2252 3058 ergo
2281 3003 2338 3040 re
2368 2985 2513 3041 idem
2564 2985 2854 3042 dicendum
2887 2993 2970 3040 est
3000 2985 3147 3057 quod
3177 2985 3245 3040 de
3281 2985 3425 3040 nive.
3458 2985 3583 3040 Non

1988 3083 2166 3145 potest
2196 3091 2318 3129 esse
2348 3075 2437 3128 nix
2460 3074 2677 3140 calida;
2710 3074 2890 3128 statim
2921 3074 3065 3129 enim
3095 3081 3253 3146 atque
3275 3073 3448 3130 calida
3476 3079 3580 3142 est,

1989 3163 2186 3218 desinit
2214 3179 2337 3218 esse
2364 3163 2476 3219 nix.

2061 3251 2241 3306 Zelum
2291 3260 2467 3307 autem
2515 3268 2673 3306 suum
2720 3251 2808 3306 hic
2856 3251 3086 3306 discrete
3134 3251 3309 3307 exerit
3365 3257 3584 3306 sanctus

1989 3339 2091 3406 vir,
2133 3348 2185 3395 et
2223 3340 2457 3395 videndo
2489 3356 2595 3410 quo
2623 3346 2883 3411 praetextu
2912 3340 3134 3412 quidam
3162 3340 3414 3395 monachi
3461 3347 3588 3394 tunc

1909 3453 1962 3514 Β
1993 3427 2252 3498 temporis
2319 3428 2584 3498 pruritum
2642 3428 3021 3498 possessiones
3079 3427 3470 3498 multiplicandi
3535 3433 3587 3481 et

1989 3517 2196 3588 absque
2225 3515 2335 3570 ullo
2362 3515 2468 3570 fine
2499 3515 2822 3586 acquirendi
2852 3515 3126 3582 velabant,
3158 3515 3397 3572 occurrit
3425 3513 3585 3569 nobis

1991 3612 2042 3660 et
2075 3603 2319 3659 velamen
2346 3603 2482 3658 illud
2515 3603 2689 3658 aufert
2716 3611 2768 3659 et
2799 3604 2968 3672 rejicit
2989 3646 3002 3670 ,
3052 3621 3120 3659 ne
3153 3604 3372 3676 quando
3402 3611 3584 3658 tenta-

1993 3693 2066 3747 tio
2114 3707 2178 3748 eo
2225 3692 2411 3747 utendi
2441 3699 2655 3746 nostros
2688 3691 3005 3760 invaderet,
3056 3700 3217 3763 prout
3245 3692 3335 3748 hic
3366 3691 3582 3764 legitur.

1991 3781 2241 3836 Habeant
2288 3797 2420 3852 ergo
2467 3780 2611 3836 idem
2641 3781 2706 3836 R.
2741 3780 2916 3835 Patris
2946 3780 3214 3852 Guigouis
3261 3796 3588 3851 responsum

1991 3869 2250 3925 oﬂiciales
2275 3869 2482 3924 ordinis
2502 3911 2515 3935 ,
2568 3869 2661 3941 qui
2691 3869 2834 3940 apud
2862 3885 2963 3924 nos
2994 3869 3156 3924 etiam
3188 3886 3404 3941 semper
3447 3885 3590 3924 nova

1992 3958 2308 4029 acquirendi
2357 3958 2624 4028 pruritum
2652 3958 2888 4028 vellent,
2941 3958 3197 4014 ementito
3240 3958 3332 4014 illo
3375 3957 3591 4029 pietatis

1991 4054 2254 4117 praetextu
2304 4055 2355 4101 et
2401 4045 2585 4101 colore
2615 4047 2919 4113 admittere,
2953 4055 3006 4102 et
3042 4046 3264 4102 audiant
3292 4063 3322 4100 a
3367 4063 3455 4100 me
3484 4046 3589 4101 do-

1993 4146 2112 4186 mos
2143 4139 2194 4185 et
2223 4129 2485 4186 officiales
2514 4131 2722 4186 ordinis
2753 4133 2943 4186 eadem
2974 4133 3062 4186 via
3093 4141 3146 4187 et
3168 4133 3364 4188 eodem
3394 4147 3591 4203 gressu

1995 4234 2026 4273 a
2049 4218 2131 4273 sui
2158 4218 2383 4273 instituti
2413 4226 2514 4274 eta
2537 4236 2648 4274 sua:
2678 4219 3036 4290 professionis
3060 4221 3253 4290 spiritu
3272 4220 3586 4290 discedere,

1994 4322 2100 4378 quo
2144 4307 2350 4377 absque
2375 4307 2520 4375 justa
2558 4316 2612 4361 et
2642 4308 2956 4362 necessaria
2988 4323 3174 4375 causa,
3205 4325 3377 4364 novas
3409 4315 3463 4364 et
3493 4324 3589 4363 su-

1994 4395 2231 4466 perfluas
2260 4395 2640 4465 possessiones
2669 4404 2928 4451 conantur
2957 4405 3010 4451 et
3039 4398 3256 4452 student
3284 4397 3389 4452 sibi
3436 4412 3592 4453 com-

1995 4499 2210 4555 parare.
2244 4483 2332 4539 Sic
2356 4484 2502 4539 enim
2534 4500 2600 4538 ex
2632 4484 3007 4554 spiritualibus
3039 4485 3243 4541 sensim
3273 4483 3405 4540 ﬁunt
3449 4493 3594 4541 tem-

1997 4573 2232 4643 porales,
2264 4581 2317 4627 et
2346 4589 2411 4627 ex
2441 4573 2722 4627 monachis
2753 4573 3062 4628 smculares.
3117 4576 3185 4628 At
3233 4574 3365 4628 nihil
3396 4575 3595 4629 horum

1997 4661 2063 4715 ad
2093 4669 2311 4715 nostros
2342 4669 2549 4731 spectat
2567 4661 2910 4728 claustrales,
2935 4662 3129 4733 quibus
3161 4661 3366 4717 ordinis
3394 4678 3596 4733 corpus

1999 4750 2364 4820 componitur,
2397 4749 2493 4804 sed
2524 4749 2593 4804 ad
2624 4749 2882 4805 otliciales
2912 4750 3003 4821 qui
3034 4758 3158 4804 sunt
3188 4758 3391 4805 tantum
3440 4750 3596 4806 istius

1923 4811 1968 4871 Ο
2003 4838 2248 4909 corporis
2277 4839 2522 4894 membra
2553 4839 2864 4912 singularia.
2892 4839 3221 4894 Claustrales
3253 4839 3424 4909 enim,
3469 4847 3522 4896 et
3551 4841 3598 4895 si

2005 4927 2384 4998 possessiones
2433 4935 2763 4999 augeantur,
2814 4944 2878 4984 ac
2924 4928 3049 4983 inde
3093 4945 3158 4983 ex
3219 4928 3600 4999 temporalium

2008 5013 2450 5086 multiplicatione
2479 5015 2806 5084 otﬁcialium,
2839 5017 3229 5073 sollicitudines
3257 5017 3422 5073 etiam
3451 5018 3599 5074 mul-

2009 5105 2334 5175 tiplicentur,
2370 5121 2585 5176 semper
2614 5115 2898 5164 remanent
2929 5107 2982 5161 in
3011 5106 3246 5162 claustro
3277 5107 3464 5178 quieti,
3500 5123 3603 5164 nec

2008 5193 2302 5264 quidquam
2347 5193 2566 5249 illorum
2615 5195 2831 5267 attingit
2877 5212 3005 5262 eos,
3056 5196 3166 5252 imo
3212 5196 3460 5252 nesciunt
3497 5211 3601 5253 nec

2005 5283 2134 5353 quid
2165 5282 2356 5336 domus
2387 5283 2581 5338 habeat
2613 5292 2703 5338 aut
2731 5283 3030 5356 possideat,
3062 5301 3163 5341 nec
3193 5284 3322 5356 quid
3367 5285 3436 5340 ab
3485 5284 3602 5342 otii-

2005 5370 2232 5425 cialibus
2263 5378 2470 5441 agatur.

2077 5460 2207 5513 CAP.
2242 5459 2367 5512 XX.
2399 5490 2467 5498 —
2495 5460 2636 5514 Num
2669 5463 2719 5516 l.
2755 5461 3100 5533 Pauperibus
3138 5463 3333 5517 saeculi
3367 5478 3598 5534 panem,

2007 5555 2133 5611 etc.,
2186 5547 2282 5601 sed
2327 5548 2398 5602 ad
2427 5549 2652 5617 villam,
2704 5557 2806 5604 etc.
2854 5550 3049 5605 Saaculi
3092 5550 3310 5604 nomine
3353 5549 3606 5621 intelligit

2008 5649 2280 5704 pauperes
2311 5635 2599 5690 saeculares
2623 5677 2636 5702 ,
2684 5636 2740 5690 in
2785 5637 2980 5707 quibus
3003 5637 3261 5705 juvandis
3290 5636 3606 5708 qualitatem

2007 5721 2353 5788 facultatum,
2407 5729 2460 5778 et
2488 5723 2545 5779 in
2574 5723 2754 5780 dando
2783 5723 3094 5781 libertatem
3122 5724 3334 5780 servari
3365 5722 3602 5782 volebat.
