3940 6432
388 303 493 356 675
1225 298 1565 356 GUlGONIS
1604 301 1625 353 l
1664 298 2074 354 CARTHUSIE
2111 295 2404 353 MAIORIS
2444 297 2722 355 PRIORIS
2761 299 2826 354 V.
3585 302 3693 355 6'76

445 427 499 480 2.
534 421 740 477 Habeat
777 421 961 493 itaque
998 422 1209 476 Martha
1255 421 1529 476 laudabile
1576 422 1826 494 quidem,
1879 421 1976 476 sed
2018 428 2196 475 tamen
2225 436 2335 476 non
2365 421 2481 476 sine
2525 420 2888 478 sollicitudine
2935 429 2988 477 et
3033 423 3445 494 perturbatione
3491 422 3687 478 minis-

383 517 572 572 terium
592 559 606 585 ,
657 533 761 574 nec
807 534 1049 573 sororem
1083 518 1335 574 sollicitet
1365 518 1563 574 Christi
1593 518 1842 588 vestigiis
1879 517 2260 583 inhaerentem,
2307 525 2360 572 et
2389 517 2645 588 quoniam
2681 517 2798 587 ipse
2830 525 2912 572 est
2938 519 3083 573 Deus
3113 519 3354 576 vacando
3382 519 3684 583 videntem,

387 614 638 685 spiritum
696 632 850 669 suum
905 623 1257 686 scopentem,
1316 630 1582 686 suamque
1633 616 1935 670 orationem
1990 614 2046 668 in
2099 614 2276 668 sinum
2335 631 2492 669 suum
2549 622 2995 683 convertentem,
3055 624 3109 672 et
3164 616 3296 688 quid
3349 615 3453 671 sibi
3506 616 3563 670 in
3620 632 3686 671 se

378 709 628 780 loquatur
683 709 946 766 Dominus
978 710 1302 777 audientem,
1364 710 1553 782 sicque
1599 727 1666 766 ex
1693 711 1981 782 quantula,
2033 726 2133 781 per
2163 709 2444 780 speculum
2502 717 2556 766 et
2609 709 2666 765 in
2718 710 3010 782 aenigmate
3067 720 3218 782 parte
3246 719 3457 783 potest,
3515 727 3686 784 quam

381 813 464 862 est
521 806 702 864 suavis
728 815 1038 879 gustaan
1095 816 1146 863 et
1202 807 1504 876 videntem,
1563 816 1616 863 et
1671 816 1783 863 tam
1834 823 1934 879 pro
1991 806 2112 878 ipsa
2164 822 2326 878 quam
2377 822 2479 878 pro
2536 807 2745 863 cunctis
2799 806 2978 863 taliter
3020 808 3393 866 laborantibus
3442 824 3687 866 exoran-

380 909 512 956 tem.

449 1004 502 1054 3.
537 1000 695 1068 Quod
737 1001 783 1054 si
833 1000 1120 1056 sollicitare
1149 1016 1258 1056 non
1305 999 1532 1066 desinit,
1582 1000 1744 1055 habet
1773 999 1867 1054 illa
1896 1015 2004 1055 non
2035 1001 2213 1057 solum
2237 1001 2599 1072 justissimum
2625 1002 2897 1070 judicem,
2949 1001 3046 1057 sed
3091 1001 3254 1056 etiam
3302 1001 3684 1057 ﬁdelissimum

377 1096 716 1166 advocatum,
750 1097 926 1167 ipsum
956 1096 1208 1152 videlicet
1236 1097 1556 1162 Dominum,
1600 1095 1690 1166 qui
1718 1095 2059 1166 pr0positum
2087 1098 2204 1165 ejus
2234 1113 2342 1151 non
2364 1097 2536 1152 solum
2567 1096 2858 1152 defendere
2883 1141 2896 1163 ,
2946 1097 3044 1152 sed
3091 1097 3255 1151 etiam
3297 1098 3683 1153 commendare

379 1193 638 1265 dignatur
667 1193 856 1248 dicens
889 1207 902 1246 :
935 1194 1112 1248 Maria
1141 1195 1414 1264 Optimam
1435 1197 1659 1264 partem
1689 1193 1857 1264 elegit
1885 1209 2008 1265 qua:
2036 1211 2151 1249 non
2178 1197 2478 1263 auferetur
2499 1195 2564 1249 ab
2593 1210 2658 1249 ea
2689 1196 2842 1263 (Luc.
2865 1195 2953 1263 x).
2984 1193 3227 1248 Dicendo
3254 1196 3545 1266 Optimam,
3569 1209 3682 1248 non

380 1297 588 1345 tantum
636 1290 1072 1359 commendavit,
1123 1289 1221 1346 sed
1268 1297 1321 1345 et
1368 1289 1574 1346 sororis
1619 1288 1907 1344 laboriosis
1948 1289 2155 1344 actibus
2182 1289 2438 1360 praetulit.
2471 1290 2715 1344 Dicendo
2745 1306 2859 1345 non
2885 1292 3205 1361 auferetur,
3235 1289 3496 1359 defendit,
3529 1297 3580 1345 et
3610 1306 3682 1346 ne

378 1386 834 1444 sollicitudinibus
864 1387 982 1456 ejus
1010 1394 1063 1443 et
1092 1385 1610 1458 perturbationibus,
1643 1385 1934 1458 quamlibet
1963 1385 2090 1457 piis,
2120 1402 2243 1442 sese
2273 1386 2556 1455 insereret,
2590 1386 2892 1443 excusavit.

1761 1562 2336 1620 COMMENTARIUS.

379 1715 490 1772 Cur
516 1726 649 1772 vero
673 1728 830 1778 raro,
882 1711 935 1766 id
982 1719 1064 1767 est
1095 1720 1244 1767 extra
1274 1727 1528 1785 magnam
1567 1713 1968 1778 necessitatem,
1991 1719 2045 1777 Α
2076 1730 2174 1768 nes
2201 1729 2404 1785 augere
2437 1713 2642 1768 debuit.
2693 1713 2950 1786 Alioquin
2996 1728 3104 1771 non
3147 1713 3413 1785 potuisset
3457 1713 3671 1786 absque

380 1803 526 1874 apud
573 1817 674 1856 nos
719 1808 864 1856 tecto
913 1808 1042 1856 tunc
1071 1800 1522 1870 susciperentur?
1569 1801 1627 1854 Id
1655 1801 1970 1871 prudentis-

379 1891 515 1946 sime
544 1888 740 1954 ﬁebat,
772 1903 843 1942 ne
871 1887 999 1942 inde
1030 1889 1426 1943 attraherentur
1455 1889 1524 1943 ad
1555 1889 1694 1944 hanc
1726 1905 1971 1944 eremum

379 1993 681 2051 pauperum
711 1984 944 2031 caterva:
966 2017 980 2039 ,
1013 1991 1134 2045 qua:
1163 1975 1508 2030 solitudinem
1539 1984 1783 2030 nostram
1811 1976 1974 2031 inter-

379 2066 662 2122 turbarent
691 2070 744 2118 et
773 2071 936 2118 totam
965 2078 1084 2118 rem
1114 2062 1432 2117 familiarem
1459 2064 1815 2118 absorberent
1843 2107 1855 2129 ,
1904 2079 1974 2117 ne

383 2154 549 2210 etiam
595 2152 696 2206 sub
744 2159 1007 2221 prmtextu
1060 2151 1397 2221 paupertatis
1457 2151 1699 2207 venirent
1748 2151 1819 2206 ad
1873 2167 1974 2206 nos

381 2240 510 2311 vagi
553 2248 607 2294 et
635 2239 797 2294 otiosi
825 2238 1072 2294 homines
1093 2279 1107 2306 ,
1155 2238 1263 2294 imo
1311 2255 1419 2294 non
1450 2255 1570 2294 raro
1601 2239 1848 2305 scelesti,
1883 2238 1976 2309 qui

383 2327 691 2384 commissis
711 2326 1024 2382 enormibus
1043 2325 1380 2392 criminibus,
1401 2325 1564 2380 ﬁxum
1585 2342 1694 2380 non
1713 2327 1976 2380 audentes

384 2417 588 2471 habere
629 2414 962 2470 domicilium
986 2455 1001 2480 ,
1055 2415 1352 2484 assumptis
1397 2415 1809 2486 peregrinorum
1839 2414 1976 2468 insi-

383 2504 525 2575 gniis
568 2502 769 2573 ubique
817 2502 1145 2558 discurrunt.
1197 2504 1244 2556 Α
1290 2502 1453 2573 longe
1485 2502 1870 2572 praesentiebat
1896 2501 1979 2557 vir

387 2599 608 2646 sanctus
667 2589 814 2661 quod
860 2597 1052 2659 postea
1097 2589 1282 2644 domui
1325 2589 1448 2645 huic
1508 2588 1979 2644 irremediabiliter

383 2679 608 2746 accidit,
661 2693 761 2747 per
806 2692 1132 2732 concursum
1200 2677 1552 2749 omnigenum
1603 2677 1881 2732 hominum
1928 2683 1980 2730 et

383 2765 802 2838 peregrinorum
823 2805 840 2832 ,
873 2765 1069 2835 quibus
1100 2779 1198 2834 pro
1226 2779 1388 2834 posse
1418 2781 1605 2818 mensa
1627 2807 1640 2831 ,
1691 2772 1890 2820 tectum
1927 2771 1980 2818 et

384 2853 698 2925 pecuniaria
772 2852 1125 2922 eleemosyna
1182 2851 1582 2918 ministrantur,
1657 2860 1711 2907 et
1781 2851 1979 2922 quibus

388 2957 664 3012 nunquam
730 2939 1042 2995 sufﬁcerent
1097 2940 1304 2994 reditus
1357 2948 1414 2994 et
1459 2939 1766 2995 oeconomia
1820 2939 1981 3006 hujus

389 3029 584 3084 domus
606 3068 619 3094 ,
669 3027 774 3081 nisi
805 3042 866 3080 ea
897 3043 1018 3097 qua:
1050 3026 1411 3080 illustrissima
1450 3027 1721 3082 comitissa
1752 3026 1980 3096 provin-

398 3117 496 3172 cia:
525 3115 709 3170 domui
755 3113 879 3169 huic
925 3113 1148 3168 contulit
1190 3131 1220 3167 a
1266 3114 1457 3183 primis
1507 3115 1876 3184 temporibus,
1924 3113 1980 3168 in

387 3219 525 3272 ova,
566 3203 821 3273 butyrum
845 3243 858 3267 ,
891 3216 1141 3268 caseum,
1174 3201 1354 3271 pisces
1383 3209 1436 3256 et
1463 3202 1660 3256 similia
1707 3203 1981 3257 esculenta

388 3291 706 3360 impendere
736 3305 836 3360 per
865 3289 1344 3345 commutationem
1373 3305 1497 3345 cum
1527 3289 1719 3346 vicinis
1762 3289 1982 3346 rusticis

393 3378 600 3434 liceret.

463 3467 605 3522 Usus
635 3480 768 3537 ergo
817 3464 920 3518 iste
971 3465 1178 3519 sensim
1207 3465 1545 3520 introductus
1574 3473 1684 3534 est,
1717 3474 1770 3520 et
1797 3464 1982 3520 chari-

391 3561 528 3618 tate,
562 3553 716 3621 cujus
745 3552 956 3608 viscera
985 3569 1051 3607 ex
1078 3553 1438 3622 praesentibus
1470 3569 1730 3623 vagorum
1759 3553 1984 3607 istorum

387 3639 798 3696 necessitatibus
855 3640 969 3695 sive
1037 3640 1182 3695 veris
1238 3641 1353 3695 sive
1411 3639 1547 3696 fictis
1604 3641 1980 3709 movebantur,

386 3727 715 3799 impellente,
737 3727 953 3782 tandem
984 3727 1037 3780 in
1068 3728 1514 3783 consuetudinem
1547 3743 1742 3782 versus
1773 3736 1875 3793 est,
1910 3728 1984 3782 ita

386 3824 444 3870 ut
493 3831 558 3870 ex
597 3815 834 3886 quodam
865 3812 1050 3870 ﬁctitio
1075 3815 1196 3883 jure
1244 3815 1314 3869 ab
1344 3815 1852 3869 illa-consuetudine
1884 3831 1984 3870 ex-

388 3911 524 3968 orto,
548 3902 694 3958 velut
722 3902 777 3956 in
807 3901 1022 3956 axioma
1053 3901 1331 3972 publicum
1361 3903 1650 3973 aliquando
1685 3902 1980 3970 transierit,

392 3990 539 4062 quod
570 3989 766 4060 cuique
792 3989 1026 4043 liberum
1057 3998 1201 4044 esset
1229 3990 1296 4043 ad
1327 3991 1665 4044 Carthusiam
1695 3990 1899 4056 venire,
1933 3999 1988 4046 et

393 4078 468 4133 ibi
494 4093 595 4148 per
639 4085 750 4132 tres
799 4077 918 4132 dies
966 4078 1250 4132 continuos
1279 4077 1496 4148 hOSpitii
1548 4077 1815 4133 beneﬁcio
1856 4078 1981 4143 frui,

394 4173 653 4237 tanquam
699 4181 766 4220 ex
811 4163 1126 4219 fundatione
1176 4165 1373 4220 talibus
1421 4165 1725 4235 hospitibus
1782 4166 1982 4221 debito.

396 4253 538 4321 Quid
570 4252 696 4308 inde
724 4252 1132 4323 inquietudinis,
1155 4251 1358 4307 laboris
1388 4261 1440 4307 et
1461 4269 1817 4324 expensarum
1841 4255 1986 4325 (quae

394 4341 560 4412 longe
590 4340 784 4396 melius
832 4341 887 4394 in
925 4340 1179 4408 juvandis
1208 4341 1355 4396 veris
1381 4341 1714 4411 pauperibus
1744 4341 1986 4397 circum-

393 4429 586 4485 vicinis
607 4428 1074 4498 impenderentur)
1089 4428 1214 4483 huic
1236 4429 1419 4483 domui
1442 4429 1661 4498 Majoris
1682 4429 1985 4485 Carthusiaa
2013 4413 2060 4475 ο

395 4516 652 4583 evenerit,
685 4516 771 4572 vix
798 4524 978 4587 potest
1009 4516 1288 4586 explicari.
1341 4518 1408 4572 Ut
1437 4517 1580 4572 enim
1621 4526 1995 4588 paupertatem

398 4605 593 4661 melius
623 4603 850 4676 ﬁngant,
885 4619 992 4658 non
1027 4619 1149 4659 raro
1179 4604 1393 4660 calceos
1425 4613 1477 4659 et
1506 4604 1665 4659 tibias
1710 4605 1849 4660 inter
1895 4622 1995 4661 ve-

393 4709 522 4763 pres
554 4693 933 4757 abscondunt,
968 4691 1283 4763 priusquam
1313 4693 1380 4746 ad
1411 4693 1577 4747 limen
1609 4693 1802 4748 domus
1829 4709 1993 4749 acce-

396 4781 545 4846 dant,
601 4787 659 4834 ut
707 4779 974 4833 seminudi
1007 4787 1060 4834 et
1105 4779 1417 4836 discalceati
1446 4788 1794 4851 apparentes,
1828 4781 1993 4835 etiam

395 4867 615 4939 vigente
664 4866 902 4938 frigore,
959 4867 1223 4937 recipiant
1266 4868 1481 4923 calceos
1525 4877 1577 4924 et
1638 4868 1743 4922 alia
1799 4869 1994 4940 quibus

397 4963 670 5027 tegantur.
705 4954 840 5022 Quae
868 4954 1048 5025 lepide
1076 4955 1222 5010 dicta
1254 4955 1378 5022 sint,
1411 4963 1470 5010 ut
1500 4964 1834 5027 agnoscatur
1863 4972 1994 5026 qua-

399 5043 466 5097 lis
495 5043 564 5097 sit
590 5042 1005 5114 peregrinorum
1051 5050 1357 5097 nostrorum
1387 5043 1582 5098 astutia
1624 5051 1678 5098 et
1705 5043 1988 5098 industria.

406 5130 793 5185 Prmsentiebat
836 5130 938 5184 ista
967 5129 1053 5183 vir
1082 5139 1321 5196 sanctus,
1353 5132 1451 5186 sed
1480 5140 1757 5188 crescente
1787 5132 1990 5186 sensim

401 5218 595 5274 ordine
624 5226 677 5272 et
704 5218 866 5286 hujus
908 5217 1074 5272 eremi
1105 5217 1358 5288 Opinione
1387 5235 1488 5290 per
1517 5227 1687 5274 totum
1718 5220 1904 5274 orbem
1931 5236 1991 5276 se

400 5306 753 5378 divulgante,
808 5305 1144 5376 impossibile
1185 5305 1318 5372 fuit,
1369 5307 1647 5362 moraliter
1692 5307 1986 5378 loquendo,

399 5394 542 5449 hanc
589 5392 1016 5448 vicissitudinem
1047 5393 1310 5459 devitare,
1355 5410 1386 5447 a
1413 5409 1517 5465 qua
1545 5395 1709 5448 etiam
1738 5395 1991 5465 impossi-

399 5481 564 5536 bilius
593 5488 673 5534 est
698 5496 758 5535 se
805 5496 1045 5552 unquam
1071 5480 1325 5535 liberare.
1360 5481 1420 5536 Id
1451 5497 1579 5536 vero
1608 5497 1714 5536 una
1746 5499 1810 5537 ex
1841 5498 1989 5552 prae-

407 5567 582 5640 cipuis
613 5568 794 5624 causis
822 5567 953 5636 fuit,
1005 5584 1103 5624 cur
1129 5568 1323 5624 domus
1352 5569 1648 5624 Carthusiaz
1677 5570 1988 5640 possessio-

2085 1801 2367 1872 quaarendi
2399 1801 2578 1871 (quod
2607 1802 2938 1858 horrendum
2968 1809 3052 1857 est
3079 1803 3142 1858 Β.
3177 1803 3238 1856 Ρ.
3268 1801 3540 1875 Guigoni)
3580 1818 3680 1858 ne-

2084 1889 2336 1943 cessitate
2367 1888 2684 1944 subsistere.

2156 1975 2483 2046 Principium
2521 1977 2681 2044 hujus
2723 1977 2940 2047 capituli
2989 1993 3161 2048 usque
3209 1977 3285 2032 ad
3332 1976 3428 2031 illa
3483 1977 3676 2043 verba,

2081 2065 2369 2119 mittimus
2392 2065 2760 2135 hospitatum,
2779 2065 3004 2120 relatum
3026 2065 3252 2120 habetur
3270 2064 3477 2120 eisdem
3496 2065 3683 2120 verbis

2083 2167 2203 2221 cap.
2253 2155 2321 2209 26
2369 2151 2626 2207 secundae
2672 2160 2808 2222 part.
2859 2153 3030 2224 antiq.
3063 2159 3268 2218 statut.,
3299 2168 3356 2207 n.
3385 2156 3435 2206 1.
3467 2153 3676 2207 Caetera

2087 2254 2218 2294 vero
2272 2239 2326 2292 in
2371 2239 2595 2310 antiqua
2624 2247 2819 2294 statuta
2849 2254 2957 2295 non
2986 2239 3204 2296 fuerunt
3231 2239 3522 2308 transfusa,
3555 2241 3682 2311 quia

2085 2333 2409 2381 statutorum
2457 2327 2868 2382 condendorum
2918 2327 3113 2382 rationi
3167 2343 3278 2382 non
3331 2328 3678 2393 conveniunt,

2083 2428 2208 2468 cum
2230 2421 2435 2467 tantum
2455 2414 2765 2469 contineant
2781 2415 3020 2470 zelosam
3043 2415 3332 2487 quamdam
3351 2415 3576 2470 rationis
3597 2415 3685 2470 sui

2083 2500 2211 2556 facti
2241 2509 2294 2556 et
2321 2501 2447 2556 dicti
2479 2501 2877 2569 redditionem,
2911 2519 3076 2574 quam
3102 2511 3284 2559 tamen
3312 2502 3676 2559 indiscussam

2083 2604 2194 2643 non
2236 2589 2729 2659 praetermittemus.

2153 2675 2275 2730 Jam
2318 2676 2674 2746 probabiliter
2722 2677 2936 2747 prodire
2986 2685 3265 2748 coeperant
3307 2685 3553 2748 tempore
3609 2678 3675 2732 Β.

2083 2763 2260 2818 Patris
2334 2763 2604 2836 Guigonis
2661 2766 3058 2820 susurrationes
3113 2773 3166 2821 et
3233 2766 3679 2821 murmurationes

2083 2867 2273 2906 eorum
2303 2851 2394 2923 qui
2424 2851 2723 2906 institutum
2755 2861 3000 2908 nostrum
3030 2853 3219 2909 inutile
3248 2853 3378 2924 quid
3410 2853 3465 2907 in
3492 2853 3678 2908 Eccle-

2081 2939 2164 2992 sia
2195 2939 2294 2993 Dei
2325 2955 2446 2994 esse
2469 2939 2843 3006 blaterabant,
2889 2949 2942 2996 et
2988 2948 3175 2996 contra
3224 2949 3438 2996 nostros
3487 2941 3678 2996 solita-

2007 3067 2062 3128 B
2086 3026 2198 3081 rios
2229 3027 2669 3094 murmurabant,
2722 3028 2868 3098 quod
2890 3029 2994 3082 sibi
3023 3028 3156 3082 solis
3186 3043 3379 3084 vacare
3409 3027 3673 3093 volentes,

2083 3129 2243 3168 avara
2273 3115 2505 3184 quadam
2555 3115 2842 3171 sedulitate
2888 3115 3290 3171 advenientium
3338 3115 3678 3172 saecularium

2081 3201 2315 3271 (etiamsi
2363 3201 2524 3273 egeni
2572 3203 2777 3272 essent)
2835 3203 3021 3258 turbas
3078 3211 3336 3274 quantum
3388 3210 3614 3274 possent
3647 3218 3679 3257 a

2083 3305 2178 3344 sua
2225 3305 2410 3344 eremo
2466 3289 2815 3358 repellerent.
2858 3291 2987 3346 Haec
3023 3298 3076 3344 et
3114 3291 3310 3345 similia
3346 3307 3444 3361 per
3482 3290 3679 3361 vulgus

2082 3377 2406 3446 spargebant
2438 3376 2525 3430 isti
2556 3376 2838 3433 indiscreti
2874 3386 2966 3432 aut
3008 3377 3176 3433 invidi
3206 3378 3552 3433 aemulatores
3579 3396 3593 3444 ;
3625 3385 3679 3433 et

2082 3479 2152 3518 ne
2181 3479 2246 3518 ex
2276 3463 2495 3518 illorum
2534 3465 2742 3534 sparsis
2772 3465 3082 3520 rumoribus
3124 3465 3308 3536 pusilli
3336 3465 3675 3520 scandaliza-

2082 3559 2291 3616 rentur,
2324 3551 2562 3607 occurrit
2590 3551 2696 3605 illis
2727 3552 2789 3607 Β.
2823 3553 2882 3607 Ρ.
2917 3552 3124 3624 Guigo,
3154 3561 3208 3608 et
3254 3553 3494 3624 ingenuo
3523 3567 3678 3624 aeque

2083 3655 2147 3694 ac
2174 3639 2426 3709 prudenti
2459 3648 2510 3694 et
2539 3647 2695 3695 acuto
2725 3640 2994 3712 doctoque
3023 3639 3217 3708 modo,
3263 3655 3433 3696 vanas
3463 3640 3676 3696 illorum

2083 3727 2327 3781 rationes
2367 3726 2584 3782 refutat.

2153 3814 2321 3868 Num.
2364 3817 2414 3868 t.
2446 3816 2565 3870 Non
2595 3815 2748 3870 enim
2774 3819 3008 3888 propter
3036 3817 3357 3873 alienorum
3388 3820 3678 3888 tempora-

2087 3903 2196 3956 lem
2207 3919 2405 3957 curam
2423 3918 2740 3973 corporum,
2757 3911 2861 3958 etc.
2876 3905 2928 3958 si
2949 3905 3080 3976 plus
3099 3905 3545 3974 familiaritatis,
3570 3911 3679 3959 etc.

2084 3989 2184 4044 Hic
2212 3989 2373 4060 plene
2403 3990 2672 4045 convincit
2701 4006 2884 4046 errare
2913 4006 3009 4046 eos
3031 3991 3123 4062 qui
3177 3991 3390 4046 duritiae
3439 3991 3679 4062 imputa-

2085 4076 2213 4130 bant
2240 4077 2583 4132 sedulitatem
2611 4077 2759 4131 illam
2816 4079 3035 4135 arcendi
3065 4094 3098 4132 a
3125 4094 3225 4133 sua
3251 4094 3434 4134 eremo
3463 4078 3678 4133 mendi-

2084 4179 2180 4218 cos
2235 4172 2558 4231 extraneos;
2593 4173 2642 4220 et
2693 4165 2924 4236 explicat
2971 4183 3004 4220 a
3047 4174 3234 4221 nostro
3268 4167 3546 4238 pr0posito
3570 4182 3680 4222 non

2085 4267 2209 4306 esse
2239 4251 2500 4317 alienum,
2532 4269 2652 4308 cum
2705 4253 2794 4324 pia
2837 4252 3196 4308 femiliaritate
3249 4269 3347 4309 eos
3402 4254 3676 4324 excipere,

2087 4339 2178 4410 qui
2239 4355 2341 4411 pro
2388 4339 2658 4412 spirituali
2711 4340 2959 4412 profectu
3018 4342 3312 4413 quaerendo
3349 4342 3419 4397 ad
3449 4357 3551 4398 nos
3576 4358 3674 4398 ve-

2093 4427 2274 4482 niunt.

2162 4515 2324 4570 Num.
2358 4519 2412 4572 2.
2446 4517 2651 4572 Habeat
2680 4518 2868 4590 itaque
2906 4517 3145 4572 Martha.
3187 4518 3286 4573 Hic
3315 4517 3403 4588 pie
3433 4517 3594 4572 simul
3622 4522 3680 4574 et

2091 4603 2253 4658 docte
2283 4603 2516 4658 occurrit
2543 4605 2878 4675 argumentis
2907 4620 3090 4660 eorum
3128 4605 3219 4677 qui
3248 4605 3416 4661 vitam
3446 4606 3682 4661 Carthu-

2088 4691 2299 4745 sianam
2326 4691 2588 4762 impetere
2623 4693 2828 4760 volunt,
2859 4702 2912 4748 et
2941 4693 3010 4748 de
3030 4693 3314 4748 inutilitate
3343 4704 3436 4749 aut
3486 4695 3683 4750 otiosi-

2093 4787 2203 4834 tate
2233 4787 2485 4850 arguunt.
2521 4781 2577 4835 Si
2606 4789 2786 4836 autem
2826 4781 2956 4835 tanti
2977 4781 3076 4836 viri
3123 4782 3557 4837 ineluctabilibus
3587 4799 3682 4837 ra-

2094 4866 2331 4921 tionibus
2360 4867 2563 4923 addere
2589 4869 2794 4940 aliquid
2819 4869 2978 4924 nobis
3006 4869 3187 4934 liceat,
3217 4871 3334 4925 haec
3380 4871 3626 4925 dicemus
3664 4885 3678 4924 :

2095 4955 2254 5009 Certe
2285 4955 2503 5025 quando
2533 4957 2729 5028 aliquis
2785 4957 3135 5013 concionator
3177 4957 3316 5012 intra
3374 4958 3554 5012 scrinii
3585 4974 3680 5014 se-

2094 5050 2304 5098 cretum
2333 5059 2391 5097 se
2423 5044 2630 5115 recipit,
2665 5053 2723 5099 ut
2777 5045 2851 5099 ibi
2907 5045 3298 5116 componendis
3327 5045 3680 5101 concionibus

2093 5141 2268 5201 vacet,
2304 5147 2465 5188 nemo
2511 5141 2594 5187 est
2623 5133 2714 5204 qui
2741 5140 2852 5186 tam
2906 5132 3023 5187 utili
3081 5133 3236 5204 operi
3283 5133 3683 5189 incumbentem

2093 5220 2160 5275 de
2190 5221 2471 5276 inutilitate
2500 5229 2716 5293 arguat.
2763 5221 2846 5274 Ad
2877 5221 2980 5275 hoc
3009 5220 3153 5275 enim
3183 5228 3392 5275 tantum
3422 5221 3493 5276 ab
3548 5235 3685 5276 ocu-

2091 5309 2158 5362 lis
2189 5318 2242 5364 et
2271 5325 2304 5365 a
2332 5309 2606 5365 consortio
2641 5308 2918 5363 hominum
2965 5324 3025 5362 se
3053 5308 3295 5374 retrahit,
3331 5316 3387 5362 ut
3416 5315 3688 5379 praeparet

2092 5397 2235 5451 unde
2277 5396 2450 5467 possit
2492 5396 2671 5451 verbis
2699 5395 3016 5465 compositis
3065 5396 3322 5451 veritates
3350 5396 3685 5459 Christianas

2091 5484 2198 5538 illis
2226 5499 2514 5554 exponere,
2548 5493 2600 5539 et
2627 5484 2696 5537 ad
2727 5499 2898 5554 regno
2926 5483 3186 5538 caelorum
3221 5483 3329 5537 vim
3378 5483 3686 5539 faciendam

2090 5569 2337 5627 incitare.
2389 5571 2512 5638 Quo
2550 5579 2732 5626 autem
2772 5570 3025 5626 veritates
3073 5571 3143 5626 ab
3192 5571 3284 5626 illo
3321 5571 3688 5642 praedicanda:
