3940 6406
223 259 332 311 6'7'7
1574 267 2176 329 CONSUETUDINES.
3425 298 3529 352 6'78

302 383 353 436 6.
387 383 540 454 Ergo
567 398 672 456 ego
701 369 894 440 relicta
920 385 1057 441 cella
1087 403 1230 454 mea,
1263 388 1500 445 claustro
1529 407 1672 457 meo,
1706 400 1758 448 et
1789 395 1917 465 quid
1945 399 2328 466 proposuerim
2359 401 2578 470 oblitus,
2599 416 2822 478 propter
2849 427 3156 486 gyrovagos
3185 433 3523 494 gyrovagus,

225 487 452 548 propter
478 479 814 549 paltonarios
850 481 1205 552 paltonarius,
1241 492 1293 540 et
1322 493 1546 556 propter
1592 489 1967 559 suscipiendos
2014 495 2432 568 pascendosque
2481 503 2772 560 saeculares
2819 479 3022 565 efficiar
3056 479 3351 572 saecularis
3370 479 3528 587 ?vllli;

220 573 302 627 illi
347 573 451 644 ipsi
501 583 626 629 eant
671 577 850 646 potius
878 585 936 631 ut
966 587 1269 649 coeperunt,
1300 582 1672 654 mundumque
1717 585 2067 655 circumeant,
2103 607 2170 645 ne
2202 592 2248 645 si
2276 601 2330 648 et
2359 611 2462 665 ego
2493 597 2629 666 iero,
2659 601 2901 672 ipsorum
2929 607 2997 662 de
3029 625 3116 665 me
3165 573 3530 674 numerositas

222 678 512 741 augeatur.
562 675 668 726 Aut
697 672 742 726 si
772 683 967 744 urgent
993 675 1209 746 penitus
1237 686 1294 731 ut
1323 694 1440 732 eam
1472 695 1598 752 ego,
1633 690 1849 739 cessent
1894 685 2015 756 ipsi,
2058 687 2369 762 faciantque
2417 696 2564 764 quod
2608 712 2713 770 ego
2760 699 2919 770 facio,
2952 712 3010 758 ut
3052 708 3248 766 merito
3297 672 3527 786 religio;

219 783 408 824 sorum
435 768 626 825 labore
655 781 948 841 pascantur
977 781 1137 845 atque
1165 776 1430 845 periculo.

295 867 349 920 5.
384 865 484 921 Hic
531 865 762 922 fortasse
808 867 1005 923 dixerit
1050 870 1362 942 quispiam:
1399 871 1542 940 Quid
1598 890 1728 946 ergo
1774 875 1842 931 de
1883 878 1968 932 his
2011 897 2130 951 quae
2177 884 2332 940 vobis
2381 901 2640 959 superant
2689 893 2908 951 facitis?
2951 898 3053 967 Qui
3105 905 3374 964 mordenti
3417 911 3522 970 hoc

218 961 414 1033 quaerit
450 963 650 1032 animo,
681 965 862 1020 audiat
890 967 971 1021 sui
1002 983 1060 1022 se
1089 969 1270 1038 potius
1318 971 1547 1039 trabem,
1581 988 1740 1043 quam
1790 973 1950 1028 alieni
1993 978 2136 1032 oculi
2184 995 2377 1038 curare
2427 985 2628 1044 debere
2674 989 2956 1049 festucam.
2991 997 3096 1066 Qui
3123 1011 3300 1059 autem
3349 1009 3521 1065 amica

217 1058 327 1114 hoc
356 1059 538 1114 dicunt
567 1061 860 1127 voluntate,
897 1064 1142 1118 noverint
1170 1065 1450 1121 abundare
1501 1076 1721 1123 sanctos
1765 1069 1914 1125 viros
1953 1073 2036 1127 vel
2086 1073 2562 1151 congregationes,
2615 1103 2846 1158 quorum
2895 1093 3090 1165 inopia:
3131 1101 3296 1156 multo
3341 1105 3518 1176 magis

218 1172 385 1226 quam
406 1157 748 1213 saecularium
764 1161 998 1230 compati
1021 1162 1340 1231 debeamus,
1365 1166 1665 1221 secundum
1694 1165 1825 1221 illud
1846 1169 2091 1239 Apostoli
2115 1189 2128 1226 :
2157 1173 2461 1245 Operemur
2490 1157 2694 1240 bonum
2724 1185 2798 1240 ad
2817 1157 3029 1262 omnes,

3053 1199 3306 1256 maxime
3325 1207 3518 1262 autem

219 1252 296 1308 ad
326 1253 658 1310 domesticos
687 1255 819 1324 ﬁdei
848 1257 1055 1326 (Galat.
1089 1260 1188 1329 Vl).

1568 1411 2118 1474 COMMENTARIUS
2131 1460 2144 1473 .

221 1550 571 1608 sublimiores
615 1559 760 1620 sunt,
805 1561 860 1609 et
895 1553 964 1667 ad
1003 1554 1294 1667 v‘oluntatis
1325 1557 1525 1667 Ehristi
1573 1561 1821 1631 proposi-
1847 1567 2124 1626 Anostrae
2172 1573 2530 1642 professionis
2577 1584 2787 1654 munia,
2828 1588 3043 1648 obicem
3069 1611 3334 1667 ponamus
3373 1607 3515 1665 ordi-

221 1646 332 1667 1η...-
394 1647 441 1667 Α.
495 1641 894 1667 Αυηηιι..οὲΑ-ι....
952 1643 1030 1667 ..-Σ
1059 1643 1140 1667 ε---
1187 1652 1232 1667 ,Α
1296 1662 1314 1667 Α
1363 1648 1560 1667 μ---2μ--
1601 1663 1646 1667 Α-
1676 1649 1756 1667 κομ
1997 1655 2027 1667 ,ο
2109 1657 2120 1667 .
2173 1659 2204 1667 ..
2250 1661 2260 1667 .

217 1646 336 1694 tum
391 1647 444 1694 et
492 1641 896 1697 exsecutionem
928 1641 1142 1698 facilius
1183 1652 1236 1700 et
1291 1646 1564 1702 efﬁcacius
1591 1649 1818 1718 capien-

215 1727 348 1781 dum
377 1735 540 1798 atque
567 1728 622 1782 in
671 1730 951 1800 synopsim
1007 1731 1169 1786 veluti
1228 1733 1586 1806 redigendum
1641 1738 1820 1809 magis

211 1813 544 1884 conducunt,
577 1831 644 1870 eo
674 1816 847 1886 pluris
874 1817 1120 1874 laborem
1141 1827 1193 1874 et
1221 1821 1643 1892 applicationem
1663 1824 1819 1879 istius

208 1901 431 1956 latentis
451 1911 503 1957 et
529 1904 600 1958 ab
629 1904 938 1960 hominibus
967 1907 1203 1978 separati
1232 1909 1632 1966 concionatoris
1664 1913 1817 1968 aesti-

211 1990 475 2045 mandum
531 2007 654 2046 esse
709 2008 872 2048 nemo
920 2003 1021 2061 est,
1081 1996 1174 2067 qui
1229 1995 1442 2052 inﬁcias
1491 2006 1598 2053 eat.
1647 2001 1817 2056 Porro

208 2078 465 2134 omnibus
493 2076 842 2150 perspicuum
871 2090 954 2136 est
976 2083 1417 2152 praedicationem
1469 2103 1592 2157 quae
1635 2087 1692 2142 fit
1719 2104 1818 2158 per

211 2166 485 2237 exempla,
529 2166 693 2238 longe
736 2169 1054 2239 praecellere
1083 2170 1178 2226 illa
1227 2189 1348 2244 quae
1381 2172 1436 2229 fit
1465 2182 1668 2230 tantum
1715 2193 1816 2247 per

211 2254 404 2310 verba.

281 2342 380 2398 His
409 2358 545 2416 ergo
584 2359 652 2398 ex
689 2344 932 2400 omnium
971 2346 1320 2404 cordatorum
1348 2365 1618 2406 consensu
1648 2359 1699 2408 et
1729 2368 1820 2409 ne-

207 2430 358 2487 mine
385 2431 729 2502 discrepante
758 2433 1014 2495 admissis
1045 2442 1098 2489 et
1127 2437 1336 2506 positis,
1370 2437 1530 2494 facile
1560 2447 1644 2494 est
1691 2457 1812 2511 pro-

211 2520 346 2574 bare
375 2520 530 2588 cujus
558 2520 802 2575 utilitatis
835 2521 901 2576 sit
931 2522 988 2576 in
1028 2523 1277 2580 Ecclesia
1316 2527 1416 2581 Dei
1469 2527 1646 2582 bonus
1676 2529 1810 2583 Car-

209 2607 510 2675 thusianus,
538 2616 592 2664 et
622 2609 858 2664 studium
886 2610 1032 2666 illius
1063 2628 1226 2682 posse
1274 2629 1396 2668 cum
1435 2616 1612 2671 studio
1659 2617 1809 2674 cele-

209 2698 456 2754 briorum
483 2699 928 2755 concionatorum
959 2702 1153 2757 merito
1182 2704 1510 2774 comparari.

217 2842 222 2847 _
281 2785 340 2840 Si
367 2785 505 2841 intra
553 2785 853 2842 claustrum
894 2789 1098 2844 residet
1127 2797 1180 2844 et
1212 2791 1267 2845 in
1296 2792 1440 2846 cella
1469 2793 1615 2862 latet,
1667 2795 1722 2849 id
1753 2794 1812 2850 fit

210 2874 280 2930 ad
301 2874 737 2945 componendam
756 2876 1050 2946 pretiosam
1070 2878 1390 2934 concionem
1413 2882 1668 2952 exempli,
1699 2899 1809 2938 non

211 2979 334 3034 quae
362 2979 459 3033 per
487 2962 679 3016 horam
708 2971 912 3018 tantum
962 2965 1142 3032 duret,
1176 2975 1338 3036 prout
1365 2968 1528 3024 durat
1556 2985 1806 3025 commu—

210 3050 354 3104 niter
373 3049 687 3120 praedicatio
714 3067 814 3121 per
843 3052 1028 3119 verba,
1063 3054 1160 3108 sed
1205 3071 1324 3124 quae
1353 3072 1451 3126 per
1491 3057 1609 3111 dies
1665 3058 1808 3112 inte-

209 3151 359 3206 gros,
393 3153 492 3208 per
520 3153 758 3204 menses,
801 3155 901 3209 per
951 3155 1142 3207 annos,
1202 3142 1311 3197 imo
1358 3160 1456 3213 per
1487 3153 1655 3200 totum
1686 3146 1808 3201 vitae

215 3225 574 3293 curriculum,
607 3226 755 3281 illam
779 3229 1154 3298 componentis
1187 3237 1239 3285 et
1279 3232 1644 3300 pradicantis,
1675 3250 1808 3304 per-

211 3312 391 3368 duret.

282 3401 512 3457 Materia
565 3401 708 3456 illius
754 3403 1032 3459 concionis
1086 3413 1170 3460 est
1225 3407 1466 3462 omnium
1522 3410 1808 3465 veritatum

209 3488 640 3544 Christianarum
697 3491 854 3562 quasi
900 3493 1171 3563 synOpsis,
1229 3503 1283 3550 et
1311 3495 1454 3552 inter
1502 3498 1809 3568 praecipuas

203 3577 470 3648 praeticas
501 3577 678 3648 prima
712 3592 724 3632 :
757 3594 884 3633 nam
929 3579 997 3634 de
1027 3581 1270 3651 perfecta
1330 3583 1412 3638 sui
1443 3584 1809 3658 abnegatione

205 3665 280 3719 ibi
311 3665 509 3737 agitur,
544 3673 598 3719 et
627 3666 695 3720 ad
724 3681 844 3720 eam
883 3668 1133 3722 omnibus
1162 3669 1500 3738 Christianis,
1532 3689 1632 3743 per
1659 3674 1810 3730 illam

211 3753 445 3823 exempli
473 3753 813 3824 concionem,
853 3755 943 3811 via
989 3765 1215 3826 paratur
1259 3766 1312 3814 et
1354 3759 1564 3816 facilior
1619 3762 1810 3817 reddi-

209 3848 310 3896 tur.
353 3841 626 3912 Operibus
659 3842 802 3897 enim
823 3843 1041 3899 exhibet
1069 3845 1202 3900 nihil
1249 3863 1373 3902 esse
1403 3848 1545 3904 inter
1585 3866 1674 3905 res
1704 3852 1809 3905 hu-

209 3943 423 3995 manas,
457 3929 620 3984 etiam
675 3929 798 3986 illas
854 3947 1080 4002 quarum
1128 3934 1380 3990 homines
1437 3937 1663 3992 credunt
1721 3939 1809 3994 vix

209 4032 450 4089 unquam
478 4017 838 4088 privationem
875 4019 1007 4074 ferri
1036 4036 1218 4091 posse,
1282 4024 1424 4094 quod
1481 4040 1591 4080 non
1637 4027 1811 4095 possit

212 4121 500 4176 generosae
529 4106 876 4178 abnegationi
905 4116 1130 4178 propter
1159 4111 1332 4165 Deum
1372 4120 1638 4183 suscepta
1670 4129 1807 4169 con-

205 4192 412 4264 jugari,
436 4193 626 4264 sicque
651 4193 856 4249 fortiter
890 4202 942 4250 et
972 4197 1212 4253 suaviter
1241 4199 1436 4255 suadet
1475 4201 1598 4256 talis
1627 4217 1806 4257 sermo

212 4280 469 4351 exempli,
502 4283 918 4338 renuntiandum
947 4300 1070 4340 esse
1097 4286 1514 4360 quibuscumque
1563 4290 1726 4346 rebus
1757 4299 1810 4347 et

209 4368 452 4439 seipsum
481 4369 722 4440 perfecte
747 4371 1152 4444 abnegandum,
1175 4375 1246 4430 ad
1298 4377 1572 4432 Christum
1604 4378 1808 4451 ubique

213 4457 574 4528 sequendum.

279 4546 452 4601 Porro
495 4545 637 4600 tallis
682 4547 876 4604 concio
926 4556 1001 4605 tot
1031 4549 1191 4606 habet
1220 4551 1460 4609 rationes
1491 4555 1560 4608 ad
1588 4571 1808 4625 persua-

209 4632 450 4689 dendum
496 4634 808 4690 hominibus
869 4637 1105 4692 studium
1153 4640 1446 4697 obediendi
1492 4642 1708 4698 Christo
1757 4651 1810 4698 et

211 4721 481 4792 sequendi
525 4721 698 4788 illum,
756 4723 1080 4796 abnegando
1128 4726 1389 4797 seipsum,
1424 4737 1553 4801 quot
1583 4730 1808 4787 concio-

211 4817 372 4865 nator
398 4817 550 4864 actus
581 4826 694 4865 suae
731 4812 1092 4882 professionis
1139 4814 1264 4870 facit
1290 4835 1304 4882 ;
1335 4833 1433 4887 per
1462 4834 1599 4890 quos
1628 4819 1808 4874 omni-

209 4897 310 4952 bus
339 4897 650 4952 hominibus
677 4899 1008 4955 demonstrat
1045 4903 1224 4958 omnia
1258 4920 1381 4960 esse
1415 4906 1696 4976 possibilia
1725 4907 1809 4962 his

209 4985 302 5056 qui
331 4986 530 5040 Christi
558 5002 749 5043 vocem
779 4989 970 5044 audire
1002 4990 1206 5058 volunt,
1240 4999 1292 5047 et
1307 4993 1456 5047 illum
1489 4995 1662 5066 sequi.

279 5074 434 5129 Absit
463 5082 645 5129 autem
674 5091 704 5129 a
733 5092 841 5144 me,
873 5077 1033 5134 amici
1063 5086 1118 5133 et
1155 5079 1348 5136 fratres
1378 5081 1433 5135 in
1481 5082 1697 5138 Christo
1727 5083 1810 5139 di-

208 5161 515 5229 lectissimi,
549 5171 607 5217 ut
636 5163 761 5219 inde
792 5165 862 5219 ad
891 5165 1129 5237 aliquam
1159 5169 1327 5224 vestri
1356 5169 1555 5225 bonam
1600 5171 1810 5241 Opinio-

208 5266 333 5306 nem
362 5251 527 5306 velim
585 5267 682 5307 vos
739 5268 1065 5324 provocare,
1117 5257 1214 5310 sed
1244 5257 1298 5311 id
1342 5266 1544 5312 tantum
1581 5259 1809 5314 dicimus

206 5347 261 5393 ut
281 5338 694 5395 convenientem
740 5340 808 5396 de
837 5349 1024 5398 nostro
1074 5342 1316 5400 instituto
1364 5345 1675 5415 Opinionem
1705 5348 1808 5402 ha-

208 5428 452 5496 beamus,
486 5425 640 5492 illud,
670 5436 848 5498 utpar
875 5438 975 5494 est,
1009 5431 1342 5487 aestimemus
1371 5441 1424 5488 et
1453 5434 1809 5500 honoremus,

203 5525 254 5572 et
293 5515 424 5571 inde
472 5513 637 5570 etiam
693 5524 942 5573 sanctum
991 5518 1240 5574 timorem
1313 5521 1683 5592 concipiamus
1740 5539 1809 5580 ne

1919 1655 2123 1712 nationi
2153 1659 2368 1731 divinae,
2403 1683 2525 1736 quae
2553 1679 2800 1728 nostrum
2829 1655 3130 1739 institutum
3145 1691 3293 1745 nasci
3323 1695 3510 1767 voluit,

1919 1748 2333 1846 eo‘proposito,.
2356 1761 2413 1807 ut
2441 1756 2547 1810 vita
2578 1768 2766 1816 nostra
2821 1780 2851 1818 a
2883 1771 3084 1826 mundo
3112 1786 3358 1846 separata
3402 1748 3513 1840 etut;

1919 1831 2083 1888 rebus
2114 1835 2366 1892 humanis
2404 1841 2674 1901 abstracta
2703 1860 2848 1906 esset
2875 1831 3189 1924 praedicatio
3235 1831 3508 1939 continua:

1919 1922 2304 2020 quae‘homines
2324 1926 2691 1990 indesinenter
2718 1922 2972 1998 continuo
2996 1951 3244 2020 exemplo
3273 1922 3511 2014 instrue:

2026 2009 2094 2064 de
2125 2015 2447 2072 necessitate
2475 2020 2785 2094 abnegandi
2805 2029 3063 2101 seipsum,
3100 2009 3169 2091 et.
3185 2009 3427 2100 suaviter
3444 2049 3512 2104 ad

1917 2094 2062 2152 illius
2091 2099 2470 2190 abnegationis
2500 2111 2713 2178 praxim
2745 2094 3012 2174 alliceret.
3052 2094 3158 2179 Sed
3188 2094 3512 2190 si

1916 2191 2028 2280 stra
2058 2189 2273 2280 propria
2304 2192 2467 2260 salus,
2503 2205 2614 2251 tum
2658 2202 2858 2258 utilitas
2913 2209 3121 2266 ordinis
3162 2213 3218 2268 in
3265 2189 3513 2280 Ecclesia

1915 2272 2045 2372 Dei,
2068 2274 2122 2372 in
2153 2277 2517 2372 abnegatione
2575 2287 2658 2341 sui
2694 2289 2866 2360 ipsius
2905 2295 3010 2351 sint
3050 2272 3511 2372 fundatavaltera

1915 2361 2128 2460 peribit,
2163 2373 2217 2462 et
2245 2367 2432 2465 altera
2448 2373 2518 2426 ad
2549 2375 2773 2432 nihilum
2803 2382 3023 2455 valebit,
3076 2389 3121 2443 si
3159 2407 3188 2444 a
3233 2361 3508 2465 spiritu-et

1913 2450 2068 2518 praxi
2101 2451 2256 2508 istius
2284 2458 2550 2524 pretiosae
2576 2463 2952 2538 abnegationis
2982 2450 3338 2537 declinemus.

1978 2538 2075 2645 Illis
2119 2542 2338 2637 tandem
2381 2549 2566 2616 paucis
2595 2553 2777 2608 verbis
2825 2574 2941 2614 rem
2983 2561 3139 2619 istam
3170 2572 3502 2645 perstringo.

1914 2624 2084 2723 Valde
2112 2628 2258 2727 utilis
2306 2641 2389 2688 est
2433 2635 2695 2733 Ecclesiae
2740 2643 2839 2699 Dei
2870 2646 3045 2704 bonus
3093 2624 3501 2733 οεὶιιλυεῑέιῖιῗιέξ

1911 2713 2006 2783 qui
2033 2717 2183 2785 praxi
2214 2734 2362 2776 verte
2408 2723 2785 2798 abnegationis
2817 2735 2898 2788 sui
2931 2736 3102 2806 ipsius
3135 2745 3375 2803 studiose
3403 2713 3503 2804 va:

1911 2811 2016 2866 cat,
2043 2811 2094 2857 et
2121 2805 2270 2860 illam
2302 2808 2422 2864 aliis
2443 2827 2542 2881 per
2571 2819 2878 2888 exemplum
2909 2805 3224 2897 annuntiat;
3272 2837 3503 2894 modica

1838 2913 1890 2974 B
1912 2890 2155 2946 utilitatis
2187 2903 2288 2961 est,
2320 2898 2410 2968 qui
2439 2899 2492 2952 in
2542 2902 2642 2958 hac
2672 2909 3055 2971 exercitatione
3083 2890 3312 2977 remisse
3340 2925 3452 2996 agit
3484 2944 3498 2982 :

1914 2979 2012 3082 sed
2043 2980 2242 3080 nullius
2271 2985 2514 3082 utilitatis
2573 2991 2722 3047 illum
2752 3012 2874 3052 esse
2927 3006 3236 3074 pronuntio,
3297 2979 3406 3082 qu?
3447 2979 3501 3070 in

1912 3066 2013 3122 hac
2057 3071 2441 3129 exercitatione
2483 3093 2707 3146 prorsus
2736 3066 3044 3144 desidiosus
3074 3102 3174 3163 est,
3225 3066 3352 3168 quia
3399 3117 3502 3158 nec

1912 3155 2027 3209 Deo
2056 3167 2265 3226 gratus,
2289 3176 2391 3216 nec
2420 3163 2541 3218 aliis
2571 3169 2714 3222 utilis
2741 3187 2864 3228 esse
2893 3184 3087 3246 potest,
3122 3155 3261 3238 cum.
3275 3202 3375 3243 nec
3399 3191 3502 3246 sibi

1910 3242 2057 3297 utilis
2097 3244 2183 3299 sit.
2231 3250 2483 3305 Attamen
2517 3255 2619 3309 etsi
2647 3242 2909 3329 corporis
2938 3242 3146 3323 ordinis
3199 3275 3502 3334 membrum

1911 3330 1979 3435 sit
2004 3331 2311 3390 desidiosus
2337 3337 2429 3393 ille
2476 3348 2528 3394 et
2574 3342 2778 3401 inutilis
2825 3355 3143 3422 monachus,
3187 3375 3296 3416 non
3323 3330 3503 3435 impe:

1911 3417 1987 3514 dit
2022 3423 2330 3515 quominus
2380 3431 2718 3498 propositum
2768 3437 2868 3491 Dei
2924 3439 2979 3494 in
3022 3447 3270 3515 corporis
3297 3417 3504 3509 ordinis

1910 3505 2242 3566 institutione
2274 3512 2524 3570 effectum
2545 3533 2704 3574 suum
2731 3523 2946 3594 habeat,
2981 3505 3230 3589 nametsi
3259 3505 3506 3598 membra

1912 3596 2156 3698 quaedam
2185 3599 2409 3698 “debilia
2437 3605 2573 3660 ordo
2602 3608 2818 3680 habeat,
2854 3622 2942 3668 aut
2971 3633 3080 3672 non
3112 3636 3266 3691 sana,
3300 3596 3499 3698 corpus

1911 3682 2056 3737 illius
2086 3685 2434 3745 nihilominus
2463 3693 2595 3749 vivit
2624 3711 2689 3752 ac
2713 3698 2880 3772 viget,
2911 3711 2963 3758 et
2991 3682 3350 3768 communitas
3381 3682 3506 3772 Car-

1911 3771 2161 3829 thusiana
2205 3777 2471 3836 Ecclesiae
2517 3790 2570 3838 et
2599 3771 2788 3842 oculis,
2819 3789 3098 3849 hominum
3161 3811 3391 3871 apparet
3442 3771 3502 3861 ut

1911 3873 2127 3931 corpus,
2159 3880 2268 3919 non
2306 3875 2362 3920 ut
2391 3871 2715 3931 membrum.

1981 3949 2143 4052 Itium.
2164 3955 2215 4052 4..
2241 3955 2383 4052 Ergg
2413 3974 2510 4052 ego
2531 3963 2736 4019 relicta
2751 3968 2897 4023 cella
2924 3987 3070 4036 mea,
3107 3982 3245 4043 etc.,
3274 3986 3506 4052 prapter

1907 4037 2283 4133 pallonarios.
2338 4045 2574 4134 Verbum
2608 4049 2750 4106 istud
2795 4057 3109 4124 paltonarii
3146 4037 3507 4134 quorumdam

1911 4125 2120 4226 animos
2167 4143 2276 4183 non
2331 4133 2544 4190 modice
2595 4137 2942 4199 discruciavit
2987 4149 3058 4202 ad
3135 4125 3505 4226 detegendum

1911 4213 2041 4314 quid
2061 4214 2174 4314 sibi.
2194 4217 2364 4314 vellet.
2375 4237 2476 4290 per
2501 4223 2607 4280 hoc
2629 4228 2857 4284 verbum
2887 4233 2951 4288 R.
2988 4235 3144 4292 Pater
3171 4213 3369 4314 Guiygo.
3395 4213 3504 4302 Sed

1909 4300 2037 4356 talia
2067 4304 2228 4359 verba
2256 4307 2432 4376 potius
2471 4317 2826 4383 temporanea
2855 4329 2978 4375 sunt
3015 4341 3176 4395 quam
3207 4300 3394 4387 Latina

1909 4405 1975 4445 ex
2006 4393 2331 4462 cognomine
2361 4405 2508 4453 certo
2532 4400 2805 4459 hominum
2824 4411 3013 4477 generi
3034 4393 3201 4484 vago,
3227 4418 3403 4475 otioso
3424 4422 3504 4476 si-

1907 4479 2040 4545 mul,
2075 4487 2128 4535 et
2156 4480 2295 4537 forte
2326 4485 2426 4538 sub
2464 4487 2646 4560 aliquo
2692 4493 2906 4562 pietatis
2957 4479 3220 4568 prete'xtu
3275 4509 3494 4564 mendi-

1908 4568 2049 4623 canti
2077 4569 2331 4640 imposito
2378 4583 2557 4631 ortum
2612 4579 2820 4650 habuit,
2869 4601 2933 4639 ex
2990 4589 3202 4661 vulgari
3235 4593 3496 4654 idiomate

1909 4658 2167 4726 temporis
2197 4659 2338 4715 illius
2379 4663 2615 4733 primum
2661 4681 2960 4742 assumpto,
2993 4684 3045 4730 et
3090 4658 3286 4748 postea
3317 4683 3501 4742 Latine

1909 4759 2187 4815 expresso.
2249 4750 2506 4818 Ejusdem
2563 4763 2710 4812 certe
2753 4761 2954 4829 speciei
3011 4780 3134 4821 esse
3163 4770 3501 4829 credendum

1909 4840 1992 4886 est
2013 4848 2137 4888 cum
2166 4838 2335 4894 verbo
2357 4841 2652 4912 Hugonotz',
2685 4862 2791 4917 quo
2811 4847 2868 4903 in
2896 4850 3077 4908 Gallia
3097 4855 3402 4916 Calvinistaa
3423 4861 3499 4917 in-

1911 4919 2226 4993 digitantur.

1979 5011 2188 5107 Habent
2225 5015 2314 5107 hic
2375 5017 2502 5072 boni
2565 5020 2818 5080 ofﬁciales
2856 5027 3198 5088 Carthusiani
3235 5035 3366 5107 quid
3408 5055 3499 5096 re-

1907 5099 2216 5200 spondeant
2242 5102 2567 5175 importunis
2596 5117 2648 5165 et
2676 5111 2986 5171 indiscretis
3008 5099 3375 5193 saecularibus,
3409 5129 3501 5200 qui

1908 5187 2198 5281 crederent
2245 5194 2429 5248 omnia
2475 5199 2696 5267 negotia
2725 5201 2796 5256 ab
2825 5202 2959 5273 ipsis
3006 5222 3129 5264 esse
3171 5187 3499 5281 deserenda,

1908 5278 1966 5324 ut
1997 5272 2280 5344 colloquiis
2309 5281 2601 5347 superlluis
2622 5298 2806 5339 secum
2838 5272 3112 5357 vacarent,
3147 5309 3367 5351 mensas
3398 5272 3502 5354 sibi

1908 5357 1961 5412 in
1991 5359 2241 5416 domibus
2261 5365 2458 5420 nostris
2475 5371 2905 5440 semperdebere
2922 5375 3127 5445 offerri,
3153 5389 3203 5436 et
3225 5385 3505 5442 saecularia

1908 5444 2085 5544 officia
2110 5449 2282 5504 reddi.
2304 5453 2402 5544 At}
2428 5461 2661 5544 propter
2697 5461 3506 5544 suscipiendorpascendosque

1911 5536 2231 5602 :ceculares,
2266 5539 2341 5592 ait
2371 5542 2432 5596 R.
2469 5543 2528 5596 Ρ.
2564 5544 2765 5617 Guigo,
2790 5549 3006 5618 e/ﬁciar
3033 5536 3366 5614 «aculam?

199 5629 263 5670 ex
292 5620 484 5671 nostra
522 5610 680 5684 culpa
735 5613 821 5670 vel
877 5613 1192 5674 infidelitate
1231 5617 1300 5672 ad
1348 5618 1488 5675 bene
1529 5617 1804 5690 implenda
1825 5610 1877 5672 D
1975 5621 2141 5678 Num.
2172 5625 2205 5678 5
2230 5625 2370 5692 Quid
2394 5643 2520 5700 ergo
2549 5632 2616 5689 de
2645 5610 2733 5689 his
2894 5637 3046 5694 vobis
3072 5610 3352 5714 superant
3366 5649 3505 5715 faci-
