3940 6414
473 311 576 366 6'79

1291 306 1631 363 GUIGONIS
1676 309 1696 361 Ι
1741 308 2146 364 ΟΑΒΤΗΗΞΙᾸΞ
2194 306 2487 363 MAJORIS
2537 307 2811 364 PRIORIS
2860 308 2925 363 V.

3671 311 3774 362 680

535 433 586 484 6.
625 429 761 484 Sunt
809 426 970 481 etiam
1014 426 1101 481 hic
1153 427 1292 484 villae
1335 428 1620 499 proximze,
1673 429 1813 484 notis
1861 430 2018 485 nobis
2067 429 2242 500 plena:
2288 432 2643 502 pauperibus,
2695 447 2803 504 quo
2854 429 3061 502 portari
3107 393 3466 499 distribuique
3496 428 3693 499 possit,
3728 428 3774 483 si

468 527 596 598 quid
642 525 799 580 nobis
845 525 1110 596 reliquum
1157 525 1336 580 fuerit.
1388 528 1502 582 lIoc
1550 527 1693 580 enim
1743 526 1936 582 melius
1982 527 2284 599 rectiusque
2330 538 2601 599 putamus,
2634 537 2691 584 ut
2721 529 2765 584 si
2807 529 2937 601 quid
2978 525 3285 600 plusculum
3333 525 3768 582 distribuendum

473 633 573 692 est,
606 623 733 678 illuc
763 623 941 692 magis
971 622 1232 694 quidquid
1259 631 1340 677 est
1372 624 1706 692 deportetur,
1740 639 1902 695 quam
1935 624 2059 679 inde
2091 626 2194 680 huc
2225 626 2510 682 multitudo
2543 635 2783 683 vocetur.

547 721 598 774 ’7.
633 721 830 774 Verum
861 719 951 790 qui
982 720 1176 773 domus
1204 721 1362 788 hujus
1410 737 1678 790 expensas
1707 721 1935 788 noverit,
1967 738 2073 777 non
2100 723 2169 779 de
2201 725 2486 794 superﬂuis
2516 733 2721 796 qureret
2751 724 2879 796 quid
2926 722 3204 790 faciamus,
3237 721 3332 776 sed
3362 720 3542 792 potius
3572 728 3766 793 stupe-

476 817 552 872 bit
581 832 746 887 quare
775 831 883 870 non
910 830 1192 885 egeamus.

542 918 593 966 8.
627 914 774 980 Haec,
807 912 1002 968 fratres
1044 912 1398 980 dilectissimi,
1434 913 1478 968 si
1508 913 1768 984 prolixius
1797 914 1934 970 forte
1974 929 2134 986 quam
2181 915 2359 971 decuit
2406 917 2678 988 prosecuti
2720 915 3110 988 loquaciusque
3148 930 3356 983 sumus,
3413 913 3660 985 patimini
3711 921 3765 970 et

474 1011 752 1084 indulgete
783 1009 962 1066 nobis.

1823 1158 2392 1218 COMMENTARIUS.

474 1316 547 1368 tis
573 1317 594 1368 2
624 1309 948 1367 Doctissime
979 1309 1138 1364 simul
1169 1317 1220 1364 et
1249 1308 1541 1362 fortissime
1571 1309 1660 1364 hic
1708 1308 1860 1362 diluit
1890 1324 2060 1380 argu-
2080 1311 2133 1368 A
2165 1319 2371 1366 tantum
2400 1312 2674 1383 possunt?
2705 1311 2847 1381 Quot
2895 1312 3059 1367 boum
3105 1309 3299 1365 aratris
3343 1310 3412 1364 ad
3456 1309 3758 1380 providen-

470 1408 653 1455 menta
697 1398 1082 1463 mordentium,
1117 1397 1209 1469 qui
1257 1397 1458 1452 nodum
1509 1413 1728 1466 semper
1774 1397 1829 1450 in
1881 1397 2062 1466 scirpo

469 1495 790 1560 quaerentes,
825 1487 929 1542 hoc
959 1502 1103 1556 saepe
1135 1494 1341 1540 tantum
1374 1485 1578 1539 residui
1621 1485 1818 1539 habent
1851 1501 1915 1538 ex
1949 1485 2061 1538 suis

470 1576 718 1648 argutiis,
751 1575 896 1646 quod
929 1575 1030 1628 sibi
1061 1589 1260 1629 nomen
1288 1573 1488 1627 malum
1519 1573 1765 1638 fecerint,
1800 1581 1850 1626 et
1877 1573 2061 1642 proxi-

468 1681 589 1720 mos
617 1662 1122 1719 scandalizaverint.
1173 1661 1418 1729 Qualiter
1459 1670 1640 1715 autem
1687 1661 1936 1714 ordinem
1981 1660 2061 1714 si-

465 1753 577 1806 mul
609 1760 662 1806 et
699 1749 1041 1821 prudentiam
1072 1749 1128 1802 in
1156 1750 1418 1804 charitate
1467 1764 1690 1804 servare
1739 1748 2056 1813 debeamus,

468 1840 694 1912 egregie
725 1839 812 1894 hic
840 1838 1108 1907 exprimit.

540 1929 704 1981 Num.
725 1929 757 1979 6
779 1927 924 1981 Sunt
944 1927 1118 1980 etiam
1139 1924 1228 1979 hic
1246 1927 1397 1980 villae
1413 1927 1695 1995 proxima:
1714 1926 1900 1996 plena?
1918 1940 2060 1995 pau-

466 2016 1020 2088 peribus,etc.,quam
1040 2015 1170 2068 inde
1189 2015 1295 2068 huc
1315 2014 1626 2068 multitudo
1648 2017 1889 2068 vocetur.
1914 2011 2061 2082 Opti-

469 2119 560 2158 ma
590 2111 644 2159 et
668 2101 1162 2172 irreprehensibilis
1191 2101 1506 2170 propositio.
1552 2101 1641 2156 Sic
1689 2102 1833 2155 enim
1881 2115 2058 2170 agno-

469 2207 746 2247 sceremus
776 2205 847 2244 an
889 2190 1034 2245 veris
1076 2189 1404 2259 pauperibus
1449 2197 1635 2243 nostra
1677 2189 1970 2252 daremus;
2005 2189 2059 2241 in

468 2279 810 2333 multitudine
841 2293 970 2333 vero
999 2277 1093 2331 illa
1120 2294 1220 2347 per
1250 2277 1626 2347 eleemosynas
1656 2277 1724 2330 ad
1756 2293 1855 2330 nos
1886 2283 2056 2330 attra-

465 2375 570 2432 cta,
605 2367 726 2437 quis
758 2381 921 2420 verus
951 2381 1157 2435 pauper
1187 2364 1255 2418 sit
1284 2365 1576 2419 nescimus.
1630 2365 1887 2419 Mittendo
1920 2364 2056 2418 resi-

467 2456 632 2510 duum
676 2453 990 2508 facultatum
1032 2462 1341 2507 nostrarum
1383 2453 1452 2506 ad
1497 2453 1688 2508 domos
1733 2468 2054 2522 pauperum,

467 2558 710 2597 eremum
735 2549 977 2596 nostram
1008 2549 1060 2596 et
1091 2541 1434 2595 solitudinem
1468 2556 1500 2594 a
1530 2549 1606 2595 tot
1654 2541 2057 2596 advenientium

464 2631 740 2686 hominum
788 2645 1056 2685 concursu
1112 2629 1338 2684 liberam
1399 2629 1774 2694 redderemus,
1827 2629 1922 2682 sed
1971 2629 2056 2683 hic

462 2719 660 2784 dando,
707 2718 992 2772 multitudo
1039 2717 1110 2771 ad
1165 2733 1264 2772 nos
1307 2717 1566 2772 indirecte
1613 2725 1856 2772 vocatur.
1907 2718 2057 2772 Hanc

463 2807 596 2861 tanti
625 2806 727 2861 viri
756 2805 1180 2876 pr0positionem
1211 2805 1563 2859 libentissime
1593 2805 2015 2859 observaremus
2040 2824 2052 2870 ;

465 2900 544 2950 sic
571 2895 716 2950 enim
747 2894 865 2964 pios
895 2902 946 2948 et
976 2895 1235 2947 honestos
1284 2901 1490 2946 tantum
1540 2893 1800 2962 hospites,
1835 2893 1925 2963 qui
1954 2893 2056 2947 de-

463 2982 694 3039 votionis
724 2998 885 3036 causa
922 2981 989 3034 ad
1019 2997 1118 3034 nos
1160 2980 1424 3045 venirent,
1457 2981 1510 3033 in
1540 2981 1641 3036 hac
1689 2997 1874 3035 eremo
1905 2981 2056 3035 exci-

462 3086 734 3141 peremus,
768 3069 1067 3123 vicinorum
1107 3083 1424 3137 pauperum,
1460 3068 1656 3137 quibus
1695 3069 2052 3134 abundamus,

464 3158 694 3229 egestati
737 3156 956 3210 uberius
1004 3155 1290 3210 consulere
1331 3171 1635 3225 possemus,
1689 3165 1739 3209 et
1770 3171 1802 3210 a
1844 3156 2056 3227 magnis

464 3244 611 3300 curis
636 3253 689 3299 et
713 3245 995 3298 laboribus
1027 3244 1221 3297 domus
1251 3243 1352 3296 ista
1385 3244 1746 3310 liberaretur;
1771 3252 1825 3298 at
1854 3244 2057 3314 impos-

465 3333 621 3386 sibile
665 3340 747 3386 est
793 3331 998 3402 aliquid
1028 3331 1083 3384 in
1111 3332 1209 3386 hac
1258 3339 1415 3401 parte
1462 3348 1604 3387 nunc
1646 3341 1870 3386 mutare.
1921 3334 2054 3387 Rem

465 3421 727 3491 optimam
774 3420 1035 3474 habemus
1082 3419 1137 3473 in
1184 3420 1459 3475 desiderio
1502 3429 1556 3475 et
1596 3421 1909 3486 voluntate;
1957 3421 2054 3475 sed

463 3509 608 3562 illam
640 3509 800 3579 plene
831 3507 1052 3577 exsequi
1082 3523 1190 3562 non
1210 3509 1450 3563 valemus
1473 3509 1525 3562 in
1556 3524 1743 3578 Opere.
1775 3509 2054 3563 Tumultus

462 3613 593 3652 vero
623 3597 724 3651 iste
769 3596 1038 3666 hospitum
1070 3596 1385 3650 claustrales
1425 3605 1658 3664 nostros,
1694 3597 1803 3668 qui,
1838 3605 1892 3650 ut
1919 3597 2049 3663 dixi,

461 3701 660 3755 corpus
687 3683 892 3738 ordinis
924 3683 1178 3749 efficiunt,
1211 3683 1266 3737 in
1295 3685 1442 3739 nullo
1488 3686 1656 3755 tangit
1700 3693 1790 3738 aut
1836 3685 2051 3756 inquie-

459 3781 538 3826 tat
569 3790 582 3825 :
615 3771 866 3827 monachi
909 3771 1053 3825 enim
1101 3772 1397 3826 Carthusize
1443 3789 1597 3844 teque
1629 3772 1804 3844 quiete
1835 3781 1887 3829 et
1917 3774 2051 3827 soli-

462 3859 595 3914 tarie
625 3859 678 3912 in
709 3859 938 3914 claustro
969 3859 1189 3929 degunt,
1223 3876 1285 3915 ac
1315 3860 1359 3914 si
1386 3861 1664 3915 rarissime
1711 3861 1953 3932 hospites
1981 3861 2051 3916 ad

461 3959 561 3998 nos
591 3943 855 3997 venirent.

533 4031 694 4085 Num.
731 4036 781 4084 7.
823 4033 1017 4085 Verum
1049 4033 1143 4102 qui
1171 4032 1366 4087 domus
1406 4032 1573 4102 hujus
1604 4049 1900 4103 expensas,
1933 4041 2042 4088 etc.
2084 4003 2129 4064 Ο

460 4118 640 4174 Facile
670 4118 1005 4172 adhibebunt
1033 4118 1193 4174 fidem
1223 4121 1457 4174 lectores
1487 4121 1731 4190 piissimo
1780 4121 2047 4191 scriptori,

462 4207 583 4277 quia
631 4207 804 4262 sciunt
847 4207 1190 4262 Carthusiam
1239 4217 1365 4263 tunc
1414 4209 1626 4279 amplas
1673 4209 2051 4278 possessiones

458 4310 567 4350 non
595 4295 870 4350 habuisse.
911 4296 1067 4350 Nunc
1115 4311 1266 4362 vero,
1300 4297 1425 4366 quia
1452 4297 1520 4351 de
1566 4298 1782 4369 magnis
1824 4314 2050 4368 posscs-

458 4383 704 4438 sionibus
735 4392 786 4438 et
815 4383 1016 4439 divitiis
1046 4384 1330 4439 cumulatis
1361 4384 1562 4455 ubique
1590 4386 1855 4451 audimus,
1893 4387 2050 4457 quasi

456 4472 790 4542 paradoxum
853 4472 1146 4539 videretur,
1199 4472 1244 4526 si
1287 4489 1388 4527 nos
1436 4474 1625 4528 eadem
1683 4476 1849 4529 verba
1891 4476 2049 4529 nobis

457 4575 866 4630 usurparemus.
922 4560 1031 4615 Sed
1077 4575 1206 4614 vere
1264 4568 1315 4614 et
1365 4561 1574 4634 absque
1622 4562 1732 4617 ullo
1781 4563 2049 4618 mendacii

457 4647 654 4702 timore
679 4649 872 4702 eadem
902 4647 1145 4718 proferre
1174 4663 1281 4703 non
1313 4648 1519 4715 dubito,
1545 4658 1596 4703 et
1626 4651 1778 4704 testis
1808 4659 1890 4706 est
1918 4651 2048 4705 mihi

455 4735 700 4790 Christus
738 4736 866 4806 quia
894 4751 1003 4790 non
1045 4736 1298 4790 mentior.
1337 4738 1405 4792 Ut
1433 4745 1612 4793 autem
1658 4739 1838 4809 aliquo
1884 4739 2048 4794 modo

455 4822 544 4877 via
591 4823 891 4878 credulitati
934 4823 989 4877 id
1035 4824 1332 4895 legentium
1391 4827 1686 4896 aperiatur,
1738 4827 1825 4881 hic
1881 4826 2048 4881 animi

453 4910 628 4979 gratia
658 4910 862 4981 aliquid
892 4911 960 4964 de
990 4911 1316 4982 quotidianis
1337 4913 1530 4968 domus
1560 4915 1718 4982 hujus
1747 4915 2047 4969 Carthusiee

453 4998 714 5052 oneribus
746 4999 1012 5054 dicemus.

525 5087 802 5142 Ducentas
850 5088 1244 5160 quinquaginta
1273 5097 1325 5145 et
1355 5090 1494 5145 ultra
1539 5106 1806 5160 personas
1854 5092 2046 5147 domus

453 5174 750 5229 Carthusize
807 5176 967 5230 habet
1015 5177 1256 5247 quotidie
1313 5178 1536 5232 alendas
1583 5187 1635 5234 et
1683 5181 1751 5234 de
1797 5181 2048 5234 omnibus

451 5263 838 5332 providendas,
871 5265 1172 5334 hospitibus
1211 5266 1624 5321 advenientibus
1650 5285 1758 5322 non
1790 5285 2044 5322 numera-

2164 1401 2293 1455 dum
2324 1401 2390 1456 de
2424 1401 2509 1455 his
2552 1417 2670 1472 quae
2702 1408 2778 1455 tot
2822 1399 3100 1455 hominum
3142 1397 3552 1454 necessitatibus
3600 1397 3757 1452 suffi-

2163 1489 2350 1543 ciant?
2399 1490 2552 1543 Certe
2594 1487 2868 1559 octoginta
2914 1487 3060 1542 mille
3124 1485 3276 1540 libris
3318 1486 3482 1540 annui
3547 1485 3758 1540 reditus

2162 1591 2300 1646 Opus
2357 1593 2479 1631 esse
2526 1592 2688 1631 nemo
2735 1575 2991 1631 cordatus
3038 1573 3092 1628 id
3140 1573 3370 1628 audiens
3417 1573 3597 1627 statim
3643 1587 3757 1627 non

2162 1665 2426 1730 censebit,
2461 1664 2530 1718 ad
2576 1672 2683 1717 tam
2732 1663 2965 1733 amplam
3011 1661 3269 1716 familiam
3319 1660 3752 1724 sustentandam,

2162 1760 2219 1806 ut
2247 1754 2622 1822 unusquisque
2653 1751 2926 1806 modicum
2957 1749 3084 1820 quid
3116 1748 3367 1819 accipiat.
3401 1749 3508 1802 Sed
3531 1747 3757 1802 verissi-

2161 1857 2308 1893 mum
2339 1857 2461 1894 esse
2492 1848 2764 1909 protestor
2812 1854 3003 1892 omnes
3035 1836 3243 1891 reditus
3288 1836 3423 1891 ﬁxos
3451 1836 3756 1891 Carthusia:

2160 1928 2248 1981 vix
2278 1928 2488 1982 tertiam
2522 1936 2732 1996 partem
2761 1941 2987 1980 summae
3016 1925 3170 1978 istius
3203 1939 3473 1994 superare,
3499 1924 3755 1979 casuales

2159 2032 2288 2070 vero
2323 2033 2388 2070 ex
2438 2015 2746 2070 venditione
2794 2015 3087 2085 lignorum,
3119 2012 3445 2066 nutrimento
3492 2027 3750 2081 pecorum

2159 2111 2212 2157 et
2241 2103 2507 2157 similibus
2536 2103 2605 2172 (si
2635 2102 2882 2157 ofﬁcinas
2929 2100 3188 2156 ferrarias
3235 2115 3408 2170 nuper
3454 2099 3752 2154 aedificatae

2158 2191 2225 2245 ad
2256 2191 2408 2263 ligna
2437 2191 2578 2244 inter
2606 2206 2772 2260 rupes
2809 2188 3095 2260 pereuntia
3138 2187 3340 2242 utiliter
3383 2187 3753 2242 consumenda

2158 2279 2419 2349 excipias)
2468 2278 2555 2333 vix
2586 2279 2654 2332 ad
2697 2294 2791 2331 sex
2838 2277 2986 2331 mille
3033 2276 3203 2329 libras
3247 2275 3564 2330 ascendere.
3613 2274 3753 2342 Quis

2157 2367 2274 2421 haec
2304 2366 2575 2420 audiendo
2605 2381 2712 2419 non
2743 2365 3137 2434 Obstupescat?
3158 2363 3269 2418 Soli
3301 2379 3436 2433 ergo
3457 2363 3750 2433 providen-

2158 2455 2244 2508 tiae
2274 2454 2489 2519 divinae,
2526 2471 2611 2508 res
2641 2461 2858 2508 nostras
2902 2453 3002 2506 sub
3031 2453 3274 2506 honesta;
3315 2451 3666 2521 parcimoniaa
3696 2459 3754 2506 et

2158 2542 2475 2597 mconomiaa
2524 2541 2729 2612 regulis
2785 2539 3092 2610 disponenti
3138 2547 3191 2593 et
3236 2539 3512 2609 dirigenti,
3562 2539 3752 2609 impu-

2158 2631 2316 2684 tanda
2347 2638 2430 2684 est
2461 2629 2809 2683 subsistentia
2851 2629 3045 2682 domus
3094 2627 3413 2682 Carthusiaa.
3467 2629 3534 2681 Et
3581 2627 3626 2681 si
3656 2627 3753 2682 alii

2157 2719 2327 2773 nolint
2357 2719 2422 2772 de
2452 2719 2552 2772 hac
2584 2733 2643 2770 re
2673 2717 3076 2786 obstupescere,
3111 2731 3216 2786 ego
3246 2723 3391 2770 certe
3419 2715 3536 2785 ipse
3563 2715 3755 2770 obstu-

2158 2823 2340 2876 pesco,
2373 2807 2498 2860 dum
2533 2821 2646 2859 rem
2676 2806 2908 2870 intueor,
2944 2811 2996 2857 et
3027 2803 3184 2858 nobis
3221 2803 3355 2874 ipsis
3385 2803 3600 2873 applico
3629 2803 3755 2859 hac

2159 2895 2440 2964 Propheta:
2461 2894 2628 2949 verba
2654 2911 2666 2946 :
2692 2895 2815 2947 Ηίεσ
2847 2894 2984 2947 dicit
3013 2894 3284 2947 Dominus
3312 2911 3330 2947 :
3365 2891 3664 2948 Comedent
3693 2896 3754 2948 et

2157 3000 2324 3053 super
2352 2983 2460 3037 erit
2493 2983 2589 3051 (IV
2612 2984 2740 3052 Reg.
2775 2997 2850 3045 IV,
2887 2982 2997 3049 43).

2230 3071 2335 3125 Sed
2367 3070 2508 3125 dicet
2538 3069 2733 3140 aliquis
2769 3083 2781 3122 :
2816 3069 2922 3122 Cur
2951 3075 3157 3122 tantum
3185 3083 3472 3122 numerum
3510 3067 3753 3122 familia-

2156 3159 2293 3212 rium
2324 3173 2682 3229 personarum
2719 3157 2860 3227 apud
2888 3172 2986 3212 vos
3034 3157 3240 3211 habetis
3260 3158 3288 3211 ?
3316 3157 3533 3212 Nullam
3578 3171 3754 3226 pror-

2157 3263 2248 3300 sus
2295 3247 2626 3316 superfluam
2667 3245 2812 3316 apud
2855 3261 2955 3300 nos
3003 3244 3208 3300 servari
3239 3262 3304 3299 ex
3331 3245 3470 3299 infra
3497 3244 3754 3300 dicendis

2157 3334 2440 3389 constabit.

2226 3424 2356 3476 Tres
2387 3423 2582 3476 domus
2613 3437 2755 3476 nunc
2804 3421 2967 3475 unitas
3015 3428 3156 3487 sunt,
3190 3429 3242 3476 et
3271 3421 3326 3476 in
3372 3437 3533 3476 unam
3579 3421 3756 3476 veluti

2156 3512 2402 3564 conflata:
2447 3511 2502 3563 in
2551 3510 2713 3564 domo
2772 3508 3090 3573 Carthusiaa,
3141 3525 3337 3580 nempe
3383 3509 3505 3580 ipsa
3549 3510 3752 3565 domus

2155 3598 2472 3662 Carthusiae,
2519 3597 2713 3651 domus
2759 3596 3023 3652 Currerim
3051 3605 3104 3651 et
3130 3597 3323 3651 domus
3371 3597 3584 3662 Calesii,
3620 3615 3751 3668 quae

2155 3687 2330 3742 ambae
2357 3694 2649 3756 postremae
2678 3701 2822 3740 nunc
2850 3686 2988 3739 intra
3017 3686 3279 3741 terminos
3306 3686 3479 3740 eremi
3508 3685 3753 3740 Carthu-

2154 3776 2248 3830 siae
2277 3775 2380 3828 late
2411 3782 2657 3843 sumptos
2685 3773 2801 3828 sitae
2831 3781 2973 3840 sunt,
3008 3780 3059 3828 et
3089 3773 3218 3828 olim
3262 3773 3513 3845 quaelibet
3550 3788 3750 3829 earum

2153 3879 2311 3918 suum
2353 3872 2675 3918 conventum
2725 3862 2926 3915 habuit.
2979 3862 3112 3916 Cum
3155 3870 3335 3916 autem
3382 3865 3498 3916 istae
3545 3863 3750 3916 domus

2153 3968 2332 4022 parvae
2363 3960 2563 4015 essent,
2597 3950 2827 4004 maxime
2866 3957 2987 4019 post
3016 3949 3327 4005 incendium
3356 3950 3549 4005 domus
3578 3950 3752 4006 Cale-

2151 4040 2237 4106 sii,
2264 4040 2330 4092 ab
2377 4038 2649 4093 haereticis
2697 4046 2974 4108 postremo
3024 4037 3224 4093 saeculo
3269 4037 3486 4105 factum,
3533 4054 3747 4094 conve-

2150 4127 2545 4182 nientissimum
2598 4126 2891 4194 judicatum
2939 4133 3020 4180 est
3067 4126 3227 4180 etiam
3273 4127 3492 4182 domum
3541 4127 3749 4181 Calesii

2150 4216 2334 4271 domui
2365 4215 2664 4270 Carthusiaa
2697 4215 2913 4283 Majoris
2942 4215 3117 4283 unire,
3151 4215 3286 4270 sicut
3314 4224 3437 4271 ante
3465 4223 3748 4270 trecentos

2148 4320 2320 4358 annos
2361 4304 2472 4372 jam
2518 4303 2567 4357 ei
2614 4303 2760 4357 unita
2811 4303 2908 4356 fuit
2955 4303 3149 4357 domus
3197 4303 3480 4370 Curreriae,
3514 4312 3566 4358 et
3612 4303 3748 4360 inde

2148 4392 2347 4447 factum
2378 4399 2460 4446 est
2488 4399 2545 4445 ut
2576 4391 2869 4446 claustrum
2917 4391 3218 4446 Carthusiae
3247 4392 3435 4462 augeri
3472 4392 3745 4458 debuerit,

2147 4480 2304 4534 novis
2335 4479 2486 4534 cellis
2523 4479 2864 4546 constructis,
2898 4479 3050 4550 quasi
3092 4495 3194 4550 pro
3243 4480 3415 4535 tribus
3456 4487 3746 4536 monaste-

2148 4569 2267 4623 riis.

2216 4658 2490 4712 Numerus
2519 4671 2655 4728 ergo
2676 4656 3060 4711 monachorum
3081 4656 3138 4710 in
3161 4656 3280 4728 ipsa
3308 4657 3471 4712 domo
3502 4657 3748 4712 Carthu-

2148 4745 2242 4799 size
2271 4745 2740 4809 commorantium,
2772 4745 2840 4798 ad
2886 4744 3250 4816 quadraginta
3298 4745 3534 4816 quinque
3582 4760 3748 4801 com-

2147 4833 2382 4887 muniter
2423 4833 2558 4886 solet
2602 4833 2920 4888 ascendere.
2973 4834 3107 4887 Cum
3154 4848 3282 4889 vero
3318 4832 3499 4888 missas
3546 4840 3598 4887 et
3636 4832 3748 4887 alia

2147 4920 2330 4975 divina
2359 4919 2536 4975 oﬁicia
2568 4928 2714 4975 recto
2753 4929 2881 4975 tono
2909 4929 3002 4974 aut
3050 4921 3242 4975 saltem
3289 4921 3556 4975 submissa
3602 4935 3746 4976 voce

2147 5009 2202 5062 in
2250 5009 2499 5062 domibus
2547 5009 2819 5063 Curreriaa
2865 5017 2916 5063 et
2948 5008 3146 5064 Calesii
3198 5009 3435 5079 persolvi
3481 5009 3741 5072 debeant,

2147 5097 2444 5166 prudenter
2492 5096 2800 5151 ordinatum
2844 5096 2941 5150 fuit
2981 5105 3038 5151 ut
3083 5097 3336 5152 monachi
3385 5105 3437 5151 et
3485 5097 3748 5151 conversi

2146 5183 2411 5249 seniores,
2473 5184 2682 5238 debiles
2739 5194 2789 5239 et
2837 5184 3036 5238 infirmi
3085 5186 3148 5238 ad
3201 5186 3418 5239 domum
3477 5185 3750 5239 Currerize

2145 5272 2506 5336 mitterentur,
2530 5289 2653 5327 cum
2685 5272 2974 5327 sufﬁcienti
3001 5272 3201 5328 familia
3231 5274 3300 5328 ad
3329 5274 3409 5326 eis
3439 5272 3750 5326 inservien-

451 5350 539 5415 tis,
576 5350 669 5420 qui
699 5367 808 5405 non
840 5367 962 5406 raro
992 5353 1397 5424 quinquaginta,
1450 5355 1748 5425 sexaginta,
1783 5357 1890 5412 imo
1932 5357 2045 5413 fere
2067 5353 2118 5411 D
2148 5361 2295 5425 dum,
2328 5360 2383 5413 in
2416 5377 2518 5430 qua
2549 5361 2672 5416 ideo
2719 5361 3082 5416 communiter
3109 5361 3299 5417 decem
3349 5369 3457 5414 tam
3489 5359 3755 5414 monachi

451 5438 729 5508 octoginta
773 5439 1064 5510 aliquando
1109 5441 1164 5494 in
1209 5457 1319 5496 una
1365 5442 1453 5496 die
1504 5443 1802 5499 Carthusiae
1847 5461 2050 5514 perno-
2144 5464 2302 5518 quam
2335 5449 2586 5503 conversi
2631 5449 2875 5505 residere
2925 5450 3102 5504 solent
3136 5465 3147 5504 :
3181 5450 3236 5502 in
3266 5449 3428 5503 domo
3475 5463 3606 5504 vero
3636 5447 3756 5502 Ca-

451 5533 660 5580 ctantes
690 5542 801 5580 non
831 5527 1001 5582 semel
1047 5530 1313 5584 numerati
1361 5538 1506 5584 sunt.
1542 5531 1684 5597 Quot
1713 5532 1875 5586 mulis
1913 5548 2050 5603 Opus
2140 5536 2261 5589 lesii
2293 5544 2406 5590 tres
2435 5537 2683 5591 monachi
2712 5553 2830 5592 cum
2877 5538 3052 5592 tribus
3083 5538 3170 5594 vel
3211 5546 3442 5609 quatuor
3484 5536 3609 5608 plus
3639 5537 3759 5590 mi-

451 5620 553 5681 est,
605 5629 838 5685 quorum
885 5616 1061 5671 dorsis
1109 5618 1292 5673 omnia
1339 5619 1648 5674 necessaria
1697 5620 1802 5676 huc
1855 5621 2050 5677 advehi
2141 5639 2313 5679 nusve
2357 5609 2638 5679 fratribus.
2669 5627 2730 5680 In
2773 5625 2937 5680 domo
2986 5641 3116 5682 vero
3165 5624 3462 5680 Carthasim
3509 5631 3588 5680 tot
3636 5624 3760 5682 fere
