  <div class='ocr_page' id='page_1' title='image "/cluster/home/n/w/nwhite01/storage/ocr_20150623/153-154/uc1.31175019678096/346.png"; bbox 0 0 3940 6404; ppageno 0'>
   <div class='ocr_carea' id='block_1_1' title="bbox 1532 327 2136 386">
    <p class='ocr_par' dir='ltr' id='par_1_1' title="bbox 1532 327 2136 386">
     <span class='ocr_line' id='line_1_1' title="bbox 1532 327 2136 386; baseline 0.003 -4"><span class='ocrx_word' id='word_1_1' title='bbox 1532 327 2136 386; x_wconf 88' lang='lat' dir='ltr'>CONSUETUDINES.</span> 
     </span>
    </p>
   </div>
   <div class='ocr_carea' id='block_1_2' title="bbox 1435 449 2222 508">
    <p class='ocr_par' dir='ltr' id='par_1_2' title="bbox 1435 449 2222 508">
     <span class='ocr_line' id='line_1_2' title="bbox 1435 449 2222 508; baseline 0.003 -4"><span class='ocrx_word' id='word_1_2' title='bbox 1435 449 1966 508; x_wconf 82' lang='lat' dir='ltr'>CAPITULUM</span> <span class='ocrx_word' id='word_1_3' title='bbox 2020 452 2222 506; x_wconf 86' lang='lat' dir='ltr'>XXI.</span> 
     </span>
    </p>
   </div>
   <div class='ocr_carea' id='block_1_3' title="bbox 1603 547 2058 603">
    <p class='ocr_par' dir='ltr' id='par_1_3' title="bbox 1603 547 2058 603">
     <span class='ocr_line' id='line_1_3' title="bbox 1603 547 2058 603; baseline 0.002 -2"><span class='ocrx_word' id='word_1_4' title='bbox 1603 547 1679 602; x_wconf 89' lang='lat' dir='ltr'>De</span> <span class='ocrx_word' id='word_1_5' title='bbox 1704 548 2058 603; x_wconf 76' lang='lat' dir='ltr'>mulieribus.</span> 
     </span>
    </p>
   </div>
   <div class='ocr_carea' id='block_1_4' title="bbox 260 637 3482 725">
    <p class='ocr_par' dir='ltr' id='par_1_4' title="bbox 260 637 3482 725">
     <span class='ocr_line' id='line_1_4' title="bbox 260 637 3482 725; baseline 0.007 -34"><span class='ocrx_word' id='word_1_6' title='bbox 260 642 309 692; x_wconf 99' lang='grc'>1.</span> <span class='ocrx_word' id='word_1_7' title='bbox 341 637 601 693; x_wconf 79' lang='lat' dir='ltr'>Mulieres</span> <span class='ocrx_word' id='word_1_8' title='bbox 626 637 886 694; x_wconf 86' lang='lat' dir='ltr'>terminos</span> <span class='ocrx_word' id='word_1_9' title='bbox 917 638 1122 695; x_wconf 89' lang='lat' dir='ltr'>intrare</span> <span class='ocrx_word' id='word_1_10' title='bbox 1153 647 1371 697; x_wconf 90' lang='lat' dir='ltr'>nostros</span> <span class='ocrx_word' id='word_1_11' title='bbox 1409 657 1750 714; x_wconf 85' lang='lat' dir='ltr'>nequaquam</span> <span class='ocrx_word' id='word_1_12' title='bbox 1813 644 2059 711; x_wconf 87' lang='lat' dir='ltr'>sinimus,</span> <span class='ocrx_word' id='word_1_13' title='bbox 2091 645 2327 701; x_wconf 80' lang='lat' dir='ltr'>scientes</span> <span class='ocrx_word' id='word_1_14' title='bbox 2378 663 2478 703; x_wconf 91' lang='lat' dir='ltr'>nec</span> <span class='ocrx_word' id='word_1_15' title='bbox 2509 647 2838 719; x_wconf 90' lang='lat' dir='ltr'>sapientem,</span> <span class='ocrx_word' id='word_1_16' title='bbox 2871 667 2971 707; x_wconf 91' lang='lat' dir='ltr'>nec</span> <span class='ocrx_word' id='word_1_17' title='bbox 3002 655 3344 725; x_wconf 85' lang='lat' dir='ltr'>prOphetam,</span> <span class='ocrx_word' id='word_1_18' title='bbox 3378 670 3482 712; x_wconf 91' lang='lat' dir='ltr'>nec</span> 
     </span>
    </p>
   </div>
   <div class='ocr_carea' id='block_1_5' title="bbox 182 733 3478 819">
    <p class='ocr_par' dir='ltr' id='par_1_5' title="bbox 182 733 3478 819">
     <span class='ocr_line' id='line_1_5' title="bbox 182 733 3478 819; baseline 0.007 -32"><span class='ocrx_word' id='word_1_19' title='bbox 182 733 439 802; x_wconf 88' lang='lat' dir='ltr'>judicem,</span> <span class='ocrx_word' id='word_1_20' title='bbox 474 750 576 789; x_wconf 92' lang='lat' dir='ltr'>nec</span> <span class='ocrx_word' id='word_1_21' title='bbox 606 734 873 805; x_wconf 80' lang='lat' dir='ltr'>hospitem</span> <span class='ocrx_word' id='word_1_22' title='bbox 904 735 1023 801; x_wconf 87' lang='lat' dir='ltr'>Dei,</span> <span class='ocrx_word' id='word_1_23' title='bbox 1055 752 1154 791; x_wconf 91' lang='lat' dir='ltr'>nec</span> <span class='ocrx_word' id='word_1_24' title='bbox 1187 737 1346 805; x_wconf 81' lang='lat' dir='ltr'>filios,</span> <span class='ocrx_word' id='word_1_25' title='bbox 1379 755 1481 794; x_wconf 91' lang='lat' dir='ltr'>nec</span> <span class='ocrx_word' id='word_1_26' title='bbox 1512 739 1692 811; x_wconf 90' lang='lat' dir='ltr'>ipsum</span> <span class='ocrx_word' id='word_1_27' title='bbox 1724 741 1822 795; x_wconf 87' lang='lat' dir='ltr'><strong>Dei</strong></span> <span class='ocrx_word' id='word_1_28' title='bbox 1855 741 2149 797; x_wconf 90' lang='lat' dir='ltr'>formatum</span> <span class='ocrx_word' id='word_1_29' title='bbox 2181 744 2430 798; x_wconf 90' lang='lat' dir='ltr'>manibus</span> <span class='ocrx_word' id='word_1_30' title='bbox 2459 746 2853 816; x_wconf 90' lang='lat' dir='ltr'>protoplastum</span> <span class='ocrx_word' id='word_1_31' title='bbox 2898 749 3140 819; x_wconf 90' lang='lat' dir='ltr'>potuisse</span> <span class='ocrx_word' id='word_1_32' title='bbox 3187 752 3478 810; x_wconf 73' lang='lat' dir='ltr'>blanditias</span> 
     </span>
    </p>
   </div>
   <div class='ocr_carea' id='block_1_6' title="bbox 189 831 1754 890">
    <p class='ocr_par' dir='ltr' id='par_1_6' title="bbox 189 831 1754 890">
     <span class='ocr_line' id='line_1_6' title="bbox 189 831 1754 890; baseline 0.004 -6"><span class='ocrx_word' id='word_1_33' title='bbox 189 831 418 886; x_wconf 83' lang='lat' dir='ltr'>evadere</span> <span class='ocrx_word' id='word_1_34' title='bbox 449 831 536 886; x_wconf 87' lang='lat' dir='ltr'>vel</span> <span class='ocrx_word' id='word_1_35' title='bbox 566 832 788 886; x_wconf 83' lang='lat' dir='ltr'>fraudes</span> <span class='ocrx_word' id='word_1_36' title='bbox 819 832 1126 888; x_wconf 88' lang='lat' dir='ltr'>mulierum.</span> <span class='ocrx_word' id='word_1_37' title='bbox 1751 888 1754 890; x_wconf 24' lang='grc' dir='ltr'>γ</span> 
     </span>
    </p>
   </div>
   <div class='ocr_carea' id='block_1_7' title="bbox 257 913 3481 1014">
    <p class='ocr_par' dir='ltr' id='par_1_7' title="bbox 257 913 3481 1014">
     <span class='ocr_line' id='line_1_7' title="bbox 257 913 3481 1014; baseline 0.007 -30"><span class='ocrx_word' id='word_1_38' title='bbox 257 931 310 984; x_wconf 82' lang='lat'>2.</span> <span class='ocrx_word' id='word_1_39' title='bbox 345 928 625 995; x_wconf 89' lang='lat' dir='ltr'>Salomon,</span> <span class='ocrx_word' id='word_1_40' title='bbox 661 913 854 995; x_wconf 81' lang='lat' dir='ltr'>David,</span> <span class='ocrx_word' id='word_1_41' title='bbox 889 931 1160 997; x_wconf 89' lang='lat' dir='ltr'>Samsom,</span> <span class='ocrx_word' id='word_1_42' title='bbox 1194 933 1311 999; x_wconf 87' lang='lat' dir='ltr'>Lot,</span> <span class='ocrx_word' id='word_1_43' title='bbox 1343 941 1396 988; x_wconf 90' lang='lat' dir='ltr'>et</span> <span class='ocrx_word' id='word_1_44' title='bbox 1425 933 1517 1004; x_wconf 87' lang='lat' dir='ltr'>qui</span> <span class='ocrx_word' id='word_1_45' title='bbox 1546 945 1867 1006; x_wconf 91' lang='lat' dir='ltr'>acceperunt</span> <span class='ocrx_word' id='word_1_46' title='bbox 1899 937 2002 992; x_wconf 89' lang='lat' dir='ltr'>sibi</span> <span class='ocrx_word' id='word_1_47' title='bbox 2032 955 2231 994; x_wconf 88' lang='lat' dir='ltr'>uxores</span> <span class='ocrx_word' id='word_1_48' title='bbox 2262 956 2398 1012; x_wconf 89' lang='lat' dir='ltr'>quas</span> <span class='ocrx_word' id='word_1_49' title='bbox 2424 941 2709 1014; x_wconf 81' lang='lat' dir='ltr'>elegerant</span> <span class='ocrx_word' id='word_1_50' title='bbox 2735 951 2788 998; x_wconf 90' lang='lat' dir='ltr'>et</span> <span class='ocrx_word' id='word_1_51' title='bbox 2817 945 2992 1000; x_wconf 82' lang='lat' dir='ltr'>Adam</span> <span class='ocrx_word' id='word_1_52' title='bbox 3022 945 3075 1001; x_wconf 91' lang='lat' dir='ltr'>in</span> <span class='ocrx_word' id='word_1_53' title='bbox 3107 956 3344 1003; x_wconf 79' lang='lat' dir='ltr'>mentem</span> <span class='ocrx_word' id='word_1_54' title='bbox 3393 965 3481 1006; x_wconf 77' lang='lat' dir='ltr'>ve-</span> 
     </span>
    </p>
   </div>
   <div class='ocr_carea' id='block_1_8' title="bbox 189 1023 3481 1110">
    <p class='ocr_par' dir='ltr' id='par_1_8' title="bbox 189 1023 3481 1110">
     <span class='ocr_line' id='line_1_8' title="bbox 189 1023 3481 1110; baseline 0.008 -33"><span class='ocrx_word' id='word_1_55' title='bbox 189 1023 354 1092; x_wconf 89' lang='lat' dir='ltr'>niant,</span> <span class='ocrx_word' id='word_1_56' title='bbox 388 1041 490 1081; x_wconf 92' lang='lat' dir='ltr'>nec</span> <span class='ocrx_word' id='word_1_57' title='bbox 518 1042 682 1096; x_wconf 90' lang='lat' dir='ltr'>posse</span> <span class='ocrx_word' id='word_1_58' title='bbox 712 1027 988 1084; x_wconf 88' lang='lat' dir='ltr'>hominem</span> <span class='ocrx_word' id='word_1_59' title='bbox 1017 1037 1108 1083; x_wconf 91' lang='lat' dir='ltr'>aut</span> <span class='ocrx_word' id='word_1_60' title='bbox 1135 1029 1320 1100; x_wconf 82' lang='lat' dir='ltr'>ignem</span> <span class='ocrx_word' id='word_1_61' title='bbox 1352 1031 1406 1084; x_wconf 93' lang='lat' dir='ltr'>in</span> <span class='ocrx_word' id='word_1_62' title='bbox 1448 1032 1568 1086; x_wconf 90' lang='lat' dir='ltr'>sinu</span> <span class='ocrx_word' id='word_1_63' title='bbox 1599 1033 1960 1098; x_wconf 86' lang='lat' dir='ltr'>abscondere,</span> <span class='ocrx_word' id='word_1_64' title='bbox 1994 1043 2051 1089; x_wconf 91' lang='lat' dir='ltr'>ut</span> <span class='ocrx_word' id='word_1_65' title='bbox 2081 1036 2405 1093; x_wconf 83' lang='lat' dir='ltr'>vestimenta</span> <span class='ocrx_word' id='word_1_66' title='bbox 2451 1039 2596 1094; x_wconf 90' lang='lat' dir='ltr'>illius</span> <span class='ocrx_word' id='word_1_67' title='bbox 2647 1056 2758 1095; x_wconf 89' lang='lat' dir='ltr'>non</span> <span class='ocrx_word' id='word_1_68' title='bbox 2799 1041 3048 1110; x_wconf 89' lang='lat' dir='ltr'>ardeant,</span> <span class='ocrx_word' id='word_1_69' title='bbox 3082 1052 3172 1099; x_wconf 89' lang='lat' dir='ltr'>aut</span> <span class='ocrx_word' id='word_1_70' title='bbox 3202 1044 3481 1102; x_wconf 90' lang='lat' dir='ltr'>ambulare</span> 
     </span>
    </p>
   </div>
   <div class='ocr_carea' id='block_1_9' title="bbox 185 1123 2070 1202">
    <p class='ocr_par' dir='ltr' id='par_1_9' title="bbox 185 1123 2070 1202">
     <span class='ocr_line' id='line_1_9' title="bbox 185 1123 2070 1202; baseline 0.006 -28"><span class='ocrx_word' id='word_1_71' title='bbox 185 1137 348 1191; x_wconf 90' lang='lat' dir='ltr'>super</span> <span class='ocrx_word' id='word_1_72' title='bbox 375 1137 581 1192; x_wconf 89' lang='lat' dir='ltr'>prunas</span> <span class='ocrx_word' id='word_1_73' title='bbox 611 1123 813 1193; x_wconf 80' lang='lat' dir='ltr'>plantis</span> <span class='ocrx_word' id='word_1_74' title='bbox 842 1124 1044 1193; x_wconf 82' lang='lat' dir='ltr'>illaesis,</span> <span class='ocrx_word' id='word_1_75' title='bbox 1070 1134 1162 1180; x_wconf 90' lang='lat' dir='ltr'>aut</span> <span class='ocrx_word' id='word_1_76' title='bbox 1190 1127 1369 1198; x_wconf 88' lang='lat' dir='ltr'>picem</span> <span class='ocrx_word' id='word_1_77' title='bbox 1399 1136 1624 1199; x_wconf 80' lang='lat' dir='ltr'>tangere</span> <span class='ocrx_word' id='word_1_78' title='bbox 1647 1131 2070 1202; x_wconf 68' lang='lat' dir='ltr'>necinquinari.</span> 
     </span>
    </p>
   </div>
   <div class='ocr_carea' id='block_1_10' title="bbox 249 1206 3474 1312">
    <p class='ocr_par' dir='ltr' id='par_1_10' title="bbox 249 1206 3474 1312">
     <span class='ocr_line' id='line_1_10' title="bbox 249 1206 3474 1312; baseline 0.007 -40"><span class='ocrx_word' id='word_1_79' title='bbox 249 1206 307 1272; x_wconf 60' lang='grc' dir='ltr'><strong>Β.</strong></span> <span class='ocrx_word' id='word_1_80' title='bbox 343 1220 438 1273; x_wconf 87' lang='lat' dir='ltr'>His</span> <span class='ocrx_word' id='word_1_81' title='bbox 469 1219 712 1290; x_wconf 87' lang='lat' dir='ltr'>expletis,</span> <span class='ocrx_word' id='word_1_82' title='bbox 747 1221 815 1276; x_wconf 92' lang='lat' dir='ltr'>de</span> <span class='ocrx_word' id='word_1_83' title='bbox 845 1221 998 1277; x_wconf 67' lang='lat' dir='ltr'>cellas</span> <span class='ocrx_word' id='word_1_84' title='bbox 1027 1223 1387 1280; x_wconf 87' lang='lat' dir='ltr'>observantiis</span> <span class='ocrx_word' id='word_1_85' title='bbox 1413 1225 1768 1282; x_wconf 84' lang='lat' dir='ltr'>disseramus.</span> <span class='ocrx_word' id='word_1_86' title='bbox 1795 1228 1862 1282; x_wconf 88' lang='lat' dir='ltr'>Et</span> <span class='ocrx_word' id='word_1_87' title='bbox 1891 1230 2147 1300; x_wconf 89' lang='lat' dir='ltr'>quoniam</span> <span class='ocrx_word' id='word_1_88' title='bbox 2177 1230 2498 1303; x_wconf 84' lang='lat' dir='ltr'>incipientes</span> <span class='ocrx_word' id='word_1_89' title='bbox 2528 1233 2768 1290; x_wconf 72' lang='lat' dir='ltr'>nouitio:</span> <span class='ocrx_word' id='word_1_90' title='bbox 2789 1249 3070 1302; x_wconf 90' lang='lat' dir='ltr'>vocamus,</span> <span class='ocrx_word' id='word_1_91' title='bbox 3107 1237 3174 1293; x_wconf 88' lang='lat' dir='ltr'>de</span> <span class='ocrx_word' id='word_1_92' title='bbox 3205 1238 3338 1309; x_wconf 83' lang='lat' dir='ltr'>ipsis</span> <span class='ocrx_word' id='word_1_93' title='bbox 3365 1239 3474 1312; x_wconf 87' lang='lat' dir='ltr'>pri-</span> 
     </span>
    </p>
   </div>
   <div class='ocr_carea' id='block_1_11' title="bbox 185 1318 1172 1388">
    <p class='ocr_par' dir='ltr' id='par_1_11' title="bbox 185 1318 1172 1388">
     <span class='ocr_line' id='line_1_11' title="bbox 185 1318 1172 1388; baseline 0.007 -19"><span class='ocrx_word' id='word_1_94' title='bbox 185 1331 274 1371; x_wconf 89' lang='lat' dir='ltr'>mo</span> <span class='ocrx_word' id='word_1_95' title='bbox 316 1333 439 1388; x_wconf 73' lang='lat' dir='ltr'>quae</span> <span class='ocrx_word' id='word_1_96' title='bbox 480 1318 816 1374; x_wconf 88' lang='lat' dir='ltr'>occurrerint</span> <span class='ocrx_word' id='word_1_97' title='bbox 845 1319 1172 1376; x_wconf 90' lang='lat' dir='ltr'>intimemus.</span> 
     </span>
    </p>
   </div>
   <div class='ocr_carea' id='block_1_12' title="bbox 173 330 1756 398">
    <p class='ocr_par' dir='ltr' id='par_1_12' title="bbox 173 330 1756 384">
     <span class='ocr_line' id='line_1_12' title="bbox 173 330 1756 384; baseline 0.002 -4"><span class='ocrx_word' id='word_1_98' title='bbox 173 330 267 381; x_wconf 87' lang='grc'>681</span> <span class='ocrx_word' id='word_1_99' title='bbox 1532 330 1756 384; x_wconf 89' lang='lat' dir='ltr'>CONSU</span> 
     </span>
    </p>
   </div>
   <div class='ocr_carea' id='block_1_13' title="bbox 1862 330 3480 398">
    <p class='ocr_par' dir='ltr' id='par_1_13' title="bbox 1862 330 3480 398">
     <span class='ocr_line' id='line_1_13' title="bbox 1862 330 3480 398; baseline 0.006 -12"><span class='ocrx_word' id='word_1_100' title='bbox 1862 330 2136 386; x_wconf 87' lang='lat' dir='ltr'>UDINES.</span> <span class='ocrx_word' id='word_1_101' title='bbox 3378 343 3480 398; x_wconf 75' lang='lat'>682</span> 
     </span>
    </p>
   </div>
   <div class='ocr_carea' id='block_1_14' title="bbox 1535 1415 2136 1472">
    <p class='ocr_par' dir='ltr' id='par_1_14' title="bbox 1535 1415 2136 1472">
     <span class='ocr_line' id='line_1_14' title="bbox 1535 1415 2136 1472; baseline 0.005 -3"><span class='ocrx_word' id='word_1_102' title='bbox 1535 1415 1933 1472; x_wconf 78' lang='lat' dir='ltr'>CAPITULUM</span> <span class='ocrx_word' id='word_1_103' title='bbox 1961 1417 2136 1472; x_wconf 84' lang='lat' dir='ltr'>XXII.</span> 
     </span>
    </p>
   </div>
   <div class='ocr_carea' id='block_1_15' title="bbox 1670 1514 2005 1568">
    <p class='ocr_par' dir='ltr' id='par_1_15' title="bbox 1670 1514 2005 1568">
     <span class='ocr_line' id='line_1_15' title="bbox 1670 1514 2005 1568; baseline -0.003 -1"><span class='ocrx_word' id='word_1_104' title='bbox 1670 1514 1744 1567; x_wconf 86' lang='lat' dir='ltr'>De</span> <span class='ocrx_word' id='word_1_105' title='bbox 1774 1515 2005 1568; x_wconf 80' lang='lat' dir='ltr'>nouitio.</span> 
     </span>
    </p>
   </div>
   <div class='ocr_carea' id='block_1_16' title="bbox 253 1601 3470 1686">
    <p class='ocr_par' dir='ltr' id='par_1_16' title="bbox 253 1601 3470 1686">
     <span class='ocr_line' id='line_1_16' title="bbox 253 1601 3470 1686; baseline 0.006 -34"><span class='ocrx_word' id='word_1_106' title='bbox 253 1601 304 1654; x_wconf 80' lang='grc'>1.</span> <span class='ocrx_word' id='word_1_107' title='bbox 337 1601 554 1658; x_wconf 90' lang='lat' dir='ltr'>Novitio</span> <span class='ocrx_word' id='word_1_108' title='bbox 581 1602 758 1675; x_wconf 89' lang='lat' dir='ltr'>itaque</span> <span class='ocrx_word' id='word_1_109' title='bbox 786 1604 1217 1662; x_wconf 91' lang='lat' dir='ltr'>misericordiam</span> <span class='ocrx_word' id='word_1_110' title='bbox 1246 1607 1538 1678; x_wconf 83' lang='lat' dir='ltr'>postulanti</span> <span class='ocrx_word' id='word_1_111' title='bbox 1567 1609 1705 1664; x_wconf 89' lang='lat' dir='ltr'>dura</span> <span class='ocrx_word' id='word_1_112' title='bbox 1747 1618 2126 1681; x_wconf 89' lang='lat' dir='ltr'>proponuntur</span> <span class='ocrx_word' id='word_1_113' title='bbox 2180 1617 2234 1666; x_wconf 91' lang='lat' dir='ltr'>et</span> <span class='ocrx_word' id='word_1_114' title='bbox 2261 1625 2459 1681; x_wconf 90' lang='lat' dir='ltr'>aspera</span> <span class='ocrx_word' id='word_1_115' title='bbox 2482 1618 2701 1682; x_wconf 89' lang='lat' dir='ltr'>totaque</span> <span class='ocrx_word' id='word_1_116' title='bbox 2733 1612 2908 1668; x_wconf 87' lang='lat' dir='ltr'>vilitas</span> <span class='ocrx_word' id='word_1_117' title='bbox 2938 1620 2991 1668; x_wconf 92' lang='lat' dir='ltr'>et</span> <span class='ocrx_word' id='word_1_118' title='bbox 3017 1615 3281 1686; x_wconf 86' lang='lat' dir='ltr'>asperitas</span> <span class='ocrx_word' id='word_1_119' title='bbox 3327 1615 3470 1685; x_wconf 59' lang='lat' dir='ltr'>vitae,</span> 
     </span>
    </p>
   </div>
   <div class='ocr_carea' id='block_1_17' title="bbox 179 1699 3474 1779">
    <p class='ocr_par' dir='ltr' id='par_1_17' title="bbox 179 1699 3474 1779">
     <span class='ocr_line' id='line_1_17' title="bbox 179 1699 3474 1779; baseline 0.005 -29"><span class='ocrx_word' id='word_1_120' title='bbox 179 1713 341 1768; x_wconf 88' lang='lat' dir='ltr'>quam</span> <span class='ocrx_word' id='word_1_121' title='bbox 373 1699 555 1756; x_wconf 91' lang='lat' dir='ltr'>subire</span> <span class='ocrx_word' id='word_1_122' title='bbox 599 1701 893 1770; x_wconf 89' lang='lat' dir='ltr'>desiderat,</span> <span class='ocrx_word' id='word_1_123' title='bbox 926 1711 1083 1774; x_wconf 89' lang='lat' dir='ltr'>prout</span> <span class='ocrx_word' id='word_1_124' title='bbox 1115 1703 1229 1759; x_wconf 85' lang='lat' dir='ltr'>fieri</span> <span class='ocrx_word' id='word_1_125' title='bbox 1257 1713 1452 1776; x_wconf 88' lang='lat' dir='ltr'>potest,</span> <span class='ocrx_word' id='word_1_126' title='bbox 1488 1713 1611 1763; x_wconf 88' lang='lat' dir='ltr'>ante</span> <span class='ocrx_word' id='word_1_127' title='bbox 1642 1706 1828 1762; x_wconf 90' lang='lat' dir='ltr'>oculos</span> <span class='ocrx_word' id='word_1_128' title='bbox 1857 1707 2090 1777; x_wconf 87' lang='lat' dir='ltr'>ponitur.</span> <span class='ocrx_word' id='word_1_129' title='bbox 2124 1708 2209 1762; x_wconf 85' lang='lat' dir='ltr'>Ad</span> <span class='ocrx_word' id='word_1_130' title='bbox 2238 1725 2356 1779; x_wconf 72' lang='lat' dir='ltr'>quae</span> <span class='ocrx_word' id='word_1_131' title='bbox 2383 1707 2428 1761; x_wconf 89' lang='lat' dir='ltr'>si</span> <span class='ocrx_word' id='word_1_132' title='bbox 2456 1707 2856 1778; x_wconf 85' lang='lat' dir='ltr'>imperterritus</span> <span class='ocrx_word' id='word_1_133' title='bbox 2904 1711 3162 1765; x_wconf 87' lang='lat' dir='ltr'>manserit</span> <span class='ocrx_word' id='word_1_134' title='bbox 3192 1719 3246 1766; x_wconf 92' lang='lat' dir='ltr'>et</span> <span class='ocrx_word' id='word_1_135' title='bbox 3274 1711 3474 1768; x_wconf 90' lang='lat' dir='ltr'>immo-</span> 
     </span>
    </p>
   </div>
   <div class='ocr_carea' id='block_1_18' title="bbox 171 1797 3472 1876">
    <p class='ocr_par' dir='ltr' id='par_1_18' title="bbox 171 1797 3472 1876">
     <span class='ocr_line' id='line_1_18' title="bbox 171 1797 3472 1876; baseline 0.005 -28"><span class='ocrx_word' id='word_1_136' title='bbox 171 1803 277 1862; x_wconf 91' lang='lat' dir='ltr'>tus,</span> <span class='ocrx_word' id='word_1_137' title='bbox 311 1797 606 1870; x_wconf 90' lang='lat' dir='ltr'>elegitque,</span> <span class='ocrx_word' id='word_1_138' title='bbox 633 1801 783 1868; x_wconf 84' lang='lat' dir='ltr'>juxta</span> <span class='ocrx_word' id='word_1_139' title='bbox 815 1801 1028 1856; x_wconf 90' lang='lat' dir='ltr'>beatum</span> <span class='ocrx_word' id='word_1_140' title='bbox 1059 1802 1161 1858; x_wconf 86' lang='lat' dir='ltr'>Job</span> <span class='ocrx_word' id='word_1_141' title='bbox 1190 1804 1310 1872; x_wconf 83' lang='lat' dir='ltr'>(vn,</span> <span class='ocrx_word' id='word_1_142' title='bbox 1345 1803 1450 1872; x_wconf 76' lang='grc'>15),</span> <span class='ocrx_word' id='word_1_143' title='bbox 1476 1804 1830 1875; x_wconf 86' lang='lat' dir='ltr'>suspendium</span> <span class='ocrx_word' id='word_1_144' title='bbox 1861 1806 1917 1876; x_wconf 94' lang='lat' dir='ltr'>(a</span> <span class='ocrx_word' id='word_1_145' title='bbox 1946 1805 2322 1875; x_wconf 88' lang='lat' dir='ltr'>temporalium</span> <span class='ocrx_word' id='word_1_146' title='bbox 2353 1803 2605 1860; x_wconf 88' lang='lat' dir='ltr'>videlicet</span> <span class='ocrx_word' id='word_1_147' title='bbox 2632 1807 2840 1875; x_wconf 86' lang='lat' dir='ltr'>amore)</span> <span class='ocrx_word' id='word_1_148' title='bbox 2872 1805 3051 1860; x_wconf 90' lang='lat' dir='ltr'>anima</span> <span class='ocrx_word' id='word_1_149' title='bbox 3081 1807 3218 1876; x_wconf 88' lang='lat' dir='ltr'>ejus,</span> <span class='ocrx_word' id='word_1_150' title='bbox 3253 1816 3304 1862; x_wconf 93' lang='lat' dir='ltr'>et</span> <span class='ocrx_word' id='word_1_151' title='bbox 3332 1824 3472 1864; x_wconf 91' lang='lat' dir='ltr'>mor-</span> 
     </span>
    </p>
   </div>
   <div class='ocr_carea' id='block_1_19' title="bbox 171 1895 3470 1974">
    <p class='ocr_par' dir='ltr' id='par_1_19' title="bbox 171 1895 3470 1974">
     <span class='ocr_line' id='line_1_19' title="bbox 171 1895 3470 1974; baseline 0.004 -27"><span class='ocrx_word' id='word_1_152' title='bbox 171 1901 279 1948; x_wconf 87' lang='lat' dir='ltr'>tem</span> <span class='ocrx_word' id='word_1_153' title='bbox 311 1895 406 1966; x_wconf 52' lang='lat' dir='ltr'>rde</span> <span class='ocrx_word' id='word_1_154' title='bbox 434 1912 542 1967; x_wconf 91' lang='lat' dir='ltr'>qua</span> <span class='ocrx_word' id='word_1_155' title='bbox 573 1897 770 1952; x_wconf 88' lang='lat' dir='ltr'>dicitur</span> <span class='ocrx_word' id='word_1_156' title='bbox 801 1916 814 1952; x_wconf 91' lang='lat'><strong>:</strong></span> <span class='ocrx_word' id='word_1_157' title='bbox 846 1900 906 1954; x_wconf 82' lang='lat' dir='ltr'>Si</span> <span class='ocrx_word' id='word_1_158' title='bbox 936 1917 1348 1956; x_wconf 85' lang='lat' dir='ltr'>commovemur</span> <span class='ocrx_word' id='word_1_159' title='bbox 1369 1907 1423 1958; x_wconf 88' lang='lat' dir='ltr'>et</span> <span class='ocrx_word' id='word_1_160' title='bbox 1449 1904 1804 1958; x_wconf 77' lang='lat' dir='ltr'>convivemus</span> <span class='ocrx_word' id='word_1_161' title='bbox 1833 1901 1904 1972; x_wconf 89' lang='lat' dir='ltr'>[II</span> <span class='ocrx_word' id='word_1_162' title='bbox 1938 1903 2076 1956; x_wconf 84' lang='lat' dir='ltr'>Tim.</span> <span class='ocrx_word' id='word_1_163' title='bbox 2110 1899 2193 1971; x_wconf 72' lang='lat'>11.]</span> <span class='ocrx_word' id='word_1_164' title='bbox 2222 1899 2241 1969; x_wconf 89' lang='lat'>)</span> <span class='ocrx_word' id='word_1_165' title='bbox 2271 1915 2398 1954; x_wconf 90' lang='lat' dir='ltr'>ossa</span> <span class='ocrx_word' id='word_1_166' title='bbox 2429 1901 2584 1969; x_wconf 85' lang='lat' dir='ltr'>ejus;</span> <span class='ocrx_word' id='word_1_167' title='bbox 2615 1900 3022 1970; x_wconf 86' lang='lat' dir='ltr'>promptissime</span> <span class='ocrx_word' id='word_1_168' title='bbox 3044 1902 3320 1972; x_wconf 90' lang='lat' dir='ltr'>spondens</span> <span class='ocrx_word' id='word_1_169' title='bbox 3336 1919 3470 1974; x_wconf 90' lang='lat' dir='ltr'>pro-</span> 
     </span>
    </p>
   </div>
   <div class='ocr_carea' id='block_1_20' title="bbox 172 1990 3472 2072">
    <p class='ocr_par' dir='ltr' id='par_1_20' title="bbox 172 1990 3472 2072">
     <span class='ocr_line' id='line_1_20' title="bbox 172 1990 3472 2072; baseline 0.005 -32"><span class='ocrx_word' id='word_1_170' title='bbox 172 1996 294 2056; x_wconf 90' lang='lat' dir='ltr'>pter</span> <span class='ocrx_word' id='word_1_171' title='bbox 333 1990 498 2044; x_wconf 86' lang='lat' dir='ltr'>verba</span> <span class='ocrx_word' id='word_1_172' title='bbox 529 1991 797 2047; x_wconf 91' lang='lat' dir='ltr'>labiorum</span> <span class='ocrx_word' id='word_1_173' title='bbox 825 1995 1041 2049; x_wconf 90' lang='lat' dir='ltr'>Domini</span> <span class='ocrx_word' id='word_1_174' title='bbox 1085 2005 1330 2066; x_wconf 89' lang='lat' dir='ltr'>paratum</span> <span class='ocrx_word' id='word_1_175' title='bbox 1361 2014 1420 2052; x_wconf 91' lang='lat' dir='ltr'>se</span> <span class='ocrx_word' id='word_1_176' title='bbox 1451 1998 1724 2053; x_wconf 90' lang='lat' dir='ltr'>custodire</span> <span class='ocrx_word' id='word_1_177' title='bbox 1770 1997 1887 2053; x_wconf 88' lang='lat' dir='ltr'>vias</span> <span class='ocrx_word' id='word_1_178' title='bbox 1917 1998 2115 2063; x_wconf 86' lang='lat' dir='ltr'>duras;</span> <span class='ocrx_word' id='word_1_179' title='bbox 2147 2008 2274 2052; x_wconf 89' lang='lat' dir='ltr'>tunc</span> <span class='ocrx_word' id='word_1_180' title='bbox 2303 1997 2522 2052; x_wconf 91' lang='lat' dir='ltr'>demum</span> <span class='ocrx_word' id='word_1_181' title='bbox 2555 1998 2811 2053; x_wconf 88' lang='lat' dir='ltr'>suadetur</span> <span class='ocrx_word' id='word_1_182' title='bbox 2841 1998 2908 2063; x_wconf 90' lang='lat' dir='ltr'>ei,</span> <span class='ocrx_word' id='word_1_183' title='bbox 2935 1999 3188 2054; x_wconf 92' lang='lat' dir='ltr'>omnibus</span> <span class='ocrx_word' id='word_1_184' title='bbox 3237 2001 3328 2072; x_wconf 91' lang='lat' dir='ltr'>qui</span> <span class='ocrx_word' id='word_1_185' title='bbox 3377 2003 3472 2057; x_wconf 92' lang='lat' dir='ltr'>ad-</span> 
     </span>
    </p>
   </div>
   <div class='ocr_carea' id='block_1_21' title="bbox 173 2088 3470 2170">
    <p class='ocr_par' dir='ltr' id='par_1_21' title="bbox 173 2088 3470 2170">
     <span class='ocr_line' id='line_1_21' title="bbox 173 2088 3470 2170; baseline 0.005 -32"><span class='ocrx_word' id='word_1_186' title='bbox 173 2100 366 2139; x_wconf 89' lang='lat' dir='ltr'>versus</span> <span class='ocrx_word' id='word_1_187' title='bbox 399 2103 525 2141; x_wconf 91' lang='lat' dir='ltr'>eum</span> <span class='ocrx_word' id='word_1_188' title='bbox 552 2088 756 2159; x_wconf 91' lang='lat' dir='ltr'>aliquid</span> <span class='ocrx_word' id='word_1_189' title='bbox 783 2091 1001 2161; x_wconf 88' lang='lat' dir='ltr'>habent,</span> <span class='ocrx_word' id='word_1_190' title='bbox 1027 2093 1180 2161; x_wconf 87' lang='lat' dir='ltr'>juxta</span> <span class='ocrx_word' id='word_1_191' title='bbox 1236 2095 1614 2165; x_wconf 87' lang='lat' dir='ltr'>Evangelium,</span> <span class='ocrx_word' id='word_1_192' title='bbox 1648 2094 2004 2150; x_wconf 91' lang='lat' dir='ltr'>reconciliari.</span> <span class='ocrx_word' id='word_1_193' title='bbox 2034 2096 2100 2149; x_wconf 88' lang='lat' dir='ltr'>Et</span> <span class='ocrx_word' id='word_1_194' title='bbox 2130 2094 2175 2148; x_wconf 92' lang='lat' dir='ltr'>si</span> <span class='ocrx_word' id='word_1_195' title='bbox 2205 2095 2333 2165; x_wconf 89' lang='lat' dir='ltr'>quid</span> <span class='ocrx_word' id='word_1_196' title='bbox 2362 2095 2600 2166; x_wconf 88' lang='lat' dir='ltr'>aliquem</span> <span class='ocrx_word' id='word_1_197' title='bbox 2629 2095 2987 2162; x_wconf 73' lang='lat' dir='ltr'>defraudarit,</span> <span class='ocrx_word' id='word_1_198' title='bbox 3020 2105 3072 2152; x_wconf 93' lang='lat' dir='ltr'>et</span> <span class='ocrx_word' id='word_1_199' title='bbox 3101 2098 3146 2152; x_wconf 90' lang='lat' dir='ltr'>si</span> <span class='ocrx_word' id='word_1_200' title='bbox 3177 2114 3285 2153; x_wconf 91' lang='lat' dir='ltr'>non</span> <span class='ocrx_word' id='word_1_201' title='bbox 3329 2115 3470 2170; x_wconf 90' lang='lat' dir='ltr'>qua-</span> 
     </span>
    </p>
   </div>
   <div class='ocr_carea' id='block_1_22' title="bbox 166 2182 3469 2265">
    <p class='ocr_par' dir='ltr' id='par_1_22' title="bbox 166 2182 3469 2265">
     <span class='ocr_line' id='line_1_22' title="bbox 166 2182 3469 2265; baseline 0.005 -30"><span class='ocrx_word' id='word_1_202' title='bbox 166 2182 440 2253; x_wconf 88' lang='lat' dir='ltr'>druplum,</span> <span class='ocrx_word' id='word_1_203' title='bbox 477 2194 533 2240; x_wconf 90' lang='lat' dir='ltr'>ut</span> <span class='ocrx_word' id='word_1_204' title='bbox 562 2188 838 2256; x_wconf 70' lang='lat' dir='ltr'>Zachaaus,</span> <span class='ocrx_word' id='word_1_205' title='bbox 873 2190 1129 2260; x_wconf 90' lang='lat' dir='ltr'>simplum</span> <span class='ocrx_word' id='word_1_206' title='bbox 1159 2191 1373 2259; x_wconf 82' lang='lat' dir='ltr'>saltem,</span> <span class='ocrx_word' id='word_1_207' title='bbox 1407 2194 1452 2247; x_wconf 92' lang='lat' dir='ltr'>si</span> <span class='ocrx_word' id='word_1_208' title='bbox 1481 2194 1641 2248; x_wconf 86' lang='lat' dir='ltr'>habet</span> <span class='ocrx_word' id='word_1_209' title='bbox 1675 2194 1836 2259; x_wconf 90' lang='lat' dir='ltr'>unde,</span> <span class='ocrx_word' id='word_1_210' title='bbox 1870 2191 2172 2248; x_wconf 88' lang='lat' dir='ltr'>restituere.</span> <span class='ocrx_word' id='word_1_211' title='bbox 2224 2192 2292 2245; x_wconf 89' lang='lat' dir='ltr'>Et</span> <span class='ocrx_word' id='word_1_212' title='bbox 2332 2192 2456 2262; x_wconf 90' lang='lat' dir='ltr'>quia</span> <span class='ocrx_word' id='word_1_213' title='bbox 2485 2193 2926 2264; x_wconf 76' lang='lat' dir='ltr'>congregationis</span> <span class='ocrx_word' id='word_1_214' title='bbox 2957 2194 3116 2262; x_wconf 87' lang='lat' dir='ltr'>hujus</span> <span class='ocrx_word' id='word_1_215' title='bbox 3147 2203 3345 2265; x_wconf 87' lang='lat' dir='ltr'>quotus</span> <span class='ocrx_word' id='word_1_216' title='bbox 3375 2211 3469 2251; x_wconf 88' lang='lat' dir='ltr'>es-</span> 
     </span>
    </p>
   </div>
   <div class='ocr_carea' id='block_1_23' title="bbox 168 2283 2964 2363">
    <p class='ocr_par' dir='ltr' id='par_1_23' title="bbox 168 2283 2964 2363">
     <span class='ocr_line' id='line_1_23' title="bbox 168 2283 2964 2363; baseline 0.003 -29"><span class='ocrx_word' id='word_1_217' title='bbox 168 2290 247 2336; x_wconf 88' lang='lat' dir='ltr'>set</span> <span class='ocrx_word' id='word_1_218' title='bbox 277 2283 479 2338; x_wconf 89' lang='lat' dir='ltr'>debeat</span> <span class='ocrx_word' id='word_1_219' title='bbox 508 2293 688 2340; x_wconf 91' lang='lat' dir='ltr'>certus</span> <span class='ocrx_word' id='word_1_220' title='bbox 719 2295 801 2341; x_wconf 92' lang='lat' dir='ltr'>est</span> <span class='ocrx_word' id='word_1_221' title='bbox 828 2304 1104 2353; x_wconf 88' lang='lat' dir='ltr'>numerus,</span> <span class='ocrx_word' id='word_1_222' title='bbox 1137 2297 1318 2345; x_wconf 91' lang='lat' dir='ltr'>certus</span> <span class='ocrx_word' id='word_1_223' title='bbox 1347 2291 1414 2356; x_wconf 91' lang='lat' dir='ltr'>ei,</span> <span class='ocrx_word' id='word_1_224' title='bbox 1448 2307 1620 2363; x_wconf 88' lang='lat' dir='ltr'>usque</span> <span class='ocrx_word' id='word_1_225' title='bbox 1652 2291 1721 2345; x_wconf 92' lang='lat' dir='ltr'>ad</span> <span class='ocrx_word' id='word_1_226' title='bbox 1752 2305 1914 2362; x_wconf 88' lang='lat' dir='ltr'>quem</span> <span class='ocrx_word' id='word_1_227' title='bbox 1946 2289 2133 2344; x_wconf 84' lang='lat' dir='ltr'>venire</span> <span class='ocrx_word' id='word_1_228' title='bbox 2164 2287 2380 2351; x_wconf 90' lang='lat' dir='ltr'>debeat,</span> <span class='ocrx_word' id='word_1_229' title='bbox 2413 2287 2572 2341; x_wconf 88' lang='lat' dir='ltr'>datur</span> <span class='ocrx_word' id='word_1_230' title='bbox 2603 2296 2656 2343; x_wconf 92' lang='lat' dir='ltr'>et</span> <span class='ocrx_word' id='word_1_231' title='bbox 2685 2288 2964 2343; x_wconf 88' lang='lat' dir='ltr'>terminus.</span> 
     </span>
    </p>
   </div>
   <div class='ocr_carea' id='block_1_24' title="bbox 1576 2412 2146 2468">
    <p class='ocr_par' dir='ltr' id='par_1_24' title="bbox 1576 2412 2146 2468">
     <span class='ocr_line' id='line_1_24' title="bbox 1576 2412 2146 2468; baseline -0.004 0"><span class='ocrx_word' id='word_1_232' title='bbox 1576 2412 2146 2468; x_wconf 81' lang='lat' dir='ltr'>COMMENTARIUS.</span> 
     </span>
    </p>
   </div>
   <div class='ocr_carea' id='block_1_25' title="bbox 168 2504 3464 2582">
    <p class='ocr_par' dir='ltr' id='par_1_25' title="bbox 168 2504 3464 2582">
     <span class='ocr_line' id='line_1_25' title="bbox 168 2504 3464 2582; baseline 0.002 -24"><span class='ocrx_word' id='word_1_233' title='bbox 168 2514 291 2559; x_wconf 91' lang='lat' dir='ltr'>sunt</span> <span class='ocrx_word' id='word_1_234' title='bbox 313 2504 515 2559; x_wconf 86' lang='lat' dir='ltr'>fratres</span> <span class='ocrx_word' id='word_1_235' title='bbox 544 2505 664 2560; x_wconf 90' lang='lat' dir='ltr'>laici</span> <span class='ocrx_word' id='word_1_236' title='bbox 693 2513 821 2577; x_wconf 93' lang='lat' dir='ltr'>quot</span> <span class='ocrx_word' id='word_1_237' title='bbox 869 2508 1136 2562; x_wconf 89' lang='lat' dir='ltr'>monachi.</span> <span class='ocrx_word' id='word_1_238' title='bbox 1195 2509 1404 2564; x_wconf 85' lang='lat' dir='ltr'>Junctis</span> <span class='ocrx_word' id='word_1_239' title='bbox 1434 2525 1566 2582; x_wconf 90' lang='lat' dir='ltr'>ergo</span> <span class='ocrx_word' id='word_1_240' title='bbox 1603 2510 1764 2564; x_wconf 90' lang='lat' dir='ltr'>simul</span> <span class='ocrx_word' id='word_1_241' title='bbox 1782 2515 1838 2574; x_wconf 87' lang='grc' dir='ltr'><strong>Α</strong></span> <span class='ocrx_word' id='word_1_242' title='bbox 1869 2509 2153 2574; x_wconf 86' lang='lat' dir='ltr'>charitate,</span> <span class='ocrx_word' id='word_1_243' title='bbox 2187 2517 2244 2562; x_wconf 90' lang='lat' dir='ltr'>ut</span> <span class='ocrx_word' id='word_1_244' title='bbox 2294 2524 2476 2562; x_wconf 90' lang='lat' dir='ltr'>eorum</span> <span class='ocrx_word' id='word_1_245' title='bbox 2507 2507 2561 2561; x_wconf 91' lang='lat' dir='ltr'>in</span> <span class='ocrx_word' id='word_1_246' title='bbox 2593 2507 2774 2562; x_wconf 92' lang='lat' dir='ltr'>dando</span> <span class='ocrx_word' id='word_1_247' title='bbox 2834 2507 2908 2561; x_wconf 90' lang='lat' dir='ltr'>illi</span> <span class='ocrx_word' id='word_1_248' title='bbox 2962 2509 3328 2578; x_wconf 89' lang='lat' dir='ltr'>propensionc</span> <span class='ocrx_word' id='word_1_249' title='bbox 3356 2527 3464 2565; x_wconf 88' lang='lat' dir='ltr'>un-</span> 
     </span>
    </p>
   </div>
   <div class='ocr_carea' id='block_1_26' title="bbox 168 2593 1765 2662">
    <p class='ocr_par' dir='ltr' id='par_1_26' title="bbox 168 2593 1765 2662">
     <span class='ocr_line' id='line_1_26' title="bbox 168 2593 1765 2662; baseline 0.004 -16"><span class='ocrx_word' id='word_1_250' title='bbox 168 2593 454 2648; x_wconf 88' lang='lat' dir='ltr'>monachis</span> <span class='ocrx_word' id='word_1_251' title='bbox 486 2594 808 2662; x_wconf 67' lang='lat' dir='ltr'>Carthasim,</span> <span class='ocrx_word' id='word_1_252' title='bbox 843 2595 1111 2652; x_wconf 79' lang='lat' dir='ltr'>Curreriae</span> <span class='ocrx_word' id='word_1_253' title='bbox 1149 2605 1201 2651; x_wconf 94' lang='lat' dir='ltr'>et</span> <span class='ocrx_word' id='word_1_254' title='bbox 1254 2597 1470 2662; x_wconf 89' lang='lat' dir='ltr'>Calesii,</span> <span class='ocrx_word' id='word_1_255' title='bbox 1507 2615 1765 2653; x_wconf 90' lang='lat' dir='ltr'>numerus</span> 
     </span>
    </p>
   </div>
   <div class='ocr_carea' id='block_1_27' title="bbox 166 2682 1762 2756">
    <p class='ocr_par' dir='ltr' id='par_1_27' title="bbox 166 2682 1762 2756">
     <span class='ocr_line' id='line_1_27' title="bbox 166 2682 1762 2756; baseline 0.003 -20"><span class='ocrx_word' id='word_1_256' title='bbox 166 2697 357 2736; x_wconf 90' lang='lat' dir='ltr'>eorum</span> <span class='ocrx_word' id='word_1_257' title='bbox 388 2683 460 2737; x_wconf 89' lang='lat' dir='ltr'>ad</span> <span class='ocrx_word' id='word_1_258' title='bbox 507 2682 894 2753; x_wconf 79' lang='lat' dir='ltr'>quinquaginta</span> <span class='ocrx_word' id='word_1_259' title='bbox 952 2684 1189 2756; x_wconf 90' lang='lat' dir='ltr'>quinque</span> <span class='ocrx_word' id='word_1_260' title='bbox 1239 2686 1454 2742; x_wconf 86' lang='lat' dir='ltr'>circiter</span> <span class='ocrx_word' id='word_1_261' title='bbox 1499 2687 1762 2754; x_wconf 85' lang='lat' dir='ltr'>ascendit,</span> 
     </span>
    </p>
   </div>
   <div class='ocr_carea' id='block_1_28' title="bbox 167 2769 1763 2844">
    <p class='ocr_par' dir='ltr' id='par_1_28' title="bbox 167 2769 1763 2844">
     <span class='ocr_line' id='line_1_28' title="bbox 167 2769 1763 2844; baseline 0.004 -22"><span class='ocrx_word' id='word_1_262' title='bbox 167 2769 392 2824; x_wconf 86' lang='lat' dir='ltr'>lratrum</span> <span class='ocrx_word' id='word_1_263' title='bbox 426 2786 560 2826; x_wconf 90' lang='lat' dir='ltr'>vero</span> <span class='ocrx_word' id='word_1_264' title='bbox 590 2771 812 2826; x_wconf 91' lang='lat' dir='ltr'>totidem</span> <span class='ocrx_word' id='word_1_265' title='bbox 847 2788 859 2826; x_wconf 96' lang='lat'>:</span> <span class='ocrx_word' id='word_1_266' title='bbox 892 2780 945 2826; x_wconf 90' lang='lat' dir='ltr'>et</span> <span class='ocrx_word' id='word_1_267' title='bbox 974 2773 1052 2828; x_wconf 90' lang='lat' dir='ltr'>sic</span> <span class='ocrx_word' id='word_1_268' title='bbox 1099 2773 1279 2828; x_wconf 90' lang='lat' dir='ltr'>totalis</span> <span class='ocrx_word' id='word_1_269' title='bbox 1333 2791 1593 2828; x_wconf 90' lang='lat' dir='ltr'>numerus</span> <span class='ocrx_word' id='word_1_270' title='bbox 1633 2792 1763 2844; x_wconf 90' lang='lat' dir='ltr'>per-</span> 
     </span>
    </p>
   </div>
   <div class='ocr_carea' id='block_1_29' title="bbox 166 2855 1764 2927">
    <p class='ocr_par' dir='ltr' id='par_1_29' title="bbox 166 2855 1764 2927">
     <span class='ocr_line' id='line_1_29' title="bbox 166 2855 1764 2927; baseline 0.003 -19"><span class='ocrx_word' id='word_1_271' title='bbox 166 2870 418 2909; x_wconf 90' lang='lat' dir='ltr'>sonarum</span> <span class='ocrx_word' id='word_1_272' title='bbox 453 2855 678 2921; x_wconf 89' lang='lat' dir='ltr'>ordinis,</span> <span class='ocrx_word' id='word_1_273' title='bbox 711 2856 907 2927; x_wconf 89' lang='lat' dir='ltr'>quibus</span> <span class='ocrx_word' id='word_1_274' title='bbox 937 2866 1234 2912; x_wconf 85' lang='lat' dir='ltr'>conventus</span> <span class='ocrx_word' id='word_1_275' title='bbox 1268 2859 1571 2914; x_wconf 82' lang='lat' dir='ltr'>Carthusiae</span> <span class='ocrx_word' id='word_1_276' title='bbox 1620 2859 1764 2913; x_wconf 90' lang='lat' dir='ltr'>intus</span> 
     </span>
    </p>
   </div>
   <div class='ocr_carea' id='block_1_30' title="bbox 166 2944 1760 3014">
    <p class='ocr_par' dir='ltr' id='par_1_30' title="bbox 166 2944 1760 3014">
     <span class='ocr_line' id='line_1_30' title="bbox 166 2944 1760 3014; baseline 0.003 -17"><span class='ocrx_word' id='word_1_277' title='bbox 166 2952 214 2997; x_wconf 91' lang='lat' dir='ltr'>et</span> <span class='ocrx_word' id='word_1_278' title='bbox 236 2952 386 2997; x_wconf 82' lang='lat' dir='ltr'>extra</span> <span class='ocrx_word' id='word_1_279' title='bbox 409 2944 770 3014; x_wconf 92' lang='lat' dir='ltr'>componitur,</span> <span class='ocrx_word' id='word_1_280' title='bbox 796 2945 864 2998; x_wconf 91' lang='lat' dir='ltr'>ad</span> <span class='ocrx_word' id='word_1_281' title='bbox 883 2953 1098 3000; x_wconf 88' lang='lat' dir='ltr'>centum</span> <span class='ocrx_word' id='word_1_282' title='bbox 1118 2954 1168 3000; x_wconf 88' lang='lat' dir='ltr'>et</span> <span class='ocrx_word' id='word_1_283' title='bbox 1204 2946 1396 3002; x_wconf 89' lang='lat' dir='ltr'>decem</span> <span class='ocrx_word' id='word_1_284' title='bbox 1438 2948 1760 3002; x_wconf 87' lang='lat' dir='ltr'>extenditur.</span> 
     </span>
    </p>
   </div>
   <div class='ocr_carea' id='block_1_31' title="bbox 235 3031 1763 3107">
    <p class='ocr_par' dir='ltr' id='par_1_31' title="bbox 235 3031 1763 3107">
     <span class='ocr_line' id='line_1_31' title="bbox 235 3031 1763 3107; baseline 0.003 -21"><span class='ocrx_word' id='word_1_285' title='bbox 235 3031 344 3086; x_wconf 86' lang='lat' dir='ltr'>Sed</span> <span class='ocrx_word' id='word_1_286' title='bbox 375 3040 584 3087; x_wconf 90' lang='lat' dir='ltr'>restant</span> <span class='ocrx_word' id='word_1_287' title='bbox 613 3032 792 3088; x_wconf 88' lang='lat' dir='ltr'>adhuc</span> <span class='ocrx_word' id='word_1_288' title='bbox 821 3041 1035 3089; x_wconf 91' lang='lat' dir='ltr'>centum</span> <span class='ocrx_word' id='word_1_289' title='bbox 1067 3043 1120 3089; x_wconf 90' lang='lat' dir='ltr'>et.</span> <span class='ocrx_word' id='word_1_290' title='bbox 1168 3035 1534 3107; x_wconf 78' lang='lat' dir='ltr'>quadraginta</span> <span class='ocrx_word' id='word_1_291' title='bbox 1591 3037 1763 3106; x_wconf 89' lang='lat' dir='ltr'>capita</span> 
     </span>
    </p>
   </div>
   <div class='ocr_carea' id='block_1_32' title="bbox 166 3121 1759 3194">
    <p class='ocr_par' dir='ltr' id='par_1_32' title="bbox 166 3121 1759 3194">
     <span class='ocr_line' id='line_1_32' title="bbox 166 3121 1759 3194; baseline 0.004 -21"><span class='ocrx_word' id='word_1_292' title='bbox 166 3127 222 3172; x_wconf 90' lang='lat' dir='ltr'>ut</span> <span class='ocrx_word' id='word_1_293' title='bbox 250 3136 510 3174; x_wconf 88' lang='lat' dir='ltr'>numerus</span> <span class='ocrx_word' id='word_1_294' title='bbox 540 3121 818 3175; x_wconf 87' lang='lat' dir='ltr'>hominum</span> <span class='ocrx_word' id='word_1_295' title='bbox 876 3137 1042 3192; x_wconf 85' lang='lat' dir='ltr'>supra</span> <span class='ocrx_word' id='word_1_296' title='bbox 1085 3123 1395 3193; x_wconf 88' lang='lat' dir='ltr'>assignatus</span> <span class='ocrx_word' id='word_1_297' title='bbox 1451 3123 1759 3194; x_wconf 81' lang='lat' dir='ltr'>impleatur.</span> 
     </span>
    </p>
   </div>
   <div class='ocr_carea' id='block_1_33' title="bbox 163 3207 1764 3280">
    <p class='ocr_par' dir='ltr' id='par_1_33' title="bbox 163 3207 1764 3280">
     <span class='ocr_line' id='line_1_33' title="bbox 163 3207 1764 3280; baseline 0.004 -19"><span class='ocrx_word' id='word_1_298' title='bbox 163 3207 303 3276; x_wconf 86' lang='lat' dir='ltr'>Quid</span> <span class='ocrx_word' id='word_1_299' title='bbox 349 3225 491 3280; x_wconf 85' lang='lat' dir='ltr'>Opus</span> <span class='ocrx_word' id='word_1_300' title='bbox 522 3217 605 3264; x_wconf 94' lang='lat' dir='ltr'>est</span> <span class='ocrx_word' id='word_1_301' title='bbox 632 3209 787 3264; x_wconf 90' lang='lat' dir='ltr'>vobis</span> <span class='ocrx_word' id='word_1_302' title='bbox 814 3217 887 3265; x_wconf 89' lang='lat' dir='ltr'>tot</span> <span class='ocrx_word' id='word_1_303' title='bbox 938 3213 1308 3266; x_wconf 89' lang='lat' dir='ltr'>mercenarios</span> <span class='ocrx_word' id='word_1_304' title='bbox 1343 3219 1396 3266; x_wconf 91' lang='lat' dir='ltr'>et</span> <span class='ocrx_word' id='word_1_305' title='bbox 1440 3220 1515 3267; x_wconf 92' lang='lat' dir='ltr'>tot</span> <span class='ocrx_word' id='word_1_306' title='bbox 1573 3229 1764 3268; x_wconf 84' lang='lat' dir='ltr'>servos</span> 
     </span>
    </p>
   </div>
   <div class='ocr_carea' id='block_1_34' title="bbox 163 3295 1761 3369">
    <p class='ocr_par' dir='ltr' id='par_1_34' title="bbox 163 3295 1761 3369">
     <span class='ocr_line' id='line_1_34' title="bbox 163 3295 1761 3369; baseline 0.005 -20"><span class='ocrx_word' id='word_1_307' title='bbox 163 3295 365 3352; x_wconf 87' lang='lat' dir='ltr'>habere</span> <span class='ocrx_word' id='word_1_308' title='bbox 385 3295 414 3350; x_wconf 82' lang='lat'><strong>?</strong></span> <span class='ocrx_word' id='word_1_309' title='bbox 447 3296 565 3352; x_wconf 89' lang='lat' dir='ltr'>Ohl</span> <span class='ocrx_word' id='word_1_310' title='bbox 594 3298 639 3351; x_wconf 92' lang='lat' dir='ltr'>si</span> <span class='ocrx_word' id='word_1_311' title='bbox 669 3297 779 3368; x_wconf 91' lang='lat' dir='ltr'>qui,</span> <span class='ocrx_word' id='word_1_312' title='bbox 813 3298 959 3364; x_wconf 92' lang='lat' dir='ltr'>inde,</span> <span class='ocrx_word' id='word_1_313' title='bbox 991 3299 1059 3354; x_wconf 93' lang='lat' dir='ltr'>de</span> <span class='ocrx_word' id='word_1_314' title='bbox 1089 3299 1459 3369; x_wconf 82' lang='lat' dir='ltr'>superfluitate</span> <span class='ocrx_word' id='word_1_315' title='bbox 1482 3317 1761 3356; x_wconf 81' lang='lat' dir='ltr'>servorum</span> 
     </span>
    </p>
   </div>
   <div class='ocr_carea' id='block_1_35' title="bbox 161 3385 1759 3460">
    <p class='ocr_par' dir='ltr' id='par_1_35' title="bbox 161 3385 1759 3460">
     <span class='ocr_line' id='line_1_35' title="bbox 161 3385 1759 3460; baseline 0.006 -23"><span class='ocrx_word' id='word_1_316' title='bbox 161 3385 360 3439; x_wconf 87' lang='lat' dir='ltr'>vellent</span> <span class='ocrx_word' id='word_1_317' title='bbox 389 3401 492 3440; x_wconf 93' lang='lat' dir='ltr'>nos</span> <span class='ocrx_word' id='word_1_318' title='bbox 521 3401 774 3458; x_wconf 83' lang='lat' dir='ltr'>arguere,</span> <span class='ocrx_word' id='word_1_319' title='bbox 806 3403 1050 3441; x_wconf 90' lang='lat' dir='ltr'>eremum</span> <span class='ocrx_word' id='word_1_320' title='bbox 1069 3387 1228 3442; x_wconf 90' lang='lat' dir='ltr'>istam</span> <span class='ocrx_word' id='word_1_321' title='bbox 1257 3389 1328 3442; x_wconf 92' lang='lat' dir='ltr'>ad</span> <span class='ocrx_word' id='word_1_322' title='bbox 1358 3397 1573 3460; x_wconf 87' lang='lat' dir='ltr'>tempus</span> <span class='ocrx_word' id='word_1_323' title='bbox 1601 3389 1759 3446; x_wconf 91' lang='lat' dir='ltr'>inco-</span> 
     </span>
    </p>
   </div>
   <div class='ocr_carea' id='block_1_36' title="bbox 162 3472 1759 3548">
    <p class='ocr_par' dir='ltr' id='par_1_36' title="bbox 162 3472 1759 3548">
     <span class='ocr_line' id='line_1_36' title="bbox 162 3472 1759 3548; baseline 0.005 -23"><span class='ocrx_word' id='word_1_324' title='bbox 162 3472 354 3540; x_wconf 88' lang='lat' dir='ltr'>lerent,</span> <span class='ocrx_word' id='word_1_325' title='bbox 388 3473 484 3528; x_wconf 89' lang='lat' dir='ltr'>ubi</span> <span class='ocrx_word' id='word_1_326' title='bbox 516 3482 740 3544; x_wconf 88' lang='lat' dir='ltr'>propter</span> <span class='ocrx_word' id='word_1_327' title='bbox 765 3475 976 3530; x_wconf 85' lang='lat' dir='ltr'>viarum</span> <span class='ocrx_word' id='word_1_328' title='bbox 1029 3483 1082 3530; x_wconf 92' lang='lat' dir='ltr'>et</span> <span class='ocrx_word' id='word_1_329' title='bbox 1123 3475 1369 3531; x_wconf 92' lang='lat' dir='ltr'>locorum</span> <span class='ocrx_word' id='word_1_330' title='bbox 1437 3478 1759 3548; x_wconf 88' lang='lat' dir='ltr'>asperitates</span> 
     </span>
    </p>
   </div>
   <div class='ocr_carea' id='block_1_37' title="bbox 159 3560 1757 3637">
    <p class='ocr_par' dir='ltr' id='par_1_37' title="bbox 159 3560 1757 3637">
     <span class='ocr_line' id='line_1_37' title="bbox 159 3560 1757 3637; baseline 0.004 -23"><span class='ocrx_word' id='word_1_331' title='bbox 159 3568 211 3615; x_wconf 93' lang='lat' dir='ltr'>et</span> <span class='ocrx_word' id='word_1_332' title='bbox 238 3560 654 3632; x_wconf 67' lang='lat' dir='ltr'>inmqualitales,</span> <span class='ocrx_word' id='word_1_333' title='bbox 685 3563 902 3618; x_wconf 89' lang='lat' dir='ltr'>nonnisi</span> <span class='ocrx_word' id='word_1_334' title='bbox 950 3580 1150 3636; x_wconf 88' lang='lat' dir='ltr'>magno</span> <span class='ocrx_word' id='word_1_335' title='bbox 1181 3564 1367 3619; x_wconf 90' lang='lat' dir='ltr'>labore</span> <span class='ocrx_word' id='word_1_336' title='bbox 1424 3582 1592 3636; x_wconf 89' lang='lat' dir='ltr'>opera</span> <span class='ocrx_word' id='word_1_337' title='bbox 1623 3582 1757 3637; x_wconf 92' lang='lat' dir='ltr'>pos-</span> 
     </span>
    </p>
   </div>
   <div class='ocr_carea' id='block_1_38' title="bbox 161 3649 1759 3723">
    <p class='ocr_par' dir='ltr' id='par_1_38' title="bbox 161 3649 1759 3723">
     <span class='ocr_line' id='line_1_38' title="bbox 161 3649 1759 3723; baseline 0.004 -21"><span class='ocrx_word' id='word_1_338' title='bbox 161 3657 284 3702; x_wconf 89' lang='lat' dir='ltr'>sunt</span> <span class='ocrx_word' id='word_1_339' title='bbox 312 3649 526 3720; x_wconf 81' lang='lat' dir='ltr'>perfici,</span> <span class='ocrx_word' id='word_1_340' title='bbox 560 3650 615 3704; x_wconf 92' lang='lat' dir='ltr'>in</span> <span class='ocrx_word' id='word_1_341' title='bbox 646 3650 799 3706; x_wconf 89' lang='lat' dir='ltr'>brevi</span> <span class='ocrx_word' id='word_1_342' title='bbox 830 3651 1102 3706; x_wconf 90' lang='lat' dir='ltr'>silentium</span> <span class='ocrx_word' id='word_1_343' title='bbox 1128 3652 1232 3706; x_wconf 90' lang='lat' dir='ltr'>sibi</span> <span class='ocrx_word' id='word_1_344' title='bbox 1271 3652 1631 3723; x_wconf 89' lang='lat' dir='ltr'>imponerent.</span> <span class='ocrx_word' id='word_1_345' title='bbox 1673 3655 1759 3709; x_wconf 84' lang='lat' dir='ltr'>Ad</span> 
     </span>
    </p>
   </div>
   <div class='ocr_carea' id='block_1_39' title="bbox 159 3740 1758 3814">
    <p class='ocr_par' dir='ltr' id='par_1_39' title="bbox 159 3740 1758 3814">
     <span class='ocr_line' id='line_1_39' title="bbox 159 3740 1758 3814; baseline 0.004 -23"><span class='ocrx_word' id='word_1_346' title='bbox 159 3752 322 3792; x_wconf 91' lang='lat' dir='ltr'>onera</span> <span class='ocrx_word' id='word_1_347' title='bbox 379 3747 587 3792; x_wconf 89' lang='lat' dir='ltr'>tantum</span> <span class='ocrx_word' id='word_1_348' title='bbox 617 3740 864 3800; x_wconf 81' lang='lat' dir='ltr'>vehenda</span> <span class='ocrx_word' id='word_1_349' title='bbox 908 3741 1031 3810; x_wconf 91' lang='lat' dir='ltr'>plus</span> <span class='ocrx_word' id='word_1_350' title='bbox 1073 3757 1232 3812; x_wconf 90' lang='lat' dir='ltr'>quam</span> <span class='ocrx_word' id='word_1_351' title='bbox 1291 3741 1482 3812; x_wconf 80' lang='lat' dir='ltr'>viginti</span> <span class='ocrx_word' id='word_1_352' title='bbox 1521 3742 1758 3814; x_wconf 88' lang='lat' dir='ltr'>quinque</span> 
     </span>
    </p>
   </div>
   <div class='ocr_carea' id='block_1_40' title="bbox 160 3827 1830 3927">
    <p class='ocr_par' dir='ltr' id='par_1_40' title="bbox 160 3827 1830 3927">
     <span class='ocr_line' id='line_1_40' title="bbox 160 3827 1830 3927; baseline 0.005 -48"><span class='ocrx_word' id='word_1_353' title='bbox 160 3827 332 3880; x_wconf 91' lang='lat' dir='ltr'>servis</span> <span class='ocrx_word' id='word_1_354' title='bbox 377 3827 714 3883; x_wconf 88' lang='lat' dir='ltr'>incessanter</span> <span class='ocrx_word' id='word_1_355' title='bbox 768 3829 1255 3900; x_wconf 84' lang='lat' dir='ltr'>Operantibus;ad</span> <span class='ocrx_word' id='word_1_356' title='bbox 1319 3829 1471 3901; x_wconf 89' lang='lat' dir='ltr'>ligna</span> <span class='ocrx_word' id='word_1_357' title='bbox 1529 3847 1830 3927; x_wconf 83' lang='lat' dir='ltr'>compo-B</span> 
     </span>
    </p>
   </div>
   <div class='ocr_carea' id='block_1_41' title="bbox 159 3915 1754 3988">
    <p class='ocr_par' dir='ltr' id='par_1_41' title="bbox 159 3915 1754 3988">
     <span class='ocr_line' id='line_1_41' title="bbox 159 3915 1754 3988; baseline 0.005 -21"><span class='ocrx_word' id='word_1_358' title='bbox 159 3915 334 3968; x_wconf 89' lang='lat' dir='ltr'>nenda</span> <span class='ocrx_word' id='word_1_359' title='bbox 366 3923 418 3970; x_wconf 90' lang='lat' dir='ltr'>et</span> <span class='ocrx_word' id='word_1_360' title='bbox 449 3915 766 3981; x_wconf 89' lang='lat' dir='ltr'>scindenda,</span> <span class='ocrx_word' id='word_1_361' title='bbox 814 3925 924 3971; x_wconf 90' lang='lat' dir='ltr'>tum</span> <span class='ocrx_word' id='word_1_362' title='bbox 954 3917 1023 3972; x_wconf 91' lang='lat' dir='ltr'>ad</span> <span class='ocrx_word' id='word_1_363' title='bbox 1053 3917 1256 3988; x_wconf 84' lang='lat' dir='ltr'>ignem,</span> <span class='ocrx_word' id='word_1_364' title='bbox 1309 3925 1422 3972; x_wconf 93' lang='lat' dir='ltr'>tum</span> <span class='ocrx_word' id='word_1_365' title='bbox 1450 3919 1518 3973; x_wconf 90' lang='lat' dir='ltr'>ad</span> <span class='ocrx_word' id='word_1_366' title='bbox 1557 3920 1754 3975; x_wconf 87' lang='lat' dir='ltr'>dolan-</span> 
     </span>
    </p>
   </div>
   <div class='ocr_carea' id='block_1_42' title="bbox 157 4003 1758 4078">
    <p class='ocr_par' dir='ltr' id='par_1_42' title="bbox 157 4003 1758 4078">
     <span class='ocr_line' id='line_1_42' title="bbox 157 4003 1758 4078; baseline 0.005 -22"><span class='ocrx_word' id='word_1_367' title='bbox 157 4003 304 4071; x_wconf 91' lang='lat' dir='ltr'>dum,</span> <span class='ocrx_word' id='word_1_368' title='bbox 337 4011 452 4058; x_wconf 91' lang='lat' dir='ltr'>tum</span> <span class='ocrx_word' id='word_1_369' title='bbox 502 4012 643 4060; x_wconf 90' lang='lat' dir='ltr'>tecta</span> <span class='ocrx_word' id='word_1_370' title='bbox 689 4005 1040 4077; x_wconf 87' lang='lat' dir='ltr'>grangiarum</span> <span class='ocrx_word' id='word_1_371' title='bbox 1107 4006 1423 4076; x_wconf 88' lang='lat' dir='ltr'>sarcienda,</span> <span class='ocrx_word' id='word_1_372' title='bbox 1473 4015 1604 4076; x_wconf 90' lang='lat' dir='ltr'>etc.,</span> <span class='ocrx_word' id='word_1_373' title='bbox 1637 4008 1758 4078; x_wconf 92' lang='lat' dir='ltr'>plus</span> 
     </span>
    </p>
   </div>
   <div class='ocr_carea' id='block_1_43' title="bbox 156 4092 1758 4166">
    <p class='ocr_par' dir='ltr' id='par_1_43' title="bbox 156 4092 1758 4166">
     <span class='ocr_line' id='line_1_43' title="bbox 156 4092 1758 4166; baseline 0.004 -21"><span class='ocrx_word' id='word_1_374' title='bbox 156 4106 316 4160; x_wconf 87' lang='lat' dir='ltr'>quam</span> <span class='ocrx_word' id='word_1_375' title='bbox 377 4092 736 4164; x_wconf 83' lang='lat' dir='ltr'>quadraginta</span> <span class='ocrx_word' id='word_1_376' title='bbox 775 4093 944 4148; x_wconf 84' lang='lat' dir='ltr'>fabris</span> <span class='ocrx_word' id='word_1_377' title='bbox 1000 4093 1272 4166; x_wconf 85' lang='lat' dir='ltr'>lignariis,</span> <span class='ocrx_word' id='word_1_378' title='bbox 1308 4097 1668 4150; x_wconf 66' lang='lat' dir='ltr'>caementariis</span> <span class='ocrx_word' id='word_1_379' title='bbox 1703 4106 1758 4152; x_wconf 93' lang='lat' dir='ltr'>et</span> 
     </span>
    </p>
   </div>
   <div class='ocr_carea' id='block_1_44' title="bbox 155 4181 1756 4253">
    <p class='ocr_par' dir='ltr' id='par_1_44' title="bbox 155 4181 1756 4253">
     <span class='ocr_line' id='line_1_44' title="bbox 155 4181 1756 4253; baseline 0.006 -22"><span class='ocrx_word' id='word_1_380' title='bbox 155 4181 508 4235; x_wconf 87' lang='lat' dir='ltr'>mercenariis</span> <span class='ocrx_word' id='word_1_381' title='bbox 564 4181 818 4236; x_wconf 90' lang='lat' dir='ltr'>continue</span> <span class='ocrx_word' id='word_1_382' title='bbox 865 4183 1146 4252; x_wconf 89' lang='lat' dir='ltr'>occupatis</span> <span class='ocrx_word' id='word_1_383' title='bbox 1195 4199 1333 4253; x_wconf 91' lang='lat' dir='ltr'>opus</span> <span class='ocrx_word' id='word_1_384' title='bbox 1391 4193 1509 4250; x_wconf 90' lang='lat' dir='ltr'>est;</span> <span class='ocrx_word' id='word_1_385' title='bbox 1543 4185 1611 4239; x_wconf 89' lang='lat' dir='ltr'>ad</span> <span class='ocrx_word' id='word_1_386' title='bbox 1640 4185 1756 4240; x_wconf 86' lang='lat' dir='ltr'>ani-</span> 
     </span>
    </p>
   </div>
   <div class='ocr_carea' id='block_1_45' title="bbox 155 4268 1755 4340">
    <p class='ocr_par' dir='ltr' id='par_1_45' title="bbox 155 4268 1755 4340">
     <span class='ocr_line' id='line_1_45' title="bbox 155 4268 1755 4340; baseline 0.005 -20"><span class='ocrx_word' id='word_1_387' title='bbox 155 4268 315 4322; x_wconf 89' lang='lat' dir='ltr'>malia</span> <span class='ocrx_word' id='word_1_388' title='bbox 335 4269 615 4339; x_wconf 87' lang='lat' dir='ltr'>pascenda</span> <span class='ocrx_word' id='word_1_389' title='bbox 639 4278 692 4325; x_wconf 93' lang='lat' dir='ltr'>et</span> <span class='ocrx_word' id='word_1_390' title='bbox 719 4271 1053 4340; x_wconf 89' lang='lat' dir='ltr'>providenda</span> <span class='ocrx_word' id='word_1_391' title='bbox 1075 4287 1299 4326; x_wconf 90' lang='lat' dir='ltr'>numero</span> <span class='ocrx_word' id='word_1_392' title='bbox 1321 4273 1562 4327; x_wconf 89' lang='lat' dir='ltr'>notabili.</span> <span class='ocrx_word' id='word_1_393' title='bbox 1594 4274 1755 4328; x_wconf 89' lang='lat' dir='ltr'>Certe</span> 
     </span>
    </p>
   </div>
   <div class='ocr_carea' id='block_1_46' title="bbox 157 4357 1755 4432">
    <p class='ocr_par' dir='ltr' id='par_1_46' title="bbox 157 4357 1755 4432">
     <span class='ocr_line' id='line_1_46' title="bbox 157 4357 1755 4432; baseline 0.004 -22"><span class='ocrx_word' id='word_1_394' title='bbox 157 4364 369 4427; x_wconf 80' lang='lat' dir='ltr'>tempus</span> <span class='ocrx_word' id='word_1_395' title='bbox 426 4357 557 4411; x_wconf 92' lang='lat' dir='ltr'>mihi</span> <span class='ocrx_word' id='word_1_396' title='bbox 585 4358 642 4412; x_wconf 92' lang='lat' dir='ltr'>in</span> <span class='ocrx_word' id='word_1_397' title='bbox 698 4359 970 4413; x_wconf 89' lang='lat' dir='ltr'>narrando</span> <span class='ocrx_word' id='word_1_398' title='bbox 1023 4358 1299 4426; x_wconf 77' lang='lat' dir='ltr'>deficeret,</span> <span class='ocrx_word' id='word_1_399' title='bbox 1332 4369 1384 4416; x_wconf 93' lang='lat' dir='ltr'>et</span> <span class='ocrx_word' id='word_1_400' title='bbox 1413 4361 1536 4431; x_wconf 92' lang='lat' dir='ltr'>plus</span> <span class='ocrx_word' id='word_1_401' title='bbox 1590 4377 1755 4432; x_wconf 87' lang='lat' dir='ltr'>quam</span> 
     </span>
    </p>
   </div>
   <div class='ocr_carea' id='block_1_47' title="bbox 153 4443 1754 4520">
    <p class='ocr_par' dir='ltr' id='par_1_47' title="bbox 153 4443 1754 4520">
     <span class='ocr_line' id='line_1_47' title="bbox 153 4443 1754 4520; baseline 0.004 -22"><span class='ocrx_word' id='word_1_402' title='bbox 153 4443 344 4500; x_wconf 91' lang='lat' dir='ltr'>decem</span> <span class='ocrx_word' id='word_1_403' title='bbox 373 4453 465 4499; x_wconf 91' lang='lat' dir='ltr'>aut</span> <span class='ocrx_word' id='word_1_404' title='bbox 494 4445 803 4517; x_wconf 91' lang='lat' dir='ltr'>quindecim</span> <span class='ocrx_word' id='word_1_405' title='bbox 850 4463 1014 4518; x_wconf 88' lang='lat' dir='ltr'>supra</span> <span class='ocrx_word' id='word_1_406' title='bbox 1071 4464 1359 4503; x_wconf 88' lang='lat' dir='ltr'>numerum</span> <span class='ocrx_word' id='word_1_407' title='bbox 1413 4449 1754 4520; x_wconf 84' lang='lat' dir='ltr'>designatum</span> 
     </span>
    </p>
   </div>
   <div class='ocr_carea' id='block_1_48' title="bbox 155 4533 1751 4606">
    <p class='ocr_par' dir='ltr' id='par_1_48' title="bbox 155 4533 1751 4606">
     <span class='ocr_line' id='line_1_48' title="bbox 155 4533 1751 4606; baseline 0.003 -19"><span class='ocrx_word' id='word_1_408' title='bbox 155 4533 468 4604; x_wconf 89' lang='lat' dir='ltr'>reperirem,</span> <span class='ocrx_word' id='word_1_409' title='bbox 529 4534 574 4588; x_wconf 89' lang='lat' dir='ltr'>si</span> <span class='ocrx_word' id='word_1_410' title='bbox 629 4534 901 4606; x_wconf 90' lang='lat' dir='ltr'>capitatim</span> <span class='ocrx_word' id='word_1_411' title='bbox 958 4551 1249 4593; x_wconf 89' lang='lat' dir='ltr'>recensere</span> <span class='ocrx_word' id='word_1_412' title='bbox 1305 4536 1429 4592; x_wconf 92' lang='lat' dir='ltr'>illos</span> <span class='ocrx_word' id='word_1_413' title='bbox 1487 4537 1576 4593; x_wconf 89' lang='lat' dir='ltr'>hic</span> <span class='ocrx_word' id='word_1_414' title='bbox 1633 4538 1751 4594; x_wconf 88' lang='lat' dir='ltr'>vel-</span> 
     </span>
    </p>
   </div>
   <div class='ocr_carea' id='block_1_49' title="bbox 156 4619 282 4675">
    <p class='ocr_par' dir='ltr' id='par_1_49' title="bbox 156 4619 282 4675">
     <span class='ocr_line' id='line_1_49' title="bbox 156 4619 282 4675; baseline 0.016 -2"><span class='ocrx_word' id='word_1_415' title='bbox 156 4619 282 4675; x_wconf 91' lang='lat' dir='ltr'>lem.</span> 
     </span>
    </p>
   </div>
   <div class='ocr_carea' id='block_1_50' title="bbox 221 4709 1752 4770">
    <p class='ocr_par' dir='ltr' id='par_1_50' title="bbox 221 4709 1752 4770">
     <span class='ocr_line' id='line_1_50' title="bbox 221 4709 1752 4770; baseline 0.005 -7"><span class='ocrx_word' id='word_1_416' title='bbox 221 4709 277 4763; x_wconf 92' lang='lat' dir='ltr'>Si</span> <span class='ocrx_word' id='word_1_417' title='bbox 309 4725 444 4764; x_wconf 91' lang='lat' dir='ltr'>vero</span> <span class='ocrx_word' id='word_1_418' title='bbox 474 4709 558 4764; x_wconf 85' lang='lat' dir='ltr'>his</span> <span class='ocrx_word' id='word_1_419' title='bbox 588 4711 841 4766; x_wconf 90' lang='lat' dir='ltr'>omnibus</span> <span class='ocrx_word' id='word_1_420' title='bbox 872 4711 1098 4767; x_wconf 90' lang='lat' dir='ltr'>addatur</span> <span class='ocrx_word' id='word_1_421' title='bbox 1123 4729 1378 4768; x_wconf 89' lang='lat' dir='ltr'>numerus</span> <span class='ocrx_word' id='word_1_422' title='bbox 1426 4713 1752 4770; x_wconf 90' lang='lat' dir='ltr'>latomorum</span> 
     </span>
    </p>
   </div>
   <div class='ocr_carea' id='block_1_51' title="bbox 153 4791 1751 4872">
    <p class='ocr_par' dir='ltr' id='par_1_51' title="bbox 153 4791 1751 4872">
     <span class='ocr_line' id='line_1_51' title="bbox 153 4791 1751 4872; baseline 0.004 -21"><span class='ocrx_word' id='word_1_423' title='bbox 153 4805 203 4851; x_wconf 92' lang='lat' dir='ltr'>et</span> <span class='ocrx_word' id='word_1_424' title='bbox 231 4797 532 4864; x_wconf 87' lang='lat' dir='ltr'>fabrorum,</span> <span class='ocrx_word' id='word_1_425' title='bbox 567 4791 657 4870; x_wconf 89' lang='lat' dir='ltr'>qui</span> <span class='ocrx_word' id='word_1_426' title='bbox 688 4799 759 4852; x_wconf 89' lang='lat' dir='ltr'>ab</span> <span class='ocrx_word' id='word_1_427' title='bbox 811 4815 956 4855; x_wconf 89' lang='lat' dir='ltr'>anno</span> <span class='ocrx_word' id='word_1_428' title='bbox 1014 4803 1150 4855; x_wconf 85' lang='grc'>1676</span> <span class='ocrx_word' id='word_1_429' title='bbox 1181 4817 1290 4872; x_wconf 92' lang='lat' dir='ltr'>quo</span> <span class='ocrx_word' id='word_1_430' title='bbox 1350 4803 1547 4858; x_wconf 84' lang='lat' dir='ltr'>accidit</span> <span class='ocrx_word' id='word_1_431' title='bbox 1591 4803 1751 4859; x_wconf 91' lang='lat' dir='ltr'>totale</span> 
     </span>
    </p>
   </div>
   <div class='ocr_carea' id='block_1_52' title="bbox 151 4885 1750 4957">
    <p class='ocr_par' dir='ltr' id='par_1_52' title="bbox 151 4885 1750 4957">
     <span class='ocr_line' id='line_1_52' title="bbox 151 4885 1750 4957; baseline 0.006 -19"><span class='ocrx_word' id='word_1_432' title='bbox 151 4885 480 4952; x_wconf 87' lang='lat' dir='ltr'>incendium,</span> <span class='ocrx_word' id='word_1_433' title='bbox 515 4888 599 4941; x_wconf 93' lang='lat' dir='ltr'>vel</span> <span class='ocrx_word' id='word_1_434' title='bbox 629 4887 810 4957; x_wconf 90' lang='lat' dir='ltr'>potius</span> <span class='ocrx_word' id='word_1_435' title='bbox 853 4889 1170 4943; x_wconf 89' lang='lat' dir='ltr'>iocineratio</span> <span class='ocrx_word' id='word_1_436' title='bbox 1199 4890 1393 4944; x_wconf 90' lang='lat' dir='ltr'>domus</span> <span class='ocrx_word' id='word_1_437' title='bbox 1449 4891 1750 4947; x_wconf 67' lang='lat' dir='ltr'>Carthasim</span> 
     </span>
    </p>
   </div>
   <div class='ocr_carea' id='block_1_53' title="bbox 150 4971 1749 5044">
    <p class='ocr_par' dir='ltr' id='par_1_53' title="bbox 150 4971 1749 5044">
     <span class='ocr_line' id='line_1_53' title="bbox 150 4971 1749 5044; baseline 0.006 -22"><span class='ocrx_word' id='word_1_438' title='bbox 150 4985 322 5041; x_wconf 91' lang='lat' dir='ltr'>usque</span> <span class='ocrx_word' id='word_1_439' title='bbox 370 4971 440 5025; x_wconf 89' lang='lat' dir='ltr'>ad</span> <span class='ocrx_word' id='word_1_440' title='bbox 471 4971 612 5026; x_wconf 90' lang='lat' dir='ltr'>hanc</span> <span class='ocrx_word' id='word_1_441' title='bbox 640 4971 785 5026; x_wconf 90' lang='lat' dir='ltr'>diem</span> <span class='ocrx_word' id='word_1_442' title='bbox 817 4972 1144 5042; x_wconf 88' lang='lat' dir='ltr'>stipendium</span> <span class='ocrx_word' id='word_1_443' title='bbox 1175 4984 1505 5044; x_wconf 88' lang='lat' dir='ltr'>acceperunt</span> <span class='ocrx_word' id='word_1_444' title='bbox 1531 4985 1583 5030; x_wconf 93' lang='lat' dir='ltr'>et</span> <span class='ocrx_word' id='word_1_445' title='bbox 1613 4976 1749 5031; x_wconf 83' lang='lat' dir='ltr'>acci&#39;</span> 
     </span>
    </p>
   </div>
   <div class='ocr_carea' id='block_1_54' title="bbox 150 5056 1748 5133">
    <p class='ocr_par' dir='ltr' id='par_1_54' title="bbox 150 5056 1748 5133">
     <span class='ocr_line' id='line_1_54' title="bbox 150 5056 1748 5133; baseline 0.006 -23"><span class='ocrx_word' id='word_1_446' title='bbox 150 5056 321 5126; x_wconf 91' lang='lat' dir='ltr'>piunt,</span> <span class='ocrx_word' id='word_1_447' title='bbox 357 5059 470 5113; x_wconf 86' lang='lat' dir='ltr'>fere</span> <span class='ocrx_word' id='word_1_448' title='bbox 511 5058 899 5115; x_wconf 91' lang='lat' dir='ltr'>miraculosum</span> <span class='ocrx_word' id='word_1_449' title='bbox 938 5062 1242 5131; x_wconf 88' lang='lat' dir='ltr'>apparebit,</span> <span class='ocrx_word' id='word_1_450' title='bbox 1303 5078 1537 5133; x_wconf 85' lang='lat' dir='ltr'>quonam</span> <span class='ocrx_word' id='word_1_451' title='bbox 1588 5065 1748 5119; x_wconf 90' lang='lat' dir='ltr'>modo</span> 
     </span>
    </p>
   </div>
   <div class='ocr_carea' id='block_1_55' title="bbox 153 5147 1748 5222">
    <p class='ocr_par' dir='ltr' id='par_1_55' title="bbox 153 5147 1748 5222">
     <span class='ocr_line' id='line_1_55' title="bbox 153 5147 1748 5222; baseline 0.006 -24"><span class='ocrx_word' id='word_1_452' title='bbox 153 5154 225 5200; x_wconf 86' lang='lat' dir='ltr'>tot</span> <span class='ocrx_word' id='word_1_453' title='bbox 255 5147 511 5217; x_wconf 88' lang='lat' dir='ltr'>expensis</span> <span class='ocrx_word' id='word_1_454' title='bbox 566 5149 844 5218; x_wconf 87' lang='lat' dir='ltr'>provideri</span> <span class='ocrx_word' id='word_1_455' title='bbox 892 5149 1142 5219; x_wconf 89' lang='lat' dir='ltr'>potuerit.</span> <span class='ocrx_word' id='word_1_456' title='bbox 1184 5152 1254 5204; x_wconf 83' lang='lat' dir='ltr'>At</span> <span class='ocrx_word' id='word_1_457' title='bbox 1308 5167 1415 5205; x_wconf 91' lang='lat' dir='ltr'>non</span> <span class='ocrx_word' id='word_1_458' title='bbox 1467 5159 1748 5222; x_wconf 88' lang='lat' dir='ltr'>tantopere</span> 
     </span>
    </p>
   </div>
   <div class='ocr_carea' id='block_1_56' title="bbox 151 5225 1817 5308">
    <p class='ocr_par' dir='ltr' id='par_1_56' title="bbox 151 5225 1817 5308">
     <span class='ocr_line' id='line_1_56' title="bbox 151 5225 1817 5308; baseline 0.005 -22"><span class='ocrx_word' id='word_1_459' title='bbox 151 5236 480 5304; x_wconf 81' lang='lat' dir='ltr'>stupebant,</span> <span class='ocrx_word' id='word_1_460' title='bbox 514 5236 606 5307; x_wconf 89' lang='lat' dir='ltr'>qui</span> <span class='ocrx_word' id='word_1_461' title='bbox 661 5236 914 5291; x_wconf 89' lang='lat' dir='ltr'>sciverint</span> <span class='ocrx_word' id='word_1_462' title='bbox 974 5247 1174 5308; x_wconf 86' lang='lat' dir='ltr'>quanta</span> <span class='ocrx_word' id='word_1_463' title='bbox 1249 5239 1510 5294; x_wconf 87' lang='lat' dir='ltr'>charitate</span> <span class='ocrx_word' id='word_1_464' title='bbox 1559 5225 1817 5295; x_wconf 86' lang='lat' dir='ltr'>omnesC</span> 
     </span>
    </p>
   </div>
   <div class='ocr_carea' id='block_1_57' title="bbox 151 5324 1749 5384">
    <p class='ocr_par' dir='ltr' id='par_1_57' title="bbox 151 5324 1749 5384">
     <span class='ocr_line' id='line_1_57' title="bbox 151 5324 1749 5384; baseline 0.004 -8"><span class='ocrx_word' id='word_1_465' title='bbox 151 5324 346 5378; x_wconf 90' lang='lat' dir='ltr'>domus</span> <span class='ocrx_word' id='word_1_466' title='bbox 377 5324 585 5378; x_wconf 88' lang='lat' dir='ltr'>ordinis</span> <span class='ocrx_word' id='word_1_467' title='bbox 615 5324 670 5378; x_wconf 91' lang='lat' dir='ltr'>in</span> <span class='ocrx_word' id='word_1_468' title='bbox 701 5326 806 5380; x_wconf 90' lang='lat' dir='ltr'>hoc</span> <span class='ocrx_word' id='word_1_469' title='bbox 854 5342 985 5380; x_wconf 90' lang='lat' dir='ltr'>casu</span> <span class='ocrx_word' id='word_1_470' title='bbox 1033 5327 1188 5380; x_wconf 90' lang='lat' dir='ltr'>matri</span> <span class='ocrx_word' id='word_1_471' title='bbox 1218 5327 1517 5384; x_wconf 78' lang='lat' dir='ltr'>Carthusize</span> <span class='ocrx_word' id='word_1_472' title='bbox 1548 5329 1749 5383; x_wconf 89' lang='lat' dir='ltr'>subve-</span> 
     </span>
    </p>
   </div>
   <div class='ocr_carea' id='block_1_58' title="bbox 149 5412 1741 5485">
    <p class='ocr_par' dir='ltr' id='par_1_58' title="bbox 149 5412 1741 5485">
     <span class='ocr_line' id='line_1_58' title="bbox 149 5412 1741 5485; baseline 0.003 -20"><span class='ocrx_word' id='word_1_473' title='bbox 149 5413 342 5477; x_wconf 89' lang='lat' dir='ltr'>nerint,</span> <span class='ocrx_word' id='word_1_474' title='bbox 374 5412 446 5466; x_wconf 91' lang='lat' dir='ltr'>ita</span> <span class='ocrx_word' id='word_1_475' title='bbox 484 5421 539 5467; x_wconf 90' lang='lat' dir='ltr'>ut</span> <span class='ocrx_word' id='word_1_476' title='bbox 569 5413 845 5467; x_wconf 88' lang='lat' dir='ltr'>nonnullis</span> <span class='ocrx_word' id='word_1_477' title='bbox 875 5414 1060 5469; x_wconf 91' lang='lat' dir='ltr'>dicere</span> <span class='ocrx_word' id='word_1_478' title='bbox 1082 5415 1461 5482; x_wconf 83' lang='lat' dir='ltr'>debuerimus;</span> <span class='ocrx_word' id='word_1_479' title='bbox 1485 5417 1600 5485; x_wconf 86' lang='lat' dir='ltr'>jam</span> <span class='ocrx_word' id='word_1_480' title='bbox 1629 5415 1741 5470; x_wconf 87' lang='lat' dir='ltr'>suf-</span> 
     </span>
    </p>
   </div>
   <div class='ocr_carea' id='block_1_59' title="bbox 1867 2595 3462 2668">
    <p class='ocr_par' dir='ltr' id='par_1_59' title="bbox 1867 2595 3462 2668">
     <span class='ocr_line' id='line_1_59' title="bbox 1867 2595 3462 2668; baseline 0.003 -19"><span class='ocrx_word' id='word_1_481' title='bbox 1867 2613 2027 2668; x_wconf 90' lang='lat' dir='ltr'>quam</span> <span class='ocrx_word' id='word_1_482' title='bbox 2095 2596 2245 2650; x_wconf 90' lang='lat' dir='ltr'>abuti</span> <span class='ocrx_word' id='word_1_483' title='bbox 2306 2595 2605 2661; x_wconf 86' lang='lat' dir='ltr'>voluisset;</span> <span class='ocrx_word' id='word_1_484' title='bbox 2638 2595 2893 2649; x_wconf 90' lang='lat' dir='ltr'>omnibus</span> <span class='ocrx_word' id='word_1_485' title='bbox 2938 2596 3082 2650; x_wconf 88' lang='lat' dir='ltr'>enim</span> <span class='ocrx_word' id='word_1_486' title='bbox 3139 2597 3309 2652; x_wconf 90' lang='lat' dir='ltr'>dicit:</span> <span class='ocrx_word' id='word_1_487' title='bbox 3341 2600 3462 2656; x_wconf 83' lang='lat' dir='ltr'>Non</span> 
     </span>
    </p>
   </div>
   <div class='ocr_carea' id='block_1_60' title="bbox 1868 2683 3462 2756">
    <p class='ocr_par' dir='ltr' id='par_1_60' title="bbox 1868 2683 3462 2756">
     <span class='ocr_line' id='line_1_60' title="bbox 1868 2683 3462 2756; baseline 0 -17"><span class='ocrx_word' id='word_1_488' title='bbox 1868 2686 2176 2756; x_wconf 77' lang='lat' dir='ltr'>quaerimus</span> <span class='ocrx_word' id='word_1_489' title='bbox 2226 2701 2350 2756; x_wconf 78' lang='lat' dir='ltr'>qua:</span> <span class='ocrx_word' id='word_1_490' title='bbox 2404 2687 2592 2738; x_wconf 82' lang='lat' dir='ltr'>vestra</span> <span class='ocrx_word' id='word_1_491' title='bbox 2621 2687 2775 2746; x_wconf 82' lang='lat' dir='ltr'>sunt,</span> <span class='ocrx_word' id='word_1_492' title='bbox 2834 2683 2930 2738; x_wconf 88' lang='lat' dir='ltr'>sed</span> <span class='ocrx_word' id='word_1_493' title='bbox 2968 2701 3060 2739; x_wconf 88' lang='lat' dir='ltr'>vos</span> <span class='ocrx_word' id='word_1_494' title='bbox 3089 2683 3179 2754; x_wconf 92' lang='lat' dir='ltr'>(Il.</span> <span class='ocrx_word' id='word_1_495' title='bbox 3217 2684 3336 2741; x_wconf 85' lang='lat' dir='ltr'>Cor.</span> <span class='ocrx_word' id='word_1_496' title='bbox 3361 2701 3462 2753; x_wconf 84' lang='lat' dir='ltr'>xu,</span> 
     </span>
    </p>
   </div>
   <div class='ocr_carea' id='block_1_61' title="bbox 1869 2770 3464 2843">
    <p class='ocr_par' dir='ltr' id='par_1_61' title="bbox 1869 2770 3464 2843">
     <span class='ocr_line' id='line_1_61' title="bbox 1869 2770 3464 2843; baseline 0.001 -18"><span class='ocrx_word' id='word_1_497' title='bbox 1869 2774 1977 2842; x_wconf 74' lang='lat' dir='ltr'>l-i).</span> <span class='ocrx_word' id='word_1_498' title='bbox 2014 2771 2238 2841; x_wconf 85' lang='lat' dir='ltr'>Accepit</span> <span class='ocrx_word' id='word_1_499' title='bbox 2270 2770 2640 2825; x_wconf 89' lang='lat' dir='ltr'>tantummodo</span> <span class='ocrx_word' id='word_1_500' title='bbox 2671 2778 2932 2841; x_wconf 87' lang='lat' dir='ltr'>quantum</span> <span class='ocrx_word' id='word_1_501' title='bbox 2990 2772 3140 2839; x_wconf 91' lang='lat' dir='ltr'>satis,</span> <span class='ocrx_word' id='word_1_502' title='bbox 3172 2779 3230 2826; x_wconf 90' lang='lat' dir='ltr'>ut</span> <span class='ocrx_word' id='word_1_503' title='bbox 3276 2781 3464 2843; x_wconf 88' lang='lat' dir='ltr'>posset</span> 
     </span>
    </p>
   </div>
   <div class='ocr_carea' id='block_1_62' title="bbox 1865 2856 3464 2930">
    <p class='ocr_par' dir='ltr' id='par_1_62' title="bbox 1865 2856 3464 2930">
     <span class='ocr_line' id='line_1_62' title="bbox 1865 2856 3464 2930; baseline 0.001 -15"><span class='ocrx_word' id='word_1_504' title='bbox 1865 2860 1933 2915; x_wconf 91' lang='lat' dir='ltr'>de</span> <span class='ocrx_word' id='word_1_505' title='bbox 1964 2861 2198 2930; x_wconf 92' lang='lat' dir='ltr'>pr0priis</span> <span class='ocrx_word' id='word_1_506' title='bbox 2230 2859 2433 2930; x_wconf 89' lang='lat' dir='ltr'>reliqua</span> <span class='ocrx_word' id='word_1_507' title='bbox 2465 2856 2748 2929; x_wconf 80' lang='lat' dir='ltr'>perficere.</span> <span class='ocrx_word' id='word_1_508' title='bbox 2784 2860 2887 2912; x_wconf 92' lang='lat' dir='ltr'>Ista</span> <span class='ocrx_word' id='word_1_509' title='bbox 2920 2860 2988 2913; x_wconf 87' lang='lat' dir='ltr'>ad</span> <span class='ocrx_word' id='word_1_510' title='bbox 3036 2860 3464 2916; x_wconf 89' lang='lat' dir='ltr'>consolationem</span> 
     </span>
    </p>
   </div>
   <div class='ocr_carea' id='block_1_63' title="bbox 1865 2945 3462 3018">
    <p class='ocr_par' dir='ltr' id='par_1_63' title="bbox 1865 2945 3462 3018">
     <span class='ocr_line' id='line_1_63' title="bbox 1865 2945 3462 3018; baseline 0 -16"><span class='ocrx_word' id='word_1_511' title='bbox 1865 2956 2207 3018; x_wconf 89' lang='lat' dir='ltr'>posterorum</span> <span class='ocrx_word' id='word_1_512' title='bbox 2263 2955 2576 3001; x_wconf 91' lang='lat' dir='ltr'>nostrorum</span> <span class='ocrx_word' id='word_1_513' title='bbox 2621 2946 2783 3016; x_wconf 92' lang='lat' dir='ltr'>paulo</span> <span class='ocrx_word' id='word_1_514' title='bbox 2839 2945 3009 3001; x_wconf 88' lang='lat' dir='ltr'>fusius</span> <span class='ocrx_word' id='word_1_515' title='bbox 3063 2947 3462 3018; x_wconf 85' lang='lat' dir='ltr'>explicuimus;</span> 
     </span>
    </p>
   </div>
   <div class='ocr_carea' id='block_1_64' title="bbox 1865 3033 3464 3106">
    <p class='ocr_par' dir='ltr' id='par_1_64' title="bbox 1865 3033 3464 3106">
     <span class='ocr_line' id='line_1_64' title="bbox 1865 3033 3464 3106; baseline 0 -16"><span class='ocrx_word' id='word_1_516' title='bbox 1865 3044 1916 3090; x_wconf 91' lang='lat' dir='ltr'>et</span> <span class='ocrx_word' id='word_1_517' title='bbox 1949 3036 1993 3089; x_wconf 91' lang='lat' dir='ltr'>si</span> <span class='ocrx_word' id='word_1_518' title='bbox 2025 3035 2310 3106; x_wconf 88' lang='lat' dir='ltr'>loquacius</span> <span class='ocrx_word' id='word_1_519' title='bbox 2339 3033 2429 3090; x_wconf 89' lang='lat' dir='ltr'>hic</span> <span class='ocrx_word' id='word_1_520' title='bbox 2456 3034 2658 3105; x_wconf 90' lang='lat' dir='ltr'>aliquid</span> <span class='ocrx_word' id='word_1_521' title='bbox 2689 3035 2757 3088; x_wconf 90' lang='lat' dir='ltr'>de</span> <span class='ocrx_word' id='word_1_522' title='bbox 2788 3034 2890 3089; x_wconf 87' lang='lat' dir='ltr'>hac</span> <span class='ocrx_word' id='word_1_523' title='bbox 2921 3050 2983 3089; x_wconf 87' lang='lat' dir='ltr'>re</span> <span class='ocrx_word' id='word_1_524' title='bbox 3010 3034 3263 3102; x_wconf 88' lang='lat' dir='ltr'>diximus,</span> <span class='ocrx_word' id='word_1_525' title='bbox 3286 3035 3464 3091; x_wconf 88' lang='lat' dir='ltr'>indul-</span> 
     </span>
    </p>
   </div>
   <div class='ocr_carea' id='block_1_65' title="bbox 1863 3123 3424 3196">
    <p class='ocr_par' dir='ltr' id='par_1_65' title="bbox 1863 3123 3424 3196">
     <span class='ocr_line' id='line_1_65' title="bbox 1863 3123 3424 3196; baseline 0.001 -18"><span class='ocrx_word' id='word_1_526' title='bbox 1863 3124 1984 3196; x_wconf 87' lang='lat' dir='ltr'>geri</span> <span class='ocrx_word' id='word_1_527' title='bbox 2014 3124 2178 3178; x_wconf 92' lang='lat' dir='ltr'>etiam</span> <span class='ocrx_word' id='word_1_528' title='bbox 2209 3123 2367 3178; x_wconf 91' lang='lat' dir='ltr'>nobis</span> <span class='ocrx_word' id='word_1_529' title='bbox 2397 3138 2522 3178; x_wconf 90' lang='lat' dir='ltr'>cum</span> <span class='ocrx_word' id='word_1_530' title='bbox 2550 3123 2614 3177; x_wconf 85' lang='lat' dir='ltr'>R.</span> <span class='ocrx_word' id='word_1_531' title='bbox 2649 3124 2708 3176; x_wconf 90' lang='grc' dir='ltr'>Ρ.</span> <span class='ocrx_word' id='word_1_532' title='bbox 2744 3123 2996 3195; x_wconf 90' lang='lat' dir='ltr'>Guigone</span> <span class='ocrx_word' id='word_1_533' title='bbox 3043 3138 3424 3194; x_wconf 87' lang='lat' dir='ltr'>apprecamur.</span> 
     </span>
    </p>
   </div>
   <div class='ocr_carea' id='block_1_66' title="bbox 1935 3211 3456 3268">
    <p class='ocr_par' dir='ltr' id='par_1_66' title="bbox 1935 3211 3456 3268">
     <span class='ocr_line' id='line_1_66' title="bbox 1935 3211 3456 3268; baseline 0.001 -2"><span class='ocrx_word' id='word_1_534' title='bbox 1935 3212 2067 3267; x_wconf 74' lang='lat' dir='ltr'>CAP.</span> <span class='ocrx_word' id='word_1_535' title='bbox 2093 3213 2245 3266; x_wconf 82' lang='lat' dir='ltr'>XXI.</span> <span class='ocrx_word' id='word_1_536' title='bbox 2279 3242 2348 3250; x_wconf 98' lang='lat'><strong>—</strong></span> <span class='ocrx_word' id='word_1_537' title='bbox 2377 3213 2538 3265; x_wconf 90' lang='lat' dir='ltr'>Num.</span> <span class='ocrx_word' id='word_1_538' title='bbox 2569 3213 2619 3265; x_wconf 90' lang='grc'>1.</span> <span class='ocrx_word' id='word_1_539' title='bbox 2643 3211 2901 3266; x_wconf 82' lang='lat' dir='ltr'>Mulieres</span> <span class='ocrx_word' id='word_1_540' title='bbox 2938 3213 3208 3267; x_wconf 83' lang='lat' dir='ltr'>terminos</span> <span class='ocrx_word' id='word_1_541' title='bbox 3233 3213 3456 3268; x_wconf 83' lang='lat' dir='ltr'>intrare</span> 
     </span>
    </p>
   </div>
   <div class='ocr_carea' id='block_1_67' title="bbox 1862 3299 3461 3372">
    <p class='ocr_par' dir='ltr' id='par_1_67' title="bbox 1862 3299 3461 3372">
     <span class='ocr_line' id='line_1_67' title="bbox 1862 3299 3461 3372; baseline 0 -17"><span class='ocrx_word' id='word_1_542' title='bbox 1862 3305 2082 3357; x_wconf 82' lang='lat' dir='ltr'>nostros</span> <span class='ocrx_word' id='word_1_543' title='bbox 2112 3315 2485 3372; x_wconf 84' lang='lat' dir='ltr'>nequaquam,</span> <span class='ocrx_word' id='word_1_544' title='bbox 2520 3306 2624 3354; x_wconf 91' lang='lat' dir='ltr'>etc.</span> <span class='ocrx_word' id='word_1_545' title='bbox 2659 3299 2774 3354; x_wconf 83' lang='lat' dir='ltr'>Hac</span> <span class='ocrx_word' id='word_1_546' title='bbox 2804 3299 2870 3354; x_wconf 90' lang='lat' dir='ltr'>de</span> <span class='ocrx_word' id='word_1_547' title='bbox 2901 3315 3060 3353; x_wconf 89' lang='lat' dir='ltr'>causa</span> <span class='ocrx_word' id='word_1_548' title='bbox 3084 3299 3242 3370; x_wconf 91' lang='lat' dir='ltr'>primi</span> <span class='ocrx_word' id='word_1_549' title='bbox 3274 3301 3461 3356; x_wconf 86' lang='lat' dir='ltr'>Patres</span> 
     </span>
    </p>
   </div>
   <div class='ocr_carea' id='block_1_68' title="bbox 1862 3386 3458 3460">
    <p class='ocr_par' dir='ltr' id='par_1_68' title="bbox 1862 3386 3458 3460">
     <span class='ocr_line' id='line_1_68' title="bbox 1862 3386 3458 3460; baseline -0.001 -16"><span class='ocrx_word' id='word_1_550' title='bbox 1862 3388 2112 3445; x_wconf 91' lang='lat' dir='ltr'>obtinere</span> <span class='ocrx_word' id='word_1_551' title='bbox 2144 3395 2475 3444; x_wconf 88' lang='lat' dir='ltr'>curaverunt</span> <span class='ocrx_word' id='word_1_552' title='bbox 2505 3401 2537 3440; x_wconf 93' lang='lat' dir='ltr'>a</span> <span class='ocrx_word' id='word_1_553' title='bbox 2569 3387 2626 3441; x_wconf 93' lang='lat' dir='ltr'>S.</span> <span class='ocrx_word' id='word_1_554' title='bbox 2659 3387 2790 3441; x_wconf 90' lang='lat' dir='ltr'>sede</span> <span class='ocrx_word' id='word_1_555' title='bbox 2822 3386 3122 3457; x_wconf 88' lang='lat' dir='ltr'>apostolica</span> <span class='ocrx_word' id='word_1_556' title='bbox 3149 3387 3458 3460; x_wconf 86' lang='lat' dir='ltr'>privilegia,</span> 
     </span>
    </p>
   </div>
   <div class='ocr_carea' id='block_1_69' title="bbox 1862 3475 3460 3548">
    <p class='ocr_par' dir='ltr' id='par_1_69' title="bbox 1862 3475 3460 3548">
     <span class='ocr_line' id='line_1_69' title="bbox 1862 3475 3460 3548; baseline -0.001 -15"><span class='ocrx_word' id='word_1_557' title='bbox 1862 3478 1930 3533; x_wconf 93' lang='lat' dir='ltr'>de</span> <span class='ocrx_word' id='word_1_558' title='bbox 1964 3477 2161 3548; x_wconf 87' lang='lat' dir='ltr'>quibus</span> <span class='ocrx_word' id='word_1_559' title='bbox 2191 3491 2354 3547; x_wconf 89' lang='lat' dir='ltr'>supra</span> <span class='ocrx_word' id='word_1_560' title='bbox 2385 3475 2588 3530; x_wconf 90' lang='lat' dir='ltr'>dictum</span> <span class='ocrx_word' id='word_1_561' title='bbox 2619 3482 2701 3530; x_wconf 90' lang='lat' dir='ltr'>est</span> <span class='ocrx_word' id='word_1_562' title='bbox 2730 3491 2851 3530; x_wconf 89' lang='lat' dir='ltr'>cum</span> <span class='ocrx_word' id='word_1_563' title='bbox 2882 3475 2951 3529; x_wconf 91' lang='lat' dir='ltr'>de</span> <span class='ocrx_word' id='word_1_564' title='bbox 2995 3475 3243 3529; x_wconf 91' lang='lat' dir='ltr'>terminis</span> <span class='ocrx_word' id='word_1_565' title='bbox 3271 3490 3460 3546; x_wconf 83' lang='lat' dir='ltr'>agere-</span> 
     </span>
    </p>
   </div>
   <div class='ocr_carea' id='block_1_70' title="bbox 1861 3562 3459 3635">
    <p class='ocr_par' dir='ltr' id='par_1_70' title="bbox 1861 3562 3459 3635">
     <span class='ocr_line' id='line_1_70' title="bbox 1861 3562 3459 3635; baseline -0.001 -15"><span class='ocrx_word' id='word_1_566' title='bbox 1861 3573 1965 3620; x_wconf 89' lang='lat' dir='ltr'>tur.</span> <span class='ocrx_word' id='word_1_567' title='bbox 2001 3565 2109 3621; x_wconf 90' lang='lat' dir='ltr'>Sed</span> <span class='ocrx_word' id='word_1_568' title='bbox 2142 3567 2246 3619; x_wconf 88' lang='lat' dir='ltr'>ista</span> <span class='ocrx_word' id='word_1_569' title='bbox 2291 3563 2575 3635; x_wconf 86' lang='lat' dir='ltr'>privilegia</span> <span class='ocrx_word' id='word_1_570' title='bbox 2623 3562 2724 3617; x_wconf 91' lang='lat' dir='ltr'>soli</span> <span class='ocrx_word' id='word_1_571' title='bbox 2752 3562 2935 3617; x_wconf 91' lang='lat' dir='ltr'>domui</span> <span class='ocrx_word' id='word_1_572' title='bbox 2969 3562 3270 3618; x_wconf 77' lang='lat' dir='ltr'>Carthusiae</span> <span class='ocrx_word' id='word_1_573' title='bbox 3300 3579 3459 3618; x_wconf 89' lang='lat' dir='ltr'>com-</span> 
     </span>
    </p>
   </div>
   <div class='ocr_carea' id='block_1_71' title="bbox 1861 3650 3455 3725">
    <p class='ocr_par' dir='ltr' id='par_1_71' title="bbox 1861 3650 3455 3725">
     <span class='ocr_line' id='line_1_71' title="bbox 1861 3650 3455 3725; baseline -0.002 -17"><span class='ocrx_word' id='word_1_574' title='bbox 1861 3661 2096 3725; x_wconf 91' lang='lat' dir='ltr'>petunt,</span> <span class='ocrx_word' id='word_1_575' title='bbox 2185 3668 2287 3707; x_wconf 90' lang='lat' dir='ltr'>nec</span> <span class='ocrx_word' id='word_1_576' title='bbox 2351 3651 2474 3706; x_wconf 89' lang='lat' dir='ltr'>aliis</span> <span class='ocrx_word' id='word_1_577' title='bbox 2530 3650 2783 3706; x_wconf 90' lang='lat' dir='ltr'>domibus</span> <span class='ocrx_word' id='word_1_578' title='bbox 2851 3650 3144 3706; x_wconf 88' lang='lat' dir='ltr'>convenire</span> <span class='ocrx_word' id='word_1_579' title='bbox 3207 3659 3455 3721; x_wconf 89' lang='lat' dir='ltr'>possunt,</span> 
     </span>
    </p>
   </div>
   <div class='ocr_carea' id='block_1_72' title="bbox 1861 3738 3462 3798">
    <p class='ocr_par' dir='ltr' id='par_1_72' title="bbox 1861 3738 3462 3798">
     <span class='ocr_line' id='line_1_72' title="bbox 1861 3738 3462 3798; baseline -0.002 0"><span class='ocrx_word' id='word_1_580' title='bbox 1861 3759 1983 3798; x_wconf 91' lang='lat' dir='ltr'>cum</span> <span class='ocrx_word' id='word_1_581' title='bbox 2012 3742 2064 3795; x_wconf 90' lang='lat' dir='ltr'>in</span> <span class='ocrx_word' id='word_1_582' title='bbox 2095 3756 2282 3796; x_wconf 90' lang='lat' dir='ltr'>eremo</span> <span class='ocrx_word' id='word_1_583' title='bbox 2314 3738 2611 3794; x_wconf 76' lang='lat' dir='ltr'>Carthusiae</span> <span class='ocrx_word' id='word_1_584' title='bbox 2640 3739 2819 3793; x_wconf 90' lang='lat' dir='ltr'>omnia</span> <span class='ocrx_word' id='word_1_585' title='bbox 2851 3738 2957 3792; x_wconf 89' lang='lat' dir='ltr'>sint</span> <span class='ocrx_word' id='word_1_586' title='bbox 3008 3738 3158 3793; x_wconf 91' lang='lat' dir='ltr'>unita</span> <span class='ocrx_word' id='word_1_587' title='bbox 3203 3739 3362 3793; x_wconf 88' lang='lat' dir='ltr'>simul</span> <span class='ocrx_word' id='word_1_588' title='bbox 3407 3746 3462 3794; x_wconf 87' lang='lat' dir='ltr'>et</span> 
     </span>
    </p>
   </div>
   <div class='ocr_carea' id='block_1_73' title="bbox 1861 3825 3458 3902">
    <p class='ocr_par' dir='ltr' id='par_1_73' title="bbox 1861 3825 3458 3902">
     <span class='ocr_line' id='line_1_73' title="bbox 1861 3825 3458 3902; baseline -0.002 -17"><span class='ocrx_word' id='word_1_589' title='bbox 1861 3829 2137 3902; x_wconf 81' lang='lat' dir='ltr'>contigua,</span> <span class='ocrx_word' id='word_1_590' title='bbox 2169 3844 2271 3884; x_wconf 91' lang='lat' dir='ltr'>nec</span> <span class='ocrx_word' id='word_1_591' title='bbox 2304 3827 2502 3898; x_wconf 87' lang='lat' dir='ltr'>aliquis</span> <span class='ocrx_word' id='word_1_592' title='bbox 2551 3826 2830 3882; x_wconf 57' lang='lat' dir='ltr'>saecularis</span> <span class='ocrx_word' id='word_1_593' title='bbox 2886 3826 2960 3880; x_wconf 89' lang='lat' dir='ltr'>ibi</span> <span class='ocrx_word' id='word_1_594' title='bbox 3015 3825 3216 3898; x_wconf 88' lang='lat' dir='ltr'>aliquid</span> <span class='ocrx_word' id='word_1_595' title='bbox 3255 3827 3458 3882; x_wconf 86' lang='lat' dir='ltr'>habeat</span> 
     </span>
    </p>
   </div>
   <div class='ocr_carea' id='block_1_74' title="bbox 1859 3914 3458 3989">
    <p class='ocr_par' dir='ltr' id='par_1_74' title="bbox 1859 3914 3458 3989">
     <span class='ocr_line' id='line_1_74' title="bbox 1859 3914 3458 3989; baseline -0.001 -16"><span class='ocrx_word' id='word_1_596' title='bbox 1859 3919 2005 3989; x_wconf 92' lang='lat' dir='ltr'>quod</span> <span class='ocrx_word' id='word_1_597' title='bbox 2035 3916 2488 3988; x_wconf 89' lang='lat' dir='ltr'>continguitatem</span> <span class='ocrx_word' id='word_1_598' title='bbox 2532 3915 2678 3969; x_wconf 91' lang='lat' dir='ltr'>illam</span> <span class='ocrx_word' id='word_1_599' title='bbox 2705 3915 3075 3985; x_wconf 89' lang='lat' dir='ltr'>interrumpat.</span> <span class='ocrx_word' id='word_1_600' title='bbox 3101 3915 3158 3969; x_wconf 91' lang='lat' dir='ltr'>In</span> <span class='ocrx_word' id='word_1_601' title='bbox 3189 3914 3307 3970; x_wconf 90' lang='lat' dir='ltr'>aliis</span> <span class='ocrx_word' id='word_1_602' title='bbox 3327 3930 3458 3971; x_wconf 90' lang='lat' dir='ltr'>vero</span> 
     </span>
    </p>
   </div>
   <div class='ocr_carea' id='block_1_75' title="bbox 1859 4003 3452 4076">
    <p class='ocr_par' dir='ltr' id='par_1_75' title="bbox 1859 4003 3452 4076">
     <span class='ocr_line' id='line_1_75' title="bbox 1859 4003 3452 4076; baseline -0.001 -16"><span class='ocrx_word' id='word_1_603' title='bbox 1859 4006 2136 4074; x_wconf 90' lang='lat' dir='ltr'>domibus,</span> <span class='ocrx_word' id='word_1_604' title='bbox 2173 4005 2317 4059; x_wconf 88' lang='lat' dir='ltr'>intra</span> <span class='ocrx_word' id='word_1_605' title='bbox 2358 4004 2620 4058; x_wconf 90' lang='lat' dir='ltr'>ambitum</span> <span class='ocrx_word' id='word_1_606' title='bbox 2659 4003 3010 4058; x_wconf 89' lang='lat' dir='ltr'>terminorum</span> <span class='ocrx_word' id='word_1_607' title='bbox 3033 4003 3452 4076; x_wconf 87' lang='lat' dir='ltr'>assignatorum,</span> 
     </span>
    </p>
   </div>
   <div class='ocr_carea' id='block_1_76' title="bbox 1857 4091 3457 4165">
    <p class='ocr_par' dir='ltr' id='par_1_76' title="bbox 1857 4091 3457 4165">
     <span class='ocr_line' id='line_1_76' title="bbox 1857 4091 3457 4165; baseline -0.001 -17"><span class='ocrx_word' id='word_1_608' title='bbox 1857 4094 2040 4165; x_wconf 86' lang='lat' dir='ltr'>plures</span> <span class='ocrx_word' id='word_1_609' title='bbox 2072 4092 2364 4149; x_wconf 76' lang='lat' dir='ltr'>saeculares</span> <span class='ocrx_word' id='word_1_610' title='bbox 2393 4092 2594 4146; x_wconf 88' lang='lat' dir='ltr'>habent</span> <span class='ocrx_word' id='word_1_611' title='bbox 2632 4107 2760 4145; x_wconf 89' lang='lat' dir='ltr'>suas</span> <span class='ocrx_word' id='word_1_612' title='bbox 2796 4091 3196 4162; x_wconf 89' lang='lat' dir='ltr'>possessiones,</span> <span class='ocrx_word' id='word_1_613' title='bbox 3231 4107 3264 4147; x_wconf 90' lang='lat' dir='ltr'>a</span> <span class='ocrx_word' id='word_1_614' title='bbox 3314 4107 3457 4164; x_wconf 90' lang='lat' dir='ltr'>qua-</span> 
     </span>
    </p>
   </div>
   <div class='ocr_carea' id='block_1_77' title="bbox 1856 4178 3458 4249">
    <p class='ocr_par' dir='ltr' id='par_1_77' title="bbox 1856 4178 3458 4249">
     <span class='ocr_line' id='line_1_77' title="bbox 1856 4178 3458 4249; baseline -0.001 -13"><span class='ocrx_word' id='word_1_615' title='bbox 1856 4199 1978 4237; x_wconf 91' lang='lat' dir='ltr'>rum</span> <span class='ocrx_word' id='word_1_616' title='bbox 2001 4197 2226 4237; x_wconf 88' lang='lat' dir='ltr'>accessu</span> <span class='ocrx_word' id='word_1_617' title='bbox 2248 4196 2370 4236; x_wconf 91' lang='lat' dir='ltr'>cum</span> <span class='ocrx_word' id='word_1_618' title='bbox 2399 4179 2656 4234; x_wconf 88' lang='lat' dir='ltr'>uxoribus</span> <span class='ocrx_word' id='word_1_619' title='bbox 2687 4187 2739 4233; x_wconf 92' lang='lat' dir='ltr'>et</span> <span class='ocrx_word' id='word_1_620' title='bbox 2767 4178 2950 4234; x_wconf 90' lang='lat' dir='ltr'>liberis</span> <span class='ocrx_word' id='word_1_621' title='bbox 2970 4179 3265 4249; x_wconf 90' lang='lat' dir='ltr'>promiscui</span> <span class='ocrx_word' id='word_1_622' title='bbox 3295 4196 3458 4235; x_wconf 90' lang='lat' dir='ltr'>sexus</span> 
     </span>
    </p>
   </div>
   <div class='ocr_carea' id='block_1_78' title="bbox 1855 4266 3456 4339">
    <p class='ocr_par' dir='ltr' id='par_1_78' title="bbox 1855 4266 3456 4339">
     <span class='ocr_line' id='line_1_78' title="bbox 1855 4266 3456 4339; baseline -0.001 -15"><span class='ocrx_word' id='word_1_623' title='bbox 1855 4285 1965 4325; x_wconf 92' lang='lat' dir='ltr'>non</span> <span class='ocrx_word' id='word_1_624' title='bbox 1987 4276 2213 4339; x_wconf 89' lang='lat' dir='ltr'>possunt</span> <span class='ocrx_word' id='word_1_625' title='bbox 2232 4267 2500 4338; x_wconf 91' lang='lat' dir='ltr'>impediri.</span> <span class='ocrx_word' id='word_1_626' title='bbox 2536 4267 2594 4319; x_wconf 91' lang='lat' dir='ltr'>Id</span> <span class='ocrx_word' id='word_1_627' title='bbox 2625 4274 2807 4320; x_wconf 90' lang='lat' dir='ltr'>tamen</span> <span class='ocrx_word' id='word_1_628' title='bbox 2835 4266 2922 4321; x_wconf 91' lang='lat' dir='ltr'>hic</span> <span class='ocrx_word' id='word_1_629' title='bbox 2953 4267 3172 4337; x_wconf 92' lang='lat' dir='ltr'>exponit</span> <span class='ocrx_word' id='word_1_630' title='bbox 3200 4268 3264 4322; x_wconf 85' lang='lat' dir='ltr'>R.</span> <span class='ocrx_word' id='word_1_631' title='bbox 3293 4268 3456 4322; x_wconf 90' lang='lat' dir='ltr'>Pater</span> 
     </span>
    </p>
   </div>
   <div class='ocr_carea' id='block_1_79' title="bbox 1856 4353 3452 4428">
    <p class='ocr_par' dir='ltr' id='par_1_79' title="bbox 1856 4353 3452 4428">
     <span class='ocr_line' id='line_1_79' title="bbox 1856 4353 3452 4428; baseline -0.001 -17"><span class='ocrx_word' id='word_1_632' title='bbox 1856 4358 2054 4428; x_wconf 89' lang='lat' dir='ltr'>Guigo,</span> <span class='ocrx_word' id='word_1_633' title='bbox 2114 4364 2171 4410; x_wconf 88' lang='lat' dir='ltr'>ut</span> <span class='ocrx_word' id='word_1_634' title='bbox 2219 4371 2413 4410; x_wconf 91' lang='lat' dir='ltr'>omnes</span> <span class='ocrx_word' id='word_1_635' title='bbox 2471 4353 2676 4409; x_wconf 91' lang='lat' dir='ltr'>scirent</span> <span class='ocrx_word' id='word_1_636' title='bbox 2733 4360 2932 4424; x_wconf 90' lang='lat' dir='ltr'>quanta</span> <span class='ocrx_word' id='word_1_637' title='bbox 2961 4353 3452 4424; x_wconf 89' lang='lat' dir='ltr'>circumspectione</span> 
     </span>
    </p>
   </div>
   <div class='ocr_carea' id='block_1_80' title="bbox 1855 4441 3456 4515">
    <p class='ocr_par' dir='ltr' id='par_1_80' title="bbox 1855 4441 3456 4515">
     <span class='ocr_line' id='line_1_80' title="bbox 1855 4441 3456 4515; baseline -0.001 -16"><span class='ocrx_word' id='word_1_638' title='bbox 1855 4446 2132 4500; x_wconf 90' lang='lat' dir='ltr'>studerent</span> <span class='ocrx_word' id='word_1_639' title='bbox 2163 4443 2324 4515; x_wconf 89' lang='lat' dir='ltr'>primi</span> <span class='ocrx_word' id='word_1_640' title='bbox 2360 4443 2548 4498; x_wconf 89' lang='lat' dir='ltr'>Patres</span> <span class='ocrx_word' id='word_1_641' title='bbox 2579 4441 2752 4497; x_wconf 89' lang='lat' dir='ltr'>nostri</span> <span class='ocrx_word' id='word_1_642' title='bbox 2783 4457 2816 4496; x_wconf 91' lang='lat' dir='ltr'>a</span> <span class='ocrx_word' id='word_1_643' title='bbox 2846 4456 2945 4496; x_wconf 90' lang='lat' dir='ltr'>sua</span> <span class='ocrx_word' id='word_1_644' title='bbox 2976 4457 3162 4498; x_wconf 91' lang='lat' dir='ltr'>eremo</span> <span class='ocrx_word' id='word_1_645' title='bbox 3194 4441 3456 4498; x_wconf 89' lang='lat' dir='ltr'>mulieres</span> 
     </span>
    </p>
   </div>
   <div class='ocr_carea' id='block_1_81' title="bbox 1853 4529 3451 4606">
    <p class='ocr_par' dir='ltr' id='par_1_81' title="bbox 1853 4529 3451 4606">
     <span class='ocr_line' id='line_1_81' title="bbox 1853 4529 3451 4606; baseline -0.001 -17"><span class='ocrx_word' id='word_1_646' title='bbox 1853 4534 2093 4606; x_wconf 88' lang='lat' dir='ltr'>abigere.</span> <span class='ocrx_word' id='word_1_647' title='bbox 2155 4533 2359 4587; x_wconf 87' lang='lat' dir='ltr'>Causas</span> <span class='ocrx_word' id='word_1_648' title='bbox 2390 4531 2592 4586; x_wconf 90' lang='lat' dir='ltr'>diserte</span> <span class='ocrx_word' id='word_1_649' title='bbox 2640 4530 2888 4602; x_wconf 89' lang='lat' dir='ltr'>assignat</span> <span class='ocrx_word' id='word_1_650' title='bbox 2916 4529 3001 4584; x_wconf 89' lang='lat' dir='ltr'>vir</span> <span class='ocrx_word' id='word_1_651' title='bbox 3057 4537 3295 4597; x_wconf 91' lang='lat' dir='ltr'>sanctus,</span> <span class='ocrx_word' id='word_1_652' title='bbox 3329 4546 3451 4602; x_wconf 72' lang='lat' dir='ltr'>quae</span> 
     </span>
    </p>
   </div>
   <div class='ocr_carea' id='block_1_82' title="bbox 1851 4617 3454 4689">
    <p class='ocr_par' dir='ltr' id='par_1_82' title="bbox 1851 4617 3454 4689">
     <span class='ocr_line' id='line_1_82' title="bbox 1851 4617 3454 4689; baseline -0.004 -11"><span class='ocrx_word' id='word_1_653' title='bbox 1851 4623 2101 4678; x_wconf 90' lang='lat' dir='ltr'>omnibus</span> <span class='ocrx_word' id='word_1_654' title='bbox 2131 4619 2438 4675; x_wconf 88' lang='lat' dir='ltr'>hominibus</span> <span class='ocrx_word' id='word_1_655' title='bbox 2468 4618 2617 4673; x_wconf 89' lang='lat' dir='ltr'>Filiis</span> <span class='ocrx_word' id='word_1_656' title='bbox 2659 4618 2833 4672; x_wconf 82' lang='lat' dir='ltr'>Adam</span> <span class='ocrx_word' id='word_1_657' title='bbox 2864 4625 3006 4672; x_wconf 70' lang='lat' dir='ltr'>nota:</span> <span class='ocrx_word' id='word_1_658' title='bbox 3036 4625 3196 4682; x_wconf 87' lang='lat' dir='ltr'>sunt;</span> <span class='ocrx_word' id='word_1_659' title='bbox 3230 4617 3322 4689; x_wconf 89' lang='lat' dir='ltr'>qui</span> <span class='ocrx_word' id='word_1_660' title='bbox 3361 4634 3454 4674; x_wconf 85' lang='lat' dir='ltr'>cu-</span> 
     </span>
    </p>
   </div>
   <div class='ocr_carea' id='block_1_83' title="bbox 1845 4705 3450 4782">
    <p class='ocr_par' dir='ltr' id='par_1_83' title="bbox 1845 4705 3450 4782">
     <span class='ocr_line' id='line_1_83' title="bbox 1845 4705 3450 4782; baseline -0.003 -16"><span class='ocrx_word' id='word_1_661' title='bbox 1845 4712 2150 4782; x_wconf 89' lang='lat' dir='ltr'>juscunque</span> <span class='ocrx_word' id='word_1_662' title='bbox 2183 4708 2396 4764; x_wconf 89' lang='lat' dir='ltr'>virtutis</span> <span class='ocrx_word' id='word_1_663' title='bbox 2426 4706 2552 4772; x_wconf 90' lang='lat' dir='ltr'>sint,</span> <span class='ocrx_word' id='word_1_664' title='bbox 2585 4721 2690 4778; x_wconf 90' lang='lat' dir='ltr'>quo</span> <span class='ocrx_word' id='word_1_665' title='bbox 2721 4705 2904 4759; x_wconf 90' lang='lat' dir='ltr'>minus</span> <span class='ocrx_word' id='word_1_666' title='bbox 2943 4705 3011 4760; x_wconf 91' lang='lat' dir='ltr'>de</span> <span class='ocrx_word' id='word_1_667' title='bbox 3034 4705 3230 4776; x_wconf 88' lang='lat' dir='ltr'>seipsis</span> <span class='ocrx_word' id='word_1_668' title='bbox 3260 4706 3314 4760; x_wconf 92' lang='lat' dir='ltr'>in</span> <span class='ocrx_word' id='word_1_669' title='bbox 3343 4707 3450 4761; x_wconf 86' lang='lat' dir='ltr'>hac</span> 
     </span>
    </p>
   </div>
   <div class='ocr_carea' id='block_1_84' title="bbox 1848 4793 3446 4871">
    <p class='ocr_par' dir='ltr' id='par_1_84' title="bbox 1848 4793 3446 4871">
     <span class='ocr_line' id='line_1_84' title="bbox 1848 4793 3446 4871; baseline -0.002 -18"><span class='ocrx_word' id='word_1_670' title='bbox 1848 4808 2000 4871; x_wconf 89' lang='lat' dir='ltr'>parte</span> <span class='ocrx_word' id='word_1_671' title='bbox 2077 4798 2367 4861; x_wconf 89' lang='lat' dir='ltr'>dissidunt,</span> <span class='ocrx_word' id='word_1_672' title='bbox 2403 4811 2468 4851; x_wconf 93' lang='lat' dir='ltr'>eo</span> <span class='ocrx_word' id='word_1_673' title='bbox 2511 4794 2688 4864; x_wconf 90' lang='lat' dir='ltr'>magis</span> <span class='ocrx_word' id='word_1_674' title='bbox 2723 4794 2792 4848; x_wconf 90' lang='lat' dir='ltr'>ad</span> <span class='ocrx_word' id='word_1_675' title='bbox 2866 4793 3097 4849; x_wconf 91' lang='lat' dir='ltr'>cadendi</span> <span class='ocrx_word' id='word_1_676' title='bbox 3134 4793 3446 4850; x_wconf 89' lang='lat' dir='ltr'>facilitatem</span> 
     </span>
    </p>
   </div>
   <div class='ocr_carea' id='block_1_85' title="bbox 1849 4881 3447 4955">
    <p class='ocr_par' dir='ltr' id='par_1_85' title="bbox 1849 4881 3447 4955">
     <span class='ocr_line' id='line_1_85' title="bbox 1849 4881 3447 4955; baseline -0.003 -12"><span class='ocrx_word' id='word_1_677' title='bbox 1849 4888 2130 4943; x_wconf 90' lang='lat' dir='ltr'>accedunt.</span> <span class='ocrx_word' id='word_1_678' title='bbox 2191 4885 2418 4955; x_wconf 89' lang='lat' dir='ltr'>Semper</span> <span class='ocrx_word' id='word_1_679' title='bbox 2475 4899 2607 4954; x_wconf 88' lang='lat' dir='ltr'>ergo</span> <span class='ocrx_word' id='word_1_680' title='bbox 2639 4883 2810 4937; x_wconf 89' lang='lat' dir='ltr'>verba</span> <span class='ocrx_word' id='word_1_681' title='bbox 2855 4881 2956 4935; x_wconf 90' lang='lat' dir='ltr'>ista</span> <span class='ocrx_word' id='word_1_682' title='bbox 3015 4882 3112 4936; x_wconf 93' lang='lat' dir='ltr'>SS.</span> <span class='ocrx_word' id='word_1_683' title='bbox 3157 4883 3447 4955; x_wconf 82' lang='lat' dir='ltr'>Augustini</span> 
     </span>
    </p>
   </div>
   <div class='ocr_carea' id='block_1_86' title="bbox 1849 4969 3449 5047">
    <p class='ocr_par' dir='ltr' id='par_1_86' title="bbox 1849 4969 3449 5047">
     <span class='ocr_line' id='line_1_86' title="bbox 1849 4969 3449 5047; baseline -0.001 -17"><span class='ocrx_word' id='word_1_684' title='bbox 1849 4984 1899 5030; x_wconf 92' lang='lat' dir='ltr'>et</span> <span class='ocrx_word' id='word_1_685' title='bbox 1921 4973 2177 5047; x_wconf 87' lang='lat' dir='ltr'>Gregorii</span> <span class='ocrx_word' id='word_1_686' title='bbox 2207 4973 2277 5028; x_wconf 89' lang='lat' dir='ltr'>ob</span> <span class='ocrx_word' id='word_1_687' title='bbox 2308 4973 2504 5027; x_wconf 89' lang='lat' dir='ltr'>mentis</span> <span class='ocrx_word' id='word_1_688' title='bbox 2523 4969 2712 5026; x_wconf 91' lang='lat' dir='ltr'>oculos</span> <span class='ocrx_word' id='word_1_689' title='bbox 2749 4969 2950 5024; x_wconf 90' lang='lat' dir='ltr'>habere</span> <span class='ocrx_word' id='word_1_690' title='bbox 2972 4969 3236 5024; x_wconf 85' lang='lat' dir='ltr'>debemus</span> <span class='ocrx_word' id='word_1_691' title='bbox 3270 4989 3283 5024; x_wconf 90' lang='lat'><strong>:</strong></span> <span class='ocrx_word' id='word_1_692' title='bbox 3316 4973 3449 5028; x_wconf 80' lang='lat' dir='ltr'>Filii</span> 
     </span>
    </p>
   </div>
   <div class='ocr_carea' id='block_1_87' title="bbox 1851 5058 3447 5132">
    <p class='ocr_par' dir='ltr' id='par_1_87' title="bbox 1851 5058 3447 5132">
     <span class='ocr_line' id='line_1_87' title="bbox 1851 5058 3447 5132; baseline 0 -15"><span class='ocrx_word' id='word_1_693' title='bbox 1851 5064 2147 5120; x_wconf 83' lang='lat' dir='ltr'>hominum</span> <span class='ocrx_word' id='word_1_694' title='bbox 2179 5061 2434 5117; x_wconf 86' lang='lat' dir='ltr'>homines</span> <span class='ocrx_word' id='word_1_695' title='bbox 2471 5063 2627 5116; x_wconf 83' lang='lat' dir='ltr'>sunt.</span> <span class='ocrx_word' id='word_1_696' title='bbox 2664 5059 2970 5115; x_wconf 83' lang='lat' dir='ltr'>Reminisci</span> <span class='ocrx_word' id='word_1_697' title='bbox 3025 5058 3285 5115; x_wconf 79' lang='lat' dir='ltr'>debemus</span> <span class='ocrx_word' id='word_1_698' title='bbox 3315 5061 3447 5132; x_wconf 85' lang='lat' dir='ltr'>quia</span> 
     </span>
    </p>
   </div>
   <div class='ocr_carea' id='block_1_88' title="bbox 1846 5167 2219 5208">
    <p class='ocr_par' dir='ltr' id='par_1_88' title="bbox 1846 5167 2219 5208">
     <span class='ocr_line' id='line_1_88' title="bbox 1846 5167 2219 5208; baseline -0.008 -1"><span class='ocrx_word' id='word_1_699' title='bbox 1846 5168 1977 5208; x_wconf 87' lang='lat' dir='ltr'>caro</span> <span class='ocrx_word' id='word_1_700' title='bbox 2007 5167 2219 5207; x_wconf 84' lang='lat' dir='ltr'>sumus.</span> 
     </span>
    </p>
   </div>
   <div class='ocr_carea' id='block_1_89' title="bbox 1919 5234 3443 5304">
    <p class='ocr_par' dir='ltr' id='par_1_89' title="bbox 1919 5234 3443 5304">
     <span class='ocr_line' id='line_1_89' title="bbox 1919 5234 3443 5304; baseline -0.002 -10"><span class='ocrx_word' id='word_1_701' title='bbox 1919 5241 2053 5294; x_wconf 68' lang='lat' dir='ltr'>CAP.</span> <span class='ocrx_word' id='word_1_702' title='bbox 2084 5239 2260 5294; x_wconf 78' lang='lat' dir='ltr'>XXII.</span> <span class='ocrx_word' id='word_1_703' title='bbox 2287 5269 2353 5278; x_wconf 95' lang='lat'><strong>—</strong></span> <span class='ocrx_word' id='word_1_704' title='bbox 2388 5237 2552 5292; x_wconf 92' lang='lat' dir='ltr'>Num.</span> <span class='ocrx_word' id='word_1_705' title='bbox 2590 5239 2640 5290; x_wconf 90' lang='grc'>1.</span> <span class='ocrx_word' id='word_1_706' title='bbox 2703 5234 2922 5292; x_wconf 85' lang='lat' dir='ltr'>Novitio</span> <span class='ocrx_word' id='word_1_707' title='bbox 2975 5236 3443 5304; x_wconf 83' lang='lat' dir='ltr'>misericordiam,</span> 
     </span>
    </p>
   </div>
   <div class='ocr_carea' id='block_1_90' title="bbox 1851 5321 3450 5396">
    <p class='ocr_par' dir='ltr' id='par_1_90' title="bbox 1851 5321 3450 5396">
     <span class='ocr_line' id='line_1_90' title="bbox 1851 5321 3450 5396; baseline -0.002 -15"><span class='ocrx_word' id='word_1_708' title='bbox 1851 5335 1958 5382; x_wconf 94' lang='lat' dir='ltr'>etc.</span> <span class='ocrx_word' id='word_1_709' title='bbox 1993 5327 2077 5381; x_wconf 79' lang='lat' dir='ltr'>Ab</span> <span class='ocrx_word' id='word_1_710' title='bbox 2100 5328 2199 5382; x_wconf 87' lang='lat' dir='ltr'>hac</span> <span class='ocrx_word' id='word_1_711' title='bbox 2229 5324 2601 5396; x_wconf 90' lang='lat' dir='ltr'>expressione,</span> <span class='ocrx_word' id='word_1_712' title='bbox 2637 5337 2745 5393; x_wconf 90' lang='lat' dir='ltr'>qua</span> <span class='ocrx_word' id='word_1_713' title='bbox 2789 5321 2871 5374; x_wconf 91' lang='lat' dir='ltr'>usi</span> <span class='ocrx_word' id='word_1_714' title='bbox 2921 5329 3044 5375; x_wconf 90' lang='lat' dir='ltr'>sunt</span> <span class='ocrx_word' id='word_1_715' title='bbox 3072 5323 3234 5392; x_wconf 91' lang='lat' dir='ltr'>primi</span> <span class='ocrx_word' id='word_1_716' title='bbox 3262 5324 3450 5379; x_wconf 84' lang='lat' dir='ltr'>Patres</span> 
     </span>
    </p>
   </div>
   <div class='ocr_carea' id='block_1_91' title="bbox 1847 5409 3446 5486">
    <p class='ocr_par' dir='ltr' id='par_1_91' title="bbox 1847 5409 3446 5486">
     <span class='ocr_line' id='line_1_91' title="bbox 1847 5409 3446 5486; baseline -0.002 -17"><span class='ocrx_word' id='word_1_717' title='bbox 1847 5415 2018 5469; x_wconf 89' lang='lat' dir='ltr'>nostri</span> <span class='ocrx_word' id='word_1_718' title='bbox 2048 5415 2119 5469; x_wconf 87' lang='lat' dir='ltr'>ad</span> <span class='ocrx_word' id='word_1_719' title='bbox 2149 5413 2565 5486; x_wconf 81' lang='lat' dir='ltr'>significandum</span> <span class='ocrx_word' id='word_1_720' title='bbox 2597 5410 2648 5464; x_wconf 91' lang='lat' dir='ltr'>in</span> <span class='ocrx_word' id='word_1_721' title='bbox 2680 5425 2882 5481; x_wconf 88' lang='lat' dir='ltr'>genere</span> <span class='ocrx_word' id='word_1_722' title='bbox 2920 5409 3181 5480; x_wconf 88' lang='lat' dir='ltr'>quidquid</span> <span class='ocrx_word' id='word_1_723' title='bbox 3215 5427 3446 5467; x_wconf 87' lang='lat' dir='ltr'>conven-</span> 
     </span>
    </p>
   </div>
   <div class='ocr_carea' id='block_1_92' title="bbox 149 5496 3449 5574">
    <p class='ocr_par' dir='ltr' id='par_1_92' title="bbox 149 5496 3449 5574">
     <span class='ocr_line' id='line_1_92' title="bbox 149 5496 3449 5574; baseline 0.001 -22"><span class='ocrx_word' id='word_1_724' title='bbox 149 5498 277 5567; x_wconf 85' lang='lat' dir='ltr'>ﬁcit,</span> <span class='ocrx_word' id='word_1_725' title='bbox 308 5509 366 5555; x_wconf 93' lang='lat' dir='ltr'>ut</span> <span class='ocrx_word' id='word_1_726' title='bbox 394 5501 475 5557; x_wconf 92' lang='lat' dir='ltr'>sic</span> <span class='ocrx_word' id='word_1_727' title='bbox 506 5501 672 5556; x_wconf 87' lang='lat' dir='ltr'>veluti</span> <span class='ocrx_word' id='word_1_728' title='bbox 711 5510 880 5556; x_wconf 91' lang='lat' dir='ltr'>staret</span> <span class='ocrx_word' id='word_1_729' title='bbox 926 5503 1106 5558; x_wconf 89' lang='lat' dir='ltr'>oleum</span> <span class='ocrx_word' id='word_1_730' title='bbox 1163 5503 1444 5558; x_wconf 85' lang='lat' dir='ltr'>charitatis</span> <span class='ocrx_word' id='word_1_731' title='bbox 1502 5504 1556 5557; x_wconf 93' lang='lat' dir='ltr'>in</span> <span class='ocrx_word' id='word_1_732' title='bbox 1615 5518 1750 5558; x_wconf 90' lang='lat' dir='ltr'>vasa</span> <span class='ocrx_word' id='word_1_733' title='bbox 1848 5501 2416 5574; x_wconf 88' lang='lat' dir='ltr'>tualiterpetimussub</span> <span class='ocrx_word' id='word_1_734' title='bbox 2437 5496 3068 5554; x_wconf 70' lang='lat' dir='ltr'>misericordiwnomine</span> <span class='ocrx_word' id='word_1_735' title='bbox 3087 5506 3354 5568; x_wconf 89' lang='lat' dir='ltr'>petamus.</span> <span class='ocrx_word' id='word_1_736' title='bbox 3378 5501 3449 5555; x_wconf 88' lang='lat' dir='ltr'>Et</span> 
     </span>
    </p>
   </div>
   <div class='ocr_carea' id='block_1_93' title="bbox 150 5583 3446 5662">
    <p class='ocr_par' dir='ltr' id='par_1_93' title="bbox 150 5583 3446 5662">
     <span class='ocr_line' id='line_1_93' title="bbox 150 5583 3446 5662; baseline -0.001 -20"><span class='ocrx_word' id='word_1_737' title='bbox 150 5597 336 5643; x_wconf 90' lang='lat' dir='ltr'>nostra</span> <span class='ocrx_word' id='word_1_738' title='bbox 367 5589 704 5645; x_wconf 90' lang='lat' dir='ltr'>decurrentis</span> <span class='ocrx_word' id='word_1_739' title='bbox 732 5591 972 5662; x_wconf 88' lang='lat' dir='ltr'>quandiu</span> <span class='ocrx_word' id='word_1_740' title='bbox 999 5607 1228 5647; x_wconf 87' lang='lat' dir='ltr'>vacuum</span> <span class='ocrx_word' id='word_1_741' title='bbox 1258 5607 1355 5646; x_wconf 92' lang='lat' dir='ltr'>vas</span> <span class='ocrx_word' id='word_1_742' title='bbox 1387 5591 1670 5646; x_wconf 80' lang='lat' dir='ltr'>habuimus</span> <span class='ocrx_word' id='word_1_743' title='bbox 1700 5597 1756 5645; x_wconf 88' lang='lat' dir='ltr'>et</span> <span class='ocrx_word' id='word_1_744' title='bbox 1854 5590 1977 5661; x_wconf 89' lang='lat' dir='ltr'>quia</span> <span class='ocrx_word' id='word_1_745' title='bbox 2004 5590 2059 5644; x_wconf 92' lang='lat' dir='ltr'>in</span> <span class='ocrx_word' id='word_1_746' title='bbox 2099 5590 2329 5662; x_wconf 91' lang='lat' dir='ltr'>singulis</span> <span class='ocrx_word' id='word_1_747' title='bbox 2357 5585 2604 5657; x_wconf 90' lang='lat' dir='ltr'>capitulis</span> <span class='ocrx_word' id='word_1_748' title='bbox 2631 5583 2984 5657; x_wconf 83' lang='lat' dir='ltr'>generalibus</span> <span class='ocrx_word' id='word_1_749' title='bbox 3017 5584 3226 5654; x_wconf 90' lang='lat' dir='ltr'>priores</span> <span class='ocrx_word' id='word_1_750' title='bbox 3254 5591 3446 5656; x_wconf 88' lang='lat' dir='ltr'>petunt</span> 
     </span>
    </p>
   </div>
   <div class='ocr_carea' id='block_1_94' title="bbox 145 5670 3443 5750">
    <p class='ocr_par' dir='ltr' id='par_1_94' title="bbox 145 5670 3443 5750">
     <span class='ocr_line' id='line_1_94' title="bbox 145 5670 3443 5750; baseline -0.001 -18"><span class='ocrx_word' id='word_1_751' title='bbox 145 5677 498 5748; x_wconf 84' lang='lat' dir='ltr'>indiguimus.</span> <span class='ocrx_word' id='word_1_752' title='bbox 531 5678 690 5732; x_wconf 83' lang='lat' dir='ltr'>Absit</span> <span class='ocrx_word' id='word_1_753' title='bbox 719 5687 897 5734; x_wconf 90' lang='lat' dir='ltr'>autem</span> <span class='ocrx_word' id='word_1_754' title='bbox 922 5694 957 5733; x_wconf 88' lang='lat' dir='ltr'>a</span> <span class='ocrx_word' id='word_1_755' title='bbox 987 5679 1176 5734; x_wconf 85' lang='lat' dir='ltr'>matris</span> <span class='ocrx_word' id='word_1_756' title='bbox 1216 5688 1401 5735; x_wconf 89' lang='lat' dir='ltr'>tenera</span> <span class='ocrx_word' id='word_1_757' title='bbox 1435 5695 1565 5750; x_wconf 87' lang='lat' dir='ltr'>erga</span> <span class='ocrx_word' id='word_1_758' title='bbox 1615 5678 1757 5733; x_wconf 85' lang='lat' dir='ltr'>ﬁlios</span> <span class='ocrx_word' id='word_1_759' title='bbox 1858 5694 1889 5732; x_wconf 90' lang='lat' dir='ltr'>a</span> <span class='ocrx_word' id='word_1_760' title='bbox 1917 5677 2030 5732; x_wconf 91' lang='lat' dir='ltr'>suis</span> <span class='ocrx_word' id='word_1_761' title='bbox 2060 5676 2250 5733; x_wconf 78' lang='lat' dir='ltr'>oﬂiciis</span> <span class='ocrx_word' id='word_1_762' title='bbox 2280 5673 2490 5730; x_wconf 90' lang='lat' dir='ltr'>absolvi</span> <span class='ocrx_word' id='word_1_763' title='bbox 2526 5672 2627 5728; x_wconf 89' lang='lat' dir='ltr'>sub</span> <span class='ocrx_word' id='word_1_764' title='bbox 2647 5670 2800 5726; x_wconf 91' lang='lat' dir='ltr'>titulo</span> <span class='ocrx_word' id='word_1_765' title='bbox 2841 5672 3264 5738; x_wconf 67' lang='lat' dir='ltr'>misericordiae,</span> <span class='ocrx_word' id='word_1_766' title='bbox 3313 5671 3443 5728; x_wconf 87' lang='lat' dir='ltr'>inde</span> 
     </span>
    </p>
   </div>
   <div class='ocr_carea' id='block_1_95' title="bbox 293 5770 3228 5830">
    <p class='ocr_par' dir='ltr' id='par_1_95' title="bbox 293 5770 3228 5830">
     <span class='ocr_line' id='line_1_95' title="bbox 293 5770 3228 5830; baseline -0.002 -1"><span class='ocrx_word' id='word_1_767' title='bbox 293 5777 531 5830; x_wconf 77' lang='lat' dir='ltr'>PATBOL.</span> <span class='ocrx_word' id='word_1_768' title='bbox 575 5774 755 5830; x_wconf 85' lang='lat' dir='ltr'>CLIII.</span> <span class='ocrx_word' id='word_1_769' title='bbox 2685 5810 2691 5815; x_wconf 88' lang='lat'>.</span> <span class='ocrx_word' id='word_1_770' title='bbox 3159 5770 3228 5822; x_wconf 73' lang='grc'>22</span> 
     </span>
    </p>
   </div>
  </div>
