3940 6442
423 348 526 400 683
1266 341 1605 399 GUIGONIS
1644 343 1666 396 Ι
1705 338 2004 396 CARTHUE

2146 335 2439 392 MAIORIS
2476 335 2752 390 PRIORIS
2796 335 2839 388 V
2852 375 2866 387 .
3604 330 3704 383 684

495 471 549 523 2.
586 467 666 521 Ad
699 468 881 522 datum
909 475 1087 523 autem
1117 466 1404 522 terminum
1434 466 1678 534 veniens,
1711 472 1834 535 post
1891 462 2192 533 supplicem
2246 459 2298 513 in
2354 467 2623 514 conventu
2655 455 3094 528 postulationem,
3125 454 3179 508 in
3208 452 3602 509 examinatione
3633 450 3702 506 ad

423 563 602 616 minus
631 578 812 618 annua
841 564 1076 634 ponitur,
1112 564 1222 617 suis
1251 564 1503 618 omnibus
1527 563 1740 634 integre
1768 577 1940 631 usque
1969 561 2035 613 ad
2066 559 2209 613 diem
2238 555 2592 627 professionis
2622 554 2840 609 omnino
2863 552 3173 608 reservatis.
3200 551 3358 619 Quod
3389 551 3438 604 ei
3466 565 3576 604 non
3595 548 3699 602 nisi

423 659 525 712 sub
555 659 647 713 tali
677 660 968 729 sponsione
996 661 1333 724 conceditur,
1369 668 1425 714 ut
1457 661 1502 713 si
1535 659 1670 714 forte
1701 667 1947 712 nostrum
1978 654 2282 727 nequiverit
2311 662 2404 708 aut
2433 652 2662 706 noluerit
2695 651 2921 705 tolerare
2951 648 3304 719 propositum,
3340 648 3410 702 ad
3439 646 3699 702 saeculum

421 772 758 827 nequaquam
789 758 994 824 redeat,
1030 757 1126 812 sed
1156 757 1374 829 aliquod
1405 758 1582 827 potius
1610 755 1752 810 aliud
1809 753 2088 825 religionis
2119 767 2293 822 genus
2342 749 2485 822 quod
2541 748 2685 802 ferre
2715 747 2887 818 possit
2914 745 3162 816 accipiat.
3196 745 3355 812 Quod
3403 743 3448 797 si
3491 743 3546 797 in
3585 742 3703 813 ipsa

421 853 820 909 examinatione
858 853 1202 910 laudabiliter
1234 871 1292 909 se
1322 854 1532 909 habens
1561 860 1806 909 mortuus
1838 851 2016 918 fuerit,
2049 849 2310 922 quidquid
2356 863 2456 918 pro
2497 845 2746 916 professo
2785 852 2838 899 et
2895 859 3109 899 sacrum
3161 842 3405 897 habitum
3452 846 3702 914 gestante

419 946 668 1015 facimus,
697 964 798 1019 pro
827 966 893 1004 eo
923 949 1166 1004 similiter
1195 949 1474 1005 faciemus.

490 1048 542 1098 3.
577 1045 672 1098 Cui
703 1045 757 1098 in
787 1045 984 1100 cellam
1015 1045 1315 1101 introducto
1347 1045 1619 1100 seniorum
1650 1045 1846 1116 aliquis
1877 1045 2181 1114 deputatur,
2216 1043 2305 1114 qui
2362 1057 2484 1096 eum
2513 1056 2613 1111 per
2669 1054 2850 1105 unam,
2882 1037 2970 1093 vel
2997 1036 3230 1108 amplius
3260 1035 3306 1090 si
3335 1050 3471 1106 opus
3525 1033 3707 1103 fuerit,

419 1140 838 1208 hebdomadam,
869 1142 1019 1197 horis
1052 1142 1485 1212 competentibus
1514 1141 1760 1206 visitans,
1792 1141 1861 1196 de
1891 1139 2215 1196 necessariis
2241 1139 2488 1193 instruat.

489 1239 542 1291 4.
577 1236 679 1305 Qui
711 1245 886 1293 tamen
916 1237 1112 1292 blande
1143 1237 1444 1308 leniterque
1475 1237 1709 1291 maxime
1742 1243 2002 1291 tractatur
2029 1237 2084 1290 in
2114 1236 2319 1306 primis,
2353 1250 2455 1291 nec
2500 1234 2548 1289 ei
2581 1242 2746 1290 totam
2808 1234 2984 1289 subito
3031 1231 3377 1287 institutionis
3434 1227 3702 1300 asperita-

416 1339 527 1388 tem
554 1333 739 1390 subire
768 1334 1105 1404 conceditur,
1137 1334 1232 1389 sed
1263 1333 1542 1404 paulatim,
1577 1341 1626 1389 et
1657 1341 1712 1388 ut
1739 1333 1875 1388 ratio
1905 1333 1991 1388 vel
2020 1333 2316 1387 necessitas
2358 1331 2634 1402 postulare
2666 1331 2914 1397 videtur;
2947 1345 3074 1386 nam
3105 1336 3159 1384 et
3199 1343 3324 1384 cum
3383 1323 3702 1398 coquinario

419 1431 742 1504 quandoque
771 1431 1029 1504 loquendi
1059 1431 1328 1488 licentiam
1360 1432 1541 1499 habet,
1575 1439 1628 1486 et
1655 1447 1685 1485 a
1712 1430 1890 1502 priore
1929 1429 2128 1500 saepius
2158 1427 2423 1484 visitatur.

1923 1627 2496 1685 COMMENTARIUS.

418 1780 486 1835 sit
514 1789 569 1835 ut
591 1780 642 1834 in
674 1780 873 1836 chartis
903 1779 1289 1851 capitularibus
1335 1779 1621 1835 domorum
1667 1778 1874 1834 ordinis
1903 1794 2008 1834 no—
2028 1782 2083 1840 Α
2112 1796 2221 1834 non
2253 1779 2412 1844 adsit,
2439 1787 2491 1834 et
2519 1779 2655 1832 alius
2677 1779 2906 1833 idoneus
2936 1794 2994 1833 se
3026 1783 3332 1849 praesentet,
3353 1777 3499 1830 illum
3530 1775 3703 1830 libere

417 1869 565 1922 mina
593 1868 785 1922 ordine
815 1868 1146 1939 antiquitatis
1177 1868 1452 1940 sigillatim
1507 1868 1832 1935 scribantur,
1874 1875 1926 1922 et
1955 1866 2008 1920 in

417 1955 647 2026 singulis
677 1956 883 2010 dicatur
928 1956 1093 2025 priori
1133 1956 1326 2010 domus
1367 1957 1436 2010 N.
1474 1971 1486 2008 :
1520 1958 1637 2010 Non
1680 1956 1746 2024 ﬁt
1780 1956 2009 2010 miseri~

417 2043 628 2107 cordia,
677 2043 731 2097 id
763 2051 846 2097 est
877 2043 1064 2112 petitio
1093 2043 1188 2097 illa
1218 2059 1328 2098 non
1371 2051 1452 2097 est
1482 2043 1742 2108 admissa,
1766 2058 1874 2113 qua
1909 2042 2008 2095 sub

417 2131 637 2185 nomine
667 2130 1058 2186 misericordiae
1087 2131 1234 2200 prior
1259 2147 1289 2184 a
1318 2131 1558 2201 prioratu
1596 2130 1802 2184 absolvi
1833 2129 2004 2200 petiit.

419 2217 527 2272 Sed
559 2217 777 2288 quando
808 2218 1024 2286 dicitur,
1061 2220 1148 2272 Fit
1195 2219 1611 2284 misericordia,
1647 2226 1768 2272 tunc
1797 2217 2007 2272 indica-

419 2313 505 2359 tur
533 2305 847 2374 petitionem
872 2321 1027 2359 suam
1047 2305 1213 2360 fuisse
1233 2306 1546 2371 admissam,
1581 2313 1633 2360 et
1661 2305 1813 2360 illum
1839 2305 2006 2359 abso-

417 2393 588 2446 lutum
619 2409 740 2447 esse
770 2409 800 2446 a
831 2393 1094 2463 prioratu.
1129 2394 1256 2449 Haec
1283 2402 1550 2459 notamus,
1585 2400 1642 2447 ut
1671 2393 1910 2447 extranei
1941 2393 2009 2446 is-

420 2487 550 2548 tam,
601 2488 659 2534 ut
705 2489 918 2550 vocant,
971 2481 1416 2537 misericordiam
1475 2481 2003 2548 Carthusianorum,

419 2567 605 2620 mirari
637 2567 901 2622 desinant.

490 2654 589 2710 Hic
617 2663 794 2709 autem
825 2655 1043 2710 tradere
1090 2655 1273 2726 incipit
1317 2657 1381 2711 R.
1416 2657 1481 2710 Ρ.
1538 2656 1714 2726 Guigo
1774 2655 2005 2710 formam

419 2759 577 2812 quam
608 2743 760 2813 sequi
789 2743 1054 2797 debemus
1085 2744 1138 2797 in
1187 2743 1507 2814 probandis,
1567 2744 1695 2808 imo,
1727 2751 1785 2796 ut
1813 2743 1888 2796 ita
1917 2742 2006 2797 di-

415 2844 554 2894 cam,
588 2829 642 2883 in
671 2831 942 2884 tentandis
983 2831 1272 2899 juvenibus
1304 2831 1395 2902 qui
1455 2831 1526 2885 ad
1583 2847 1684 2884 nos
1741 2831 2007 2886 accedunt

416 2915 674 2972 Ordinem
703 2918 942 2987 petituri,
974 2918 1048 2972 ita
1077 2926 1136 2972 ut
1164 2927 1365 2973 terrere
1404 2933 1499 2972 eos
1531 2917 1707 2988 potius
1725 2933 2002 2984 conemur,

331 3062 334 3065 ,
413 3019 578 3075 quam
626 3005 1012 3059 blandimentis
1050 3005 1273 3060 delinire
1302 3013 1359 3059 ut
1387 3005 1711 3059 alliciantur.
1752 3005 2006 3075 Alioquin

413 3091 807 3162 imperterritus
854 3109 965 3146 non
1020 3101 1264 3148 maneret
1319 3093 1618 3163 postulans,
1679 3093 1814 3148 sicut
1860 3100 2007 3162 Optat

416 3187 638 3234 sanctus
667 3179 770 3245 vir,
802 3179 849 3232 si
877 3179 1029 3233 illum
1059 3197 1123 3234 ex
1144 3180 1422 3235 cbaritatis
1451 3188 1504 3234 et
1533 3181 1835 3250 prudentiae
1855 3180 2011 3235 indu-

417 3266 551 3320 stria
579 3266 742 3321 veluti
772 3273 982 3321 terrere
1013 3283 1121 3322 non
1143 3284 1482 3334 conaremur,
1513 3276 1565 3322 et
1612 3269 1804 3322 merito
1837 3285 1850 3320 :
1882 3283 2009 3322 nam

413 3353 713 3408 institutum
748 3361 1010 3422 nostrum,
1045 3370 1170 3410 cum
1202 3356 1270 3409 sit
1286 3356 1483 3410 durum
1514 3363 1565 3410 et
1595 3371 1871 3427 asperum,
1905 3372 2007 3410 ne-

415 3441 617 3495 minem
649 3441 810 3496 debet
841 3442 1124 3497 admittere
1173 3443 1262 3514 qui
1293 3459 1402 3498 non
1462 3450 1668 3497 tantum
1723 3443 2008 3498 vocatione

412 3529 620 3584 cmlesti
650 3537 904 3600 appareat
936 3538 1273 3599 praeventus;
1308 3531 1404 3586 sed
1435 3531 1595 3585 etiam
1626 3531 1857 3585 naturali
1880 3546 2010 3601 qua-

412 3619 536 3672 dam
567 3617 732 3672 animi
763 3617 1094 3683 fortitudine,
1129 3634 1260 3672 sana
1292 3633 1423 3673 vero
1445 3627 1608 3689 atque
1625 3619 1780 3672 hilari
1810 3634 2006 3688 corpo-

410 3705 488 3759 ris
517 3704 896 3760 constitutione
928 3706 996 3759 sit
1035 3706 1340 3776 praeditus;
1371 3706 1464 3778 qui
1491 3706 1633 3760 enim
1662 3707 2005 3761 constitutio-

411 3793 497 3846 nis
540 3793 898 3858 melancoliae,
934 3793 1048 3848 sive
1098 3793 1355 3848 atrabiles
1408 3801 1549 3861 sunt,
1597 3793 1872 3848 solitudini
1899 3809 2005 3848 no-

410 3887 538 3935 strae
565 3897 672 3934 non
702 3888 827 3934 sunt
854 3881 987 3951 apti.
1028 3881 1127 3936 Hic
1156 3889 1333 3936 autem
1365 3882 1519 3953 rigor
1568 3881 1851 3952 probandi,
1895 3881 2004 3937 imo

409 3967 650 4022 terrendi
690 3968 1046 4038 postulantes,
1079 3985 1239 4040 quem
1283 3968 1530 4040 suggerit
1578 3969 1660 4024 vir
1685 3977 1924 4036 sanctus,
1957 3969 2003 4023 si

412 4055 582 4110 semel
611 4071 644 4110 a
674 4044 832 4110 nbbis
862 4057 963 4110 sub
994 4056 1288 4112 indiscrete
1317 4065 1576 4128 prietextu
1607 4057 1879 4112 charitatis
1908 4074 2002 4112 re-

409 4141 643 4209 laxetur,
674 4141 906 4196 inﬁrmis
935 4151 987 4197 et
1015 4143 1284 4197 debilibus
1313 4145 1505 4199 domos
1553 4153 1769 4198 nostras
1825 4145 2005 4214 reple—

410 4230 610 4296 bimus,
643 4246 674 4284 a
703 4230 898 4301 quibus
927 4231 1193 4301 propositi
1223 4232 1620 4286 Carthusiensis
1651 4233 2003 4287 observantia

410 4333 519 4372 non
537 4318 735 4388 poterit
757 4319 965 4373 servari
990 4336 1002 4384 ;
1036 4327 1088 4373 et
1117 4319 1246 4390 quid
1267 4320 1393 4374 inde
1425 4321 1677 4376 eveniet?
1696 4321 1870 4376 Nemo
1893 4336 2000 4375 non

410 4405 582 4460 videt.
621 4407 701 4459 Ex
733 4405 1228 4476 dispensationibus
1284 4407 1427 4461 enim
1480 4407 1843 4478 multiplicatis
1873 4423 2000 4462 nas-

411 4500 604 4548 cuntur
652 4494 1114 4561 consuetudines;
1149 4510 1214 4548 ex
1279 4495 1764 4550 consuetudinibus
1812 4503 2004 4550 contra

410 4580 650 4635 instituta
677 4581 978 4636 monastica
1008 4581 1178 4636 semel
1214 4582 1533 4638 introductis
1565 4583 1806 4638 nascitur
1832 4599 2002 4652 prava

411 4666 650 4734 libertas,
676 4675 728 4723 et
757 4685 822 4723 ex
853 4669 953 4724 hac
984 4668 1234 4724 libertate
1265 4669 1418 4724 ruina
1448 4670 1802 4724 observantiae
1831 4686 2002 4742 regu-

409 4755 559 4810 laris.
594 4757 737 4812 Ecce
767 4771 874 4827 quo
898 4756 1116 4812 tandem
1153 4758 1465 4827 perveniret
1497 4757 1747 4828 quasdam
1776 4757 2000 4811 mollitia

410 4843 464 4895 in
503 4843 800 4913 probandis
831 4852 884 4898 et
915 4844 1215 4900 educandis
1252 4845 1492 4911 novitiis,
1525 4845 1570 4898 si
1597 4845 1740 4914 apud
1770 4860 1871 4900 nos
1900 4845 2001 4900 ad—

409 4930 733 4985 mitteretur.

483 5017 620 5071 Ibid.
647 5021 696 5070 t.
730 5019 800 5072 Et
829 5019 959 5088 quia
998 5019 1466 5090 congregationis,
1500 5025 1626 5083 etc.,
1662 5023 1850 5074 certus
1895 5037 2002 5075 nu-

409 5120 619 5168 merus,
680 5112 783 5158 etc.
827 5106 1097 5159 Nurrerus
1125 5105 1517 5159 monachorum
1573 5107 1717 5175 apud
1763 5122 1863 5161 nos
1891 5123 2001 5162 non

408 5199 584 5261 potest
613 5191 878 5246 excedere
909 5208 1195 5246 numerum
1239 5193 1551 5246 cellularum
1589 5210 1708 5262 quas
1737 5194 1790 5247 in
1821 5195 2000 5264 quali-

406 5281 498 5335 bet
525 5279 687 5333 domo
718 5287 1044 5334 constructa:
1078 5287 1219 5333 sunt.
1269 5280 1402 5333 Cum
1434 5280 1580 5334 enim
1607 5280 1707 5335 soli
1737 5282 2002 5352 degamus

408 5367 462 5420 in
491 5367 721 5438 singulis
752 5367 980 5434 cellulis,
1013 5367 1080 5420 ad
1107 5367 1450 5422 solitudinem
1479 5369 1795 5422 servandam
1825 5370 2002 5439 dispo-

407 5454 548 5518 sitis,
579 5453 768 5508 novitii
799 5453 938 5507 sicut
967 5462 1019 5508 et
1067 5454 1322 5509 monachi
1353 5455 1554 5510 debent
1585 5456 1685 5510 soli
1736 5457 1996 5512 habitare.

406 5543 474 5596 Et
495 5542 613 5595 hanc
634 5548 716 5595 est
746 5541 882 5596 ratio
907 5557 1006 5596 cur
1035 5541 1354 5611 terminum,
1373 5542 1426 5597 id
1447 5550 1531 5597 est
1551 5551 1757 5598 certum
1787 5552 2000 5615 tempus

405 5626 808 5699 postulantibus
829 5629 1193 5701 assignemus,
1226 5646 1334 5702 quo
1364 5631 1568 5702 elapso,
1631 5631 1676 5686 si
1721 5632 2002 5704 postulans

2107 1867 2428 1936 recipimus,
2463 1867 2586 1937 quia
2619 1882 2651 1920 a
2681 1867 3040 1935 promissione
3094 1875 3276 1920 nostra
3305 1865 3462 1919 liberi
3493 1879 3699 1918 sumus.

2177 1956 2338 2008 Num.
2372 1959 2426 2011 2.
2464 1955 2616 2020 Quod
2646 1957 2697 2009 ei
2729 1972 2840 2009 non
2865 1956 2979 2009 nisi
2999 1955 3100 2010 sub
3125 1956 3230 2008 tali
3252 1954 3566 2024 sponsione,
3591 1958 3697 2006 etc.

2108 2044 2222 2097 Hoc
2255 2051 2336 2097 est
2365 2042 2662 2111 singulare,
2697 2051 2749 2096 et
2778 2042 2882 2095 illis
2910 2050 3113 2096 tantum
3142 2041 3474 2111 temporibus
3494 2039 3699 2094 licitum

2107 2129 2272 2185 fuisse
2322 2131 2651 2185 credendum
2705 2138 2825 2195 est;
2859 2129 3166 2184 libertatem
3223 2129 3366 2183 enim
3400 2126 3701 2198 aliqualiter

2107 2218 2397 2285 adimebat,
2421 2227 2663 2272 nostrum
2687 2218 2934 2271 ordinem
2963 2218 3178 2289 ingredi
3200 2216 3525 2272 volentibus.
3545 2213 3700 2270 Unde

2106 2303 2223 2356 haec
2253 2302 2486 2356 conditio
2520 2317 2628 2356 non
2657 2301 2756 2354 fuit
2786 2302 2840 2354 in
2871 2301 3106 2372 antiquis
3137 2300 3350 2356 statutis
3371 2299 3572 2354 nostris
3602 2313 3698 2352 re-

2107 2389 2234 2454 lata,
2267 2389 2391 2459 quia
2430 2389 2604 2443 fuerat
2650 2397 2916 2443 correcta.

2175 2478 2336 2532 Num.
2371 2481 2423 2530 3.
2463 2478 2760 2533 Seniorum
2814 2478 3020 2548 aliquis
3063 2477 3391 2546 deputatur,
3426 2475 3523 2546 qui
3570 2489 3698 2529 eum

2103 2579 2206 2637 per
2225 2582 2420 2631 unam,
2445 2572 2572 2630 etc.,
2623 2565 3042 2619 hebdomadam.
3073 2565 3174 2619 Hic
3201 2563 3326 2618 oriri
3354 2561 3539 2632 incipit
3564 2577 3697 2616 usus

2108 2669 2322 2722 semper
2353 2653 2612 2722 deinceps
2642 2653 2697 2705 in
2727 2652 2919 2706 ordine
2940 2659 3204 2716 servatus,
3230 2659 3288 2704 ut
3307 2667 3446 2704 unus
3477 2666 3538 2704 ex
3573 2664 3698 2704 mo-

2106 2740 2296 2795 nachis
2334 2740 2622 2810 deputetur
2666 2740 2733 2793 ad
2789 2741 2951 2794 horas
2980 2739 3240 2794 dicendas
3297 2755 3420 2794 cum
3456 2737 3694 2802 novitiis,

2107 2837 2161 2882 ut
2190 2828 2474 2883 addiscant
2503 2827 2734 2898 qualiter
2763 2834 2817 2882 et
2845 2843 2967 2882 cum
2999 2827 3195 2897 quibus
3215 2825 3554 2882 caeremoniis
3573 2824 3697 2880 otii-

2107 2916 2246 2970 cium
2270 2915 2510 2970 divinum
2529 2915 2844 2985 persolvere
2865 2914 3116 2980 debeant,
3143 2915 3234 2985 qui
3254 2915 3376 2968 ideo
3397 2914 3698 2969 monachus

2108 3003 2403 3058 secundum
2435 3003 2696 3071 majorem
2718 3002 2802 3058 vel
2825 3002 3091 3057 minorem
3117 3002 3302 3057 novitii
3325 3003 3379 3055 in
3410 3003 3516 3056 hoc
3545 3000 3698 3055 addi-

2027 3128 2079 3187 B
2110 3092 2313 3146 scendo
2349 3091 2720 3162 sagacitatem,
2744 3091 2864 3160 plus
2887 3090 2972 3144 vel
2995 3089 3174 3144 minus
3205 3090 3274 3144 ad
3304 3105 3427 3144 eum
3456 3088 3657 3161 pergit.

2179 3179 2342 3232 Num.
2377 3181 2429 3232 4.
2463 3179 2567 3244 Qui
2618 3183 2811 3233 tamen
2844 3179 3064 3243 blande,
3099 3185 3225 3241 etc.,
3286 3193 3388 3232 nec
3419 3179 3472 3232 ei
3520 3181 3698 3232 totam

2107 3267 2288 3322 subito
2327 3267 2718 3321 institutionis
2749 3268 3138 3337 asperitatem,
3163 3273 3268 3320 etc.
3293 3267 3437 3321 Ecce
3467 3264 3699 3336 qualiter

2108 3354 2312 3424 antiqui
2342 3355 2533 3408 Patres
2562 3353 2736 3408 nostri
2766 3353 3112 3408 discretionis
3141 3353 3363 3424 regulas
3401 3352 3457 3406 in
3514 3352 3696 3407 omni-

2108 3442 2209 3496 bus
2239 3441 2536 3498 servandas
2587 3441 2691 3494 sibi
2758 3448 3178 3510 proposuerunt.
3235 3441 3464 3495 Terrere
3511 3439 3698 3495 volunt

2105 3529 2468 3600 postulantem
2499 3529 2676 3598 prima
2723 3529 2918 3596 fronte,
2950 3536 3008 3582 ut
3063 3529 3188 3583 inde
3247 3528 3558 3584 discernant
3588 3543 3697 3599 quo

2108 3618 2299 3687 spiritu
2330 3618 2556 3672 ducatur
2583 3624 2636 3670 et
2665 3617 2872 3671 ordinis
2893 3617 3205 3686 ingressum
3237 3624 3402 3686 petat.
3438 3616 3544 3671 Sed
3575 3632 3698 3686 pos-

2107 3712 2194 3759 tea
2224 3705 2460 3759 scientes
2491 3704 2636 3776 quod
2676 3705 2856 3759 omnia
2913 3704 3146 3758 debeant
3189 3704 3426 3758 suaviter
3481 3703 3697 3774 disponi

2106 3793 2254 3848 circa
2311 3793 2598 3846 humanam
2654 3791 3037 3858 infirmitatem,
3072 3799 3129 3846 ut
3157 3793 3227 3846 ad
3280 3791 3443 3847 ﬁnem
3486 3791 3699 3847 fortiter
3780 3855 3792 3866 _

2104 3881 2418 3952 attingatur,
2452 3881 2658 3952 gradus
2687 3881 2982 3935 observant
3010 3879 3064 3934 in
3107 3880 3441 3950 probationis
3473 3880 3696 3936 exerci-

2109 3969 2231 4034 tiis;
2265 3969 2512 4024 visitatur
2563 3968 2759 4038 saepius
2780 3984 2809 4021 a
2838 3968 3017 4038 priore
3072 3967 3326 4034 novitius,
3359 3976 3416 4022 ut
3443 3968 3497 4022 in
3527 3967 3696 4038 spiri-

2105 4057 2337 4111 tualibus
2367 4057 2677 4123 instruatur,
2713 4065 2765 4111 et
2794 4057 2872 4111 sic
2891 4055 3254 4126 spiritualibus
3275 4055 3544 4112 alimentis
3564 4073 3699 4111 enu-

2104 4146 2262 4199 tritus
2293 4145 2569 4200 adolescat
2595 4144 2649 4199 in
2690 4159 2789 4198 suo
2819 4144 3118 4214 proposito,
3153 4145 3327 4199 donec
3355 4145 3422 4198 ad
3476 4143 3698 4198 institu-

2053 4263 2068 4270 ι
2102 4241 2214 4286 tum
2273 4232 2596 4287 servandum
2653 4249 2750 4302 per
2808 4231 3204 4302 professionem
3235 4240 3288 4286 et
3341 4239 3465 4287 vota
3495 4232 3697 4287 emissa

2103 4337 2162 4374 se
2187 4320 2411 4390 obliget.
2443 4320 2602 4374 Tales
2630 4328 2808 4374 autem
2838 4319 3071 4375 licentia
3091 4319 3346 4390 loquendi
3362 4335 3483 4375 cum
3505 4320 3694 4391 coqui-

2101 4408 2252 4462 nario
2281 4408 2481 4462 nostris
2511 4408 2727 4462 novitiis
2757 4423 2866 4462 non
2893 4407 3123 4477 amplius
3153 4408 3368 4473 dantur,
3405 4416 3458 4463 et
3478 4409 3695 4478 integra

2101 4496 2450 4550 observantia
2480 4496 2550 4550 ab
2579 4495 2686 4549 illis
2717 4495 2971 4567 exigitur,
3003 4495 3131 4566 quia
3160 4495 3408 4550 sufﬁcere
3429 4496 3688 4561 creditur,

2102 4584 2147 4638 si
2178 4583 2592 4653 spatiamentum
2622 4599 2747 4638 cum
2802 4583 3085 4638 monachis
3144 4583 3314 4638 semel
3362 4583 3417 4637 in
3472 4583 3688 4638 hebdo-

2099 4672 2262 4725 mada
2299 4671 2553 4726 habeant.

2171 4760 2297 4814 Haec
2327 4767 2568 4814 veterum
2598 4759 2815 4812 Patrum
2837 4765 3144 4812 nostrorum
3173 4757 3318 4813 circa
3337 4758 3568 4814 novitios
3599 4758 3689 4813 di-

2100 4847 2324 4917 sciplina
2354 4846 2512 4900 bonis
2555 4846 2624 4899 de
2653 4845 2830 4900 causis
2851 4853 2904 4899 et
2947 4862 3048 4914 per
3101 4845 3277 4900 varias
3324 4845 3688 4916 experientiae

2098 4933 2449 4999 confirmatis,
2484 4933 2578 4986 fuit
2607 4932 2784 5003 aliqua
2811 4939 2958 5002 parte
2991 4932 3047 4984 in
3073 4933 3268 4987 melius
3312 4941 3533 4999 mutata,
3589 4950 3693 5004 per

2097 5022 2402 5092 posteriora
2433 5028 2648 5090 statuta,
2699 5021 2835 5076 sicut
2891 5019 3138 5075 videmus
3184 5020 3385 5076 factum
3441 5037 3564 5076 esse
3593 5037 3693 5092 per

2101 5126 2252 5165 sacra
2283 5109 2512 5164 concilia
2533 5108 2853 5178 posteriora,
2888 5124 3009 5178 quae
3034 5115 3248 5178 tempus
3268 5109 3607 5177 probationis
3638 5118 3692 5164 et

2099 5204 2309 5251 mtatem
2331 5195 2686 5265 professionis
2706 5195 2861 5249 aliter
2870 5195 3299 5249 determinarunt
3315 5212 3472 5266 quam
3488 5197 3686 5267 priora.

2101 5286 2359 5338 Poterant
2387 5291 2513 5338 tunc
2543 5284 2612 5337 ab
2642 5283 2832 5337 ordine
2880 5282 3083 5352 expelli
3134 5283 3406 5351 monachi,
3440 5284 3485 5337 si
3531 5284 3691 5340 valde

2100 5371 2290 5425 discoli
2321 5378 2411 5424 aut
2440 5371 2618 5425 vitiosi
2656 5370 2883 5425 fuissent
2914 5369 3109 5435 eﬂ‘ecti,
3141 5379 3197 5424 ut
3255 5370 3524 5424 videbitur
3552 5371 3689 5426 infra

2100 5460 2344 5536 cap.'7’7,
2377 5466 2428 5512 et
2451 5459 2528 5513 sic
2573 5458 2734 5513 ovilia
2761 5457 3062 5513 monastica
3090 5458 3159 5510 ab
3195 5457 3387 5512 ovibus
3426 5458 3514 5513 lue
3541 5458 3690 5514 infe-

2099 5546 2200 5602 ctis
2228 5546 2470 5616 purgari.
2523 5547 2681 5601 Nunc
2708 5562 2836 5602 vero
2881 5545 3038 5600 aliter
3059 5544 3276 5614 juribus
3306 5545 3692 5602 ecclesiasticis

2099 5641 2152 5688 et
2180 5632 2429 5688 civilibus
2459 5633 2721 5690 sancitum
2750 5640 2851 5690 est.
