3940 6422
79 375 172 427 685
1429 373 2034 432 CONSUETUDINES.
2523 392 2526 394 '
2701 389 2704 393 ‘
3267 375 3371 427 686

145 497 194 548 6.
224 493 358 548 Cum
389 499 576 548 autem
606 499 816 564 tempus
846 511 952 566 quo
979 495 1228 555 benedici
1259 500 1454 555 debeat
1483 497 1753 562 institerit,
1794 497 1841 550 si
1883 495 2180 567 probabilis
2227 495 2547 566 apparuerit
2595 504 2649 552 et
2679 496 2732 550 in
2779 496 3013 567 petendo
3051 495 3373 552 misericor-

83 591 220 646 diam
247 590 473 644 sedulus
505 589 682 654 fuerit,
717 590 834 645 dies
863 592 912 646 ei
941 609 1069 664 quo,
1103 596 1149 649 si
1177 595 1629 670 perseveraverit,
1664 595 1719 648 in
1749 602 1919 648 totum
1951 593 2154 664 suscipi
2177 593 2373 648 debeat
2392 601 2575 649 certus
2613 594 2984 649 constituetur.
3019 595 3080 648 In
3111 610 3218 665 quo
3249 610 3374 649 cum

84 690 133 744 in
161 688 394 758 capitulo
427 687 613 743 itidem
646 687 1079 746 misericordiam
1111 695 1387 749 humiliter
1415 691 1794 764 postulaverit,
1825 691 2055 746 facultas
2087 691 2135 746 ei
2157 708 2250 746 seu
2274 691 2564 746 recedendi
2587 691 2632 745 si
2659 691 2904 758 voluerit,
2939 708 3034 746 seu
3065 708 3164 747 sua
3195 691 3376 747 omnia

86 784 347 855 quomodo
379 784 466 838 vel
499 783 694 854 quibus
723 783 1007 854 placuerit,
1039 787 1402 843 distribuendi
1431 788 1602 842 libera
1630 787 1913 842 tribuetur.
1947 788 2104 856 Quod
2135 788 2180 842 si
2211 788 2646 858 perseveraverit
2673 788 2915 859 pulsans,
2947 797 3160 860 Optatus
3191 788 3241 843 ei
3271 787 3375 842 tri-

87 880 270 935 buetur
301 895 584 951 assensus,
618 889 671 936 et
693 889 820 938 tunc
847 883 934 938 vel
961 883 1078 954 ipse
1108 884 1195 940 vel
1224 885 1382 951 alius,
1415 884 1461 938 si
1491 883 1733 940 scribere
1766 886 1957 952 nescit,
1991 887 2129 941 hanc
2157 886 2206 941 ei
2252 885 2652 957 professionem
2683 884 2903 942 scribet.

1269 1007 1803 1063 CAPITULUM
1848 1008 2139 1062 XXIII.

1445 1105 1725 1175 Pro/casio
1755 1104 1983 1159 Novitii.

156 1201 204 1254 l.
240 1221 260 1246 α
295 1199 417 1270 Ego
447 1197 612 1254 frater
640 1201 739 1257 ille
767 1201 1021 1272 promitto
1049 1200 1415 1271 stabilitatem,
1446 1209 1500 1256 et
1527 1199 1913 1268 obedientiam,
1949 1207 2002 1255 et
2029 1199 2442 1255 conversionem
2487 1215 2702 1255 morum
2741 1214 3006 1266 meorum,
3042 1214 3229 1268 coram
3257 1200 3374 1259 Deo

88 1304 138 1350 et
164 1296 363 1351 sanctis
393 1297 509 1364 ejus
534 1304 587 1352 et
617 1297 858 1368 reliquiis
887 1297 1045 1354 istius
1062 1299 1252 1366 eremi,
1285 1315 1405 1370 qua
1434 1306 1746 1354 constructa
1777 1304 1859 1352 est
1879 1297 1948 1352 ad
1968 1298 2233 1352 honorem
2253 1297 2353 1353 Dei
2383 1305 2436 1351 et
2461 1297 2632 1352 beatae
2655 1312 2871 1369 semper
2903 1296 3140 1369 Virginis
3170 1296 3372 1364 Marias,

87 1402 136 1448 et
164 1392 305 1449 beati
332 1393 557 1450 Joannis
588 1394 861 1466 Baptistae,
893 1395 947 1450 in
974 1397 1267 1468 praesentia
1294 1396 1480 1452 domni
1509 1397 1671 1452 illius
1698 1395 1919 1467 prioris.
1960 1417 1982 1442 υ
2016 1401 2066 1454 ιιι

1521 1542 2091 1600 COMMENTARIUS.

146 1657 306 1712 Num.
332 1661 391 1712 5.
431 1658 518 1714 Vel
538 1658 688 1724 alius
709 1658 1012 1714 siscribere
1041 1659 1251 1715 nescit.
1282 1658 1342 1713 Id
1361 1657 1670 1730 intelligen-
1693 1645 1744 1702 Α
1777 1659 1992 1728 domus,
2035 1673 2159 1714 esse
2206 1665 2410 1712 tantum
2455 1658 2556 1712 sub
2591 1659 2692 1713 hac
2737 1657 3045 1714 conditione
3093 1658 3376 1728 emissum,

85 1745 209 1800 dum
239 1753 324 1800 est
352 1761 462 1801 non
491 1745 558 1800 de
591 1746 740 1800 totali
782 1746 1058 1802 scribendi
1087 1745 1376 1817 imperitia,
1422 1763 1547 1800 nam
1591 1745 1681 1816 qui

88 1833 320 1888 scribere
348 1833 616 1889 nescisset
646 1834 860 1904 ineptus
888 1834 958 1888 ad
1006 1834 1315 1890 clericatum
1362 1834 1571 1900 fuisset,
1613 1833 1682 1887 ad

84 1938 242 1992 quem
267 1921 381 1992 apti
409 1937 532 1976 esse
561 1920 835 1977 debebant
855 1938 1043 1977 omnes
1065 1923 1155 1993 qui
1180 1923 1248 1976 ad
1269 1929 1466 1977 statum
1488 1937 1682 1976 mona-

85 2011 306 2064 chorum
336 2009 777 2080 admittebantur,
801 2017 961 2080 prout
989 2009 1214 2064 inferius
1243 2026 1362 2080 cap.
1389 2013 1457 2065 75
1488 2010 1684 2080 proba-

88 2097 246 2163 bitur,
298 2098 400 2152 sed
437 2097 506 2152 de
569 2098 841 2168 imperitia
905 2098 1131 2168 pulchre
1179 2097 1474 2162 scribendi,
1523 2105 1684 2168 prout

86 2185 318 2240 scribere
348 2185 689 2241 docebantur
719 2185 890 2240 nostri
919 2187 990 2240 ad
1018 2185 1188 2240 libros
1218 2185 1680 2251 transcribendos,

85 2273 219 2328 sicut
247 2274 488 2328 habetur
515 2289 637 2344 cap.
669 2278 757 2340 28,
789 2290 844 2327 n.
879 2277 932 2330 2.

155 2363 318 2417 Porro
349 2369 523 2417 totum
565 2361 860 2432 capitulum
905 2361 1067 2428 istud,
1116 2369 1343 2433 excepta
1373 2362 1684 2418 conditione

84 2445 168 2499 illa
198 2461 370 2516 supra
399 2452 603 2512 notata,
636 2445 865 2500 relatum
895 2445 1140 2500 invenies
1187 2461 1299 2501 sec.
1339 2454 1482 2517 part.
1514 2447 1680 2518 antiq.

87 2541 288 2601 statut.,
323 2549 450 2604 cap.
482 2537 572 2600 23,
605 2549 698 2588 nn.
733 2536 784 2601 5,
818 2536 870 2601 9,
903 2536 1037 2588 lﬁet
1056 2536 1146 2600 20,
1178 2533 1415 2605 itemque
1444 2549 1567 2604 cap.
1590 2536 1684 2600 24,

87 2638 138 2676 n.
171 2626 220 2677 1.

154 2710 284 2764 CAP.
319 2709 526 2764 XXIII.
559 2739 628 2749 —-
665 2710 829 2764 Num.
869 2711 920 2762 l.
967 2708 1244 2763 Promitto
1280 2707 1681 2765 stabilitatem.

91 2797 301 2852 Omissa
331 2798 677 2854 discussione
715 2813 904 2852 eorum
934 2813 1055 2868 quae
1074 2795 1278 2867 passim
1307 2812 1337 2850 a
1363 2798 1529 2852 variis
1551 2798 1686 2852 scri-

85 2887 330 2956 ptoribus
363 2887 510 2942 circa
540 2894 727 2942 votum
753 2884 1059 2940 stabilitatis
1107 2884 1249 2940 dicta
1280 2893 1419 2950 sunt,
1455 2902 1520 2941 ea
1558 2894 1684 2940 tan-

1781 1762 1976 1817 nempe
2004 1753 2063 1800 ut
2093 1761 2202 1801 non
2229 1744 2322 1800 fiat
2351 1746 2576 1800 mutatio
2605 1745 2710 1802 loci
2758 1746 2966 1818 absque
2995 1762 3182 1816 causa,
3216 1763 3381 1819 quam

1781 1835 1918 1889 ordo
1941 1835 2143 1902 justam
2169 1833 2513 1903 judicaverit.
2550 1834 2681 1888 Inde
2711 1841 2917 1889 certum
2947 1843 3027 1889 est
3055 1836 3383 1890 monachum

1783 1921 2221 1987 Carthusianum,
2258 1921 2350 1992 qui
2379 1922 2587 1992 absque
2617 1922 2958 1990 necessitate,
2986 1930 3038 1977 et
3067 1939 3131 1977 ex
3161 1923 3384 1993 propria

1782 2010 2076 2074 voluntate,
2111 2010 2224 2064 sive
2269 2009 2368 2064 sub
2420 2008 2556 2064 fictis
2604 2010 2967 2080 praetextibus,
3001 2011 3116 2065 sive
3144 2012 3383 2082 subrep-

1783 2097 1912 2152 titiis
1943 2097 2121 2152 modis
2143 2097 2416 2152 licentiam
2465 2096 2691 2164 obtinet,
2741 2097 2829 2152 vel
2878 2098 3058 2168 potius
3101 2106 3385 2170 extorquet

1783 2185 2005 2240 domum
2030 2185 2292 2250 mutandi,
2327 2200 2556 2255 peccare
2587 2193 2779 2240 contra
2821 2192 3004 2240 votum
3053 2186 3381 2242 stabilitatis.

1855 2275 1984 2329 Haec
2012 2281 2191 2328 autem
2224 2272 2486 2327 stabilitas
2519 2273 2597 2328 sic
2624 2273 2900 2328 intellecta
2930 2282 3114 2329 nostro
3143 2274 3386 2329 instituto

1786 2361 2092 2416 essentialis
2121 2369 2222 2427 est,
2247 2361 2372 2432 quia
2402 2361 2470 2414 ad
2502 2361 2625 2415 vita;
2657 2361 2912 2416 solitariae
2942 2362 3205 2417 rationem
3237 2368 3288 2417 et
3315 2361 3387 2415 ad

1785 2449 1928 2504 illius
1959 2449 2172 2502 habitus
2202 2448 2561 2503 assumendos
2589 2465 2816 2503 necesse
2855 2457 2955 2504 est.

1858 2537 2060 2592 Primo.
2087 2535 2312 2606 Ingenio
2328 2537 2566 2590 humano
2587 2536 2653 2589 ad
2674 2536 2939 2591 novitates
2961 2536 3095 2592 mire
3114 2553 3387 2608 propenso

1786 2624 1990 2679 aditum
2018 2623 2330 2688 occludere,
2357 2631 2410 2678 et
2436 2623 2742 2677 stabilitatis
2784 2624 2936 2693 praxi
2966 2625 3388 2694 propensionem

1786 2713 1935 2767 illam
1963 2711 2293 2766 mortificare
2323 2719 2376 2765 et
2405 2711 2716 2780 suhjugare,
2750 2719 2807 2765 ut
2837 2711 2914 2766 sic
2943 2713 3188 2768 addiscat
3216 2713 3390 2768 sensi-

1788 2800 1890 2854 bus
1920 2799 1989 2853 ab
2027 2798 2255 2866 objectis
2275 2799 2515 2853 externis
2529 2797 2640 2866 jam
2662 2799 2952 2853 abstractis
2969 2800 3207 2871 aliquam
3236 2801 3392 2855 habi-

1789 2887 1987 2941 tualem
2018 2886 2448 2950 dissuetudinem
2485 2901 2801 2956 procurare,
2851 2903 2971 2959 qua:
3016 2887 3240 2943 solitarii
3268 2888 3389 2943 ani-

83 2981 190 3028 tum
217 2973 566 3045 proferemus
596 2991 716 3045 quae
758 2973 900 3044 apud
942 2988 1042 3028 nos
1089 2972 1233 3028 circa
1287 2973 1422 3028 illud
1467 2983 1576 3027 tum
1621 2989 1686 3028 ex
1710 2990 1762 3049 B
1789 2991 1940 3029 mum
1971 2974 2205 3046 quietius
2236 2989 2404 3046 agere
2445 2973 2606 3028 sinat.

89 3069 410 3118 statutorum
441 3071 648 3128 tenore,
683 3070 796 3116 tum
845 3077 910 3116 ex
953 3060 1312 3130 capitulorum
1360 3062 1696 3133 generalium

89 3150 542 3214 ordinationibus,
594 3157 708 3204 tum
772 3149 988 3204 demum
1031 3163 1098 3203 ex
1141 3148 1297 3218 praxi
1344 3150 1552 3204 ordinis
1595 3166 1696 3220 pro

89 3245 236 3293 certo
265 3238 519 3293 habenda
550 3246 692 3292 sunt.

158 3325 360 3382 Primo.
395 3327 503 3381 Per
531 3325 879 3381 stabilitatem
909 3326 1054 3381 illam
1078 3324 1494 3399 recognoscitur
1520 3326 1699 3380 adhae-

91 3413 256 3468 rentia
286 3412 414 3481 ﬁxa,
458 3421 510 3468 et
539 3414 938 3484 quodammodo
966 3415 1355 3470 indissolubilis
1385 3414 1548 3469 statui
1575 3429 1699 3468 mo-

91 3502 299 3557 nastico
330 3509 387 3557 et
418 3501 767 3557 Carthusiano
797 3502 1000 3571 debita,
1036 3502 1123 3558 cui
1162 3502 1463 3558 monachus
1496 3501 1702 3572 profes-

93 3588 298 3644 sionem
371 3589 648 3656 emittens,
696 3589 876 3645 sciens
932 3598 984 3645 et
1031 3590 1222 3645 volens
1271 3606 1330 3645 se
1371 3606 1474 3660 per
1520 3597 1701 3644 votum

90 3677 296 3747 alligat.
336 3678 406 3731 Et
433 3677 561 3732 inde
587 3677 768 3733 dicere
799 3694 908 3733 non
945 3678 1254 3733 dubitamus
1285 3679 1584 3733 monachos
1614 3677 1705 3749 qui

91 3765 157 3818 ad
188 3765 571 3835 episcOpatum
602 3773 884 3831 vocantur,
907 3782 1014 3820 non
1036 3782 1200 3833 posse
1218 3766 1332 3821 ullo
1348 3766 1511 3821 modo
1541 3765 1702 3820 eximi

92 3852 156 3905 ab
186 3853 254 3907 iis
285 3852 658 3908 observantiis
686 3853 914 3908 instituti
960 3854 1366 3919 carthusiensis,
1418 3870 1539 3925 quae
1578 3869 1702 3908 cum

89 3941 495 4011 episcopalibus
523 3941 723 3995 muniis
749 3950 979 4012 possunt
1025 3942 1382 4008 concordare,
1436 3949 1594 4012 prout
1620 3949 1704 3996 est

88 4029 421 4084 abstinentia
450 4044 482 4083 a
511 4029 786 4097 carnibus,
822 4030 947 4100 quia
975 4046 1074 4100 per
1101 4038 1286 4086 votum
1313 4029 1574 4084 emissum
1603 4036 1704 4083 sta-

93 4116 314 4171 bilitatis
345 4117 638 4172 servandae
669 4117 722 4171 in
751 4118 1051 4188 pr0positio
1094 4117 1485 4174 carthusiensis
1531 4118 1599 4172 ad
1647 4117 1704 4171 id

91 4203 429 4276 obligantur,
465 4212 522 4258 et
549 4204 810 4275 obligatio
839 4206 950 4261 voti
977 4206 1232 4261 servandi
1262 4213 1342 4260 est
1372 4205 1439 4258 de
1463 4205 1585 4273 jure
1615 4204 1703 4259 di-

88 4292 234 4348 vino.
269 4292 490 4361 Quibus
519 4300 701 4348 autem
725 4293 908 4348 causis
929 4309 1066 4364 opus
1089 4294 1158 4348 sit
1187 4293 1258 4348 ad
1277 4293 1454 4349 valide
1474 4293 1701 4362 dispen-

87 4381 320 4435 sandum
353 4381 413 4434 in
443 4396 502 4435 re
533 4397 653 4451 quae
683 4381 851 4436 divini
874 4381 1013 4450 juris
1044 4389 1145 4448 est,
1192 4381 1454 4436 lectorem
1483 4379 1699 4435 remitto

85 4469 152 4523 ad
180 4470 249 4524 D.
282 4469 574 4539 Thomam,
605 4469 854 4525 Toletum
883 4478 937 4526 et
964 4469 1086 4525 illos
1115 4468 1530 4541 probatissimos
1561 4469 1698 4524 doc-

87 4564 254 4613 ιοτρε.

154 4645 440 4703 Secundo.
473 4646 579 4700 Per
627 4645 972 4702 stabilitatem
1019 4645 1340 4718 intelligitur
1367 4644 1699 4700 adhaerentia

85 4733 224 4801 loco,
258 4735 317 4790 id
351 4741 440 4789 est
470 4733 676 4802 domui,
709 4734 822 4790 sive
852 4734 906 4788 in
938 4749 1046 4806 qua
1076 4733 1472 4805 professionem
1503 4749 1698 4787 mona-

87 4822 220 4876 chus
252 4822 473 4886 emittit,
509 4821 623 4876 sive
652 4822 720 4876 ad
749 4837 909 4894 quam
941 4838 1040 4893 per
1086 4821 1453 4877 obedientiam
1493 4820 1699 4876 ordinis

85 4910 338 4965 mittitur.
399 4909 487 4964 Ad
536 4925 694 4980 quam
750 4910 1096 4965 stabilitatem
1145 4910 1260 4966 sive
1309 4909 1700 4964 adhazrentiam

83 5015 183 5068 per
213 5007 408 5054 votum
439 4997 600 5052 etiam
633 5014 693 5052 se
715 4998 986 5068 astringit,
1011 5006 1069 5052 ut
1086 4998 1223 5052 satis
1244 4997 1298 5051 id
1318 4998 1554 5067 explicat
1583 4997 1701 5066 ipse

88 5095 308 5142 sanctus
341 5087 512 5140 Pater
541 5086 720 5140 Bruno
766 5085 888 5141 loco
943 5085 1079 5139 infra
1117 5085 1354 5154 citando,
1385 5093 1437 5139 et
1485 5093 1597 5139 tum
1634 5100 1700 5139 ex

85 5175 324 5246 antiquis
354 5173 562 5230 chartis
592 5173 994 5244 capitularibus,
1045 5181 1156 5229 tum
1205 5190 1270 5228 ex
1318 5173 1554 5244 antiquis
1584 5180 1699 5226 sta-

86 5262 212 5316 tutis
241 5262 504 5333 pervium
534 5269 634 5325 est,
667 5262 734 5315 ab
763 5263 865 5318 hac
894 5262 1260 5328 instabilitate,
1292 5261 1349 5316 id
1378 5269 1460 5315 est
1487 5260 1700 5331 pruritu

88 5358 176 5404 aut
206 5351 527 5421 importuna
571 5349 829 5419 petitione
871 5350 1116 5404 mutandi
1164 5350 1406 5418 domum,
1440 5364 1472 5402 a
1499 5348 1700 5402 nostris

89 5454 210 5494 esse
234 5437 650 5502 abstinendum,
674 5437 841 5492 veluti
857 5453 887 5490 a
914 5453 972 5491 re
986 5445 1111 5492 voto
1132 5435 1698 5503 stabilitatisadversa,

86 5535 242 5597 prout
273 5526 391 5582 suis
422 5525 565 5580 locis
593 5524 804 5595 plenius
834 5524 1167 5597 probabitur.
1219 5520 1328 5579 Sed
1374 5531 1579 5578 certum
1620 5529 1704 5578 est

87 5632 151 5671 ex
181 5616 450 5672 continua
481 5613 637 5683 praxi
665 5612 895 5680 ordinis,
925 5629 1048 5684 quae
1076 5613 1282 5684 optima
1324 5611 1511 5683 legum
1540 5610 1705 5664 inter-

1867 3063 2139 3118 Secundo.
2173 3063 2275 3117 Per
2303 3061 2513 3116 ﬁrmam
2543 3070 2596 3117 et
2625 3061 2872 3117 stabilem
2900 3062 2955 3116 in
2977 3062 3212 3119 claustro
3239 3079 3396 3120 man-

1797 3152 2006 3206 sionem
2034 3166 2247 3217 cavere,
2299 3166 2368 3206 ne
2411 3158 2486 3205 tot
2534 3149 2858 3220 importunis
2901 3151 3391 3222 phantasmatibus,

1797 3256 1864 3295 ex
1893 3255 2075 3294 rerum
2106 3237 2417 3294 relictarum
2444 3238 2674 3307 objectis
2703 3239 2773 3293 de
2800 3253 2944 3294 novo
2985 3248 3222 3295 mentem
3251 3240 3398 3295 illius

1799 3344 1863 3383 ex
1894 3327 2187 3398 praesentia
2216 3325 2551 3391 ferientibus,
2576 3334 2629 3380 et
2645 3341 2711 3381 ex
2731 3326 2813 3381 rei
2840 3326 3080 3382 novitate
3107 3327 3399 3383 violentius

1800 3431 1924 3471 sese
1952 3415 2404 3485 imprimentibus,
2438 3415 2634 3468 iterum
2655 3414 2870 3468 animus
2917 3416 3035 3484 ejus
3064 3415 3395 3471 vulneretur.

1801 3503 1918 3572 Qua
1946 3503 2015 3558 de
2044 3517 2208 3557 causa
2235 3517 2344 3557 non
2375 3501 2554 3572 debet,
2587 3517 2690 3557 nec
2717 3502 2772 3556 in
2793 3502 2912 3558 solo
2941 3503 3185 3569 transitu,
3220 3518 3422 3559 saecu-

1800 3592 1913 3646 lum
1938 3591 2126 3648 videre
2158 3590 2316 3646 velle.

1873 3678 2021 3734 Finis
2051 3693 2186 3749 ergo
2213 3677 2359 3732 illius
2386 3677 2696 3732 stabilitatis
2725 3678 3074 3747 subvertitur,
3115 3679 3245 3734 dum
3273 3695 3399 3735 mo-

1803 3768 2012 3823 nachus
2041 3766 2435 3822 Carthusianus
2484 3767 2832 3821 mutationem
2875 3767 3068 3822 domus
3114 3768 3318 3839 appetit
3349 3776 3404 3823 et

1803 3855 2029 3920 obtinet,
2063 3869 2190 3908 nam
2219 3862 2272 3909 et
2317 3854 2627 3924 appetendo
2673 3863 2854 3910 mente
2877 3855 2989 3924 jam
3018 3855 3074 3909 in
3103 3856 3403 3914 novitatum

1803 3942 2130 4008 tentationes
2158 3942 2343 4013 lapsus
2373 3949 2475 4009 est,
2507 3950 2561 3998 et
2588 3959 2686 4014 per
2721 3943 2980 3999 saeculum
3008 3944 3288 3998 ambulare
3316 3943 3406 3998 in-

1806 4031 2009 4101 coepit;
2042 4039 2092 4086 et
2125 4030 2421 4085 obtinendo
2450 4031 2599 4101 quod
2643 4031 2938 4100 desiderat,
2975 4033 3300 4088 tentationes
3331 4032 3403 4086 il-

1803 4119 1887 4174 las
1915 4118 1984 4172 ad
2013 4125 2188 4173 actum
2219 4117 2456 4174 deducit.
2490 4118 2646 4173 Unde
2675 4127 2868 4174 natura
2887 4119 2958 4173 ad
2989 4120 3186 4175 cellam
3215 4127 3404 4191 postea

1805 4222 2049 4276 reversa,
2081 4213 2135 4260 et
2164 4205 2234 4260 ad
2247 4205 2484 4276 primum
2505 4205 2822 4275 privationis
2843 4214 3042 4262 statum
3058 4208 3305 4274 reducta,
3329 4207 3404 4262 ibi

1805 4293 2041 4367 litigare,
2091 4293 2200 4348 imo
2259 4309 2357 4363 per
2405 4293 2849 4363 imaginationum
2896 4294 3208 4350 collisiones
3249 4295 3404 4367 quasi

1800 4381 1983 4438 furere
2029 4381 2085 4435 in
2136 4381 2301 4435 istum
2343 4379 2736 4436 ambulatorem
2781 4381 2962 4438 denuo
3008 4382 3259 4449 inchoat,
3308 4383 3402 4454 qui

1800 4470 1925 4526 ideo
1951 4469 2155 4538 justam
2188 4468 2244 4522 in
2273 4483 2332 4523 se
2360 4467 2726 4524 instabilitatis
2756 4485 2870 4524 suae
2910 4471 3224 4526 mercedem
3251 4470 3401 4526 reci-

1799 4559 1897 4630 pit.
1927 4559 2051 4613 Non
2079 4556 2277 4611 mirum
2307 4572 2442 4627 ergo
2471 4563 2554 4611 est
2583 4556 2630 4610 si
2660 4557 2717 4612 in
2753 4558 3102 4628 proverbium
3131 4558 3278 4628 apud
3297 4573 3400 4614 nos

1803 4663 1960 4702 versa
1989 4645 2095 4701 sint
2141 4645 2311 4700 verba
2357 4643 2447 4698 illa
2491 4645 2730 4700 auctoris
2757 4645 2900 4700 libri.
2950 4647 3026 4702 De
3073 4647 3400 4704 imitatione

1805 4736 2016 4791 Christi
2031 4751 2044 4788 :
2061 4737 2205 4790 Raro
2215 4733 2674 4802 sanctiﬁcantur,
2689 4735 2784 4806 qui
2793 4735 3044 4790 multum
3059 4737 3400 4806 pergrinan-

1802 4828 1917 4888 tur,
1950 4822 2075 4893 quia
2104 4822 2159 4876 id
2191 4838 2374 4876 verum
2407 4837 2528 4876 esse
2558 4821 2893 4891 experientia
2938 4822 3168 4878 docente
3197 4822 3397 4879 didici-

1799 4927 1942 4977 mus,
1973 4911 2028 4964 in
2057 4909 2142 4963 his
2172 4910 2264 4980 qui
2285 4908 2431 4980 apud
2473 4925 2574 4964 nos
2617 4910 2870 4979 (subaudi
2917 4926 2982 4965 ex
3030 4910 3248 4982 propria
3294 4927 3398 4967 vo-

1800 4998 2028 5068 luntate)
2057 4998 2124 5051 de
2156 4997 2317 5052 domo
2347 4997 2402 5051 in
2450 4997 2670 5052 domum
2716 5013 2948 5069 pergere
2992 4997 3062 5053 ad
3107 5015 3260 5053 suam
3308 4999 3398 5054 in-

1801 5086 2052 5142 stantiam
2084 5093 2346 5157 quarunt.

1872 5173 1927 5228 Si
1952 5174 2150 5228 instent
2180 5173 2343 5244 aliqui
2401 5181 2454 5228 et
2500 5173 2678 5229 dicant
2725 5190 2786 5229 se
2827 5174 3014 5230 mirari
3063 5177 3207 5247 quod
3254 5176 3400 5248 apud

1801 5279 1901 5318 nos
1928 5262 2084 5333 quasi
2113 5277 2216 5332 pro
2255 5261 2574 5317 criminibus
2615 5262 2919 5317 habeantur
2967 5265 3230 5334 quasdam,
3279 5281 3400 5337 qua)

1802 5350 1856 5404 in
1887 5350 2004 5404 aliis
2033 5349 2317 5404 ordinibus
2363 5350 2530 5404 veluti
2568 5348 2716 5404 licita
2762 5359 2814 5404 et
2859 5351 3079 5406 innoxia
3120 5353 3398 5408 aestiman-

1803 5446 1904 5504 tur,
1953 5453 2018 5492 ac
2064 5436 2223 5492 facile
2274 5437 2690 5507 permittuntur;
2741 5437 2978 5493 breviter
3040 5441 3400 5510 respondebi-

1801 5541 1923 5580 mus
1952 5525 2051 5593 eis,
2083 5533 2317 5579 statuum
2347 5523 2715 5579 diversitatem
2742 5525 2797 5579 in
2833 5526 2934 5581 hoc
2962 5543 3084 5581 esse
3113 5528 3402 5582 attenden-

1801 5614 1945 5678 dam,
1981 5620 2032 5667 et
2062 5611 2199 5667 sicut
2224 5611 2278 5665 in
2309 5620 2450 5666 statu
2472 5611 2718 5667 saeculari
2750 5613 2904 5682 plura
2925 5615 3255 5685 quibusdam
3274 5631 3398 5685 per-

86 5719 215 5775 pres
244 5712 351 5772 est,
387 5708 582 5759 votum
609 5700 744 5756 illud
771 5701 949 5773 quoad
977 5701 1118 5756 hanc
1154 5707 1366 5772 partem
1391 5697 1701 5753 mutationis
1721 5689 1772 5748 D
1801 5695 1950 5753 sonis
1979 5695 2175 5752 nociva
2201 5710 2311 5750 non
2337 5701 2674 5764 reputantur,
2707 5711 2828 5765 quae
2875 5697 2996 5782 aliis
3042 5697 3200 5756 valde
3240 5697 3396 5767 peri-
