3940 6408
548 343 651 396 687

1389 341 1733 398 GUIGONIS
1771 343 1792 396 Ι
1833 339 2239 397 ΟΑΒΤΗΠΞΙᾸΞ
2279 339 2572 396 MAJORIS
2613 339 2886 397 PRIORIS
2925 343 2991 399 V-

3737 345 3824 396 688

618 469 672 522 2.
706 466 766 519 In
794 464 914 534 ipsa
942 471 1122 520 autem
1151 463 1334 530 missa,
1371 481 1474 536 qua
1505 465 1882 535 suscipiendus
1913 473 2015 529 est,
2049 471 2172 534 post
2202 463 2552 520 Oﬂerendam
2581 467 2648 520 ad
2677 467 2908 537 gradum
2937 474 3063 522 ante
3110 467 3281 521 altare
3319 464 3483 531 venit,
3515 464 3824 521 inclinatus-

547 579 651 633 que
673 577 888 617 versum
911 561 1054 616 hunc
1083 561 1241 616 tertio
1262 562 1475 631 repetit,
1496 563 1664 616 choro
1686 561 2046 631 respondente
2068 560 2317 616 eumdem
2343 579 2355 614 :
2385 564 2614 634 Suscipe
2633 580 2741 630 me,
2767 567 3019 630 Domine,
3040 565 3350 620 secundum
3369 564 3654 634 eloquium
3672 567 3824 617 tuum

545 663 601 715 et
632 660 811 713 vivam
836 663 920 723 ;et
944 674 1058 713 non
1080 658 1400 728 confundas
1422 674 1506 713 me
1528 659 1592 713 ab
1614 659 2035 729 exspectatione
2057 673 2200 713 mea.
2221 659 2348 712 Post
2369 660 2519 728 cujus
2537 661 2751 715 tertiam
2773 663 3149 732 repetitionem
3176 661 3412 729 additur,
3439 661 3627 716 Gloria
3646 661 3819 740 Patri,

546 757 977 828 Kyric-cleyson,
1006 757 1177 810 Pater
1197 759 1406 810 noster.
1434 755 1652 808 Interim
1675 755 1907 809 novitius
1928 762 2051 808 ante
2074 754 2318 826 singulos
2337 757 2635 812 monachos
2647 774 2825 828 genua
2845 757 3070 813 flectens
3086 758 3235 823 dicit,
3269 758 3374 813 Ora
3381 773 3486 828 pro
3504 772 3615 821 me,
3641 758 3823 810 Pater.

542 853 670 905 Post
698 853 814 907 haec
845 851 1084 916 rediens,
1118 851 1172 904 in
1204 851 1395 906 eodem
1429 866 1535 922 quo
1561 852 1732 922 prius,
1768 859 1871 904 stat
1900 850 2184 905 inclinatus
2207 851 2348 908 loco.
2369 854 2516 909 Tunc
2534 856 2790 910 sacerdos
2817 856 2885 910 ad
2915 856 3064 910 illum
3087 871 3385 911 conversus
3413 853 3595 908 subdit
3629 869 3641 907 :
3666 855 3735 907 Et
3763 868 3827 906 ne

537 967 638 1006 nos
668 951 923 1018 inducas,
953 951 1180 1005 Salvum
1203 952 1296 1020 [ac
1319 966 1540 1004 servum
1561 953 1741 1017 tuum,
1770 949 1924 1004 Mitte
1947 947 2018 1015 ei,
2041 947 2167 1004 Esto
2190 949 2262 1014 ei,
2287 949 2556 1005 Dominus
2578 951 2855 1007 vobiscum
2878 971 2895 1006 :
2917 951 3104 1024 sicque
3124 951 3392 1008 cucullum
3412 966 3578 1022 super
3597 948 3825 1022 gradum

535 1056 661 1104 ante
690 1047 952 1103 novitium
985 1047 1216 1118 positam
1248 1047 1537 1112 benedicit,
1571 1045 1759 1100 dicens
1793 1059 1806 1099 :

1902 1220 2474 1278 COMMENTARIUS.

531 1374 720 1433 culosa
749 1384 841 1430 aut
869 1374 1127 1431 indecora
1155 1391 1277 1430 esse
1325 1382 1634 1441 censentur,
1685 1387 1751 1428 ac
1780 1373 1904 1428 ideo
1948 1371 2129 1442 prohi-
2149 1377 2204 1434 Α
2232 1389 2262 1427 e
2291 1375 2558 1429 contrario
2589 1375 2656 1429 sit
2686 1377 2984 1431 remedium
3022 1376 3328 1447 Oppositum
3349 1417 3366 1442 ,
3399 1390 3468 1430 ne
3514 1374 3644 1446 quid
3694 1390 3822 1428 sen-

533 1465 748 1531 bentur,
783 1463 861 1520 sic
891 1463 1047 1534 plura
1078 1463 1201 1518 vitae
1231 1463 1486 1518 solitaria:
1534 1460 1940 1531 professoribus
1971 1460 2133 1514 noxia

531 1560 674 1618 sunt,
709 1559 762 1607 et
788 1552 911 1607 ideo
947 1551 1302 1621 prohibenda,
1337 1566 1458 1620 quae
1487 1549 1606 1602 aliis
1645 1547 1991 1620 regularibus
2023 1563 2132 1601 non

530 1647 739 1694 tantum
765 1640 928 1695 noxia
958 1654 1064 1694 non
1097 1646 1239 1704 sunt,
1273 1637 1371 1692 sed
1402 1637 1564 1692 etiam
1584 1652 1693 1690 non
1719 1651 1844 1690 raro
1873 1635 2042 1699 utilia,
2077 1641 2130 1688 et

529 1728 654 1783 ideo
685 1727 818 1798 ipsis
847 1744 878 1781 a
909 1727 1019 1781 suis
1051 1726 1426 1797 superioribus
1466 1724 1821 1796 injungenda,
1855 1723 2000 1794 quod
2030 1739 2128 1776 ex-

531 1816 724 1886 emplis
753 1815 986 1886 probare
1017 1814 1074 1868 in
1120 1822 1373 1884 promptu
1405 1821 1582 1880 esset,
1617 1812 1714 1866 sed
1760 1811 1832 1866 ad
1871 1811 2128 1882 proposi-

526 1912 640 1959 tum
672 1912 918 1959 nostrum
949 1918 1057 1957 non
1097 1901 1348 1972 pertinet.

600 1992 876 2046 Stabilitas
906 2007 1038 2061 ergo
1068 1990 1167 2044 ista
1193 1989 1248 2043 in
1285 1988 1473 2043 ordine
1520 1986 1888 2042 Carthusiensi
1910 2026 1924 2053 ,
1979 1985 2127 2041 velut

528 2096 731 2136 nervus
759 2097 790 2133 a
821 2095 928 2150 quo
956 2079 1155 2150 pendet
1184 2077 1325 2131 illius
1371 2075 1777 2147 perseverantia
1824 2075 1879 2127 in
1911 2089 2008 2128 suo
2038 2073 2126 2127 in-

527 2169 730 2233 stituto,
764 2167 1176 2230 consideratur;
1216 2181 1280 2218 ex
1321 2164 1462 2217 illius
1492 2163 1636 2218 enim
1679 2162 1789 2218 voti
1835 2160 2126 2216 emissione

527 2265 579 2311 et
605 2254 968 2319 observantia,
1004 2255 1118 2308 Deo
1158 2252 1490 2322 singularem
1538 2251 1767 2323 gratiam
1798 2250 1899 2320 ipsi
1928 2249 2124 2317 adjun-

528 2348 711 2412 gente,
745 2338 1033 2394 laudabilis
1064 2337 1156 2391 illa
1184 2336 1442 2391 tenacitas
1490 2333 1805 2389 adhaarendi
1839 2333 1950 2387 suis
1980 2333 2123 2386 anti-

529 2429 652 2500 quis
680 2428 888 2493 usibus,
922 2434 974 2482 et
1005 2425 1134 2479 nihil
1165 2423 1456 2479 innovandi
1488 2423 1543 2477 in
1578 2422 1681 2488 his,
1714 2439 1833 2493 quae
1862 2422 1930 2475 ad
1960 2428 2119 2474 natu-

527 2532 646 2571 ram
679 2524 730 2571 et
761 2514 1112 2570 substantiam
1143 2513 1226 2567 sui
1247 2511 1472 2566 instituti
1494 2518 1739 2582 spectant
1768 2518 1896 2564 nata
1923 2516 2024 2573 est,
2057 2525 2122 2562 ex

524 2621 631 2676 qua
659 2603 886 2658 ﬁrmitas
931 2602 1021 2656 illa
1067 2600 1269 2656 veteris
1317 2599 1674 2654 observantiae
1722 2597 2006 2653 servandae
2052 2596 2123 2650 ad

522 2693 638 2748 hinc
668 2709 838 2762 usque
870 2699 1118 2760 tempora
1146 2689 1414 2759 pervenit.

591 2781 648 2835 Si
675 2781 804 2851 quid
835 2779 977 2834 enim
1002 2785 1268 2832 mutatum
1299 2777 1510 2832 videtur
1538 2776 1595 2828 in
1634 2789 1860 2829 numero
1891 2780 1944 2827 et
1973 2787 2114 2843 qua-

519 2868 668 2924 litate
698 2867 1150 2922 abstinentiarum
1175 2865 1229 2918 in
1259 2879 1400 2935 pane
1431 2871 1482 2918 et
1499 2877 1659 2933 aqua,
1693 2863 1762 2935 de
1791 2861 1986 2932 quibus
2016 2875 2114 2914 suo

517 2956 638 3012 loco
668 2956 887 3026 agitur;
919 2970 1110 3009 revera
1139 2953 1294 3024 quasi
1333 2968 1442 3007 non
1473 2959 1731 3005 mutatum
1779 2949 2115 3005 censendum

515 3052 620 3110 est,
650 3043 778 3115 quia
807 3043 876 3097 ab
907 3041 1058 3096 initio
1087 3041 1156 3094 ad
1197 3048 1384 3094 nutum
1432 3037 1728 3110 superioris
1757 3045 1963 3092 tantum
1995 3053 2114 3091 ser-

515 3131 706 3187 venda:
735 3137 919 3185 erant:
953 3137 1006 3185 et
1036 3128 1083 3182 si
1111 3144 1254 3182 nunc
1276 3143 1382 3182 non
1415 3127 1574 3197 plene
1613 3133 1898 3181 servantur
1925 3133 1981 3179 ut
2011 3139 2114 3179 an-

516 3218 765 3290 tiquitus,
796 3218 852 3272 id
881 3234 946 3272 ex
977 3215 1297 3272 necessitate
1327 3214 1681 3270 subveniendi
1727 3212 2040 3283 indigentiis
2063 3221 2115 3268 et

513 3305 913 3363 conservationi
942 3320 1232 3375 corporum
1278 3303 1566 3374 processit,
1618 3310 1671 3356 et
1715 3301 1967 3373 exigente
2013 3317 2113 3355 ex-

511 3394 813 3466 perientia,
871 3408 905 3448 a
953 3391 1322 3463 superioribus
1374 3391 1428 3444 in
1475 3389 1721 3460 capitulis
1771 3388 2115 3460 generalibus

516 3482 758 3554 legitime
787 3480 1137 3554 congregatis
1166 3479 1263 3534 fuit
1309 3479 1638 3546 ordinatum,
1688 3485 1746 3531 ut
1787 3478 1902 3546 jam
1929 3492 2048 3547 cap.
2081 3477 2115 3530 ’ἵ

515 3570 771 3626 diximus.

584 3659 730 3714 Nihil
768 3673 992 3729 prorsus
1041 3662 1303 3711 mutatum
1349 3662 1431 3710 est
1475 3654 1531 3708 in
1577 3653 1765 3708 ordine
1789 3697 1801 3718 ,
1835 3651 1939 3706 nisi
1969 3652 2116 3723 quod

513 3746 846 3819 experientia
875 3745 1168 3799 multorum
1198 3759 1466 3798 annorum
1494 3742 1647 3813 prius
1686 3740 1888 3809 docuit,
1924 3741 1980 3793 in
2007 3756 2114 3795 me-

514 3836 620 3891 lius
649 3850 774 3890 esse
821 3833 1269 3900 convertendum,
1321 3831 1486 3901 idque
1524 3845 1632 3884 non
1664 3829 1938 3884 voluntate
1969 3827 2112 3882 infe—

515 3923 739 3990 riorum,
818 3921 914 3976 sed
962 3920 1293 3991 generalium
1370 3917 1727 3988 capitulorum
1778 3915 1984 3984 judicio
2038 3915 2116 3969 fa-

515 4020 661 4067 ctum
691 4018 793 4065 est.
825 4011 932 4064 Pro
962 4008 1212 4078 exemplo
1243 4007 1311 4062 sit
1340 4007 1516 4061 forma
1537 4004 1817 4060 electionis
1849 4003 2110 4073 priorum,

2233 1461 2333 1514 sim
2363 1470 2596 1516 mutetur
2637 1481 2704 1518 ex
2752 1465 2991 1519 humana
3041 1463 3365 1530 infirmitate,
3415 1463 3560 1534 quod
3603 1462 3824 1533 antiquo

2232 1550 2512 1618 proposito
2544 1551 2911 1608 Carthusiensi
2939 1552 3278 1608 adversetur.

2302 1638 2415 1692 Hoc
2470 1639 2772 1694 stabilitatis
2824 1648 3009 1695 votum
3074 1640 3336 1705 multum,
3380 1639 3638 1709 inquam,
3689 1653 3822 1695 con-

2228 1723 2333 1779 fert
2395 1725 2462 1779 ad
2503 1727 2781 1798 antiquum
2817 1727 3022 1782 ordinis
3059 1728 3396 1799 propositum
3442 1726 3650 1782 illibate
3699 1743 3820 1781 ser-

2229 1813 2464 1866 vandum
2494 1831 2507 1866 :
2541 1823 2592 1868 et
2622 1815 2699 1870 sic
2727 1816 2796 1869 ad
2827 1817 2930 1871 hoc
2967 1816 3240 1886 pertinere
3287 1823 3498 1870 constat
3526 1823 3584 1869 ut
3612 1814 3732 1885 ipse
3764 1814 3817 1869 S.

2225 1901 2380 1955 Pater
2410 1903 2589 1956 Bruno
2618 1902 2674 1956 in
2702 1903 2927 1958 homilia
2954 1903 3022 1958 de
3060 1902 3457 1970 Purificatione,
3509 1903 3578 1958 de
3625 1918 3820 1958 mona-

2227 1988 2344 2043 chis
2375 1989 2625 2060 loquens,
2659 1991 2712 2045 id
2740 1992 2942 2045 diserte
2986 1991 3287 2061 exprimat,
3321 1991 3556 2046 dicendo
3590 2005 3603 2044 :
3640 1993 3818 2046 Fran-

2224 2082 2440 2148 guntur
2460 2079 2686 2146 amellos,
2712 2081 2844 2149 quia
2865 2080 3109 2149 vagandi
3125 2081 3360 2134 licentia
3377 2079 3622 2144 tollitur,
3647 2083 3702 2134 et
3717 2079 3820 2134 loci

2223 2167 2604 2238 prapositiquc
2621 2168 2903 2222 stabilitas
2919 2168 3256 2237 imperatur.
3271 2165 3480 2234 Quibus
3491 2166 3674 2222 verbis
3697 2182 3821 2236 pro-

2224 2253 2420 2322 posito,
2452 2253 2632 2308 locum
2683 2254 2840 2308 etiam
2886 2255 3149 2326 adjungit,
3184 2263 3242 2309 ut
3282 2254 3482 2310 indicet
3525 2254 3822 2310 secundum

2224 2350 2462 2395 mentem
2493 2358 2662 2407 suam,
2698 2343 3047 2397 stabilitatem
3076 2343 3130 2395 in
3175 2351 3405 2413 utroque
3435 2358 3556 2397 esse
3591 2357 3820 2397 servan-

2223 2429 2367 2482 dam.
2432 2429 2490 2482 Id
2531 2429 2762 2499 amplius
2810 2447 2874 2483 ex
2940 2445 3080 2485 nova
3133 2430 3453 2485 collectione
3499 2437 3820 2486 statutorum

2222 2516 2428 2570 ordinis
2453 2517 2728 2586 probatur,
2775 2517 2865 2571 ubi
2911 2517 3111 2572 dicitur
3158 2533 3282 2588 cap.
3338 2522 3426 2583 22,
3477 2534 3533 2573 n.
3565 2522 3627 2572 61
3668 2535 3683 2572 :
3719 2518 3821 2584 Qui

2221 2622 2347 2662 vero
2375 2607 2847 2676 praasumpserint
2864 2623 2964 2676 per
2985 2607 3206 2660 litteras
3243 2606 3551 2677 suppressis
3572 2607 3819 2660 nomini-

2145 2718 2199 2779 Β
2223 2692 2322 2748 bus
2344 2695 2629 2763 infamare
2661 2693 2917 2748 ordinem
2946 2698 3225 2760 nostrum,
3257 2698 3358 2748 aut
3377 2695 3645 2765 praelatos
3676 2696 3814 2765 ejus,

2221 2778 2306 2832 vel
2326 2778 2572 2848 aliquem
2593 2793 2667 2832 ex
2688 2779 2847 2848 ipsis,
2863 2781 2967 2831 aut
2989 2779 3341 2832 tentaverint
3360 2778 3623 2832 instituti
3638 2779 3818 2833 nostri

2218 2868 2492 2920 naturam
2505 2867 2756 2920 evertere
2767 2869 2822 2919 et
2837 2866 3164 2930 immutare,
3180 2865 3297 2936 ipso
3308 2867 3461 2936 facta
3474 2866 3633 2920 omni
3643 2865 3818 2935 oﬁicio

2217 2958 2273 3008 et
2294 2968 2420 3008 voce
2441 2953 2757 3023 priventur,
2773 2957 2828 3007 et
2845 2954 3457 3008 excommunicationis
3470 2955 3819 3008 sententiam

2216 3043 2541 3108 incurrant,
2558 3057 2592 3094 a
2608 3057 2715 3111 qua
2729 3056 2844 3095 non
2855 3042 3074 3110 possint
3085 3041 3310 3106 absolvi,
3327 3041 3439 3096 nisi
3454 3057 3557 3111 per
3567 3055 3821 3096 reveren-

2215 3127 2350 3182 dum
2373 3131 2448 3182 Pa
2456 3123 2617 3193 trem,
2643 3132 2746 3182 aut
2759 3129 3003 3200 aliquem
3017 3144 3090 3183 ea:
3103 3129 3234 3182 visit
3241 3129 3510 3183 atorib-us.
3525 3127 3675 3182 Talis
3685 3143 3821 3200 ergo

2215 3222 2507 3269 attentatus
2525 3215 3039 3285 reputaturmateria
3053 3215 3280 3285 peccati,
3304 3222 3356 3270 et
3379 3215 3598 3286 quidem
3623 3224 3822 3270 morta-

2215 3302 2300 3368 lis,
2327 3318 2449 3358 cum
2472 3301 3041 3358 excommunicationis
3061 3319 3238 3373 pmnze
3251 3303 3530 3371 subjaceat
3555 3322 3570 3369 ;
3591 3312 3646 3358 et
3661 3304 3823 3359 meri-

2215 3399 2287 3455 to,
2322 3391 2623 3462 quiaigitur
2639 3391 2704 3446 de
2721 3393 2832 3446 voti
2854 3391 3290 3462 transgressione
3319 3391 3376 3444 in
3395 3391 3623 3446 materia
3643 3392 3822 3464 gravi,

2217 3478 2390 3549 qualis
2421 3487 2504 3533 est
2546 3487 2836 3534 attentatus
2882 3479 2973 3533 ille
3015 3479 3345 3549 procurandi
3374 3463 3722 3534 eversionem
3771 3487 3824 3535 et

2216 3566 2591 3622 infractionem
2654 3567 2958 3622 stabilitatis
3020 3567 3222 3622 veteris
3264 3575 3318 3622 et
3363 3567 3536 3623 sancti
3585 3567 3822 3622 instituti

2216 3655 2361 3725 quod
2390 3671 2422 3708 a
2451 3663 2529 3709 tot
2558 3654 2716 3708 annis
2744 3671 2842 3725 per
2881 3654 3222 3709 stabilitatem
3252 3655 3307 3708 in
3335 3654 3527 3727 vigore
3555 3671 3812 3726 perseve-

2215 3751 2315 3797 rat.
2349 3743 2404 3797 Si
2435 3743 2579 3797 enim
2609 3743 2701 3813 qui
2728 3742 3101 3798 machinantur
3140 3742 3344 3813 aliquid
3391 3751 3575 3798 contra
3623 3737 3819 3815 pacem

2213 3838 2268 3884 et
2309 3830 2588 3884 utilitatem
2637 3830 2838 3886 civium
2883 3831 3044 3885 unius
3091 3829 3341 3897 civitatis,
3388 3831 3632 3903 graviter
3679 3848 3817 3902 pec-

2215 3926 2364 3984 cant;
2419 3918 2548 3989 quid
2594 3918 2664 3972 de
2709 3919 2991 3973 monachis
3023 3918 3355 3974 censendum
3399 3926 3500 3985 est,
3553 3919 3646 3988 qui
3696 3928 3821 3990 post

2215 4011 2398 4058 votum
2440 4003 2700 4058 emissum
2747 4002 3013 4057 stabiliter
3054 4003 3354 4058 inhaerendi
3398 4003 3684 4074 proposito
3735 4004 3818 4060 sui

514 4107 677 4171 prout
706 4099 759 4153 in
811 4113 955 4153 nova
1003 4065 1324 4152 collectione
1374 4101 1695 4148 statutorum
1737 4065 1866 4146 ante
1901 4065 2118 4147 centum
2139 4065 2185 4124 Ο
2216 4090 2464 4157 instituti,
2497 4090 2627 4145 illud
2655 4100 2899 4146 evertere
2931 4098 2983 4145 et
3013 4091 3297 4145 immutare
3327 4065 3632 4147 conantur?

515 4203 687 4243 annos
717 4187 860 4242 facta
889 4185 1140 4240 statuitur
1169 4199 1288 4254 cap.
1339 4187 1394 4248 2,
1427 4198 1484 4247 ιι,
1535 4187 1698 4250 part.,
1733 4197 1788 4234 n.
1823 4183 1912 4234 33.
1945 4180 2116 4234 Datur

513 4275 589 4330 ibi
619 4274 863 4340 facultas,
897 4289 1018 4345 quae
1045 4272 1101 4327 in
1131 4271 1369 4341 antiquis
1417 4268 1627 4322 statutis
1675 4283 1785 4322 non
1833 4275 1946 4322 erat
1977 4281 2110 4322 con-

515 4378 692 4429 cessa,
719 4379 915 4432 nempe
946 4369 1135 4433 quater
1162 4357 1443 4428 repetendi
1489 4355 1802 4411 scrutinium
1835 4355 1888 4409 in
1921 4355 2112 4410 eadem

513 4451 601 4506 die
625 4495 638 4517 ,
673 4451 772 4506 sed
801 4448 1045 4504 aufertur
1074 4447 1148 4501 ibi
1180 4445 1403 4500 libertas
1447 4443 1752 4499 remittendi
1797 4450 1977 4498 actum
2024 4443 2116 4498 eli-

513 4539 680 4612 gendi
708 4539 764 4592 in
792 4538 936 4593 diem
990 4534 1307 4600 crastinum,
1360 4532 1484 4604 quia
1532 4531 1866 4603 experientia
1919 4531 2112 4586 docue-

513 4634 598 4681 rat
627 4627 752 4682 inde
781 4624 1040 4682 notabilia
1069 4622 1316 4679 evenisse
1348 4622 1560 4687 damna,
1613 4637 1678 4676 ex
1708 4620 1879 4690 pactis
1909 4626 1960 4674 et
1990 4619 2111 4673 aliis

518 4715 786 4769 similibus
818 4711 1115 4781 industriis,
1144 4727 1264 4782 quae
1311 4709 1570 4780 Spiritum
1621 4715 1864 4763 sanctum
1892 4707 1962 4761 ab
1990 4707 2110 4776 ipsa

516 4804 780 4860 electione
829 4801 1110 4870 arcebant,
1159 4807 1218 4854 ut
1264 4799 1510 4869 ipsorum
1559 4804 1875 4852 statutorum
1924 4794 2109 4850 verbis

512 4900 749 4946 utamur.

581 4981 715 5045 Imo,
749 4977 794 5031 si
825 4976 952 5048 quid
978 4975 1217 5030 additum
1253 4989 1375 5029 esse
1423 4973 1633 5028 videtur
1678 4988 1776 5043 per
1802 4971 2106 5026 ordinatio-

505 5082 603 5122 nes
633 5065 991 5137 capitulorum
1022 5063 1378 5135 generalium,
1414 5061 1470 5116 id
1525 5069 1731 5116 tantum
1779 5060 1977 5114 factum
2025 5067 2108 5114 est

509 5154 798 5211 occasione
847 5152 1199 5223 irrepentium
1245 5151 1528 5216 abusuum,
1579 5149 1647 5202 ad
1692 5163 1920 5219 quorum
1970 5146 2105 5202 effe-

508 5251 646 5311 ctus,
681 5243 766 5298 vel
807 5240 1222 5312 praeveniendos
1270 5237 1354 5294 vel
1391 5236 1764 5307 corrigendos,
1814 5243 1903 5289 aut
1949 5251 2104 5289 erro—

507 5348 641 5386 neas
707 5327 1184 5399 interpretationes
1248 5326 1606 5381 destruendas
1668 5323 1965 5400 remedium
2009 5339 2108 5394 per

2288 4179 2511 4250 Aliquas
2540 4178 2937 4233 immutationes
2967 4186 3020 4233 et
3067 4178 3418 4234 alterationes
3463 4196 3715 4250 quaerere
3763 4181 3818 4235 in

2215 4267 2437 4338 antiquo
2467 4284 2569 4321 usu
2597 4275 2650 4321 et
2691 4267 2936 4321 instituto
2983 4267 3373 4335 Carthusiensi,
3407 4274 3459 4322 et
3487 4267 3618 4321 illud
3651 4285 3814 4324 ever-

2214 4362 2348 4422 tere,
2397 4355 2543 4409 idem
2589 4362 2709 4422 est;
2757 4354 2884 4409 inde
2954 4354 3098 4408 enim
3153 4354 3360 4409 ordinis
3406 4355 3814 4412 Carthusiensis

2212 4443 2500 4498 laudabilis
2529 4443 2618 4496 illa
2643 4443 2924 4511 tenacitas,
2976 4451 3029 4497 et
3071 4443 3128 4496 in
3173 4443 3286 4498 suis
3332 4442 3564 4514 antiquis
3617 4445 3812 4499 usibus

2213 4530 2478 4584 stabilitas
2509 4529 2716 4584 destrui
2747 4529 2952 4599 incipit.
2983 4530 3118 4584 Nam
3138 4529 3295 4602 siqui
3321 4530 3567 4585 monachi
3587 4531 3812 4586 solitarii

2213 4618 2382 4674 semel
2412 4619 2466 4672 in
2497 4619 2598 4674 hac
2625 4626 2780 4689 parte
2809 4618 2876 4671 ad
2900 4633 3055 4672 suam
3084 4617 3394 4673 instantiam
3439 4618 3646 4689 aliquid
3674 4619 3812 4676 obti-

2211 4723 2339 4761 nere
2371 4706 2689 4772 niterentur,
2721 4706 2809 4761 vel
2847 4705 3008 4760 etiam
3051 4722 3150 4777 per
3177 4707 3370 4761 modos
3399 4707 3753 4777 subreptitios
3780 4723 3812 4762 a

2212 4795 2268 4850 S.
2301 4794 2431 4849 sede
2461 4793 2762 4864 apostolica
2808 4793 3133 4860 obtinerent,
3189 4794 3313 4849 inde
3334 4795 3503 4862 janua
3531 4794 3642 4849 illis
3673 4812 3808 4867 ape-

2211 4881 2410 4936 riretur
2425 4881 2494 4935 ad
2517 4881 2787 4951 quaslibet
2818 4881 3081 4936 novitates
3109 4881 3514 4953 excogitandas,
3548 4891 3813 4953 appeten-

2208 4970 2307 5025 das
2337 4977 2389 5025 et
2420 4969 2757 5039 quaerendas.
2793 4971 2998 5024 Mentes
3027 4970 3244 5025 illorum
3268 4971 3410 5024 intra
3441 4970 3593 5026 cella:
3623 4972 3804 5042 parie-

2207 5066 2290 5112 tes
2318 5057 2694 5129 cogitabundze
2742 5057 2888 5112 mille
2935 5057 3194 5130 ﬁgmenta
3223 5065 3626 5128 componerent,
3662 5076 3802 5131 quae,

2208 5146 2501 5216 instigante
2545 5145 2759 5200 diabolo
2805 5154 2856 5200 et
2915 5161 3103 5201 amore
3157 5146 3367 5216 privato
3419 5146 3803 5213 lenocinante,

2208 5235 2356 5290 velut
2380 5234 2680 5302 justissima
2710 5242 2763 5289 et
2792 5234 3304 5289 convenientissima
3336 5242 3672 5304 reputarent,
3706 5249 3806 5290 nec

2209 5322 2571 5393 quiescerent,
2613 5321 2790 5377 donec
2837 5322 3018 5377 media
3049 5322 3348 5392 reperirent
3395 5323 3464 5376 ad
3511 5339 3672 5377 suum
3721 5324 3805 5377 in-

503 5417 635 5474 istas
665 5417 1037 5473 ordinationes
1066 5415 1369 5486 appositum
1399 5421 1500 5478 est,
1533 5421 1590 5468 ut
1637 5412 1809 5467 videri
1840 5419 2017 5481 potest
2047 5410 2102 5465 in
2123 5409 2174 5468 D
2207 5418 2412 5465 tentum
2487 5409 2840 5464 obtinendum
2862 5453 2874 5476 ,
2943 5417 2996 5464 et
3059 5410 3234 5464 donec
3298 5410 3512 5464 tandem
3574 5411 3810 5466 totaliter

503 5521 642 5562 nova
670 5506 907 5560 editione
951 5511 1285 5568 statutorum,
1331 5502 1387 5556 in
1430 5517 1535 5572 qua
1577 5499 1760 5570 plures
1804 5499 2102 5554 ordinatio-

499 5610 598 5650 nes
645 5594 866 5648 inserta:
907 5591 1194 5646 habentur.
1247 5590 1306 5643 Id
1355 5604 1485 5660 ergo
1531 5603 1643 5642 non
1689 5586 1854 5641 veluti
1901 5602 2103 5642 novum

498 5682 646 5752 quid,
681 5688 772 5736 aut
800 5678 1080 5735 stabilitati
1103 5678 1392 5734 adversum
1436 5674 1799 5747 reputandum
1827 5682 1948 5742 est,
1981 5690 2103 5730 cum

2203 5513 2390 5553 amore
2419 5497 2632 5568 privato
2677 5497 2966 5553 obcaecata:
3007 5498 3402 5552 arbitrarentur
3449 5498 3608 5553 etiam
3639 5499 3808 5554 obse-

2204 5585 2389 5656 quium
2418 5601 2478 5641 se
2507 5591 2767 5655 prastare
2795 5586 2932 5652 Deo,
2967 5585 3012 5640 si
3042 5585 3341 5640 institutum
3370 5593 3525 5642 vetus
3558 5595 3806 5644 evertere

2203 5673 2522 5730 niterentur.
