3940 6414
99 333 205 387 689
1354 334 1360 341 ’
1463 335 2074 396 CONSUETUDINES.

1337 458 1873 516 CAPITULUM
1933 463 2195 519 XXIV.

1404 555 1594 611 Oratio
1624 572 1794 627 super
1822 559 2127 615 cucullum.

181 653 424 708 Domine
455 655 585 709 Jesu
608 650 845 715 Christe,
892 650 988 721 qui
1021 651 1266 721 tegimen
1322 656 1532 708 nostra:
1583 655 1960 712 mortalitatis
2000 657 2236 713 induere
2280 658 2546 730 dignatus
2575 677 2650 726 es,
2694 662 3047 720 obsecramus
3081 667 3421 724 immensam

109 752 226 803 tua:
250 748 547 820 largitatis
587 745 1020 809 abundantiam,
1064 749 1130 799 ut
1166 745 1266 801 hoc
1307 763 1482 817 genus
1525 749 1870 818 vestimenti,
1909 755 2051 825 quod
2087 758 2279 812 sancti
2308 760 2526 827 Patres,
2565 758 2636 812 ad
2670 759 3016 817 innocentice
3051 765 3135 818 vel
3178 764 3418 820 humili-

109 847 254 899 tatis
276 845 580 908 indicium,
614 843 818 897 sceculo
839 841 1314 897 abrenuntiantes
1349 845 1502 914 ferre
1540 852 1884 913 sanxerunt,
1928 849 2013 904 ita
2049 851 2372 909 benedicere
2402 855 2681 924 digneris,
2721 863 2786 913 ut
2826 859 2916 915 hic
2969 863 3224 931 famulus
3261 867 3418 932 tuus,

107 942 206 1014 qui
227 943 330 998 hoc
354 957 489 997 usus
509 940 706 1011 fuerit,
735 943 789 993 te
813 937 1050 994 induere
1089 944 1398 995 mereatur.
1451 941 1556 1008 Qui
1592 942 1726 997 vivis
1747 947 1803 996 et
1834 960 2034 1014 regnas
2066 964 2194 1002 cum
2235 951 2342 1004 Deo
2379 951 2569 1005 Patre.
2603 951 2812 1008 Dehinc
2839 969 3016 1025 cappa
3043 956 3286 1014 detracta
3315 957 3415 1031 [al.

104 1037 301 1109 tracta]
335 1037 549 1093 cuculla
579 1033 839 1090 novitium
893 1034 1081 1100 induit,
1113 1033 1300 1106 sicque
1330 1036 1399 1090 ad
1430 1051 1601 1090 cornu
1657 1039 1928 1094 accedens
1983 1042 2192 1112 altaris,
2226 1045 2621 1115 professionem
2667 1064 2823 1103 suam
2851 1059 3033 1121 aperte
3063 1060 3114 1108 et
3145 1053 3415 1115 distincte,

103 1134 453 1189 audientibus
482 1133 753 1196 omnibus,
806 1131 955 1201 legit,
1010 1131 1314 1203 lectamque
1345 1148 1510 1204 super
1537 1135 1903 1192 exosculatum
1934 1139 2090 1194 offert
2119 1141 2307 1198 altare.
2347 1143 2749 1208 Inclinatusque
2779 1147 2847 1201 ad
2877 1149 3180 1206 sacerdotis
3222 1151 3414 1223 pedes,

101 1232 195 1287 tali
223 1230 617 1304 deprecatione
647 1228 872 1300 suscipit
900 1228 1360 1284 benedictionem.

1485 1325 2056 1388 COMMENTARIUS.

173 1425 317 1480 Ibid.
355 1427 425 1480 Et
449 1424 842 1481 obedientiam.
876 1423 999 1477 Non
1018 1421 1247 1512 additur
1275 1423 1587 1479 secundum
1619 1441 1713 1512 re-
1741 1425 2023 1497 Agradus
2079 1431 2402 1488 obedientiae
2457 1450 2490 1489 a
2538 1437 2742 1492 sanctis
2805 1437 3054 1494 Patribus
3111 1439 3416 1512 descriptos

104 1515 328 1584 gulam,
356 1512 483 1584 quia
526 1527 785 1567 vovemus
816 1525 936 1566 eam
982 1510 1229 1566 absolute
1261 1518 1311 1566 et
1343 1511 1552 1582 absque
1601 1511 1714 1566 ulla
1813 1531 2028 1587 semper
2055 1521 2372 1586 ascendere,
2409 1521 2639 1595 illosque
2671 1525 2724 1579 in
2760 1526 2926 1581 corde
2957 1543 3056 1581 suo
3081 1528 3170 1598 pie
3221 1510 3413 1599 dispo-

3313 347 3418 405 690

101 1601 444 1670 conditione,
468 1608 551 1654 est
572 1599 716 1654 enim
747 1599 891 1670 apud
912 1613 1012 1653 nos
1040 1615 1215 1670 supra
1238 1600 1516 1670 regulam,
1549 1607 1601 1654 et
1632 1607 1712 1654 est

95 1690 247 1746 velut
277 1687 584 1744 substantia
614 1687 838 1756 regulae,
868 1695 924 1740 ut
955 1685 1100 1740 infra
1129 1686 1497 1741 manifestabit
1557 1688 1621 1742 R.
1647 1688 1706 1741 Ρ.

103 1778 286 1848 Guigo
319 1793 450 1847 cap.
490 1780 579 1840 35,
613 1783 664 1830 et
693 1775 766 1829 ibi
787 1775 855 1829 de
886 1775 988 1829 hac
1011 1791 1074 1829 re
1117 1773 1290 1828 fusius
1339 1790 1593 1847 agemus.

171 1865 313 1921 Ibid.
349 1867 418 1919 Et
448 1865 867 1921 conversionem
894 1878 1118 1918 morum
1143 1879 1421 1918 meorum.
1461 1863 1561 1918 Per
1579 1863 1710 1917 illud

97 1962 286 2009 votum
336 1952 658 2023 exprimitur
713 1950 1005 2021 promissio
1063 1966 1280 2020 semper
1336 1950 1613 2021 aspirandi
1641 1951 1710 2004 ad

97 2042 352 2106 meliora,
387 2049 441 2095 et
461 2055 734 2111 nunquam
763 2038 1054 2093 recedendi
1076 2038 1405 2108 aproposito
1435 2055 1493 2092 se
1524 2054 1710 2092 emen-

95 2129 484 2185 dandi:unde
540 2126 974 2182 concludendum
1033 2134 1114 2180 est
1179 2125 1328 2179 illum
1380 2127 1706 2181 monachum

96 2218 240 2290 apud
272 2233 400 2282 nos,
437 2215 526 2287 qui
559 2215 672 2269 sola
719 2214 1015 2280 voluntate,
1048 2214 1134 2268 vel
1162 2213 1371 2268 actibus
1425 2215 1708 2269 desereret

95 2306 444 2377 propositum
473 2302 792 2375 proficiendi
821 2310 913 2356 aut
959 2317 1018 2356 se
1080 2301 1446 2368 emendandi;
1479 2318 1705 2372 peccare

94 2403 280 2452 contra
337 2395 448 2448 hoc
505 2399 686 2447 votum
716 2390 966 2463 graviter
1012 2398 1103 2444 aut
1155 2389 1348 2445 leviter
1403 2390 1704 2446 secundum

93 2483 356 2538 rationem
391 2480 634 2535 materia:
681 2479 748 2534 de
778 2495 883 2549 qua
913 2486 1191 2548 ageretur.
1249 2477 1304 2532 Si
1353 2478 1422 2532 de
1471 2477 1704 2548 simplici

93 2569 530 2642 imperfectione,
562 2568 617 2622 in
661 2583 770 2638 qua
821 2567 1032 2621 haerere
1082 2565 1265 2634 vellet,
1299 2565 1528 2620 similem
1586 2565 1703 2621 cul-

91 2676 212 2729 pam
244 2658 552 2714 incurreret
599 2663 786 2711 contra
821 2653 1234 2710 conversionem
1272 2669 1522 2720 morum;
1557 2653 1602 2706 si
1633 2653 1702 2708 de

91 2754 315 2817 peccato
367 2744 565 2800 veniali
619 2741 964 2811 inﬁrmitatis,

92 2841 316 2906 peccato
375 2831 575 2888 veniali
636 2830 958 2896 voluntario,
1011 2829 1280 2899 similiter,
1341 2830 1386 2883 si
1445 2845 1573 2884 vero
1630 2829 1699 2884 de

93 2923 274 2995 aliquo
325 2928 556 2992 peccato
611 2918 842 2988 mortali,
906 2917 1178 2974 lethaliter
1243 2918 1403 2972 etiam
1448 2925 1699 2989 peccaret

95 3019 278 3068 contra
310 3017 501 3065 votum
532 3005 906 3063 conversionis
934 3021 1168 3060 morum.
1218 3005 1534 3076 Duplicatur
1562 3021 1697 3078 ergo

94 3100 247 3170 culpa
279 3097 489 3152 ratione
520 3095 650 3160 voti,
681 3095 820 3150 sicut
862 3095 1170 3164 duplicatur
1219 3095 1472 3149 meritum
1533 3110 1600 3148 ex
1626 3093 1695 3148 fi-

88 3187 193 3243 deli
224 3184 614 3257 adimpletione
645 3181 990 3239 voti'emissi.
1023 3183 1138 3237 Hac
1185 3182 1395 3237 ratione
1451 3182 1691 3250 videant,

92 3275 365 3347 quomodo
397 3289 457 3329 se
486 3279 711 3342 possent
756 3270 1023 3326 extricare
1057 3277 1151 3324 aut
1207 3285 1470 3326 excusare
1498 3286 1526 3324 a
1557 3285 1688 3341 pec-

90 3372 224 3430 cato,
258 3362 353 3434 qui
383 3360 586 3416 vellent
614 3359 823 3431 aliquas
851 3357 1228 3414 observantias
1249 3365 1568 3413 statutorum
1596 3373 1692 3413 or-

92 3453 230 3508 dinis
286 3450 595 3522 negligere,
646 3455 698 3503 et
737 3447 791 3502 in
838 3447 942 3501 ista
996 3446 1327 3519 negligentia
1386 3447 1687 3518 quiescere,

92 3540 188 3594 sub
215 3541 322 3595 hoc
341 3543 630 3610 praetextu,
663 3535 788 3607 quia
817 3533 1045 3606 simplex
1077 3542 1332 3589 statutum
1361 3550 1462 3606 per
1491 3551 1550 3591 se
1580 3550 1691 3590 non

88 3628 290 3700 obligat
348 3626 421 3681 ad
450 3632 732 3696 peccatum
745 3665 760 3678 .

156 3717 352 3772 Votum
385 3728 522 3786 ergo
553 3713 684 3767 illud
712 3711 879 3784 exigit
908 3725 942 3766 a
963 3709 1356 3777 Carthusianis,
1385 3716 1440 3764 ut
1468 3711 1536 3765 ad
1555 3725 1686 3780 per-

90 3803 376 3860 fectionem
407 3817 518 3856 sute
548 3799 906 3872 professionis
945 3807 998 3854 et
1044 3798 1300 3854 virtutum
1341 3798 1600 3869 aspirent,
1634 3805 1688 3853 et

88 3891 354 3947 continuis
415 3889 604 3944 studiis
689 3897 741 3942 et
806 3887 1089 3944 conatibus
1139 3886 1380 3952 tendant,
1427 3886 1537 3942 vim
1584 3885 1686 3940 sibi

87 3988 139 4035 et
167 3989 370 4036 natura:
421 3985 688 4048 corrupta:
715 3975 1019 4042 inferendo,
1081 3991 1200 4047 quae
1230 3975 1313 4029 vis
1359 3975 1533 4046 qualis
1561 3991 1684 4030 esse

1810 1620 1958 1659 nere.
1996 1606 2051 1661 Si
2081 1624 2209 1663 vero
2258 1625 2287 1664 e
2320 1612 2586 1667 contrario
2640 1614 2844 1686 gradus
2898 1615 3273 1672 descensionis
3304 1617 3408 1673 sibi

1810 1692 2078 1764 disponat,
2113 1698 2403 1766 quaerendo
2433 1700 2615 1754 media
2644 1701 2714 1754 ad
2743 1702 3018 1772 propriam
3072 1703 3404 1759 voluntatem

1809 1779 2033 1836 liberius
2063 1785 2483 1854 exsequendam,
2517 1787 2626 1842 imo
2658 1789 2726 1842 ad
2757 1790 3055 1860 rumpenda
3084 1791 3297 1846 vincula
3325 1793 3410 1848 sui

1809 1868 2049 1938 instituti,
2085 1871 2136 1924 in
2160 1888 2268 1942 quo
2297 1881 2348 1927 et
2379 1875 2679 1930 secundum
2723 1878 2868 1948 quod
2898 1879 3014 1933 Deo
3045 1879 3253 1934 servire
3282 1894 3412 1950 pro-

1809 1957 1974 2023 misit,
2001 1959 2345 2029 perspicuum
2393 1970 2475 2016 est
2502 1963 2654 2016 illum
2684 1979 2916 2034 peccare
2946 1973 3058 2020 tum
3091 1975 3279 2021 contra
3307 1983 3409 2023 vo-

1808 2052 1922 2098 tum
1978 2047 2321 2115 obedientiae,
2376 2056 2486 2103 tum
2548 2059 2740 2105 contra
2793 2060 2976 2106 votum
3026 2055 3406 2110 conversionis

1806 2149 2039 2198 morum,
2075 2135 2269 2205 quibus
2299 2136 2498 2206 ligatus
2530 2146 2632 2202 est,
2667 2146 2719 2193 et
2749 2139 2828 2194 sic
2871 2140 3075 2212 ligatus
3107 2157 3172 2196 ex
3215 2142 3269 2197 vi
3299 2143 3409 2200 voti

1808 2221 2010 2288 emissi,
2039 2231 2112 2287 ut,
2141 2224 2294 2291 juxta
2324 2224 2550 2278 instituti
2571 2226 2974 2282 Carthusiensis
2995 2244 3264 2296 normam,
3289 2245 3407 2300 pro-

1804 2309 1976 2378 priam
2008 2310 2344 2366 voluntatem
2389 2312 2662 2384 integram
2690 2315 2896 2386 absque
2921 2315 3034 2371 ulla
3063 2317 3406 2375 restrictione

1803 2405 1894 2450 aut
1924 2399 2257 2468 exceptione,
2311 2399 2495 2455 virtuti
2552 2416 2726 2458 sacrae
2767 2403 3109 2474 obedientia,
3141 2421 3173 2459 a
3201 2405 3403 2461 sanctis

1805 2483 2054 2539 Patribus
2083 2486 2344 2557 assignati
2373 2488 2508 2542 tales
2547 2497 2692 2544 sunt.

1875 2590 2089 2644 Primus
2135 2599 2234 2656 est,
2271 2600 2327 2646 ut
2371 2609 2460 2648 res
2534 2609 2568 2649 a
2637 2595 2920 2666 superiore
2979 2596 3148 2666 jussaa
3210 2596 3401 2654 sedule

1801 2679 2178 2749 compleantur
2206 2680 2464 2736 exterius.

998 2742 1600 2855 ‘ﬁi’?m{’fc°ff“'fj_f‘
1629 2741 1697 2855 ἐξ
1727 2767 1780 2828 Β
1873 2784 2157 2839 Secundus
2185 2793 2372 2855 gratus
2402 2795 2503 2853 est,
2536 2795 2595 2841 ut
2645 2786 2790 2842 intus
2846 2789 3094 2844 voluntas
3125 2789 3400 2847 inferioris

1801 2871 2103 2927 conformet
2133 2889 2191 2928 se
2220 2873 2381 2943 plene
2429 2875 2691 2930 voluntati
2721 2876 3040 2946 superioris,
3076 2878 3146 2932 ita
3187 2885 3243 2932 ut
3263 2894 3397 2948 pro-

1799 2959 1978 3028 priam
2007 2960 2402 3015 reclamantem
2430 2963 2686 3034 abneget.
2730 2964 2809 3018 De
2837 2965 2940 3019 hoc
2971 2965 3210 3036 loquitur
3238 2966 3396 3022 divus

1796 3049 2033 3102 Joannes
2083 3047 2351 3104 Climacus
2381 3051 2539 3120 grad.
2571 3066 2648 3116 ιν,
2680 3059 2777 3106 art.
2820 3056 2850 3106 3
2883 3053 3011 3106 dum
3041 3052 3172 3108 dicit
3205 3068 3216 3106 :
3254 3054 3394 3110 Obe-

1796 3137 2016 3192 dientia
2046 3141 2128 3192 est
2159 3139 2482 3208 sepulcrum
2511 3140 2754 3212 propria:
2801 3141 3113 3197 voluntatis
3144 3149 3202 3197 et
3228 3144 3392 3198 exci-

1799 3225 1942 3279 tatio
1973 3225 2343 3280 humilitatis.

1865 3329 2079 3384 Tertius
2109 3331 2316 3402 gradus
2347 3339 2448 3397 est,
2484 3339 2542 3386 ut
2581 3332 2888 3388 intellectus
2917 3333 3225 3390 obedientis
3253 3349 3392 3390 con-

1795 3416 2060 3472 formetur
2089 3418 2384 3475 intellectui
2422 3419 2803 3490 praacipientis,
2829 3429 2885 3475 ut
2925 3422 3058 3490 jam,
3091 3422 3391 3479 secundum

1791 3505 1858 3560 D.
1895 3506 2251 3574 Bernardum,
2296 3506 2488 3563 similis
2542 3507 2612 3562 sit
2659 3508 2908 3578 apostolo
2955 3509 3144 3574 Paulo,
3186 3510 3255 3565 de
3282 3526 3390 3582 quo

1790 3593 1989 3649 dicitur
2042 3594 2096 3648 in
2147 3594 2372 3650 Actibus
2428 3596 2798 3665 apostolorum
2846 3597 2991 3667 (cap.
3058 3611 3156 3662 ιχ,
3216 3597 3310 3668 28)
3371 3615 3386 3654 :

1790 3682 2012 3754 Apertis
2039 3684 2218 3738 oculis
2264 3683 2414 3739 nihil
2444 3685 2680 3751 videbat,
2721 3685 2793 3740 ad
2817 3699 3057 3741 manum
3093 3689 3287 3742 autem
3307 3686 3386 3742 il-

1793 3767 1913 3821 lum
1945 3767 2258 3833 trahentes,
2302 3770 2412 3824 etc.

1860 3873 2002 3928 Ecce
2031 3873 2121 3944 qui
2152 3881 2205 3928 et
2235 3873 2427 3944 quales
2458 3881 2584 3928 sunt
2638 3873 2845 3946 gradus
2902 3889 3040 3946 quos
3092 3874 3195 3928 sibi
3225 3875 3387 3932 debet

1787 3958 2080 4029 disponere
2113 3961 2412 4016 monachus
2469 3961 2874 4028 Carthusianus,
2933 3978 3000 4016 ex
3057 3961 3387 4033 obligatione

85 4069 294 4138 debeat,
328 4067 556 4139 pulchre
586 4081 724 4121 nova
772 4072 1087 4120 statutorum
1117 4063 1367 4119 collectio
1406 4063 1678 4134 exprimit,
1713 4111 1758 4139 Α
1788 4055 1838 4102 et
1868 4048 2190 4103 ῐιθοθεείῑθῐε
2231 4056 2481 4139 νῼῐςπᾟηὶ
2533 4049 2857 4104 οὒεάίθῐιῑίω
2903 4058 2956 4139 ϐξ
3011 4050 3386 4106 οοηνθτείοιιίε

87 4115 555 4227 ἕέιζῖἶὶφῖἷῖἓξ
577 4115 680 4208 {in
696 4115 1219 4210 ᾎίὲίἶιᾷἷῖὖέὸένὶὶ
1235 4115 1390 4207 iam
1413 4115 1681 4224 “go/ta;

1806 4150 2009 4202 norum,
2045 4152 2166 4206 qum
2194 4136 2372 4191 emisit
2393 4137 2547 4204 juxta
2577 4145 2900 4192 statutorum
2931 4137 3186 4208 formam,
3221 4155 3382 4210 quam

88 4223 294 4314 omnes,
339 4246 456 4300 imo
507 4246 780 4298 tenentur
808 4258 882 4297 ea:
905 4243 1244 4297 necessitate
1280 4241 1395 4295 voti
1424 4223 1542 4296 sum
1556 4255 1682 4312 pro-
1780 4239 1890 4314 ξιοη
1920 4223 2220 4314 ignoravit.
2253 4224 2362 4278 ίῐῐιο
2393 4224 2589 4314 sei}???
2632 4232 2686 4280 ει
2730 4224 2920 4314 Υριεηε
2962 4225 3189 4282 relative
3219 4226 3290 4281 ad
3320 4227 3384 4283 il-

87 4311 366 4405 [εδεεοάίεν
410 4331 612 4387 habere
640 4331 901 4386 animum
925 4333 1198 4401 paratum
1255 4311 1586 4400 νεείθηηηάῖ
1615 4329 1680 4383 in
1781 4312 1908 4377 lam,
1941 4311 2339 4382 professionem
2370 4312 2546 4366 emisit
2577 4312 2631 4366 in
2663 4312 2857 4367 ordine
2885 4313 3268 4369 Carthusiensi.

86 4422 342 4478 manibus
397 4419 756 4492 praesidentis
795 4422 994 4491 sponte
1049 4421 1105 4472 et
1161 4417 1330 4472 libere
1376 4433 1442 4472 ea
1485 4418 1679 4471 omnia
1851 4419 2044 4473 Totum
2073 4417 2178 4472 hoc
2208 4417 2498 4488 capitulum
2529 4417 2759 4472 relatum
2816 4417 2982 4474 habes
3039 4418 3095 4472 in
3141 4418 3378 4490 antiquis

85 4526 203 4582 qua
233 4509 340 4564 sibi
368 4523 633 4564 concessa
661 4511 818 4574 sunt,
851 4507 964 4562 sive
997 4505 1127 4560 libri
1157 4505 1398 4576 fuerint,
1432 4508 1536 4559 aut
1565 4505 1678 4558 ali-
1781 4506 2015 4570 statutis,
2061 4521 2182 4575 cap.
2216 4508 2285 4560 24
2306 4548 2319 4572 ,
2370 4520 2409 4559 ιι
2457 4512 2580 4576 part
2601 4547 2614 4571 ,
2649 4521 2744 4559 nn.
2794 4508 2825 4560 4
2873 4513 2926 4562 et
2971 4509 3022 4562 5.
3085 4513 3139 4564 et
3185 4507 3377 4562 eadem

87 4599 214 4669 quid
243 4595 407 4654 aliud
454 4611 652 4650 carum
682 4595 769 4650 vel
792 4595 920 4659 vile,
955 4594 1169 4665 quoties
1209 4593 1466 4665 superior
1485 4593 1678 4650 volue-
1781 4610 2010 4665 prorsus
2038 4593 2183 4665 apud
2212 4609 2313 4648 nos
2343 4593 2503 4648 etiam
2533 4609 2674 4648 nunc
2705 4593 3086 4649 observantur.

89 4687 181 4752 rit,
213 4689 268 4741 et
326 4685 456 4754 ﬁeri
492 4683 870 4738 mandaverit.
903 4682 1010 4738 Nec
1050 4682 1099 4737 si
1157 4682 1255 4737 hoc
1297 4682 1517 4751 fecerit,
1578 4681 1678 4735 de-

87 4774 213 4830 bent
241 4787 608 4829 murmurare
637 4775 740 4826 aut
771 4771 1058 4842 conqueri,
1117 4769 1371 4840 alioquin
1426 4769 1678 4824 nondum

85 4876 139 4916 se
185 4865 243 4916 et
296 4877 404 4916 sua
471 4859 847 4930 reliquerunt,
894 4861 950 4912 et
1025 4861 1326 4928 propterea
1370 4872 1678 4928 pauperem

92 4948 374 5004 Christum
403 4948 580 5018 sequi,
641 4950 699 5002 et
742 4948 864 5018 ejus
919 4945 1260 5008 imitatores,
1294 4948 1349 5000 et
1406 4945 1680 5016 discipuli

85 5036 205 5103 fieri
244 5053 361 5093 non
389 5037 652 5108 possunt,
682 5049 784 5090 nec
818 5035 940 5103 eius
984 5035 1324 5104 paupertate
1371 5033 1566 5088 ditari.

151 5124 232 5180 De
259 5129 585 5195 paupertate
612 5121 686 5176 ibi
733 5120 934 5194 agitur,
985 5127 1038 5174 at
1093 5119 1253 5174 etiam
1308 5119 1435 5174 inde
1463 5120 1675 5174 videtur

86 5227 244 5282 quam
274 5221 498 5267 strenue
528 5209 697 5265 nostri
726 5209 958 5266 debeant
975 5208 1046 5264 ad
1060 5207 1448 5280 perfectionem
1479 5208 1534 5262 in
1563 5223 1680 5263 om-

1852 4770 1984 4824 Cxp.
2016 4769 2217 4825 XXIV.
2249 4801 2317 4811 -—
2347 4769 2496 4825 Idem
2527 4768 2761 4824 refertur
2797 4770 2852 4823 in
2897 4769 3132 4841 antiquis
3163 4771 3378 4826 statutis

1779 4874 1818 4912 ιι
1848 4866 2008 4929 part.,
2043 4874 2164 4928 cap.
2197 4860 2286 4923 24,
2317 4875 2468 4914 num.
2515 4861 2566 4923 5,
2601 4866 2653 4912 et
2683 4859 2876 4912 eadem
2937 4857 3114 4913 forma
3141 4875 3170 4912 a
3217 4859 3377 4912 nobis

1780 4954 2042 5001 servatur.
2087 4946 2325 5001 Cucullre
2386 4954 2567 5001 autem
2623 4946 2862 5012 nomine,
2896 4945 3250 5018 intelligimus
3278 4962 3378 5001 ve-

1713 5081 1720 5084 ,
1780 5042 1918 5089 stem
1947 5035 2094 5088 illam
2153 5033 2488 5104 superiorem
2520 5042 2572 5088 et
2612 5034 2860 5100 talarem,
2889 5035 2977 5090 cui
3006 5035 3248 5090 adhaeret
3279 5050 3378 5090 ca-

1778 5122 2006 5193 putium,
2041 5131 2092 5177 et
2122 5123 2272 5191 cujus
2303 5130 2534 5194 utraque
2562 5138 2691 5193 pars
2720 5138 2822 5192 per
2865 5123 3052 5178 vittam
3085 5123 3248 5178 latam
3275 5139 3377 5180 co-

1778 5211 2016 5281 pulatur,
2049 5219 2101 5265 et
2149 5212 2226 5266 sic
2257 5209 2332 5278 ﬁt,
2367 5218 2425 5264 ut
2472 5209 2768 5282 quamdam
2797 5209 2974 5266 crucis
3004 5209 3233 5266 formam
3254 5220 3379 5268 ante

89 5300 240 5355 nibus
268 5300 514 5354 tendere.
1780 5306 1832 5354 et
1881 5306 2030 5354 retro
2061 5297 2319 5367 feramus,
2353 5298 2571 5369 quando
2606 5297 2662 5351 in
2690 5298 2964 5368 publicum
3011 5315 3374 5370 apparemus;

154 5388 208 5442 Si
238 5404 393 5461 ergo,
453 5393 511 5440 ut
565 5384 910 5456 perspicuum
941 5393 1043 5450 est,
1107 5391 1220 5439 tota
1256 5383 1430 5439 meriti
1460 5391 1678 5440 actuum
1780 5401 1908 5440 nam
1937 5386 2064 5441 dum
2094 5386 2195 5441 soli
2225 5385 2281 5439 in
2337 5385 2479 5441 cella
2538 5385 2812 5451 sedemus,
2846 5394 2900 5440 et
2929 5386 3234 5442 divinorum
3263 5388 3380 5444 ofﬁ-

85 5475 418 5530 Cartbusiani
453 5474 700 5528 monachi
750 5473 908 5539 ratio,
936 5472 992 5526 in
1038 5472 1346 5527 obedientia
1402 5473 1679 5540 consistat,
1703 5465 1756 5524 D
1785 5474 1993 5529 ciorum
2041 5472 2346 5529 recitationi
2375 5489 2484 5529 non
2513 5488 2790 5537 vacamus,
2823 5474 3070 5544 deposita
3100 5475 3189 5529 illa
3219 5476 3380 5531 talari

88 5570 136 5617 et
164 5564 231 5618 ad
270 5565 388 5634 ejus
445 5560 836 5633 perfectionem
884 5559 1288 5630 adipiscendam
1337 5576 1403 5614 ex
1459 5560 1511 5615 vi
1566 5561 1678 5616 voti
1777 5561 2013 5630 cuculla,
2045 5576 2266 5631 parvam
2297 5577 2419 5631 qua:
2450 5559 2703 5616 funiculis
2751 5560 3004 5632 alligatur
3049 5563 3380 5619 assumimus

88 5651 454 5712 conversionis
484 5665 699 5710 morum
739 5648 983 5723 aspirare
1039 5655 1308 5717 teneatur,
1367 5647 1532 5704 debet
1577 5664 1678 5720 per
1777 5648 2102 5708 ut'liberius
2139 5647 2357 5720 operari
2405 5648 2699 5720 possimus.
