3940 6428
1380 298 1723 357 GUIGONIS
1760 299 1784 354 I
1821 297 2230 356 CARTHUSLE
2266 296 2559 355 MAIORIS
2597 298 2874 356 PRIORIS
2912 301 2977 356 V.

1867 421 2261 478 CAPITULUM
2288 421 2464 475 XXV.

1767 508 1956 566 Oratio
2020 524 2191 580 super
2244 510 2546 565 nouitium.

606 609 656 659 1.
691 605 924 660 Domine
953 605 1086 659 Jcsu
1118 602 1355 669 Christe,
1381 604 1476 676 qui
1505 620 1563 659 es
1594 604 1683 659 via
1704 604 1826 659 sine
1856 620 1964 675 qua
1984 620 2167 676 .nemo
2197 605 2441 660 venitad
2471 607 2721 674 Patrem,
2755 622 3075 677 quaesumus
3095 605 3558 676 benignissimum
3580 607 3812 662 clemen-

533 702 676 757 tiam
699 704 858 756 tuam
887 703 954 756 ut
981 699 1130 756 hunc
1161 702 1448 771 famulum
1470 704 1652 766 tuum,
1686 718 1721 755 a
1751 701 2076 756 carnalibus
2105 701 2399 758 desideriis
2427 702 2798 768 abstractum,
2827 720 2931 775 per
2957 704 3072 758 iter
3092 701 3408 774 disciplina:
3425 703 3707 774 regularis
3726 703 3811 757 de-

531 799 741 866 ducas;
771 801 827 854 et
849 799 981 870 quia
1006 801 1329 869 peccatores
1360 813 1556 853 vocare
1585 797 1851 869 dignatus
1878 813 1935 852 es
1966 797 2159 852 dicens
2190 815 2208 851 :
2256 820 2278 845 α
2321 799 2513 854 Venite
2551 798 2623 854 ad
2678 815 2786 865 me,
2838 814 3031 855 omnes
3076 800 3169 871 qui
3202 800 3424 855 onerati
3453 800 3612 866 estis,
3639 804 3696 855 et
3725 817 3813 869 ego

530 911 621 951 vos
651 895 941 964 reﬁciam;
969 913 990 947 ι
1023 897 1238 966 praesta
1266 898 1333 950 ut
1352 894 1466 949 haec
1497 894 1856 949 invitationis
1879 896 1993 949 tua:
2011 910 2117 949 vox
2137 894 2221 948 ita
2249 894 2313 948 in
2334 909 2395 948 eo
2424 894 2801 962 convalescat,
2833 898 3111 966 quatenus
3133 899 3494 966 peccatorum
3525 911 3702 951 onera
3721 895 3810 950 de-

529 1006 765 1063 ponens,
792 995 849 1046 et
877 1006 1044 1063 quam
1074 990 1257 1044 dulcis
1288 1006 1343 1044 es
1370 994 1624 1061 gustans,
1659 993 1760 1044 tua
1790 990 2098 1061 refectione
2144 991 2460 1045 sustentari
2484 995 2796 1057 mereatur,
2830 995 2885 1046 et
2912 993 3063 1048 sicut
3087 992 3358 1047 attestari
3385 992 3451 1046 de
3491 993 3608 1047 tuis
3632 992 3814 1046 ovibus

530 1088 796 1158 dignatus
824 1103 901 1151 es,
931 1102 1167 1158 agnosce
1197 1102 1327 1141 eum
1351 1087 1508 1140 inter
1536 1101 1659 1140 oves
1685 1089 1831 1151 tuas,
1857 1088 1919 1139 ut
1936 1085 2054 1156 ipse
2078 1089 2131 1141 te
2150 1088 2231 1141 sic
2254 1094 2548 1157 cognoscat
2575 1086 2667 1159 [al.
2700 1086 2989 1160 agnoscat]
3012 1092 3079 1142 ut
3104 1088 3358 1143 alienum
3388 1104 3501 1143 non
3523 1091 3811 1160 sequatur,

531 1184 628 1240 sed
649 1200 828 1256 neque
849 1183 1050 1239 audiat
1079 1198 1263 1238 vocem
1288 1182 1627 1249 alienorum,
1652 1180 1747 1237 sed
1789 1184 1973 1250 tuam,
2025 1198 2135 1253 qua
2155 1182 2295 1238 dicis
2316 1202 2335 1238 :
2362 1205 2383 1230 ι
2414 1183 2521 1250 Qui
2547 1182 2692 1239 mihi
2730 1185 3029 1240 ministrat
3058 1200 3148 1240 me
3176 1188 3465 1257 sequatur.
3494 1204 3516 1235 ι
3544 1184 3651 1251 Qui
3679 1183 3813 1241 vivis

534 1283 593 1337 et
618 1295 838 1352 regnas,
872 1287 978 1335 etc.

602 1380 658 1433 2.
689 1376 772 1430 Ex
798 1376 903 1431 hoc
932 1382 1173 1446 tempore
1202 1373 1293 1445 qui
1322 1379 1607 1444 susceptus
1636 1380 1737 1441 est,
1770 1372 1841 1428 ita
1870 1389 1931 1429 se
1958 1374 2026 1428 ab
2055 1374 2308 1429 omnibus
2358 1391 2479 1446 qua:
2527 1376 2712 1431 mundi
2768 1384 2894 1431 sunt
2938 1375 3190 1449 intelligit
3217 1376 3473 1445 alienum,
3516 1386 3576 1432 ut
3621 1378 3818 1434 nullius

529 1486 755 1543 prorsus
784 1470 885 1539 rei,
908 1485 1009 1526 nec
1030 1468 1115 1523 sui
1143 1468 1364 1541 quidem
1408 1467 1598 1539 ipsius,
1631 1468 1749 1523 sine
1801 1467 1999 1539 prioris
2030 1468 2247 1524 licentia
2263 1470 2459 1524 habeat
2488 1477 2834 1541 potestatem.
2866 1470 3001 1527 Cum
3030 1471 3176 1526 enim
3205 1472 3273 1526 ab
3301 1471 3554 1527 omnibus
3582 1472 3678 1544 qui
3730 1490 3817 1528 re-

531 1566 794 1637 gulariter
839 1566 1020 1623 vivere
1044 1565 1422 1631 decreverunt,
1456 1562 1761 1618 obedientia
1787 1578 1990 1636 magno
2020 1564 2197 1620 studio
2228 1565 2297 1620 sit
2325 1566 2615 1633 servanda,
2651 1567 2718 1621 ab
2749 1567 2833 1621 his
2862 1573 3042 1622 tamen
3098 1574 3247 1623 tanto
3276 1567 3524 1623 devotius
3573 1583 3639 1625 ac
3667 1569 3818 1624 solli-

530 1662 707 1728 citius,
739 1662 956 1735 quando
984 1660 1282 1717 districtius
1308 1660 1663 1731 asperiusque
1722 1659 1940 1715 subiere
1969 1661 2326 1731 propositum,
2358 1678 2428 1717 ne
2459 1662 2524 1728 si,
2587 1663 2732 1734 quod
2761 1663 2934 1730 absit,
2976 1662 3080 1718 ista
3114 1662 3365 1732 defuerit,
3414 1664 3551 1719 tanti
3577 1664 3817 1739 labores,

532 1774 645 1814 non
669 1758 846 1815 solum
874 1765 1095 1815 careant
1118 1755 1363 1828 praemio,
1395 1755 1495 1810 sed
1533 1762 1588 1811 et
1614 1755 1939 1826 supplicium
1982 1756 2341 1812 damnationis
2395 1758 2690 1814 incurrant.
3755 1773 3765 1781 '

606 1858 665 1911 3.
703 1854 843 1910 Hinc
869 1854 1015 1910 enim
1046 1851 1266 1908 Samuel
1296 1867 1309 1907 :
1343 1852 1530 1907 Melior
1561 1854 1647 1907 est
1669 1852 1823 1907 enim
1852 1851 1946 1923 [al.
1977 1852 2186 1925 inquit]
2207 1854 2522 1911 obedientia
2542 1872 2709 1928 quam
2738 1856 3001 1923 victima,
3034 1860 3091 1912 et
3118 1857 3446 1913 auscultare
3466 1860 3818 1932 magisquam

535 1951 735 2021 offerre
754 1950 974 2022 adipem
994 1950 1262 2017 arietum,
1287 1947 1553 2019 quoniam
1572 1948 1731 2019 quasi
1747 1951 2045 2019 peccatum
2070 1949 2351 2005 ariolandi
2370 1954 2457 2007 est
2482 1966 2819 2023 repugnare,
2842 1956 2897 2008 et
2914 1953 3074 2024 quasi
3093 1953 3276 2008 scelus
3304 1953 3645 2010 idololatria
3672 1958 3819 2013 nolle

537 2046 887 2118 acquiescere
905 2046 967 2117 (Ι.
1000 2048 1134 2116 Reg.
1199 2058 1290 2111 xv,
1321 2042 1435 2114 22).
1468 2041 1626 2112 Quod
1663 2058 1830 2098 unum
1861 2043 2227 2100 testimonium
2256 2053 2309 2102 et
2339 2046 2663 2103 obedientia:
2690 2048 2903 2105 laudem
2934 2056 2993 2105 et
3032 2048 3412 2105 inebedientlm
3466 2050 3816 2109 sufficientem

536 2142 697 2199 habet
716 2141 1190 2214 vituperationem.

540 303 640 357 691

1867 2210 2260 2268 CAPITULUM
2315 2214 2515 2270 XXVI.

1780 2298 1857 2354 De
1914 2299 2111 2356 ordine
2157 2304 2626 2373 congregationis.

614 2396 875 2454 Ordinem
905 2401 1106 2464 autem,
1129 2394 1245 2449 sive
1273 2392 1330 2447 in
1360 2391 1666 2459 refectorio,
1700 2392 1820 2449 sive
1849 2393 2180 2466 ubicunque,
2205 2412 2329 2452 eum
2351 2399 2529 2455 cuncti
2557 2408 2824 2467 tenemus,
2863 2417 3019 2472 quem
3051 2400 3281 2474 singulis
3310 2417 3442 2457 suus
3461 2403 3609 2459 dedit
3627 2404 3824 2461 adven-

541 2499 645 2558 tus,
678 2490 783 2546 nisi
811 2506 972 2563 quem
1000 2490 1138 2548 forte
1165 2489 1314 2561 prior
1333 2489 1565 2561 aliquam
1594 2490 1681 2546 vel
1710 2491 2073 2562 supposuerit,
2105 2493 2193 2548 vel
2223 2496 2577 2566 praeposuerit
2608 2498 2679 2553 ob
2710 2514 2954 2554 causam.

1870 2613 2266 2671 CAPITULUM
2294 2616 2519 2673 XXVII.

1750 2703 1827 2757 De
1856 2705 2024 2757 (etate
2071 2704 2579 2774 suscipiendorum.

611 2800 817 2855 Pueros
846 2798 961 2854 sive
987 2797 1421 2855 adolescentulos
1450 2813 1559 2853 non
1589 2796 1903 2868 recipimus,
1926 2796 2052 2869 quia
2081 2796 2180 2869 [al.
2215 2798 2355 2872 quae]
2384 2816 2484 2870 per
2511 2817 2607 2856 eos
2654 2804 2994 2860 monasteriis
3040 2804 3208 2863 multa
3256 2806 3552 2881 contigisse
3581 2809 3822 2865 dolemus

542 2903 595 2951 et
622 2909 842 2966 magna,
883 2895 1180 2967 Spiritualia
1208 2894 1369 2949 simul
1399 2902 1453 2950 et
1482 2893 1785 2964 corporalia
1813 2893 2057 2965 pericula
2084 2892 2469 2963 formidantes;
2503 2899 2600 2953 sed
2620 2899 2769 2955 viros
2798 2902 2909 2973 qui,
2936 2904 3093 2972 juxta
3135 2916 3464 2979 praeceptum
3494 2907 3713 2962 Domini
3733 2923 3826 2977 per

543 3008 761 3048 manum
794 2991 987 3064 Moysi.
1020 2992 1211 3064 viginti
1242 2992 1313 3047 ad
1340 2991 1518 3047 minus
1546 3007 1811 3047 annorum
1842 3006 1995 3048 sacra
2026 2991 2236 3062 possint
2280 2994 2350 3048 ad
2380 2995 2521 3050 bella
2574 2999 2888 3069 procedere.
2941 3003 3037 3057 His
3077 3005 3323 3076 expletis,
3387 3005 3531 3077 quod
3570 3005 3642 3061 de
3691 3004 3827 3061 cella

542 3089 894 3163 promisimus
923 3104 1299 3164 exsequamur.

1924 3156 2491 3219 COMMENTARIUS.

624 3274 756 3329 CAP,
788 3273 963 3329 xxv,
986 3302 1055 3312 _
1080 3273 1250 3328 Num,
1289 3276 1339 3327 1,
1371 3272 1573 3328 Eadem
1588 3272 1763 3328 forma
1782 3272 2141 3328 benedicendi
2169 3258 2222 3317 Α
2243 3259 2593 3328 proverbium
2641 3263 2798 3319 nobis
2852 3266 3155 3322 conveniat.
3190 3268 3381 3325 Adhuc
3439 3270 3630 3339 majori
3660 3272 3832 3341 pretio

553 3377 756 3417 novum
811 3359 1121 3432 professum
1178 3359 1409 3415 refertur
1461 3359 1516 3414 in
1572 3358 1805 3431 antiquis
1835 3360 2068 3427 statutis,
2102 3375 2143 3414 ιι

569 3457 715 3521 part.
750 3464 872 3520 cap.
903 3450 993 3514 24,
1025 3464 1175 3503 num.
1208 3450 1260 3502 5.

620 3537 780 3592 Num.
808 3540 862 3593 2.
896 3538 965 3592 Et
999 3535 1097 3591 hoc
1132 3540 1396 3608 tempore,
1430 3543 1534 3590 etc.
1586 3535 1685 3591 Hic
1713 3535 1933 3590 disertis
1962 3534 2143 3590 verbis

550 3623 801 3696 exprimit
831 3631 1050 3680 sanctus
1080 3622 1180 3687 vir,
1216 3623 1363 3694 quod
1383 3622 1693 3678 obedientia
1720 3623 1787 3676 sit
1817 3622 1983 3678 veluti
2010 3637 2143 3677 cen-

554 3719 695 3766 trum
725 3710 952 3765 instituti
985 3709 1346 3778 Cartbusiani,
1388 3710 1456 3765 de
1488 3726 1594 3781 qua
1636 3726 1697 3764 re
1729 3709 1877 3781 loqui
1914 3708 2145 3763 remitti-

553 3815 675 3853 mus
702 3797 862 3867 infra,
897 3798 999 3852 sub
1030 3813 1149 3867 cap.
1180 3800 1268 3851 35.
1301 3798 1510 3852 Eadem
1539 3813 1671 3853 vero
1701 3797 1875 3857 relata
1902 3796 2146 3867 reperies

554 3885 624 3941 de
657 3885 827 3941 verbo
856 3885 924 3940 ad
952 3885 1183 3940 verbum
1226 3884 1282 3938 in
1336 3884 1570 3957 antiquis
1601 3893 1654 3939 et
1700 3885 1855 3940 novis
1911 3884 2143 3939 statutis.

626 3973 759 4027 CAP.
793 3971 992 4028 XXVI.
1015 4002 1084 4012 -—
1113 3971 1327 4027 Gradus
1356 3979 1410 4027 et
1435 3972 1606 4040 locus,
1625 3972 1732 4041 juri
1749 3971 2147 4043 quodammodo

554 4060 782 4116 naturali
809 4076 1072 4128 annexus,
1109 4059 1199 4115 hic
1237 4060 1565 4131 assignatur,
1590 4068 1643 4113 at
1671 4067 1838 4121 totum
1881 4059 2147 4114 obedien-

555 4149 645 4204 tiaa
674 4148 935 4220 obsequio
994 4147 1265 4213 subditur,
1298 4147 1425 4202 dum
1463 4147 1658 4218 prioris
1704 4147 1929 4202 arbitrio
1967 4147 2147 4215 subja-

555 4252 682 4292 cere
729 4236 942 4305 dicitur,
1000 4234 1070 4290 ob
1119 4249 1366 4301 causam,
1424 4234 1493 4289 de
1548 4235 1700 4304 cujus
1754 4234 2027 4290 validitate
2059 4242 2150 4289 aut

556 4322 873 4379 sufﬁcientia
931 4322 1194 4391 judicium
1240 4321 1353 4387 illi,
1412 4322 1619 4393 absque
1675 4321 1782 4376 ulla
1841 4321 2149 4377 conditione

554 4410 896 4482 relinquitur.
927 4410 1136 4464 Eadem
1163 4424 1389 4480 prorsus
1433 4410 1603 4463 relata
1660 4409 1925 4464 habentur
1952 4417 2063 4464 tum
2095 4409 2151 4463 in

554 4497 809 4570 antiquis,
842 4505 955 4551 tum
994 4497 1050 4551 in
1078 4495 1235 4551 novis
1264 4496 1497 4552 statutis.

2242 3364 2344 3403 nos
2374 3365 2575 3418 emere,
2609 3353 2754 3422 quod
2778 3353 2888 3422 jam
2945 3354 3053 3409 illis
3100 3371 3301 3429 magno
3354 3358 3530 3427 pretio
3577 3359 3832 3414 constitit.

2243 3436 2354 3491 Cur
2380 3437 2565 3493 divina
2592 3440 2934 3509 providentia
2964 3443 3043 3498 sic
3096 3445 3300 3499 sensim
3340 3445 3408 3499 ad
3467 3445 3834 3517 cognitionem

2243 3524 2694 3583 inconvenientia;
2738 3531 3094 3599 quarumdam
3122 3547 3326 3598 rerum,
3372 3549 3493 3603 quas
3546 3534 3836 3605 aliquando

2245 3612 2405 3667 valde
2435 3615 2821 3671 convenientes
2848 3617 2979 3673 visas
3004 3626 3147 3685 sunt,
3170 3635 3273 3673 nos
3310 3619 3566 3675 devenire
3613 3622 3837 3690 permit-

2245 3708 2319 3755 tat
2338 3701 2366 3755 ?
2396 3702 2455 3755 Id
2484 3703 2557 3756 ita
2585 3702 2701 3758 fieri
2748 3706 3079 3761 censendum
3137 3715 3238 3775 est,
3280 3715 3338 3762 ut
3368 3709 3655 3763 evidenter
3682 3710 3835 3765 nobis

2246 3797 2506 3859 appareat
2561 3806 2725 3862 quam
2780 3792 3003 3849 incerte
3058 3795 3164 3850 sint
3220 3796 3575 3865 providentiae
3613 3805 3833 3862 nostra},

2248 3885 2508 3948 quantum
2563 3894 2594 3932 a
2648 3880 2854 3950 proprii
2904 3881 3095 3950 judicii
3149 3883 3402 3953 opinione
3434 3925 3449 3950 ,
3511 3892 3566 3938 et
3606 3884 3669 3939 in
3717 3901 3839 3941 nos-

2247 3972 2332 4019 tro
2360 3981 2523 4021 sensu
2552 3967 2848 4037 pertinacia
2877 3984 3073 4024 cavere
3112 3970 3431 4037 debeamus,
3471 3980 3839 4045 quantumque

2248 4052 2448 4108 duritia
2477 4055 2657 4109 cordis
2689 4056 2859 4110 nostri
2888 4056 2943 4110 in
2970 4057 3240 4129 plerisque
3270 4058 3432 4113 rebus
3470 4059 3717 4133 indigeat
3746 4077 3838 4116 ex-

2248 4141 2535 4210 perientia,
2571 4158 2676 4213 qua
2708 4143 2872 4197 veluti
2910 4144 3110 4200 malleo
3165 4146 3423 4200 tundatur
3448 4155 3612 4218 atque
3668 4149 3839 4205 emol-

2248 4228 2428 4296 liatur,
2462 4238 2519 4285 ut
2539 4246 2647 4286 non
2674 4229 2829 4286 facile
2877 4232 2978 4286 sibi
3009 4231 3155 4302 fidat,
3189 4234 3401 4304 propria
3429 4234 3706 4291 desideria
3735 4254 3834 4293 non

2249 4325 2521 4389 sequatur,
2553 4326 2606 4374 et
2632 4321 2849 4389 proprio
2905 4320 3272 4391 experimento
3327 4330 3472 4377 emat
3512 4322 3832 4394 firmitatem,

2250 4421 2355 4476 qua
2384 4406 2596 4461 veritati
2624 4407 2858 4477 propriis
2879 4408 3176 4477 laboribus,
3195 4417 3268 4477 et,
3302 4416 3358 4464 ut
3379 4409 3450 4464 ita
3480 4411 3684 4479 dicam,
3717 4430 3836 4485 pro-

2249 4493 2383 4562 priis
2440 4494 2693 4563 expensis
2733 4494 2933 4565 agnita
2986 4495 3305 4563 adhaereat,
3375 4512 3478 4553 nec
3518 4498 3589 4552 ab
3631 4515 3694 4554 ea
3735 4509 3836 4554 tam

626 4586 756 4641 CAP.
776 4583 1195 4640 XXVI[.—Per
1209 4583 1595 4654 experientiam
1615 4591 1919 4655 temporum
1948 4584 2151 4639 sensim
2178 4598 2231 4658 Β
2252 4580 2409 4636 facile
2439 4597 2538 4651 per
2564 4582 2805 4636 innatam
2834 4581 3108 4637 levitatem
3136 4591 3189 4637 et
3218 4583 3575 4640 mobilitatem
3598 4589 3829 4643 recedat.

554 4673 796 4738 discitur,
856 4688 1087 4743 quarum
1118 4687 1300 4727 rerum
1329 4687 1499 4743 capax
1529 4672 1595 4725 sit
1650 4673 1886 4726 humana
1913 4671 2145 4727 infirmi-

553 4770 657 4826 tas,
689 4759 888 4832 quidve
933 4758 1109 4830 magis
1137 4758 1215 4813 illi
1241 4759 1549 4815 conveniat.
1582 4760 1731 4815 Unde
1772 4775 1883 4815 non
1912 4768 1995 4815 est
2038 4760 2147 4814 mi-

556 4847 784 4904 randum
829 4847 894 4913 si,
950 4847 1104 4915 juxta
1150 4847 1513 4902 diversitatem
1562 4855 1867 4917 temporum
1896 4856 1950 4902 et
1976 4864 2148 4918 expe-

556 4934 896 5000 rientiarum,
938 4934 1207 5005 quaedam,
1267 4951 1389 5006 quas
1425 4934 1579 5005 prius
1633 4935 1792 4990 valde
1822 4935 1963 4989 bona
1990 4935 2148 4991 vide-

556 5024 771 5087 bantur,
802 5036 900 5092 per
928 5029 1219 5077 eventuum
1261 5021 1646 5092 experientiam
1695 5036 1804 5077 non
1843 5029 1950 5076 tam
2004 5022 2151 5078 bona

555 5125 680 5166 esse
692 5115 993 5179 appareant
1021 5124 1185 5181 quam
1215 5108 1679 5175 existimabantur,
1712 5108 1822 5165 imo
1852 5109 2016 5165 etiam
2046 5109 2147 5164 ali-

554 5197 773 5269 quando
794 5196 989 5252 nociva
1005 5210 1127 5251 esse
1154 5203 1349 5267 postea
1377 5204 1624 5266 reputate
1644 5196 1769 5263 sint,
1795 5204 1847 5252 et
1876 5198 2000 5251 ideo
2030 5213 2150 5251 mu-

553 5293 663 5341 tata
688 5291 784 5339 aut
811 5284 1090 5358 abrogata.
1133 5284 1289 5340 Unde
1337 5299 1677 5355 summopere
1727 5285 2030 5340 cavendum
2068 5293 2152 5340 est

552 5372 609 5428 in
627 5372 820 5428 ordine
836 5387 906 5427 ne
926 5372 1188 5443 quasdam
1211 5372 1555 5438 mutationes,
1579 5388 1700 5425 cum
1718 5380 1928 5426 maturo
1948 5380 2001 5427 et
2016 5389 2151 5427 con-

551 5461 679 5516 silio
697 5466 752 5515 et
767 5467 978 5514 matura
998 5458 1382 5514 deliberatione
1398 5459 1587 5522 factas,
1603 5460 1687 5515 vel
1710 5460 1923 5514 incaute
1945 5473 2151 5531 argua-

554 5550 695 5613 mus,
712 5547 800 5602 vel
822 5546 1100 5616 corrigere
1149 5553 1493 5611 attentemus,
1527 5562 1597 5601 ne
1648 5546 1872 5617 proprio
1927 5546 2149 5617 experi-

551 5640 754 5703 mento,
778 5640 827 5688 et
849 5648 972 5688 cum
984 5633 1209 5703 proprio
1227 5633 1429 5688 damno
1444 5634 1621 5689 denuo
1642 5633 1991 5689 addiscamus
2002 5633 2149 5705 quod

554 5720 740 5776 Patres
770 5719 943 5776 nostri
970 5719 1111 5776 forte
1139 5735 1263 5777 cum
1282 5734 1383 5776 suo
1402 5719 1728 5788 didicerunt,
1753 5728 1806 5778 et
1825 5721 1905 5777 sic
1924 5721 2148 5792 vulgare

2250 4668 2434 4724 Discat
2463 4669 2624 4723 etiam
2655 4685 2765 4724 non
2808 4678 3008 4725 temere
3065 4686 3299 4743 arguere
3328 4673 3679 4740 mutationes,
3712 4691 3832 4747 quas

2246 4755 2536 4827 aliquando
2556 4755 2675 4811 ﬁeri
2704 4771 2929 4813 necesse
2958 4773 3081 4813 esse
3108 4758 3332 4828 proprio
3361 4761 3737 4829 experimento
3758 4763 3834 4818 vi-

2248 4843 2356 4909 det,
2391 4851 2442 4897 et
2495 4843 2573 4898 sic
2643 4854 2904 4914 agnoscat
2957 4844 3328 4915 imprudenter
3364 4847 3520 4903 valde
3567 4864 3762 4920 sapere
3788 4858 3835 4904 et

2250 4947 2418 5003 agere
2441 4947 2554 4997 eos,
2588 4931 2680 5003 qui
2712 4932 2874 4986 nimis
2904 4933 3163 4987 tenaciter
3197 4933 3399 4989 vellent
3425 4935 3713 4993 adhaerere
3740 4954 3833 4992 an-

2251 5018 2504 5089 tiquitati,
2556 5026 2606 5073 et
2635 5019 2841 5073 nullam
2874 5036 3109 5091 unquam
3158 5020 3213 5073 in
3268 5021 3502 5093 antiquis
3531 5026 3835 5081 monastica:

2252 5106 2374 5161 vita:
2404 5107 2591 5161 usibus
2623 5107 2971 5162 mutationem
2994 5106 3304 5162 admittere.

2323 5195 2710 5265 Experimento
2757 5209 2892 5265 ergo
2940 5194 3115 5250 alieno
3173 5195 3351 5250 edocti
3409 5197 3599 5253 Patres
3653 5201 3831 5264 nostri,

2253 5298 2450 5352 pueros
2496 5298 2529 5337 a
2555 5299 2615 5337 se
2666 5283 2939 5351 rejiciunt,
2973 5297 3076 5337 nec
3123 5282 3267 5352 apud
3298 5299 3377 5348 se,
3436 5285 3596 5340 etiam
3626 5289 3727 5343 sub
3755 5289 3835 5359 pio

2254 5378 2518 5439 praetextu
2559 5370 2679 5424 illos
2723 5370 2987 5424 educandi
3016 5386 3046 5423 a
3078 5369 3278 5424 teneris
3306 5369 3362 5423 in
3419 5372 3707 5444 disciplina
3736 5378 3833 5431 Do-

2251 5457 2401 5523 mini,
2453 5458 2638 5512 volunt
2666 5458 2968 5521 admittere,
2993 5458 3089 5511 sed
3120 5464 3331 5512 tantum
3359 5457 3507 5513 viros
3536 5470 3626 5515 aut
3657 5464 3833 5519 saltem

2244 5547 2494 5614 juvenes,
2527 5544 2720 5616 quibus
2750 5544 3028 5599 maturitas
3067 5544 3473 5600 deliberationis
3500 5550 3568 5602 ad
3597 5561 3833 5606 nostrum

2249 5633 2585 5703 propositum
2639 5632 3025 5687 assumendum
3071 5633 3380 5688 necessaria
3417 5636 3615 5693 adesse
3645 5640 3833 5695 creda-

2248 5726 2351 5773 tur.
2382 5719 2541 5787 Quod
2570 5735 2638 5775 eo
2667 5718 2904 5775 strictius
2961 5734 2995 5775 a
3021 5718 3180 5775 nobis
3216 5734 3360 5778 nunc
3388 5726 3714 5783 servandum
3746 5736 3833 5795 est,
