3940 6414
1559 331 2166 390 CONSUETUDINES.
2666 373 2673 379 .
3407 332 3512 388 69‘

1385 456 1910 514 CAPITULUM
1962 457 2323 514 XXVIII.

1521 556 1598 610 De
1628 552 1969 609 utensilibus
1997 555 2174 610 cellae.

280 656 492 728 Accipit
521 657 701 727 itaque
717 655 868 711 cellae
895 655 1070 710 incola
1098 654 1166 709 ad
1201 653 1400 708 lectum
1429 651 1666 722 paleam,
1708 649 1932 713 ﬁltrum,
1988 649 2258 720 pulvinar,
2295 657 2474 706 cotum
2505 651 2592 706 vel
2621 651 3025 722 coopertorium
3045 651 3115 707 de
3145 651 3508 723 grossissimis

211 751 391 808 ovium
427 753 680 824 pellibus,
715 759 766 806 et
795 766 978 822 panno
1007 750 1214 806 rustico
1246 756 1583 819 coopertum.
1615 747 1697 802 Ad
1730 746 1982 801 vestitum
2001 753 2200 815 autem,
2235 748 2342 803 duo
2363 748 2556 816 cilicia,
2589 749 2726 804 duas
2783 749 3012 815 tunicas,
3061 750 3199 804 duas
3243 750 3507 821 pellicias,

210 865 378 904 unam
407 849 759 914 deteriorem,
794 847 1020 903 alteram
1051 845 1350 911 meliorem,
1385 845 1630 914 duasque
1657 841 1900 896 similiter
1929 843 2192 909 cucullus,
2227 844 2326 898 tria
2345 845 2494 915 paria
2514 845 2834 918 caligarum,
2867 846 3018 916 paria
3044 845 3324 916 pedulium
3368 862 3510 917 qua-

212 954 354 1013 tuor,
387 945 580 1017 pelles,
613 959 860 1015 cappam,
896 943 1164 998 sotulares
1193 949 1491 996 nocturnos
1519 947 1572 994 et
1600 939 1839 1004 diurnos,
1874 938 2122 1010 sagimen
2152 955 2368 1012 quoque
2396 941 2468 996 ad
2497 943 2830 1014 ungendum,
2855 942 3122 997 lumbaria
3149 943 3278 1012 duo,
3320 943 3512 1015 cingu-

214 1042 346 1110 lum,
382 1041 566 1096 omnia
597 1041 856 1096 canabina
895 1047 945 1094 et
973 1053 1187 1111 grossa,
1223 1046 1276 1092 et
1303 1036 1564 1108 quidquid
1583 1050 1808 1106 prorsus
1825 1033 1896 1088 ad
1916 1034 2114 1090 lectum
2134 1038 2572 1110 vestitumve[al.
2591 1037 3061 1109 vestimentumve]
3074 1038 3323 1108 pertinet,
3356 1040 3512 1108 cujus

210 1137 592 1209 grossitudinis
623 1137 892 1193 colorisve
921 1135 989 1190 sit
1017 1151 1124 1190 non
1158 1134 1383 1190 curabit.
1407 1133 1541 1188 Cum
1572 1131 1718 1188 enim
1747 1132 1818 1185 ad
1869 1146 2060 1186 omnes
2116 1135 2428 1203 monachos,
2462 1144 2573 1188 tum
2619 1135 2855 1191 maxime
2893 1135 2963 1189 ad
2982 1150 3102 1204 nos,
3157 1135 3512 1191 humilitatem

209 1236 648 1307 attritionemque
669 1250 989 1306 pannorum,
1039 1240 1094 1288 et
1139 1231 1521 1287 universorum
1570 1229 1765 1300 quibus
1794 1229 2008 1294 utimur,
2065 1225 2344 1299 vilitatem,
2375 1241 2749 1304 paupertatem
2796 1241 2849 1288 et
2903 1233 3262 1306 abjectionem
3309 1241 3517 1289 certum

214 1342 296 1389 est
323 1333 616 1405 pertinere.
642 1333 813 1387 Habet
843 1331 1004 1387 etiam
1031 1345 1163 1386 acus
1187 1329 1344 1394 duas,
1369 1327 1539 1394 ﬁlum,
1578 1324 1818 1394 forﬁces,
1858 1325 2152 1396 pectinem,
2186 1328 2507 1384 novaculam
2538 1329 2608 1384 ad
2637 1336 2814 1401 caput,
2873 1338 3050 1386 cotem
3080 1329 3167 1385 vel
3221 1329 3510 1397 calculum,

211 1440 267 1486 et
295 1431 588 1503 corrigiam
609 1430 679 1484 ad
709 1429 1031 1486 acuendum.

282 1531 336 1583 2.
360 1527 444 1581 Ad
462 1525 809 1581 scribendum
832 1540 984 1593 vero,
1019 1522 1378 1593 scriptorium,
1402 1537 1631 1592 pennas,
1665 1526 1894 1586 cretam,
1926 1515 2171 1589 pumices
2225 1521 2382 1590 duos,
2443 1537 2650 1577 cornua
2703 1522 2833 1589 duo,
2891 1521 3208 1592 scalpellum
3247 1537 3416 1577 unum
3444 1523 3515 1578 ad

211 1616 451 1671 radenda
479 1629 807 1686 pergamena
836 1613 1127 1669 novaculas
1148 1611 1263 1666 sive
1307 1612 1516 1666 rasoria
1543 1612 1670 1677 duo,
1717 1613 2057 1684 punctorium
2103 1629 2288 1680 unum,
2329 1614 2580 1668 subulam
2623 1630 2806 1683 unam,
2863 1615 3142 1686 plumbum
3171 1658 3183 1682 ,
3242 1617 3510 1689 regulam,

207 1720 422 1783 postem
452 1711 520 1765 ad
548 1710 924 1781 regulandum,
959 1707 1188 1773 tabulas,
1222 1707 1526 1780 graphium.
1562 1707 1720 1775 Quod
1752 1708 1797 1762 si
1826 1707 1994 1763 frater
2031 1709 2248 1763 alterius
2277 1709 2408 1763 artis
2454 1708 2616 1764 fuerit
2645 1710 2814 1781 (quod
2867 1710 3009 1780 apud
3047 1725 3147 1766 nos
3197 1725 3320 1766 raro
3351 1711 3512 1767 valde

207 1808 492 1880 contingit,
527 1823 717 1862 omnes
747 1807 891 1862 enim
920 1821 1061 1876 pene
1082 1821 1217 1877 quos
1247 1804 1590 1876 suscipimus,
1625 1805 1670 1860 si
1701 1804 1817 1860 ﬁeri
1846 1813 2046 1877 potest,
2095 1806 2338 1861 scribere
2367 1805 2671 1873 docemus),
2727 1806 2952 1861 habebit
2979 1806 3112 1861 artis
3169 1822 3280 1861 suae
3308 1807 3514 1862 instru-

207 1913 388 1961 menta
418 1904 817 1961 convenientia.

278 2007 331 2057 3.
355 2003 549 2057 Adhuc
577 2002 740 2057 etiam
771 2001 942 2056 libros
969 2001 1038 2055 ad
1068 1999 1362 2070 legendum
1381 2000 1450 2055 de
1487 2000 1726 2055 armario
1753 1999 1948 2072 accipit
1977 2001 2134 2064 duos,
2188 1997 2384 2068 quibus
2414 2011 2630 2051 omnem
2677 1996 3014 2069 diligentiam
3044 2013 3342 2070 curamque
3371 2013 3516 2068 prte-

209 2097 343 2152 bere
362 2098 598 2166 jubetur,
634 2113 704 2152 ne
733 2096 900 2163 fumo,
931 2113 1000 2152 ne
1029 2096 1272 2167 pulvere,
1305 2095 1393 2150 vel
1421 2096 1527 2150 alia
1549 2095 1790 2167 qualibet
1820 2096 1985 2152 sorde
2013 2095 2371 2150 maculentur.
2421 2094 2614 2149 Libros
2666 2094 2866 2166 quippe
2919 2102 3177 2166 tanquam
3225 2094 3517 2166 sempiter-

203 2207 335 2245 num
359 2191 662 2246 animarum
719 2200 1025 2246 nostrarum
1073 2191 1255 2246 cibum
1310 2189 1624 2246 cautissime
1657 2191 1939 2261 custodiri,
1975 2200 2026 2247 et
2074 2192 2472 2249 studiosissime
2531 2193 2778 2249 volumus
2808 2192 2947 2264 tieri,
2979 2201 3057 2263 ut,
3113 2193 3238 2266 quia
3266 2209 3362 2249 ore
3406 2208 3517 2250 non

201 2303 514 2360 possumus,
546 2288 648 2344 Dei
677 2288 905 2344 verbum
933 2286 1185 2348 manibus
1216 2287 1594 2358 praedicemus.

1541 2400 2116 2458 COMMENTARIUS.

202 2515 310 2573 quo
334 2501 445 2570 jam
475 2498 694 2554 exclusa
724 2506 806 2554 est
827 2499 995 2567 janua
1043 2498 1349 2568 expellendi
1388 2506 1439 2553 et
1460 2498 1742 2567 rejiciendi
1775 2514 1807 2552 a
1836 2504 1889 2561 Α
1910 2507 1962 2554 et
1991 2498 2242 2554 subtilius
2256 2499 2524 2567 judicare,
2559 2507 2613 2554 et
2646 2499 2859 2555 facilius
2879 2513 3106 2570 carpere
3136 2499 3238 2555 visi
3267 2509 3412 2569 sunt,
3445 2519 3516 2560 ne

203 2587 364 2643 nobis
415 2586 671 2651 discolos,
720 2603 841 2658 quae
869 2602 977 2641 non
1025 2593 1235 2640 tantum
1266 2585 1601 2656 temporibus
1648 2586 1716 2640 R.
1751 2587 1808 2640 Ρ.
1911 2587 2037 2641 inde
2069 2586 2585 2644 scandalizarentur.
2620 2586 2814 2642 Ovium
2839 2587 3071 2658 pellibus
3101 2587 3171 2642 ad
3198 2587 3395 2645 lectum
3425 2606 3516 2646 ea-

208 2675 475 2746 Guigonis
500 2675 736 2744 patebat,
769 2682 930 2744 prout
953 2689 1018 2728 ex
1047 2689 1166 2742 cap.
1189 2675 1277 2739 77,
1322 2673 1546 2727 istarum
1577 2673 1814 2729 Consue-
1911 2674 2036 2728 dem
2068 2674 2274 2729 ratione
2303 2673 2533 2744 amplius
2563 2690 2673 2729 non
2715 2675 2932 2730 utimur.

205 2764 455 2818 tudinum
482 2762 789 2827 innotescit,
826 2762 920 2817 sed
953 2761 1195 2832 pluribus
1226 2761 1404 2816 adhuc
1430 2760 1644 2816 saeculis
1665 2768 1813 2830 post-
1981 2761 2124 2816 Ibid.
2149 2762 2320 2831 Cujus
2335 2763 2734 2832 grossitudinis
2747 2765 3013 2820 coloris-ve
3039 2750 3246 2822 sitnon
3266 2767 3509 2823 curabit.

201 343 303 396 693

206 2867 269 2906 ea
300 2851 357 2904 in
387 2850 575 2905 ordine
605 2855 790 2920 aperta
837 2848 954 2915 fuit,
984 2857 1042 2902 ut
1069 2864 1134 2903 ex
1179 2847 1321 2902 infra
1377 2848 1624 2904 dicendis
1653 2849 1812 2902 vide-

207 2939 406 2993 bimus.
455 2939 567 2993 Hac
613 2953 748 3009 ergo
797 2936 1138 3002 necessitate,
1187 2952 1307 3007 quae
1349 2936 1650 2990 introducta
1706 2943 1809 3001 est,

205 3027 505 3097 supposita,
528 3026 702 3080 bonos
733 3033 786 3080 et
824 3025 995 3080 malos
1035 3025 1090 3078 in
1129 3023 1410 3079 ordinibus
1467 3023 1811 3094 regularibus

203 3114 475 3178 servandi,
529 3112 878 3183 pronuntiare
934 3127 1042 3167 non
1096 3111 1284 3166 dubito
1331 3111 1499 3165 satius
1555 3126 1677 3165 esse
1711 3125 1811 3180 pro

205 3202 350 3256 bono
406 3201 566 3256 totius
617 3200 824 3256 ordinis
879 3199 1300 3265 Carthusiensis,
1355 3198 1448 3253 uni
1477 3214 1542 3253 ex
1600 3197 1811 3254 cellulis

204 3285 566 3342 claustrorum
597 3292 908 3339 nostrorum
937 3284 1122 3356 ignem
1152 3283 1468 3347 admovere,
1493 3289 1551 3336 ut
1570 3281 1805 3336 flammis

203 3373 508 3438 devoretur,
570 3386 732 3444 quam
790 3371 844 3426 in
887 3370 977 3426 illa
1003 3370 1291 3425 admittere
1330 3367 1677 3436 monachum",
1711 3370 1811 3441 qui

208 3461 550 3516 vocationem
579 3459 780 3515 bonam
809 3467 863 3514 et
892 3459 1032 3514 bene
1061 3458 1372 3530 probatam,
1409 3465 1670 3529 quantum
1691 3456 1809 3512 ﬁeri

206 3556 407 3620 potest,
439 3563 549 3603 non
574 3546 794 3614 habeat,
835 3556 888 3602 et
942 3545 1198 3618 congruis
1226 3545 1425 3601 mentis
1451 3553 1506 3600 et
1561 3545 1809 3616 corporis

206 3635 443 3702 dotibus,
475 3651 538 3691 ac
566 3636 765 3690 devota
804 3635 1076 3690 voluntate
1109 3636 1244 3702 Deo,
1314 3641 1372 3688 ut
1400 3649 1501 3704 par
1529 3639 1630 3700 est,
1689 3648 1808 3688 ser-

204 3724 387 3780 viendi
417 3724 472 3778 in
499 3723 691 3779 ordine
719 3722 1006 3778 destitutus
1039 3721 1127 3777 sit.
1159 3723 1300 3778 Dum
1337 3721 1393 3777 id
1422 3729 1603 3777 mente
1651 3721 1808 3794 cogi-

203 3820 281 3877 to,
331 3811 493 3868 veluti
527 3811 742 3866 fervore
787 3809 1020 3881 repleor,
1055 3825 1167 3866 non
1223 3809 1479 3864 dubitans
1534 3807 1807 3864 afﬁrmare

198 3900 411 3968 majora
492 3899 744 3954 ordinum
803 3897 1133 3969 regularium
1195 3897 1393 3952 damna
1448 3896 1576 3951 inde
1630 3903 1809 3952 ortum

204 3988 485 4059 accepisse
516 3994 571 4042 et
617 3985 891 4056 accipere.
940 3985 1049 4042 Sed
1094 3985 1366 4042 calamum
1408 3984 1497 4040 hic
1538 3983 1808 4056 reprima-

199 4091 342 4143 mus,
378 4091 446 4131 ne
475 4073 609 4147 quid
640 4073 893 4129 diffusius
917 4074 986 4130 de
1001 4075 1106 4129 hac
1137 4089 1198 4129 re
1227 4073 1556 4129 scribamus.

270 4163 408 4218 Cap.
447 4162 772 4218 XXVlll.—
798 4163 967 4218 Num.
997 4165 1047 4216 1.
1073 4162 1154 4217 Ad
1175 4161 1676 4232 lectum:paleam,
1700 4167 1806 4215 etc.

198 4252 348 4305 Inter
374 4249 764 4322 supellectilem
794 4249 940 4305 illam
969 4265 1092 4321 qua
1119 4249 1191 4305 ad
1236 4249 1441 4305 lectum
1470 4263 1807 4319 componen-

197 4339 328 4394 dum
357 4347 410 4394 et
437 4339 506 4394 ad
553 4337 932 4393 indumentum
975 4337 1205 4394 concedi
1254 4337 1413 4392 solita
1467 4343 1806 4403 recensetur,

197 4435 419 4483 nostros
464 4441 743 4498 nunquam
788 4425 1130 4481 renuntiasse
1187 4425 1409 4496 pellium
1443 4423 1583 4490 usui,
1644 4431 1697 4479 et
1739 4423 1808 4478 ab

200 4515 355 4571 initio
385 4530 482 4570 eas
508 4513 612 4569 sibi
641 4514 956 4570 adhibuisse
1001 4512 1347 4569 manifestum
1379 4520 1480 4568 est.
1537 4513 1652 4566 lmo
1682 4518 1809 4566 tunc

191 4603 318 4660 dum
345 4602 574 4675 pellicia
590 4602 644 4657 in
659 4603 763 4658 hac
781 4602 973 4671 Majori
993 4601 1284 4657 Carthusia
1308 4599 1541 4672 singulis
1559 4599 1805 4672 assigna-

197 4693 409 4758 bantur,
441 4706 670 4763 quarum
699 4691 874 4746 altera
905 4690 1144 4762 quotidie
1173 4689 1553 4755 induebantur,
1579 4695 1806 4758 eratque

191 4779 304 4835 illis
333 4795 430 4851 pro
461 4779 642 4834 tunica
669 4778 830 4833 talari
858 4791 912 4834 et
943 4777 1230 4848 superiori,
1259 4777 1426 4832 altera
1454 4791 1584 4831 vero
1613 4776 1805 4831 diebus

194 4867 536 4925 solemnibus
567 4866 854 4922 utebantur
884 4885 898 4933 ;
931 4866 1119 4938 sicque
1151 4872 1340 4921 contra
1386 4863 1557 4935 frigus
1603 4864 1659 4918 in
1687 4864 1806 4918 istis

197 4955 413 5027 frigidis
444 4955 579 5011 locis
610 4962 764 5010 erant
812 4954 952 5009 bene
981 4953 1192 5008 muniti.
1251 4954 1408 5009 Nunc
1436 4967 1566 5008 vero
1621 4959 1805 5006 vestes

195 5052 396 5100 nostra:
421 5043 491 5096 ab
521 5043 627 5097 illis
659 5040 934 5110 diﬁ‘crunt,
985 5056 1114 5096 nam
1169 5040 1396 5110 pellicea
1426 5039 1604 5095 tunica
1635 5055 1802 5109 supe-

194 5132 328 5187 riori
357 5131 537 5187 hieme
565 5137 620 5187 et
647 5137 808 5186 nocte
838 5137 1043 5184 tantum
1091 5128 1308 5194 utimur,
1342 5136 1396 5183 et
1428 5127 1664 5182 interdiu
1694 5127 1804 5181 alia

1836 3860 1888 3920 B

1909 2850 2032 2904 Non
2060 2848 2186 2902 inde
2215 2849 2545 2904 credendum
2567 2857 2650 2904 est
2678 2851 2822 2920 quod
2851 2851 2921 2906 de
2954 2853 3267 2908 diversitate
3315 2854 3515 2910 coloris

1909 2936 1998 2992 hic
2028 2944 2239 3008 agatur,
2271 2945 2327 2991 ut
2357 2937 2447 2991 alii
2475 2937 2597 2991 rufa
2639 2939 2824 3004 vestis,
2877 2939 2966 2994 alii
3018 2940 3196 3012 nigra,
3231 2941 3322 2995 alii
3375 2957 3512 2997 can-

1911 3024 2038 3078 dida
2066 3024 2361 3078 ministrari
2389 3032 2596 3094 posset.
2630 3025 2931 3080 Ridiculum
2985 3027 3128 3080 enim
3173 3043 3296 3083 esse
3338 3029 3513 3085 simile

1911 3112 2041 3182 quid
2063 3113 2148 3166 vel
2179 3112 2435 3183 cogitare,
2469 3112 2565 3167 sed
2589 3113 2658 3168 de
2687 3113 3007 3184 coloreplus
3037 3122 3130 3169 aut
3157 3115 3336 3170 minus
3365 3115 3510 3183 albo,

1910 3199 2048 3254 intra
2079 3200 2324 3254 eamdem
2355 3207 2539 3254 tamen
2568 3201 2808 3270 speciem
2847 3199 2901 3254 id
2931 3201 3091 3257 debet
3118 3201 3369 3275 intelligi.

1981 3287 2126 3341 ibid.
2150 3289 2544 3343 Humilitatem
2559 3290 3050 3360 attritionemque,
3076 3296 3204 3358 etc.,
3221 3290 3515 3348 etum'ver-

1910 3390 2104 3430 sarum
2156 3377 2353 3448 quibus
2405 3377 2648 3431 utimur.
2701 3375 2802 3431 llic
2837 3376 3104 3444 judicium
3149 3379 3516 3450 conscriptum

1909 3463 2176 3517 habemus
2203 3470 2387 3518 contra
2408 3477 2528 3529 nos,
2563 3462 2608 3517 si
2625 3478 2712 3518 res
2741 3463 2987 3518 curiosas
3007 3471 3060 3518 et
3079 3465 3346 3535 pretiosas
3375 3465 3517 3522 ultra

1908 3551 2194 3606 honestam
2223 3550 2532 3605 decentiam
2562 3551 2631 3604 ad
2650 3566 2807 3606 usum
2827 3559 3071 3606 nostrum
3101 3551 3475 3609 adhibeamus.

1978 3639 2141 3693 Num.
2175 3641 2226 3694 3.
2259 3638 2450 3694 Libros
2484 3641 2753 3709 tauquam
2782 3639 3210 3710 sempiternum,
3245 3647 3349 3696 etc.
3399 3642 3516 3698 Hoc

1908 3727 2079 3782 verbo
2100 3725 2214 3781 vult
2241 3725 2548 3796 exprimere
2573 3725 2741 3780 libros
2762 3741 2885 3781 esse
2914 3726 3154 3797 speciem
3170 3726 3277 3782 cibi
3307 3727 3399 3799 qui
3415 3745 3518 3799 per

1908 3829 2067 3867 usum
2095 3828 2206 3867 non
2234 3813 2572 3868 consumitur
2600 3833 2618 3880 ;
2652 3820 2705 3868 et
2737 3829 2802 3868 ex
2818 3814 2922 3869 hoc
2939 3813 3060 3869 loco
3089 3822 3235 3885 patet
3254 3824 3513 3887 quantum

1909 3900 2072 3971 primi
2094 3902 2282 3956 Patres
2313 3901 2513 3957 vellent
2539 3908 2757 3957 nostros
2795 3901 2945 3957 circa
2972 3900 3234 3957 librorum
3263 3902 3515 3975 scriptio-

1909 4004 2034 4044 nem
2063 3989 2317 4059 occupari
2347 4005 2508 4060 ;quae
2535 3989 2660 4044 ideo
2689 3989 2907 4044 illorum
2939 3997 3066 4047 tunc
3118 3998 3236 4046 erat
3265 4005 3516 4047 commu-

1910 4077 2032 4131 nior
2061 4076 2365 4147 occupatio,
2399 4085 2457 4130 ut
2486 4093 2551 4132 ex
2571 4077 2677 4132 hoc
2703 4077 2938 4148 capitulo
2955 4078 3234 4134 evidenter
3261 4089 3510 4151 apparet.

1984 4164 2079 4219 lbi.
2119 4167 2204 4230 Ut,
2235 4165 2367 4236 quia
2396 4180 2489 4219 ore
2518 4179 2635 4219 non
2652 4180 2969 4236 possumus,
3002 4166 3102 4221 Dei
3127 4167 3357 4223 verbum
3384 4184 3514 4224 ma-

1909 4252 2075 4308 nibus
2102 4252 2489 4324 praedicamus.
2528 4253 2668 4320 Quot
2720 4253 2876 4308 enim
2905 4254 3090 4318 libros,
3139 4261 3243 4310 etc.
3279 4255 3514 4312 Publica

1910 4355 2045 4410 ergo
2075 4339 2289 4394 utilitati
2318 4339 2486 4393 etiam
2529 4339 2788 4393 vacabaut
2817 4341 3003 4395 Patres
3051 4341 3243 4410 nostri,
3275 4342 3513 4399 maxime

1911 4443 2033 4483 cum
2054 4435 2184 4481 tunc
2213 4425 2474 4496 temporis
2505 4426 2747 4480 nondum
2801 4426 3022 4483 inventa
3051 4435 3198 4483 esset
3234 4443 3326 4484 ars
3356 4438 3514 4500 typo-

1909 4514 2189 4586 graphica,
2209 4522 2260 4568 et
2277 4513 2428 4568 nulla
2456 4520 2670 4584 pateret
2697 4513 2918 4570 lectioni
2949 4522 3002 4569 et
3049 4515 3240 4570 studiis
3268 4516 3377 4582 via,
3406 4517 3512 4572 nisi

1908 4601 2260 4672 manuscripti
2296 4601 2516 4657 codices
2563 4601 2915 4656 haberentur.
2947 4602 3003 4656 Si
3051 4603 3130 4657 sic
3158 4602 3514 4673 opinarentur

1909 4689 2115 4761 antiqui
2156 4691 2347 4744 Patres
2378 4697 2430 4744 et
2473 4689 2676 4744 vellent
2703 4704 2804 4743 nos
2833 4698 3020 4744 nostro
3052 4691 3212 4745 modo
3241 4691 3512 4761 praedica-

1907 4779 2041 4834 tioni
2072 4792 2293 4846 vacare,
2354 4777 2771 4832 transcribendo
2809 4776 2978 4831 libros
3008 4777 3076 4831 ab
3133 4777 3252 4832 aliis
3280 4793 3510 4849 compo-

1907 4867 2060 4933 sitos,
2094 4881 2202 4920 non
2222 4865 2540 4920 recusabant
2569 4880 2664 4919 eos
2694 4865 2786 4936 qui
2823 4881 2854 4918 a
2883 4865 3082 4919 nostris
3111 4881 3511 4937 componeren-

1907 4962 2012 5018 tur,
2046 4954 2208 5008 etiam
2237 4969 2402 5024 posse
2432 4953 2745 5008 transcribi.
2785 4953 2939 5007 Uude
2977 4953 3168 5008 durius
3189 4969 3352 5025 quam
3373 4970 3510 5010 con-

1906 5042 2052 5097 venit
2081 5058 2178 5096 cos
2206 5041 2354 5112 loqui
2396 5041 2730 5096 censendum
2759 5048 2860 5107 est,
2909 5040 3001 5111 qui
3030 5056 3063 5096 a
3119 5035 3512 5112 componendis

1905 5129 2060 5183 libris
2089 5129 2292 5184 vellent
2320 5136 2536 5183 nostros
2559 5128 2780 5183 omnino
2811 5128 3096 5199 repellere,
3150 5136 3204 5184 et
3233 5130 3334 5184 sub
3364 5147 3514 5202 prae-

195 5237 261 5275 ex
290 5234 488 5291 grosso
518 5233 697 5289 panno
727 5217 918 5289 patriae
955 5217 1272 5288 composita.
1307 5216 1413 5284 Qui
1456 5224 1638 5270 tamen
1667 5231 1800 5270 usus
1824 5205 1870 5266 C
1901 5225 2045 5272 textu
2062 5217 2184 5271 vitae
2211 5216 2439 5272 occulta:
2473 5224 2526 5270 et
2555 5215 2812 5270 solitariae
2831 5258 2844 5281 ,
2877 5216 3000 5270 illos
3029 5223 3235 5270 tantum
3266 5218 3382 5273 Deo
3411 5234 3513 5288 pro

193 5307 533 5380 pelliciarum
588 5305 752 5360 etiam
799 5305 1028 5360 interdiu
1058 5305 1464 5377 gestandarum,
1526 5303 1672 5358 haud
1726 5302 1803 5357 ita
1901 5304 2232 5369 hominibus,
2264 5319 2374 5358 non
2403 5319 2531 5358 vero
2579 5303 2649 5358 de
2692 5305 2809 5358 Deo
2837 5303 3168 5371 hominibus,
3221 5320 3323 5360 nec
3353 5305 3513 5360 etiam

198 5397 414 5467 pridem
441 5393 622 5449 adhuc
651 5392 942 5465 vigebatin
972 5394 1075 5448 hac
1103 5393 1288 5458 domo,
1329 5399 1491 5463 prout
1521 5389 1802 5446 atestibus
1900 5408 2002 5462 per
2055 5391 2342 5456 calamum,
2381 5390 2531 5462 loqui
2583 5391 2788 5447 debere
2843 5391 3232 5447 existimarent.
3283 5392 3388 5460 Qui
3435 5393 3516 5449 sic

191 5484 420 5539 oculatis
459 5481 786 5548 audivimus,
830 5487 884 5536 et
922 5481 1098 5536 adhuc
1135 5480 1365 5551 legimus
1412 5479 1468 5534 in
1510 5477 1666 5533 libris
1719 5492 1804 5532 ra-

191 5573 402 5629 tionum
431 5571 632 5625 domus
680 5567 993 5624 Carthusize.
1041 5566 1200 5636 Quod
1231 5574 1410 5622 tamen
1457 5581 1560 5638 pro
1588 5573 1803 5635 tempo-

197 5677 318 5718 rum
347 5659 563 5716 ratione
591 5663 850 5712 mutatum
891 5663 994 5723 est,
1050 5669 1178 5713 cum
1217 5655 1467 5711 homines
1522 5651 1807 5708 delicatius

1905 5479 2254 5549 opinarentur
2281 5479 2314 5532 ἁ
2343 5494 2510 5532 sensu
2539 5479 2611 5533 R.
2663 5479 2838 5533 Patris
2867 5478 3136 5550 Guigonis
3182 5482 3284 5552 per
3313 5497 3511 5536 exces-

1906 5582 2025 5619 sum
2055 5566 2387 5630 aberrarent,
2412 5572 2462 5620 et
2494 5566 2656 5621 tacite
2674 5565 3098 5622 condemnarent
3120 5575 3197 5622 tot
3227 5568 3510 5640 egregios,

1909 5659 1964 5708 et
1992 5652 2113 5724 pios
2143 5652 2460 5725 scriptores,
2483 5652 2576 5726 qui
2603 5653 2658 5710 in
2693 5653 2887 5711 ordine
2916 5662 3295 5710 numerantur.
3334 5658 3404 5714 At
3424 5654 3512 5713 fu-
