3940 6450
443 350 546 402 695
1260 338 1428 396 GUIG
1439 337 1602 393 ONIS
1649 338 1672 391 Ι
1714 332 2057 391 CARTHUSI

2168 323 2463 383 MAJORIS
2506 322 2783 379 PRIORIS
2833 323 2896 376 V.
3623 316 3734 368 696

515 466 565 518 4.
603 463 747 532 Quot
776 461 917 518 enim
943 459 1113 515 libros
1143 459 1446 525 scribimus,
1482 465 1558 512 tot
1578 456 1734 512 nobis
1763 455 2008 510 veritatis
2029 469 2311 526 praecones
2341 451 2518 506 facere
2548 449 2814 512 videmur,
2856 448 3134 514 sperantes
3163 455 3194 494 a
3221 437 3452 494 Domino
3497 453 3727 494 merce-

445 561 569 616 dem
595 575 692 630 pro
720 557 988 621 omnibus,
1025 555 1114 626 qui
1144 571 1241 626 per
1271 571 1386 620 eos,
1419 554 1505 608 vel
1535 554 1601 607 ab
1633 569 1820 607 errore
1851 549 2081 607 correcti
2137 549 2352 614 fuerint,
2404 547 2490 601 vel
2536 546 2586 599 in
2643 541 2909 599 catholica
2937 539 3165 595 veritate
3218 535 3583 607 profecerint,
3620 549 3726 604 pro

447 657 654 712 cunctis
683 655 840 709 etiam
873 653 964 724 qui
986 653 1069 707 vel
1087 654 1155 706 de
1186 651 1298 706 suis
1327 652 1567 721 peccatis
1585 658 1637 704 et
1665 650 1806 705 vitiis
1836 647 2165 717 compuncti,
2197 645 2282 699 vel
2311 643 2378 698 ad
2408 641 2738 697 desiderium
2770 637 2968 694 fuerint
2995 634 3184 706 patriae
3214 632 3450 688 cmlestis
3480 630 3724 686 accensi.

516 756 567 806 5.
603 753 669 805 Et
687 750 814 822 quia
844 749 981 804 sicut
1010 757 1235 803 caeteras
1267 747 1621 803 necessitates
1651 762 1770 816 qua:
1797 746 1865 799 ad
1897 744 2156 799 vilitatem
2211 749 2262 795 et
2305 739 2656 794 humilitatem
2710 735 3000 806 pertinent,
3060 729 3345 801 coquinam
3401 727 3559 782 etiam
3618 726 3728 797 ipsi

444 848 599 903 nobis
630 846 876 910 facimus,
907 845 1103 899 dantur
1130 852 1182 898 et
1211 843 1332 898 ollae
1356 843 1495 909 duae,
1532 843 1772 898 scutellaa
1802 841 1942 905 duae,
1976 839 2134 894 tertia
2163 838 2231 892 ad
2259 852 2473 907 panem,
2506 834 2591 890 vel
2620 849 2721 904 pro
2752 848 2817 886 ea
2842 829 3084 894 mantile,
3117 833 3309 898 quarta
3338 823 3730 898 grandiuscula

445 951 527 998 est
555 943 626 997 ad
656 941 936 997 faciendas
966 940 1273 1007 munditias,
1308 939 1611 993 cochlearia
1641 939 1767 1001 duo,
1800 936 2049 992 cultellus
2099 936 2169 990 ad
2222 949 2440 1003 panem,
2503 932 2669 999 justa,
2712 929 2982 999 scyphus,
3041 940 3139 980 vas
3167 921 3470 995 aquarium,
3519 920 3731 974 salaria

451 1037 668 1108 patella,
695 1037 804 1090 duo
826 1036 892 1090 ad
924 1035 1200 1106 legumina
1221 1034 1442 1099 sacculi,
1473 1033 1892 1104 manutergium.
1923 1032 2005 1086 Ad
2028 1031 2208 1102 ignem
2239 1028 2417 1093 focile,
2441 1040 2588 1092 esca,
2613 1024 2748 1095 lapis
2780 1023 2878 1095 [al.
2937 1020 3072 1092 lapis
3101 1016 3342 1090 ignitus],
3374 1016 3541 1087 ligna,
3571 1030 3733 1069 secu-

445 1131 538 1184 ris.
572 1129 657 1185 Ad
685 1145 851 1200 opera
872 1145 1003 1184 vero
1044 1129 1351 1183 dolabrum.
1385 1129 1514 1182 Hinc
1545 1127 1636 1198 qui
1693 1127 1880 1197 legerit
1903 1143 2003 1182 nec
2058 1126 2304 1191 irrideat,
2352 1138 2661 1195 quaesumus
2716 1121 2814 1191 [αι.
2840 1117 3000 1190 quis],
3033 1131 3132 1171 nec
3188 1113 3566 1185 reprehendat,
3620 1110 3733 1165 nisi

447 1225 587 1282 forte
618 1226 770 1296 prius
791 1226 846 1280 in
867 1226 1026 1290 cella,
1067 1225 1206 1279 inter
1228 1233 1398 1278 tantas
1429 1226 1582 1279 nives
1604 1231 1656 1279 et
1676 1232 1782 1277 tam
1808 1224 2024 1278 horrida
2055 1221 2278 1293 frigora,
2311 1219 2556 1292 longiore
2587 1217 2744 1272 fuerit
2771 1224 3012 1285 tempore
3056 1218 3439 1268 commoratus.

511 1326 564 1377 6.
600 1322 806 1378 Idcirco
833 1322 975 1377 enim
996 1321 1088 1376 uni
1116 1328 1266 1376 tanta
1294 1321 1664 1387 concedimus,
1695 1336 1784 1386 ne,
1819 1321 1963 1391 quod
1991 1319 2236 1374 illicitum
2256 1316 2520 1381 ducimus,
2555 1314 2700 1370 exire
2729 1314 2798 1368 de
2843 1311 2979 1368 cella
3015 1307 3389 1380 compellatur.
3437 1305 3554 1361 Hoc
3582 1305 3735 1360 enirn

443 1434 785 1492 nequaquam
814 1417 1148 1483 conceditur,
1181 1417 1286 1472 nisi
1305 1433 1426 1472 eum
1456 1417 1525 1471 ad
1554 1417 1844 1473 claustrum
1866 1425 1958 1472 aut
1986 1416 2277 1472 ecclesiam
2297 1414 2654 1478 convenitur;
2685 1410 2831 1483 quod
2850 1411 2954 1464 hoc
2983 1407 3171 1463 ordine
3199 1403 3315 1460 ﬁeri
3353 1401 3653 1459 consuevit.

1797 1531 2188 1588 CAPITULUM
2215 1531 2420 1584 XXIX.

985 1628 1099 1694 Quo
1115 1631 1362 1700 tempore
1391 1631 1456 1684 de
1485 1631 1630 1685 cella
1660 1633 1920 1694 exeatur,
1953 1633 2008 1684 et
2046 1631 2112 1682 de
2141 1628 2347 1698 vigiliis
2377 1629 2432 1681 et
2463 1623 2824 1679 distinctione
2859 1623 3145 1677 horarum.

514 1747 565 1800 t.
600 1741 760 1802 Omni
781 1750 1044 1814 tempore,
1078 1741 1317 1813 exceptis
1347 1742 1635 1801 duodecim
1665 1743 1955 1800 lectionum
1984 1742 2156 1807 festis,
2190 1748 2240 1796 et
2261 1738 2469 1794 Natalis
2497 1736 2734 1804 Domini,
2757 1736 2980 1792 Pascha:
3010 1749 3226 1808 quoque
3272 1742 3325 1791 et
3380 1737 3736 1792 Pentecostes

1803 1854 2373 1912 COMMENTARIUS.

445 1955 670 2012 tendum
691 1961 773 2010 est
800 1969 1053 2025 magnam
1091 1953 1355 2009 cautelam
1387 1953 1528 2025 apud
1557 1969 1657 2010 nos
1687 1955 1741 2008 in
1771 1955 1872 2010 hac
1896 1963 2044 2024 parte
2072 1955 2128 2015 Α
2150 1952 2444 2020 fastidiunt,
2478 1959 2729 2022 putantes
2759 1951 2859 2005 ista
2915 1951 3094 2006 minus
3151 1950 3353 2004 seriosa
3407 1951 3739 2006 monachum

449 2042 813 2098 adhibendam
844 2057 985 2109 esse,
1023 2058 1090 2096 ne
1120 2057 1183 2096 ex
1230 2042 1436 2112 pruritu
1476 2042 1748 2098 scribendi
1785 2050 1837 2096 et
1881 2043 2046 2096 libros
2144 2041 2442 2107 dedecere,
2493 2040 2586 2110 qui
2613 2048 2755 2093 totus
2795 2039 3088 2110 spiritualis
3144 2055 3266 2094 esse
3292 2039 3512 2093 deberet
3547 2053 3559 2091 :
3594 2047 3647 2092 et
3678 2039 3737 2092 hi

459 2129 677 2196 edendi,
703 2145 858 2184 vanae
889 2130 968 2183 sui
998 2129 1167 2199 ipsius
1202 2129 1441 2199 Opinioni
1470 2131 1624 2184 detur
1656 2130 1824 2198 locus,
1859 2137 1950 2184 aut
1981 2146 2046 2184 ex

462 2217 659 2272 minori
687 2216 881 2287 peritia
911 2216 1281 2285 scientiarum,
1317 2233 1436 2288 quae
1469 2218 1521 2271 in
1551 2217 1681 2273 viris
1712 2218 1965 2273 solitariis
1981 2218 2049 2271 ab

458 2304 784 2360 academicis
813 2303 1286 2359 exercitationibus
1316 2305 1534 2359 remotis
1564 2320 1685 2359 raro
1716 2305 2049 2375 superabun-

458 2392 571 2456 dat,
603 2391 852 2461 quaedam
884 2390 939 2444 in
967 2391 1243 2460 publicum
1283 2407 1391 2446 non
1432 2392 1564 2446 satis
1592 2393 1854 2461 castigate
1894 2407 2048 2448 com-

459 2478 633 2548 posita
663 2477 949 2547 prodeant.
982 2477 1088 2532 Sed
1139 2477 1287 2534 circa
1343 2479 1478 2544 haec,
1536 2479 1797 2534 modema
1855 2487 2051 2534 statuta

462 2564 915 2636 prudentissimos
989 2565 1181 2620 modos
1243 2575 1543 2636 posuerunt
1598 2574 1651 2621 et
1707 2576 2046 2636 sanxerunt,

470 2651 665 2722 quibus
695 2651 1024 2706 adhaerendo
1053 2652 1236 2706 omnia
1265 2653 1544 2708 moderate
1573 2662 1624 2708 et
1651 2653 1884 2709 discrete
1919 2671 2051 2725 per-

467 2737 738 2794 ﬁcientur.
772 2738 987 2809 Scripta
1017 2755 1149 2812 ergo
1200 2741 1674 2796 Carthusianorum
1704 2757 1813 2796 non
1866 2751 1991 2796 sunt
2021 2744 2053 2797 ὁ,

464 2826 634 2897 ρι’ωιο
659 2827 876 2896 penitus
906 2827 1262 2895 excludenda,
1291 2827 1583 2883 dummodo
1604 2829 1671 2882 ab
1693 2829 1758 2883 iis
1775 2829 1908 2883 nihil
1929 2831 2058 2885 scri-

465 2913 622 2968 batur
651 2914 795 2984 quod
825 2928 949 2969 cum
967 2913 1262 2970 intentione
1294 2916 1363 2970 R.
1403 2915 1461 2970 P.
1497 2916 1764 2986 Guigonis
1787 2933 1894 2971 non
1927 2932 2056 2972 con-

465 3000 674 3066 cordet,
709 3008 871 3071 atque
902 3001 1024 3055 ideo
1055 3001 1123 3056 de
1145 3001 1210 3055 iis
1256 3010 1462 3056 tantum
1490 3003 1731 3058 materiis
1758 3005 1790 3058 εὶ
1818 3004 2052 3058 Carthu-

467 3087 623 3142 siano
653 3095 930 3155 tractetur,
965 3104 1083 3159 qua:
1113 3089 1180 3143 ad
1210 3089 1488 3145 catholicae
1531 3091 1776 3145 veritatis
1804 3092 2058 3147 assertio-

467 3189 611 3239 nem,
646 3174 900 3229 vitiorum
930 3175 1399 3245 exstirpandorum
1421 3184 1472 3232 et
1501 3177 1750 3232 virtutem
1780 3179 2063 3250 acquiren-

469 3259 666 3315 darum
697 3261 952 3327 studium,
983 3264 1410 3332 promovendum
1441 3265 1766 3320 conducunt.

541 3349 705 3403 Num.
738 3352 790 3403 5.
827 3351 1057 3422 Ηιεεᾳιιὶ
1102 3351 1300 3420 legerit
1333 3368 1434 3407 nec
1479 3353 1735 3418 irrideat,
1776 3361 1904 3420 etc.,
1943 3356 2060 3411 nisi

471 3439 620 3508 forte
647 3436 808 3506 prius
843 3438 905 3491 in
953 3438 1118 3503 cella,
1179 3446 1282 3492 etc.
1325 3439 1633 3495 Pravenire
1671 3449 1892 3496 conatur
1944 3442 2057 3497 vir-

473 3531 692 3579 sanctus
721 3523 1013 3577 humanam
1037 3523 1416 3593 infirmitatem,
1452 3543 1549 3581 seu
1587 3529 1766 3597 potius
1794 3529 2058 3600 insipien-

470 3610 620 3677 tiam,
654 3626 795 3682 quze,
828 3611 955 3665 dum
985 3627 1204 3666 sensum
1233 3613 1514 3684 proprium
1557 3615 1668 3669 vult
1696 3617 1870 3687 sequi,
1915 3617 2059 3672 circa

472 3713 540 3753 ea
560 3713 792 3769 quorum
835 3699 1312 3769 experimentalem
1332 3702 1700 3771 cognitionem
1727 3719 1832 3757 non
1875 3705 2056 3771 habet,

471 3784 530 3839 in
561 3785 674 3839 suis
705 3784 1124 3857 cogitationibus
1173 3795 1226 3841 et
1268 3788 1612 3857 Opinionibus
1655 3806 1799 3860 saepe
1848 3791 2056 3848 delirat.

472 3871 774 3926 Prudenter
803 3888 938 3944 ergo
963 3873 1048 3927 vir
1077 3881 1297 3928 sanctus
1326 3885 1588 3945 provocat
1609 3877 1745 3933 tales
1750 3879 1961 3948 judices
1992 3881 2061 3934 ad

476 3957 928 4028 experimentum,
963 3960 1074 4030 qui,
1105 3960 1151 4014 si
1173 3962 1257 4015 vel
1287 3977 1395 4016 una
1424 3963 1761 4019 hebdomada
1791 3967 1930 4020 intra
1959 3969 2064 4022 cel-

472 4044 600 4100 lulae
617 4044 852 4114 parietes
901 4046 1324 4115 continerentur,
1353 4057 1479 4105 tunc
1539 4053 1882 4122 aperirentur
1919 4056 2063 4111 oculi

477 4145 747 4187 caecorum
768 4139 820 4186 et
850 4147 1012 4187 aures
1033 4135 1323 4190 surdorum
1345 4145 1612 4207 paterent,
1633 4148 1684 4195 et
1710 4143 1857 4212 quod
1879 4159 2064 4214 super-

474 4219 638 4273 ﬂuum
673 4219 823 4289 prius
844 4221 1248 4278 arbitrabantur
1267 4240 1390 4280 esse
1405 4226 1459 4280 in
1481 4227 1674 4282 cellula
1691 4229 2060 4299 Carthusiana,

470 4305 528 4360 in
549 4307 784 4374 hortulo,
805 4307 860 4362 in
890 4308 1259 4366 instrumentis
1280 4313 1343 4366 ad
1372 4312 1613 4370 laborem
1633 4332 1887 4372 manuum
1901 4319 2061 4388 aptis,

461 4393 580 4461 jam
619 4395 988 4450 necessarium
1048 4397 1268 4454 omnino
1312 4416 1435 4455 esse
1473 4412 1921 4471 protestarentur.
1957 4407 2066 4460 Cur

469 4489 649 4535 autem
689 4481 946 4537 solitariis
975 4487 1172 4540 nostris
1202 4486 1280 4542 sic
1308 4489 1661 4558 provideatur
1698 4492 1766 4546 de
1797 4494 1961 4548 rebus
1995 4495 2065 4549 ad

469 4569 853 4638 occupationes
883 4579 1134 4627 externas
1171 4576 1525 4646 necessariis,
1562 4579 1824 4634 rationem
1857 4582 2055 4646 subdit,

470 4670 562 4721 ne,
582 4655 772 4726 inquit,
793 4659 932 4729 quod
942 4660 1212 4718 illicitum
1233 4663 1511 4731 ducimus,
1529 4665 1594 4720 de
1611 4668 1754 4722 cella
1768 4671 1925 4725 exire
1941 4687 2061 4726 com

469 4743 746 4812 pellatur.
777 4745 901 4799 Non
933 4747 1075 4801 enim
1107 4751 1441 4805 credendum
1463 4761 1543 4807 est
1578 4755 1724 4823 quod
1743 4756 2061 4812 homointra

471 4828 683 4884 cellulae
723 4831 959 4900 parietes
1005 4836 1178 4904 possit
1224 4837 1424 4891 diutius
1465 4843 1814 4911 commorari,
1847 4844 1949 4897 nisi
1988 4845 2059 4899 ibi

473 4914 671 4970 habeat
701 4919 966 4987 quasdam
997 4921 1135 4976 bene
1175 4924 1452 4980 ordinatas
1482 4943 1541 4981 se
1571 4931 1869 4999 occupandi
1889 4939 2060 4987 mate-

467 5000 603 5088 rias.
628 5004 760 5057 Cum
796 5014 977 5062 autem
1007 5025 1117 5063 non
1165 5013 1336 5080 possit
1365 5029 1579 5085 semper
1607 5016 1767 5071 rebus
1810 5019 2060 5088 spiritua-

468 5085 613 5142 libus
643 5091 926 5161 applicari,
966 5111 1068 5152 nec
1096 5097 1151 5150 id
1179 5099 1352 5167 possit
1393 5103 1623 5173 aggredi
1663 5085 1928 5176 fragilitas
1953 5107 2057 5161 liu-

468 5189 630 5230 mana
701 5179 906 5251 absque
963 5184 1204 5252 periculo
1265 5187 1572 5244 amittendae
1628 5193 1888 5262 sanitatis,
1947 5203 2056 5249 tum

470 5264 685 5331 mentis,
715 5274 824 5320 tum
857 5271 1122 5340 corporis,
1183 5289 1407 5329 necesse
1439 5284 1519 5331 est
1569 5278 1730 5334 etiam
1778 5289 1833 5334 ut
1861 5283 2057 5338 habeat

469 5349 613 5404 unde
645 5353 882 5408 animum
933 5374 1032 5427 per
1079 5359 1313 5432 aliquam
1345 5365 1754 5434 occupationem
1786 5377 2061 5425 externam

470 5435 714 5494 relaxare
730 5443 903 5512 possit
935 5452 986 5498 et
1028 5462 1298 5502 recreare.
1357 5451 1736 5522 lmprudenter
1765 5472 1917 5526 ergo,
1952 5459 2061 5514 imo

470 5537 522 5584 et
546 5529 865 5599 insipienter
894 5533 1153 5604 cogitant,
1181 5536 1271 5606 qui
1289 5535 1534 5593 videntes
1566 5543 1891 5597 monachum
1921 5545 2049 5600 Car-

469 5615 777 5672 thusianum
804 5617 1095 5691 aliquando
1125 5623 1399 5694 opusculis
1441 5624 1724 5684 fabrilibus
1754 5646 1962 5698 vacare,
2005 5634 2057 5688 id

2075 3299 2128 3358 B

2147 2137 2290 2193 sunt,
2326 2143 2463 2199 quos
2479 2127 2523 2182 R
2537 2170 2549 2183 .
2577 2129 2736 2182 Pater
2755 2127 2936 2200 Guigo
2957 2127 3024 2181 ad
3052 2127 3440 2197 experientiam
3453 2135 3734 2197 provocat.

2221 2219 2298 2271 Ex
2330 2217 2433 2271 hoc
2462 2215 2697 2286 capitulo
2727 2224 2950 2286 apparet
2982 2230 3141 2286 quam
3163 2214 3393 2270 discrete
3424 2231 3656 2285 semper,
3682 2221 3743 2270 et

2147 2305 2202 2358 in
2222 2305 2472 2360 omnibus
2483 2306 2753 2376 agendum
2769 2320 2910 2370 esse,
2926 2320 3028 2358 nos
3041 2303 3323 2358 docuerint
3350 2303 3512 2373 primi
3526 2305 3738 2368 Patres,

2149 2401 2202 2447 et
2230 2400 2490 2463 quantum
2522 2392 2588 2445 ab
2617 2391 2873 2446 extremis
2895 2399 3039 2446 esset
3068 2391 3388 2457 cavendum,
3413 2407 3481 2445 ne
3503 2398 3555 2445 et
3578 2391 3738 2445 nobis

2149 2481 2464 2536 conveniret
2493 2480 2704 2533 axioma
2729 2479 2862 2532 illud
2909 2479 3346 2548 philosophicum
3379 2496 3392 2532 :
3424 2494 3585 2533 omne
3616 2479 3742 2533 vio-

2153 2568 2355 2622 lentum
2385 2583 2494 2622 non
2525 2576 2607 2622 est
2641 2566 2904 2621 durabile.
2939 2566 3325 2636 Corporalibus
3373 2566 3516 2622 enim
3547 2566 3741 2621 solita-

2152 2655 2349 2710 riorum
2396 2655 2847 2720 necessitatibus,
2911 2671 3034 2710 cum
3077 2655 3304 2710 honesta
3346 2655 3738 2724 mediocritate,

2156 2743 2244 2798 hic
2273 2743 2582 2813 providisse
2604 2743 2872 2806 videmus,
2903 2742 3133 2797 maxime
3154 2759 3222 2797 ne
3252 2742 3455 2815 frigore
3476 2759 3745 2800 vexaren-

2153 2838 2262 2899 tur,
2298 2830 2525 2885 delicias
2555 2845 2587 2885 a
2615 2830 2774 2885 nobis
2803 2830 2858 2884 in
2877 2831 2981 2885 hoc
3027 2845 3218 2886 arcere
3249 2837 3449 2884 tantum
3481 2833 3740 2898 contenti,

2156 2928 2208 2973 et
2236 2936 2304 2974 ne
2333 2919 2489 2974 otiosi
2519 2933 2758 2990 unquam
2795 2935 3215 2984 remaneremus,
3251 2926 3326 2974 tot
3382 2919 3744 2976 instrumenta

2157 3007 2388 3078 singulis
2432 3007 2710 3062 monachis
2749 3007 2837 3062 hic
2892 3006 3248 3061 determinate
3281 3008 3584 3080 assignant,
3640 3009 3746 3063 alia

2157 3096 2317 3150 etiam
2345 3095 2758 3149 indeterminate
2787 3095 3137 3150 concedenda
3185 3111 3306 3150 esse
3363 3095 3742 3166 praescribunt,

2157 3183 2286 3238 dum
2319 3183 2530 3248 dicitur,
2567 3183 2614 3237 ei
2637 3182 2728 3254 qui
2766 3182 3020 3238 inhabilis
3046 3191 3191 3238 esset
3223 3184 3291 3238 ad
3321 3184 3641 3240 scribendos
3671 3185 3745 3254 li-

2158 3271 2307 3339 bros,
2343 3279 2393 3325 et
2415 3269 2632 3325 alterius
2655 3271 2786 3324 artis
2816 3278 2979 3336 esset,
3012 3271 3367 3326 ministranda
3389 3288 3510 3327 esse
3537 3274 3746 3327 instru—

2161 3365 2341 3412 menta
2361 3358 2460 3412 arti
2504 3373 2616 3412 suae
2638 3357 3032 3413 convenientia.

2229 3446 2398 3500 Num.
2439 3449 2492 3499 6.
2523 3447 2631 3500 Hoc
2655 3447 2807 3500 enim
2853 3461 3205 3518 nequaquam
3243 3447 3588 3516 conceditur,
3629 3452 3748 3505 nisi

2160 3550 2290 3588 cum
2313 3534 2384 3588 ad
2414 3535 2751 3600 claustrum,
2786 3541 2890 3588 etc.
2924 3533 2981 3586 Id
3012 3533 3292 3589 moraliter
3337 3535 3746 3607 intelligendum

2161 3629 2260 3687 est,
2285 3636 2408 3675 nam
2441 3629 2648 3676 certum
2671 3629 2752 3675 est
2774 3628 2899 3676 tunc
2927 3629 3145 3676 nostros
3161 3622 3400 3692 potuisse
3429 3623 3549 3678 aliis
3581 3625 3746 3680 etiam

2161 3709 2228 3763 de
2259 3709 2437 3764 causis
2464 3725 2494 3763 e
2525 3709 2664 3764 cella
2691 3709 2899 3780 egredi,
2933 3717 3089 3780 prout
3123 3710 3407 3766 manifeste
3432 3722 3657 3782 apparet
3679 3730 3746 3768 ex

2160 3813 2279 3866 cap.
2305 3799 2370 3851 17
2400 3805 2452 3850 et
2473 3800 2560 3862 32,
2586 3805 2637 3851 et
2658 3813 2722 3852 ex
2743 3797 2864 3851 aliis
2877 3797 3039 3852 variis
3059 3797 3214 3864 locis,
3247 3799 3540 3872 suadetque
3570 3801 3738 3856 ratio.

2163 3885 2414 3940 Poterant
2446 3885 2591 3938 enim
2623 3885 2691 3939 ad
2721 3885 2966 3955 priorem
2995 3887 3256 3941 accedere
3279 3887 3346 3941 ad
3365 3889 3747 3958 exponendum

2162 3972 2239 4026 illi
2261 3987 2387 4026 suas
2417 3973 2772 4027 necessitates
2801 3981 2853 4028 et
2885 3974 3149 4043 petendas
3178 3975 3444 4040 licentias,
3478 3978 3752 4049 Egressus

2164 4075 2298 4130 ergo
2323 4059 2412 4114 ille
2453 4061 2646 4115 ecella
2691 4076 2802 4115 non
2850 4076 3166 4130 concessus,
3218 4063 3360 4117 idem
3417 4072 3532 4119 erat
3585 4082 3748 4136 quem

2164 4148 2458 4202 etiamnum
2489 4164 2774 4218 egressum
2798 4165 2827 4203 e
2860 4148 2994 4204 cella
3027 4149 3413 4218 inordinatum,
3449 4152 3501 4206 id
3544 4161 3625 4207 est
3655 4170 3752 4208 su—

2163 4235 2453 4305 perfluum,
2487 4244 2539 4290 et
2558 4236 2762 4306 absque
2784 4237 2979 4291 morali
3005 4238 3330 4293 necessitate
3363 4239 3561 4294 factum
3591 4257 3754 4296 voca-

2166 4340 2309 4392 mus,
2337 4324 2405 4378 de
2449 4339 2559 4394 quo
2606 4323 2817 4394 culpam
2873 4333 3114 4379 nostram
3170 4327 3434 4381 debemus
3487 4329 3669 4385 dicere
3697 4330 3752 4385 in

2166 4411 2422 4481 capitulo.
2451 4413 2565 4466 Imo
2617 4428 2938 4482 persuasum
2969 4414 3143 4468 habeo
3173 4415 3314 4486 quod
3362 4432 3751 4487 nonnunquam

2165 4499 2387 4553 daretur
2415 4499 2494 4553 eis
2527 4499 2747 4554 licentia
2779 4501 3158 4556 deambulandi
3190 4503 3331 4558 intra
3387 4521 3627 4560 eremum
3659 4523 3752 4561 re-

2169 4586 2462 4641 creationis
2508 4575 2708 4658 gratia,
2742 4596 2900 4657 prout
2920 4604 2984 4643 ex
3015 4583 3377 4646 vetustissimo
3407 4609 3509 4648 ms.
3567 4596 3755 4653 codice

2165 4674 2256 4744 qui
2295 4673 2346 4728 in
2378 4682 2656 4745 postremo
2692 4676 2886 4730 domus
2915 4676 3168 4732 incendio
3199 4678 3432 4734 ﬂammis
3478 4682 3765 4740 infeliciter

2163 4761 2454 4832 absorptus
2481 4770 2580 4816 est.
2616 4762 2693 4815 lbi
2717 4763 2860 4816 enim
2883 4763 2990 4835 legi
3025 4765 3254 4835 qualiter
3278 4783 3364 4822 res
3394 4769 3756 4840 disponeren-

2161 4856 2263 4914 tur,
2339 4849 2552 4920 quando
2609 4850 2972 4905 deambulatio
3028 4852 3160 4906 intra
3243 4871 3404 4925 rupes
3461 4859 3752 4916 Carthusiae

2161 4936 2572 5001 concederetur,
2622 4938 2857 4992 maxime
2899 4939 3027 4992 dum
3059 4951 3348 5012 pergerent
3393 4945 3462 4998 ad
3520 4957 3753 5002 montem

2161 5024 2253 5094 qui
2301 5023 2510 5090 dicitur,
2565 5026 2614 5079 le
2649 5026 2836 5081 Grand
2904 5028 3033 5094 Son,
3100 5029 3244 5099 quod
3320 5032 3502 5086 Latine
3573 5046 3760 5111 sonat,

2159 5129 2427 5183 magnam
2494 5115 2891 5168 summitatem
2945 5124 2998 5168 et
3057 5115 3298 5172 imminet
3339 5120 3654 5186 Carthusize,
3686 5126 3754 5179 ad

2163 5216 2324 5270 quem
2391 5200 2764 5255 scandendum
2838 5202 3089 5272 ampliori
3152 5207 3406 5275 temporis
3490 5211 3664 5279 spatio
3705 5221 3758 5267 et

2160 5287 2349 5342 labore
2376 5303 2514 5358 Opus
2544 5296 2644 5342 est.

2233 5375 2402 5429 Porro
2432 5383 2598 5430 totum
2627 5379 2731 5432 hoc
2789 5378 3080 5448 capitulum
3110 5380 3334 5435 relatum
3373 5383 3540 5438 habes
3571 5385 3623 5439 in
3655 5403 3754 5442 an-

2162 5461 2324 5532 tiquis
2357 5464 2584 5530 statutis,
2618 5475 2767 5535 parte
2801 5482 2858 5534 n,
2905 5482 3026 5537 cap.
3071 5471 3162 5521 16.

2231 5550 2362 5604 CAP.
2378 5551 2564 5605 XXIX
2579 5554 2838 5608 .—Num.
2857 5558 2875 5608 1
2894 5556 3082 5610 .Omni
3100 5560 3344 5627 tempore
3363 5562 3633 5630 mceptis,
3654 5570 3758 5619 etc.

2159 5636 2241 5689 Ex
2269 5637 2368 5692 ista
2399 5640 2716 5710 exceptione
2745 5642 2964 5698 errandi
3010 5643 3231 5698 daretur
3260 5645 3498 5713 occasio,
3560 5656 3614 5703 et
3635 5664 3760 5706 cre-
