3940 6424
204 347 302 402 697
1543 323 2148 384 CONSUETUDINES.
3403 325 3507 377 593

196 461 623 521 hebdomadibus
646 502 660 526 ,
712 457 871 530 signo
917 455 1134 528 pulsato
1163 459 1485 508 nocturnum
1516 448 1766 505 ecclesia
1793 446 2030 502 officium
2059 445 2318 519 congruis
2346 446 2546 519 vigiliis
2589 447 2642 501 in
2690 445 2828 502 cella
2855 445 3240 517 pravenimus.
3276 445 3408 514 Quae
3437 445 3504 498 ab

197 562 375 616 Idibus
403 554 739 629 Septembris
771 552 974 608 sensim
995 548 1364 622 paulatimque
1395 546 1696 602 crescendo
1723 547 1776 600 in
1800 544 2055 599 Kalendis
2084 544 2408 599 Novembris
2436 545 2710 616 perfectae,
2732 545 3121 617 quinquaginta
3149 544 3377 616 psalmis
3399 559 3508 599 non

195 657 350 714 nimis
395 653 590 709 festiue
637 649 922 707 cantaridis
973 645 1260 701 sufﬁciunt.
1312 647 1357 698 Α
1407 658 1514 714 quo
1546 649 1790 712 tempore
1819 658 1993 713 usque
2023 642 2089 696 ad
2120 642 2400 697 Februarii
2431 643 2706 697 Kalendas
2752 643 2932 697 taliter
2964 649 3342 712 perseverant.
3378 641 3510 695 Inde

197 768 362 826 usque
392 751 457 806 ad
494 749 700 804 Pascha
729 744 1102 802 decrescendo
1132 740 1391 813 paulatim
1413 782 1426 803 ,
1481 738 1548 792 ad
1598 746 1800 792 tantum
1827 738 2054 808 spatium
2078 780 2092 804 ,
2146 740 2291 810 quod
2320 740 2595 794 matutinis
2629 747 2829 794 sancta
2859 739 3044 794 Maria
3075 737 3322 804 suﬁiciat,
3353 737 3506 792 redi—

201 857 408 923 guntur.
438 849 519 902 Ex
547 861 656 918 quo
684 859 858 915 usque
890 842 956 896 ad
985 839 1277 911 pradictas
1310 835 1646 907 Septembris
1677 835 1804 889 Idus
1834 834 1888 888 in
1920 836 2110 890 eadem
2143 837 2435 908 quantitate
2465 837 2784 908 perdurant.

267 950 320 1004 2.
352 943 604 1002 Secundo
636 949 819 998 autem
847 939 1007 1012 signo
1035 937 1249 1008 pulsato
1273 979 1286 999 ,
1321 934 1390 988 ad
1423 932 1710 988 ecclesiam
1742 930 2058 986 festinantes
2085 975 2097 998 ,
2133 933 2276 987 tertii
2306 933 2450 1006 signi
2481 932 2644 988 finem
2675 933 2980 1003 pravenire
3025 933 3321 1006 satagimus
3347 976 3360 1000 ,
3413 932 3505 988 ubi

202 1058 360 1114 super
387 1040 590 1096 formas
609 1080 622 1104 ,
657 1034 1008 1108 preveniente
1039 1032 1223 1103 priore
1251 1030 1337 1085 vel
1366 1028 1450 1084 cui
1481 1029 1584 1083 hoc
1614 1024 1936 1095 injunxerit,
1973 1029 2413 1098 procumbentes,
2448 1039 2500 1084 et
2530 1038 2608 1084 ter
2640 1033 2810 1086 Pater
2848 1035 3060 1098 noster,
3093 1031 3304 1087 cateris
3334 1029 3506 1085 semel

201 1138 374 1206 horis,
406 1136 647 1210 graviter
675 1134 978 1203 devoteque
1009 1127 1388 1200 persolvimus,
1424 1131 1823 1196 surgentesque
1849 1123 2083 1193 psallere
2112 1125 2295 1182 divino
2327 1143 2450 1182 cum
2481 1128 2670 1182 timore
2702 1127 3008 1198 incipimus.

270 1240 321 1291 3.
354 1232 589 1289 Caritatis
620 1238 796 1286 autem
829 1226 1108 1284 nocturnis
1139 1226 1308 1280 breve
1335 1223 1565 1278 facimus
1592 1220 1941 1276 intervallum
1967 1263 1982 1288 ,
2031 1223 2177 1294 quod
2207 1225 2275 1278 ad
2305 1225 2425 1295 plus
2454 1233 2664 1296 septem
2695 1225 2936 1296 psalmos
2978 1225 3376 1296 panitentiales
3407 1241 3507 1282 ca-

203 1349 329 1407 pere
354 1331 551 1388 valeat.
585 1329 891 1400 Sequuntur
919 1324 1118 1381 deinde
1149 1321 1422 1377 matutinae
1468 1319 1679 1386 laudes,
1733 1334 1867 1389 quas
1899 1333 1931 1372 a
1963 1318 2218 1375 Kalendis
2248 1321 2502 1378 Octobris
2531 1338 2703 1394 usque
2750 1323 2818 1377 ad
2869 1324 3076 1379 Pascha
3117 1323 3207 1378 lux
3236 1323 3504 1392 terminat,

1557 1469 2129 1527 COMMENTARIUS.

209 1604 370 1662 dendi
401 1603 546 1675 quod
578 1601 772 1657 diebus
801 1598 919 1654 istis
950 1597 1042 1670 qui
1073 1594 1440 1667 excipiuntur,
1477 1593 1657 1647 statim
1683 1599 1808 1662 post
1834 1595 1891 1654 Α
1911 1609 2028 1647 rum
2060 1594 2398 1649 deveniatur.
2431 1594 2643 1650 Exinde
2671 1594 2952 1650 ferialibus
2981 1594 3177 1650 diebus
3207 1595 3263 1649 in
3312 1594 3506 1650 eodem

207 1694 441 1766 primum
491 1691 708 1763 signum
768 1687 1111 1765 pergendum
1160 1683 1350 1739 fuisset
1397 1682 1465 1736 ad
1495 1681 1806 1746 ecclesiam,
1913 1689 2056 1736 statu
2087 1690 2372 1752 permanet
2401 1699 2574 1753 usque
2605 1683 2674 1738 ad
2705 1683 2900 1739 festum
2929 1683 3324 1739 Puriticationis
3353 1684 3412 1738 B.
3447 1682 3512 1739 V.

211 1781 315 1838 nisi
360 1779 727 1850 explicaretur
771 1775 901 1848 quid
946 1774 1235 1844 vigilarum
1264 1770 1484 1826 nomine
1532 1769 1636 1823 sibi
1682 1768 1812 1824 velit
1838 1842 1841 1845 _
1913 1770 2119 1836 Maria,
2154 1786 2186 1824 a
2210 1787 2312 1841 qua
2335 1771 2423 1825 die
2447 1771 2650 1825 sensim
2671 1772 2980 1826 retardatur
2999 1788 3171 1842 usque
3192 1771 3258 1824 ad
3280 1771 3506 1835 Pascha,

206 1867 600 2027 R'vligiﬁgii;
649 1968 786 2025 ergo
834 1949 1055 2006 nomine
1085 1946 1499 2020 intelligendum
1547 1953 1630 2002 est
1676 1959 1808 2015 spa-

214 2046 342 2101 tium
372 2043 508 2098 illud
536 2040 796 2112 temporis
825 2039 972 2110 quod
1002 2037 1147 2091 ultra
1176 2035 1552 2091 necessarium
1581 2034 1652 2088 ad
1679 2049 1809 2104 per-

212 2132 506 2190 solvendas
554 2129 840 2184 matutinas
891 2127 958 2180 de
987 2125 1047 2178 B.
1079 2125 1246 2178 Maria
1277 2121 1620 2194 protenditur
1641 2164 1654 2188 ,
1689 2137 1810 2192 qua

213 2220 453 2294 quotidie
504 2235 536 2272 a
581 2217 739 2272 nobis
788 2216 845 2269 in
884 2212 1094 2270 cellulis
1122 2212 1375 2268 dicuntur
1404 2211 1545 2265 inter
1573 2209 1809 2280 primum

208 2310 482 2381 psalmum
533 2304 926 2360 matutinarum
968 2310 1020 2356 et
1064 2299 1381 2364 secundum,
1432 2298 1502 2351 ita
1545 2305 1632 2362 ut,
1679 2297 1808 2350 dum

209 2397 442 2469 spatium
474 2401 681 2448 tantum
713 2391 984 2447 sufﬁciens
1015 2390 1084 2444 ad
1115 2389 1248 2443 istas
1277 2385 1568 2442 matutinas
1615 2385 1809 2440 devote

210 2483 606 2556 persolvendas
655 2482 847 2546 datur,
899 2478 1102 2551 vigilia
1145 2478 1264 2532 ista
1312 2490 1630 2531 communes
1660 2474 1804 2528 sint:

212 2589 336 2629 cum
367 2586 500 2628 vero
529 2570 668 2625 ultra
699 2567 1060 2640 protenditur,
1091 2566 1145 2620 id
1176 2565 1388 2635 vigilias
1421 2571 1609 2618 auctas
1639 2577 1807 2616 voce-

211 2677 357 2716 mus.
401 2661 611 2715 Sensus
641 2672 777 2730 ergo
806 2658 868 2711 B.
902 2655 1074 2709 Patris
1107 2653 1374 2724 Guigonis
1405 2659 1485 2706 est
1515 2658 1590 2717 ut,
1616 2650 1807 2704 diebus

213 2750 302 2805 hic
337 2747 602 2818 exceptis,
637 2745 750 2800 sive
781 2752 964 2799 astate
995 2743 1109 2797 sive
1139 2742 1316 2796 hieme
1346 2739 1614 2805 venerint,
1649 2738 1807 2791 nulla

213 2852 455 2909 unquam
486 2842 774 2889 serventur
803 2832 1004 2903 vigilia
1033 2831 1174 2885 ultra
1203 2838 1415 2899 tempus
1435 2826 1808 2883 necessarium

214 2925 283 2980 ad
346 2923 744 2996 persolvendas
799 2919 1087 2975 matutinas
1144 2927 1196 2973 et
1252 2917 1440 2972 laudes
1515 2916 1583 2970 de
1655 2915 1810 2970 beata
1845 2944 1896 3004 B

213 3013 403 3068 Maria.

284 3101 423 3156 Ibid.
457 3101 589 3169 Quae
609 3098 674 3154 ab
695 3098 878 3153 Idibus
910 3095 1245 3167 Septembris
1265 3093 1476 3148 sensim
1505 3092 1818 3163 pautatim-

218 3205 321 3262 que
373 3187 704 3255 crescendo,
747 3192 850 3239 etc.
889 3184 1009 3238 Jam
1043 3182 1409 3253 explicaturus
1455 3188 1537 3235 est
1589 3179 1820 3250 qualiter.

220 3277 423 3350 vigilia
451 3275 571 3330 ista
605 3273 1010 3330 ordinarentur.
1042 3271 1126 3325 Ad
1159 3286 1383 3342 quarum
1411 3268 1711 3324 faciliorem
1732 3267 1821 3321 in-

218 3363 580 3438 telligentiam
599 3362 668 3416 ad
688 3360 1006 3416 memoriam
1029 3358 1396 3414 revocandum
1435 3364 1517 3411 est
1547 3357 1691 3427 quod
1708 3356 1821 3424 jam

215 3469 378 3525 supra
401 3467 528 3522 cap.
553 3453 586 3504 '7
605 3493 617 3517 ,
651 3467 796 3504 num.
823 3454 852 3502 8
872 3493 884 3515 ,
919 3448 1119 3504 dictum
1153 3455 1235 3501 est
1264 3447 1332 3501 de
1366 3444 1701 3516 longioribus
1732 3451 1822 3498 aut

214 3541 564 3598 brevioribus
594 3538 873 3602 noctibus,
909 3553 1043 3608 quas
1073 3535 1276 3590 sensim
1306 3549 1556 3590 crescere
1587 3533 1731 3603 apud
1761 3548 1821 3587 se

215 3630 545 3701 reputabant
593 3627 660 3680 ab
707 3626 890 3680 Idibus
939 3624 1310 3695 Septembris,
1357 3623 1413 3676 id
1459 3630 1541 3676 est
1572 3637 1604 3675 a
1634 3621 1822 3693 vigilia

214 3716 577 3774 Exaltationis
625 3722 828 3770 sancta
858 3713 1032 3769 crucis
1062 3727 1236 3784 usque
1267 3711 1336 3765 ad
1385 3710 1662 3764 Kalendas
1710 3710 1823 3763 No-

220 3806 500 3873 vembris,
555 3804 670 3858 sive
719 3801 912 3856 festum
945 3800 1198 3856 Omnium
1233 3801 1582 3855 Sanctorum.
1639 3801 1685 3852 Λ
1714 3813 1823 3870 qua

223 3895 312 3950 die
342 3909 522 3965 usque
569 3892 636 3945 ad
684 3890 883 3945 festum
913 3888 1309 3945 Purificationis
1353 3887 1524 3942 beata
1552 3887 1734 3941 Maria
1764 3903 1824 3942 se

215 3982 543 4039 ordinabant
564 4023 576 4045 ,
610 3995 673 4034 ac
705 3979 750 4032 si
780 3979 834 4032 in
865 3978 1057 4032 eodem
1079 3975 1452 4054 longitudinis.
1467 3983 1608 4030 statu
1636 3982 1823 4030 noctes

215 4053 632 4142 permanerent.
683 4067 894 4121 Exinde
926 4083 1098 4137 usque
1129 4065 1199 4119 ad
1246 4053 1453 4121 Pascha
1500 4071 1690 4119 noctes
1720 4063 1822 4118 de-

219 4175 474 4215 crescere
509 4157 854 4227 reputabant,
889 4155 987 4208 sed
1019 4170 1050 4208 a
1079 4155 1286 4208 Pascha
1315 4168 1489 4223 usque
1519 4153 1582 4206 ad
1614 4151 1824 4206 Exalta-

215 4233 420 4303 tionem
456 4252 660 4300 sancta
689 4243 885 4308 crucis,
920 4250 1108 4298 noctes
1138 4243 1192 4296 in
1223 4241 1418 4296 eodem
1445 4247 1585 4296 statu
1636 4255 1823 4311 perse-

214 4351 426 4401 verare,
461 4333 646 4406 quoad
677 4339 834 4387 nocte
870 4331 1128 4404 surgendi
1160 4332 1368 4394 horam,
1402 4329 1715 4385 censebant.

286 4424 428 4478 Ibid.
449 4427 473 4476 1
489 4465 501 4477 .
522 4422 941 4492 Quinquaginta
962 4420 1221 4492 psalmis.
1241 4419 1324 4473 Ad
1342 4419 1444 4472 hoc
1465 4419 1602 4472 hora
1617 4417 1828 4488 integra

216 4520 268 4567 et
296 4512 440 4567 ultra
469 4526 608 4581 opus
639 4516 756 4574 est;
789 4509 844 4562 id
874 4523 1005 4580 ergo
1038 4507 1309 4577 signiﬁcat
1325 4507 1469 4578 quod
1490 4506 1691 4578 vigilia
1713 4507 1828 4560 ista

218 4606 539 4657 crescerent
583 4597 786 4652 sensim
841 4597 910 4651 ab
961 4596 1303 4650 Exaltalione
1369 4603 1570 4650 sanctae
1627 4595 1824 4660 crucis,

215 4705 394 4760 usque
425 4689 560 4742 dum
588 4685 934 4757 pervenirent
965 4684 1298 4770 ad'spatium
1329 4684 1478 4739 hora
1517 4683 1744 4755 integra
1773 4683 1829 4737 in

216 4777 352 4848 ipsis
375 4775 643 4831 Kalendis
673 4773 1021 4828 Novembris.
1068 4775 1128 4826 In
1179 4789 1286 4843 quo
1316 4772 1487 4842 spatio
1517 4773 1665 4826 hora
1695 4772 1829 4826 inte-

213 4882 332 4938 gra
359 4862 788 4936 perseverabant
819 4878 992 4934 usque
1046 4861 1115 4915 ad
1173 4860 1372 4916 festum
1414 4859 1824 4916 Purificationis.

216 4957 261 5008 A
292 4969 405 5026 qua
435 4952 527 5006 die
559 4950 756 5022 vigiliae
786 4949 903 5004 ista
933 4949 1000 5003 ad
1030 4948 1199 5003 instar
1227 4949 1467 5004 noctium
1499 4949 1702 5004 sensim
1733 4949 1830 5002 de-

217 5049 538 5097 crescentes
588 5039 658 5093 ad
705 5037 939 5108 primum
971 5037 1189 5092 tandem
1236 5045 1433 5092 statum
1482 5037 1727 5093 redibant
1774 5037 1826 5090 in

221 5131 523 5194 Pascbate,
558 5127 613 5181 id
644 5134 724 5181 est
755 5126 901 5182 circa
929 5134 1140 5196 tempus
1174 5126 1434 5192 Pascha;
1467 5140 1591 5180 nam
1623 5125 1678 5179 in
1713 5126 1830 5196 ipsa

218 5219 308 5274 die
341 5218 530 5273 Coena
560 5214 775 5270 Domini
806 5221 1021 5270 cessant
1051 5215 1168 5267 ista
1215 5213 1430 5284 vigilia.

290 5307 445 5362 Idem
467 5320 696 5375 prorsus
724 5320 867 5358 nunc
888 5303 1246 5358 observamus
1269 5303 1417 5358 circa
1439 5302 1569 5356 istas
1591 5302 1825 5376 vigilias,

220 5404 272 5450 et
302 5394 614 5466 vigiliarum
645 5391 808 5447 etiam
840 5407 1061 5446 cursum
1093 5391 1338 5462 sequitur
1367 5391 1554 5462 pulsus
1583 5391 1828 5460 comple-

225 5484 385 5550 torii,
439 5497 568 5536 nam
620 5480 822 5535 sensim
865 5479 1054 5550 pulsus
1099 5479 1188 5534 ille
1235 5479 1560 5550 anticipatur
1602 5496 1635 5535 a
1693 5479 1830 5535 festo

221 5569 591 5627 Exaltationis
639 5576 839 5624 sancta
883 5568 1057 5623 crucis
1083 5576 1241 5639 prout
1285 5569 1353 5622 ab
1385 5567 1620 5640 antiquis
1659 5568 1829 5622 Patri-

1915 1875 2022 1929 quo
2053 1865 2301 1929 tempore
2333 1860 2398 1913 ad
2428 1859 2715 1929 pristinum
2745 1868 2939 1915 statum
2971 1859 3130 1914 redit.
3163 1859 3296 1928 Qua
3325 1858 3510 1914 omnia

1914 1946 2075 2015 paulo
2108 1946 2280 2000 fusius
2311 1947 2666 2017 explicamus,
2698 1955 2757 2002 ut
2784 1948 3010 2004 inferius
3039 1947 3272 2004 dicenda
3301 1946 3509 2002 facilius

1914 2034 2304 2105 intelligantur.

1985 2124 2148 2178 Num.
2180 2127 2232 2177 3.
2269 2122 2528 2179 Cantatis
2567 2126 2868 2181 nocturnis
2907 2125 3085 2189 breve,
3131 2133 3234 2180 etc.
3267 2123 3511 2194 Spatium

1918 2210 2220 2266 durationis
2292 2211 2448 2266 istius
2515 2213 2783 2269 intervalli
2842 2213 3118 2284 exprimit.
3201 2212 3309 2268 Sed
3382 2212 3512 2282 quid

1917 2299 2146 2354 durante
2191 2299 2474 2354 intervallo
2517 2300 2609 2356 illo
2655 2300 2810 2356 fieret
2851 2318 2961 2357 non
3007 2300 3276 2372 exprimit.
3332 2299 3511 2354 Animi

1918 2386 2265 2442 attentionem
2297 2388 2376 2444 sic
2404 2388 2654 2444 relaxare
2685 2390 2923 2444 voluisse
2953 2389 3253 2455 credimus,
3305 2396 3358 2442 et
3385 2388 3509 2444 ideo

1917 2475 1985 2528 ad
2015 2475 2208 2530 cellam
2255 2475 2472 2531 interim
2505 2478 2707 2532 reverti
2754 2485 3036 2549 poterant,
3083 2483 3245 2548 prout
3273 2493 3339 2532 ex
3367 2477 3510 2531 anti-

1919 2563 2041 2633 quis
2071 2563 2285 2618 statutis
2325 2565 2610 2619 constabit.

1991 2651 2127 2705 lbid.
2163 2653 2491 2724 Sequuntur
2511 2653 2709 2708 deinde
2731 2656 3034 2710 matutinae
3066 2655 3275 2720 laudes,
3310 2671 3446 2726 quas
3477 2670 3513 2708 α

1921 2740 2184 2794 Kalendis
2206 2739 2456 2795 Octobris
2476 2757 2650 2812 usque
2673 2741 2744 2795 ad
2767 2742 2985 2797 Pascha
3012 2744 3116 2798 tua:
3135 2745 3426 2798 terminat.
3453 2741 3512 2796 Id

1922 2834 2003 2882 est
2050 2843 2115 2882 ea
2163 2827 2295 2882 hora
2327 2835 2452 2882 tunc
2482 2827 2767 2892 ﬁniuntur,
2815 2846 2916 2900 qua
2941 2831 3055 2899 jam
3084 2830 3202 2886 dies
3232 2831 3382 2886 clara
3408 2836 3508 2897 est,

1921 2915 2008 2970 vel
2039 2915 2229 2970 saltem
2259 2915 2534 2971 clarescit.
2576 2917 2796 2972 Exinde
2818 2917 3064 2974 inchoat.
3087 2919 3146 2973 Id
3171 2926 3253 2974 est
3284 2934 3350 2974 ea
3377 2919 3513 2973 hora

1920 3003 2028 3059 diei
2059 3003 2322 3074 incipiunt
2366 3020 2470 3075 qua
2519 3004 2635 3059 dies
2665 3004 2942 3061 illucessit.
2993 3009 3072 3062 Ex
3113 3009 3218 3064 hoc
3247 3007 3367 3063 loco
3395 3006 3514 3062 evi-

1921 3092 2058 3147 dens
2094 3100 2176 3146 est
2225 3092 2370 3162 quod
2420 3101 2701 3148 nocturna
2739 3093 2938 3164 vigilia
2993 3103 3120 3151 tunc
3174 3096 3244 3150 ab
3291 3095 3371 3150 eis
3408 3095 3515 3150 alio

1920 3181 2084 3236 modo
2106 3196 2266 3252 quam
2288 3197 2431 3237 nunc
2452 3197 2484 3236 a
2505 3182 2663 3236 nobis
2693 3192 3064 3253 servarentur,
3106 3183 3518 3254 dormirentque

1921 3271 2127 3341 absque
2170 3269 2566 3340 interruptione
2615 3279 2874 3341 quantum
2905 3271 3066 3338 satis,
3116 3279 3228 3327 toto
3276 3279 3519 3343 tempore

1923 3358 2069 3428 quod
2099 3357 2238 3413 inter
2265 3358 2539 3413 Kalendas
2571 3357 2824 3413 Octobris
2853 3367 2903 3414 et
2948 3360 3159 3415 Pascha
3190 3360 3439 3416 occurrit.
3472 3362 3519 3415 A

1922 3446 2184 3500 Paschale
2231 3454 2407 3500 autem
2455 3462 2627 3517 usque
2675 3447 2746 3500 ad
2787 3447 3073 3516 praedictas
3099 3447 3398 3513 Kalendas,
3458 3447 3515 3501 in

1922 3535 2063 3589 lecto
2088 3533 2364 3603 iacebant,
2393 3533 2542 3602 juxta
2573 3535 2808 3589 noctium
2839 3536 3098 3603 majorem
3123 3525 3223 3590 'aut
3251 3536 3518 3590 minorem

1923 3622 2286 3689 brevitatem,
2346 3637 2506 3694 quam
2556 3623 2888 3693 sequebatur
2935 3623 3096 3678 etiam
3135 3624 3518 3680 matutinarum

1925 3711 2166 3766 brevitas
2202 3711 2348 3782 (nam
2381 3718 2507 3766 tunc
2537 3710 2858 3766 lectionibus
2889 3720 3100 3780 carent,
3133 3712 3237 3767 nisi
3265 3723 3518 3769 occurrat

1925 3799 2163 3870 festum),
2207 3799 2304 3854 sed
2335 3800 2482 3870 quod
2512 3800 2692 3854 minus
2723 3800 3023 3856 dormirent
3059 3809 3247 3868 nocte,
3297 3802 3520 3872 supple-

1925 3888 2050 3941 bant
2099 3904 2199 3958 per
2230 3887 2610 3943 dormitionem
2641 3888 2923 3955 diurnam,
2975 3905 3094 3961 qua
3137 3889 3244 3945 illis
3272 3890 3521 3962 assigna-

1926 3977 2084 4030 batur
2131 3975 2270 4031 inler
2316 3984 2520 4031 sextam
2570 3984 2619 4031 et
2669 3993 2868 4032 nonam
2903 3992 2915 4030 :
2949 3977 3091 4032 unde
3135 3977 3332 4033 mirum
3361 3987 3443 4035 est
3472 3979 3520 4034 si

1925 4081 2199 4136 nunquam
2228 4073 2353 4136 post
2383 4065 2673 4119 matutinas
2701 4066 2768 4119 ad
2799 4067 2998 4121 lectum
3044 4066 3304 4122 redirent.

1997 4153 2116 4221 Qua
2144 4154 2281 4207 hora
2311 4161 2438 4208 tunc
2457 4153 2760 4223 pulsaretur
2789 4155 2858 4208 ad
2875 4154 3168 4210 matutinas
3198 4156 3525 4225 conjecturis

1926 4248 2132 4296 tantum
2163 4249 2406 4295 astruere
2434 4257 2747 4311 possumus,
2799 4251 2852 4296 et
2900 4259 2965 4296 ex
2995 4243 3074 4297 eis
3097 4243 3340 4311 judicare
3376 4245 3523 4314 quod

1927 4337 2055 4386 tunc
2085 4329 2285 4402 vigilia
2313 4337 2512 4384 nostra
2532 4337 2826 4396 nocturna,
2852 4331 2922 4384 ab
2952 4331 3059 4385 illis
3082 4348 3202 4402 qua
3231 4332 3286 4385 in
3313 4332 3522 4402 Regula

1931 4419 1987 4474 S.
2022 4417 2298 4473 Benedicti
2329 4418 2785 4488 prascribuntur,
2837 4435 2947 4473 non
2990 4419 3217 4473 multum
3247 4419 3518 4475 different.

1930 4509 1998 4564 Ut
2041 4515 2222 4562 autem
2271 4523 2361 4561 res
2409 4506 2710 4561 evidentius
2752 4515 2960 4576 pateat,
3012 4507 3100 4562 hic
3143 4507 3520 4563 adnotabimus

1930 4597 2076 4668 quod
2107 4612 2217 4650 non
2249 4603 2450 4650 tantum
2483 4595 2839 4664 conjecturis,
2891 4595 2989 4650 sed
3035 4596 3326 4667 assumptis
3362 4596 3521 4652 etiam
3554 4613 3562 4622 ·

1931 4685 2282 4756 experientiis
2313 4684 2524 4739 discere
2555 4683 2730 4739 conati
2778 4700 2983 4738 sumus.

2001 4773 2303 4828 Constituta
2341 4788 2475 4844 ergo
2515 4771 2751 4843 quadam
2779 4772 2946 4827 veluti
2988 4774 3196 4843 epocha
3243 4772 3522 4828 Kalenda-

1929 4879 2050 4916 rum
2080 4861 2403 4933 Novembris
2429 4903 2442 4926 ,
2493 4876 2599 4931 quo
2629 4868 2873 4931 tempore
2905 4860 3040 4916 sicut
3069 4869 3120 4917 et
3149 4869 3336 4916 astate
3367 4877 3524 4917 com-

1928 4950 2141 5022 pletorii
2171 4951 2360 5020 pulsus
2393 4948 2510 5004 ﬁeri
2535 4949 2697 5004 debet
2728 4965 2851 5005 cum
2880 4949 3053 5005 adhuc
3081 4950 3194 5021 legi
3221 4957 3418 5021 potest,
3469 4950 3525 5005 id

1931 5048 2012 5095 est
2033 5040 2160 5093 dum
2178 5039 2298 5093 dies
2321 5038 2401 5094 sic
2431 5038 2484 5092 in
2507 5045 2722 5094 noctem
2745 5038 2990 5105 vertitur,
3024 5047 3078 5093 ut
3107 5039 3285 5095 adhuc
3306 5039 3361 5094 in
3382 5039 3524 5095 libro

1930 5127 2121 5182 tilterzr
2152 5127 2261 5198 legi
2292 5126 2533 5198 possint,
2585 5126 2986 5197 exploravimus
3025 5144 3090 5184 ex
3121 5127 3385 5199 professo,
3421 5145 3526 5200 qua

1930 5217 2065 5270 hora
2095 5216 2150 5269 id
2181 5216 2550 5288 contingeret,
2604 5224 2655 5270 et
2698 5215 3003 5286 reperimus
3042 5232 3241 5272 serena
3271 5217 3359 5272 die
3388 5217 3529 5272 inter

1931 5313 2145 5359 montes
2174 5304 2490 5370 Carthnsia,
2520 5313 2572 5359 et
2603 5305 2657 5358 in
2688 5306 2882 5360 eodem
2910 5305 3030 5362 loco
3059 5305 3151 5359 ubi
3199 5313 3302 5360 stat
3350 5307 3528 5363 sacel-

1933 5393 2042 5447 lum
2065 5393 2237 5448 sancti
2257 5393 2520 5448 Brunonis
2543 5393 2596 5447 id
2617 5394 2936 5465 contingere
2957 5394 3123 5464 paulo
3154 5403 3276 5464 post
3295 5403 3523 5452 sextam.

1935 5479 2030 5536 [llo
2061 5497 2190 5536 vero
2221 5489 2492 5552 tempore,
2544 5482 2652 5536 imo
2682 5498 2714 5537 a
2746 5482 3002 5538 Kalendis
3034 5482 3323 5553 Octobris,
3369 5493 3531 5554 prout

1934 5585 2102 5640 supra
2133 5569 2362 5636 dicitur,
2395 5570 2688 5624 matutinas
2729 5570 2916 5625 laudes
2946 5570 3044 5625 lux
3077 5571 3418 5637 terminabat,
3466 5588 3530 5628 ac

228 5661 331 5716 bus
362 5657 718 5726 servabatur,
769 5657 944 5712 donec
973 5657 1040 5712 ad
1072 5656 1265 5713 festum
1300 5655 1555 5712 Omnium
1604 5649 1907 5714 Sancto-D
1935 5657 2162 5732 proinde
2212 5658 2330 5715 illas
2377 5665 2504 5714 tunc
2547 5658 2866 5718 terminatas
2912 5658 3080 5715 fuisse
3129 5659 3277 5717 circa
3321 5666 3528 5717 sextam
