  <div class='ocr_page' id='page_1' title='image "/cluster/home/n/w/nwhite01/storage/ocr_20150623/153-154/uc1.31175019678096/355.png"; bbox 0 0 3940 6412; ppageno 0'>
   <div class='ocr_carea' id='block_1_1' title="bbox 411 355 2014 417">
    <p class='ocr_par' dir='ltr' id='par_1_1' title="bbox 411 355 2013 417">
     <span class='ocr_line' id='line_1_1' title="bbox 411 355 2013 417; baseline -0.001 -3"><span class='ocrx_word' id='word_1_1' title='bbox 411 363 515 417; x_wconf 83' lang='grc'><strong>699</strong></span> <span class='ocrx_word' id='word_1_2' title='bbox 1249 356 1593 415; x_wconf 87' lang='lat' dir='ltr'><strong>GUIGONIS</strong></span> <span class='ocrx_word' id='word_1_3' title='bbox 1633 358 1655 410; x_wconf 88' lang='grc' dir='ltr'>Ι</span> <span class='ocrx_word' id='word_1_4' title='bbox 1693 355 2013 412; x_wconf 81' lang='lat' dir='ltr'><strong>CARTHUS</strong></span> 
     </span>
    </p>
   </div>
   <div class='ocr_carea' id='block_1_2' title="bbox 2124 355 3700 417">
    <p class='ocr_par' dir='ltr' id='par_1_2' title="bbox 2140 355 3700 414">
     <span class='ocr_line' id='line_1_2' title="bbox 2140 355 3700 414; baseline 0.002 -3"><span class='ocrx_word' id='word_1_5' title='bbox 2140 355 2435 412; x_wconf 68' lang='lat' dir='ltr'><strong>MAIORIS</strong></span> <span class='ocrx_word' id='word_1_6' title='bbox 2472 356 2749 413; x_wconf 78' lang='lat' dir='ltr'><strong>PBIORIS</strong></span> <span class='ocrx_word' id='word_1_7' title='bbox 2787 359 2856 414; x_wconf 73' lang='grc' dir='ltr'><strong>ν.</strong></span> <span class='ocrx_word' id='word_1_8' title='bbox 3595 361 3700 414; x_wconf 86' lang='grc'><strong>’700</strong></span> 
     </span>
    </p>
   </div>
   <div class='ocr_carea' id='block_1_3' title="bbox 406 477 3700 553">
    <p class='ocr_par' dir='ltr' id='par_1_3' title="bbox 406 477 3700 553">
     <span class='ocr_line' id='line_1_3' title="bbox 406 477 3700 553; baseline -0.001 -15"><span class='ocrx_word' id='word_1_9' title='bbox 406 483 603 539; x_wconf 86' lang='lat' dir='ltr'><strong>exinde</strong></span> <span class='ocrx_word' id='word_1_10' title='bbox 630 482 869 539; x_wconf 82' lang='lat' dir='ltr'><strong>inchoat.</strong></span> <span class='ocrx_word' id='word_1_11' title='bbox 900 482 984 537; x_wconf 82' lang='lat' dir='ltr'><strong>Ad</strong></span> <span class='ocrx_word' id='word_1_12' title='bbox 1004 482 1176 537; x_wconf 88' lang='lat' dir='ltr'><strong>lectos</strong></span> <span class='ocrx_word' id='word_1_13' title='bbox 1204 488 1384 537; x_wconf 89' lang='lat' dir='ltr'><strong>autem</strong></span> <span class='ocrx_word' id='word_1_14' title='bbox 1405 487 1528 551; x_wconf 92' lang='lat' dir='ltr'><strong>post</strong></span> <span class='ocrx_word' id='word_1_15' title='bbox 1553 477 1865 546; x_wconf 85' lang='lat' dir='ltr'><strong>matutinas,</strong></span> <span class='ocrx_word' id='word_1_16' title='bbox 1890 477 2037 533; x_wconf 90' lang='lat' dir='ltr'><strong>nullo</strong></span> <span class='ocrx_word' id='word_1_17' title='bbox 2066 478 2274 534; x_wconf 78' lang='lat' dir='ltr'><strong>reditur</strong></span> <span class='ocrx_word' id='word_1_18' title='bbox 2294 487 2554 551; x_wconf 90' lang='lat' dir='ltr'><strong>tempore.</strong></span> <span class='ocrx_word' id='word_1_19' title='bbox 2585 483 2631 537; x_wconf 87' lang='lat' dir='ltr'><strong>A</strong></span> <span class='ocrx_word' id='word_1_20' title='bbox 2659 481 2932 552; x_wconf 68' lang='lat' dir='ltr'><strong>praedictis</strong></span> <span class='ocrx_word' id='word_1_21' title='bbox 2962 481 3223 537; x_wconf 86' lang='lat' dir='ltr'><strong>Kalendis</strong></span> <span class='ocrx_word' id='word_1_22' title='bbox 3251 480 3498 537; x_wconf 80' lang='lat' dir='ltr'><strong>similiter</strong></span> <span class='ocrx_word' id='word_1_23' title='bbox 3528 498 3700 553; x_wconf 91' lang='lat' dir='ltr'><strong>usque</strong></span> 
     </span>
    </p>
   </div>
   <div class='ocr_carea' id='block_1_4' title="bbox 408 574 3703 650">
    <p class='ocr_par' dir='ltr' id='par_1_4' title="bbox 408 574 3703 650">
     <span class='ocr_line' id='line_1_4' title="bbox 408 574 3703 650; baseline -0.001 -16"><span class='ocrx_word' id='word_1_24' title='bbox 408 579 477 634; x_wconf 89' lang='lat' dir='ltr'><strong>ad</strong></span> <span class='ocrx_word' id='word_1_25' title='bbox 507 581 718 635; x_wconf 81' lang='lat' dir='ltr'><strong>Pascha</strong></span> <span class='ocrx_word' id='word_1_26' title='bbox 742 579 972 650; x_wconf 82' lang='lat' dir='ltr'><strong>primam</strong></span> <span class='ocrx_word' id='word_1_27' title='bbox 1002 579 1095 633; x_wconf 89' lang='lat' dir='ltr'><strong>lux</strong></span> <span class='ocrx_word' id='word_1_28' title='bbox 1121 578 1375 642; x_wconf 92' lang='lat' dir='ltr'><strong>inchoat,</strong></span> <span class='ocrx_word' id='word_1_29' title='bbox 1427 575 1621 631; x_wconf 87' lang='lat' dir='ltr'><strong>exinde</strong></span> <span class='ocrx_word' id='word_1_30' title='bbox 1651 574 1781 629; x_wconf 90' lang='lat' dir='ltr'><strong>solis</strong></span> <span class='ocrx_word' id='word_1_31' title='bbox 1809 581 1959 629; x_wconf 90' lang='lat' dir='ltr'><strong>ortus</strong></span> <span class='ocrx_word' id='word_1_32' title='bbox 1990 582 2284 646; x_wconf 78' lang='lat' dir='ltr'><strong>exspectat,</strong></span> <span class='ocrx_word' id='word_1_33' title='bbox 2319 577 2560 647; x_wconf 76' lang='lat' dir='ltr'><strong>exceptis</strong></span> <span class='ocrx_word' id='word_1_34' title='bbox 2590 584 2792 632; x_wconf 89' lang='lat' dir='ltr'><strong>tantum</strong></span> <span class='ocrx_word' id='word_1_35' title='bbox 2822 578 3015 632; x_wconf 92' lang='lat' dir='ltr'><strong>diebus</strong></span> <span class='ocrx_word' id='word_1_36' title='bbox 3045 578 3397 648; x_wconf 87' lang='lat' dir='ltr'><strong>solemnibus,</strong></span> <span class='ocrx_word' id='word_1_37' title='bbox 3430 593 3604 649; x_wconf 91' lang='lat' dir='ltr'><strong>usque</strong></span> <span class='ocrx_word' id='word_1_38' title='bbox 3634 576 3703 631; x_wconf 89' lang='lat' dir='ltr'><strong>ad</strong></span> 
     </span>
    </p>
   </div>
   <div class='ocr_carea' id='block_1_5' title="bbox 408 670 3702 747">
    <p class='ocr_par' dir='ltr' id='par_1_5' title="bbox 408 670 3702 747">
     <span class='ocr_line' id='line_1_5' title="bbox 408 670 3702 747; baseline -0.001 -16"><span class='ocrx_word' id='word_1_39' title='bbox 408 676 680 731; x_wconf 85' lang='lat' dir='ltr'><strong>Kalendas</strong></span> <span class='ocrx_word' id='word_1_40' title='bbox 708 675 1053 742; x_wconf 85' lang='lat' dir='ltr'><strong>Novembris,</strong></span> <span class='ocrx_word' id='word_1_41' title='bbox 1087 676 1142 729; x_wconf 91' lang='lat' dir='ltr'><strong>in</strong></span> <span class='ocrx_word' id='word_1_42' title='bbox 1171 674 1365 747; x_wconf 89' lang='lat' dir='ltr'><strong>quibus</strong></span> <span class='ocrx_word' id='word_1_43' title='bbox 1396 672 1637 743; x_wconf 90' lang='lat' dir='ltr'><strong>reliquos</strong></span> <span class='ocrx_word' id='word_1_44' title='bbox 1689 670 1807 725; x_wconf 90' lang='lat' dir='ltr'><strong>dies</strong></span> <span class='ocrx_word' id='word_1_45' title='bbox 1853 670 2093 726; x_wconf 83' lang='lat' dir='ltr'><strong>imitatur</strong></span> <span class='ocrx_word' id='word_1_46' title='bbox 2120 672 2340 728; x_wconf 59' lang='lat' dir='ltr'><strong>aestatis.</strong></span> <span class='ocrx_word' id='word_1_47' title='bbox 2375 673 2481 727; x_wconf 89' lang='lat' dir='ltr'><strong>Sed</strong></span> <span class='ocrx_word' id='word_1_48' title='bbox 2531 681 2582 727; x_wconf 90' lang='lat' dir='ltr'><strong>et</strong></span> <span class='ocrx_word' id='word_1_49' title='bbox 2624 674 2679 727; x_wconf 93' lang='lat' dir='ltr'><strong>in</strong></span> <span class='ocrx_word' id='word_1_50' title='bbox 2709 674 3140 746; x_wconf 85' lang='lat' dir='ltr'><strong>Quadragesima</strong></span> <span class='ocrx_word' id='word_1_51' title='bbox 3171 675 3363 730; x_wconf 91' lang='lat' dir='ltr'><strong>diebus</strong></span> <span class='ocrx_word' id='word_1_52' title='bbox 3392 674 3577 729; x_wconf 90' lang='lat' dir='ltr'><strong>itidem</strong></span> <span class='ocrx_word' id='word_1_53' title='bbox 3608 689 3702 729; x_wconf 89' lang='lat' dir='ltr'><strong>so-</strong></span> 
     </span>
    </p>
   </div>
   <div class='ocr_carea' id='block_1_6' title="bbox 404 767 3702 842">
    <p class='ocr_par' dir='ltr' id='par_1_6' title="bbox 404 767 3702 842">
     <span class='ocr_line' id='line_1_6' title="bbox 404 767 3702 842; baseline -0.001 -14"><span class='ocrx_word' id='word_1_54' title='bbox 404 772 696 840; x_wconf 90' lang='lat' dir='ltr'><strong>lemnibus,</strong></span> <span class='ocrx_word' id='word_1_55' title='bbox 726 782 784 829; x_wconf 93' lang='lat' dir='ltr'><strong>ut</strong></span> <span class='ocrx_word' id='word_1_56' title='bbox 814 774 1017 830; x_wconf 83' lang='lat' dir='ltr'><strong>diutius</strong></span> <span class='ocrx_word' id='word_1_57' title='bbox 1046 772 1276 829; x_wconf 83' lang='lat' dir='ltr'><strong>orationi</strong></span> <span class='ocrx_word' id='word_1_58' title='bbox 1304 771 1488 827; x_wconf 90' lang='lat' dir='ltr'><strong>vacari</strong></span> <span class='ocrx_word' id='word_1_59' title='bbox 1516 769 1710 842; x_wconf 87' lang='lat' dir='ltr'><strong>possit,</strong></span> <span class='ocrx_word' id='word_1_60' title='bbox 1734 786 1874 840; x_wconf 89' lang='lat' dir='ltr'><strong>pene</strong></span> <span class='ocrx_word' id='word_1_61' title='bbox 1904 785 2075 837; x_wconf 91' lang='lat' dir='ltr'><strong>usque</strong></span> <span class='ocrx_word' id='word_1_62' title='bbox 2104 769 2175 823; x_wconf 89' lang='lat' dir='ltr'><strong>ad</strong></span> <span class='ocrx_word' id='word_1_63' title='bbox 2203 776 2382 823; x_wconf 90' lang='lat' dir='ltr'><strong>ortum</strong></span> <span class='ocrx_word' id='word_1_64' title='bbox 2411 767 2659 824; x_wconf 72' lang='lat' dir='ltr'><strong>diﬂ‘ertur</strong></span> <span class='ocrx_word' id='word_1_65' title='bbox 2688 770 2836 825; x_wconf 87' lang='lat' dir='ltr'><strong>solis.</strong></span> <span class='ocrx_word' id='word_1_66' title='bbox 2858 771 3077 826; x_wconf 67' lang='lat' dir='ltr'><strong>Caeteris</strong></span> <span class='ocrx_word' id='word_1_67' title='bbox 3099 787 3229 826; x_wconf 88' lang='lat' dir='ltr'><strong>vero</strong></span> <span class='ocrx_word' id='word_1_68' title='bbox 3258 770 3470 840; x_wconf 88' lang='lat' dir='ltr'><strong>diebus,</strong></span> <span class='ocrx_word' id='word_1_69' title='bbox 3505 770 3702 842; x_wconf 90' lang='lat' dir='ltr'><strong>quibus</strong></span> 
     </span>
    </p>
   </div>
   <div class='ocr_carea' id='block_1_7' title="bbox 408 865 3694 942">
    <p class='ocr_par' dir='ltr' id='par_1_7' title="bbox 408 865 3694 942">
     <span class='ocr_line' id='line_1_7' title="bbox 408 865 3694 942; baseline -0.001 -17"><span class='ocrx_word' id='word_1_70' title='bbox 408 879 623 926; x_wconf 89' lang='lat' dir='ltr'><strong>tenetur</strong></span> <span class='ocrx_word' id='word_1_71' title='bbox 650 870 942 942; x_wconf 85' lang='lat' dir='ltr'><strong>capitulum</strong></span> <span class='ocrx_word' id='word_1_72' title='bbox 970 885 1004 925; x_wconf 90' lang='lat' dir='ltr'><strong>a</strong></span> <span class='ocrx_word' id='word_1_73' title='bbox 1032 869 1287 924; x_wconf 84' lang='lat' dir='ltr'><strong>Kalendis</strong></span> <span class='ocrx_word' id='word_1_74' title='bbox 1315 867 1628 924; x_wconf 86' lang='lat' dir='ltr'><strong>novembris</strong></span> <span class='ocrx_word' id='word_1_75' title='bbox 1656 883 1828 937; x_wconf 90' lang='lat' dir='ltr'><strong>usque</strong></span> <span class='ocrx_word' id='word_1_76' title='bbox 1876 866 1947 921; x_wconf 91' lang='lat' dir='ltr'><strong>ad</strong></span> <span class='ocrx_word' id='word_1_77' title='bbox 1994 865 2503 937; x_wconf 87' lang='lat' dir='ltr'><strong>Quadragesimam,</strong></span> <span class='ocrx_word' id='word_1_78' title='bbox 2554 866 2727 923; x_wconf 90' lang='lat' dir='ltr'><strong>donec</strong></span> <span class='ocrx_word' id='word_1_79' title='bbox 2758 867 2929 938; x_wconf 87' lang='lat' dir='ltr'><strong>possit</strong></span> <span class='ocrx_word' id='word_1_80' title='bbox 2955 867 3012 921; x_wconf 91' lang='lat' dir='ltr'><strong>in</strong></span> <span class='ocrx_word' id='word_1_81' title='bbox 3039 867 3179 922; x_wconf 90' lang='lat' dir='ltr'><strong>libro</strong></span> <span class='ocrx_word' id='word_1_82' title='bbox 3208 868 3341 939; x_wconf 91' lang='lat' dir='ltr'><strong>legi,</strong></span> <span class='ocrx_word' id='word_1_83' title='bbox 3371 867 3694 938; x_wconf 78' lang='lat' dir='ltr'><strong>proteletur.</strong></span> 
     </span>
    </p>
   </div>
   <div class='ocr_carea' id='block_1_8' title="bbox 407 962 3706 1039">
    <p class='ocr_par' dir='ltr' id='par_1_8' title="bbox 407 962 3706 1039">
     <span class='ocr_line' id='line_1_8' title="bbox 407 962 3706 1039; baseline -0.002 -16"><span class='ocrx_word' id='word_1_84' title='bbox 407 967 527 1037; x_wconf 87' lang='lat' dir='ltr'><strong>Qua</strong></span> <span class='ocrx_word' id='word_1_85' title='bbox 554 976 736 1024; x_wconf 91' lang='lat' dir='ltr'><strong>autem</strong></span> <span class='ocrx_word' id='word_1_86' title='bbox 765 969 899 1023; x_wconf 88' lang='lat' dir='ltr'><strong>hora</strong></span> <span class='ocrx_word' id='word_1_87' title='bbox 928 983 962 1023; x_wconf 92' lang='lat' dir='ltr'><strong>a</strong></span> <span class='ocrx_word' id='word_1_88' title='bbox 987 968 1191 1039; x_wconf 87' lang='lat' dir='ltr'><strong>pascha</strong></span> <span class='ocrx_word' id='word_1_89' title='bbox 1218 982 1388 1038; x_wconf 90' lang='lat' dir='ltr'><strong>usque</strong></span> <span class='ocrx_word' id='word_1_90' title='bbox 1417 966 1486 1020; x_wconf 90' lang='lat' dir='ltr'><strong>ad</strong></span> <span class='ocrx_word' id='word_1_91' title='bbox 1518 964 1793 1019; x_wconf 84' lang='lat' dir='ltr'><strong>Kalendas</strong></span> <span class='ocrx_word' id='word_1_92' title='bbox 1826 962 2080 1018; x_wconf 88' lang='lat' dir='ltr'><strong>Octobris</strong></span> <span class='ocrx_word' id='word_1_93' title='bbox 2114 962 2303 1032; x_wconf 90' lang='lat' dir='ltr'><strong>prima,</strong></span> <span class='ocrx_word' id='word_1_94' title='bbox 2355 963 2548 1017; x_wconf 88' lang='lat' dir='ltr'><strong>eadem</strong></span> <span class='ocrx_word' id='word_1_95' title='bbox 2596 979 2628 1017; x_wconf 90' lang='lat' dir='ltr'><strong>a</strong></span> <span class='ocrx_word' id='word_1_96' title='bbox 2658 964 2918 1018; x_wconf 88' lang='lat' dir='ltr'><strong>Kalendis</strong></span> <span class='ocrx_word' id='word_1_97' title='bbox 2947 963 3201 1018; x_wconf 85' lang='lat' dir='ltr'><strong>Octobris</strong></span> <span class='ocrx_word' id='word_1_98' title='bbox 3231 981 3404 1035; x_wconf 90' lang='lat' dir='ltr'><strong>usque</strong></span> <span class='ocrx_word' id='word_1_99' title='bbox 3449 964 3516 1017; x_wconf 91' lang='lat' dir='ltr'><strong>ad</strong></span> <span class='ocrx_word' id='word_1_100' title='bbox 3565 962 3706 1032; x_wconf 89' lang='lat' dir='ltr'><strong>Qua-</strong></span> 
     </span>
    </p>
   </div>
   <div class='ocr_carea' id='block_1_9' title="bbox 407 1058 3703 1138">
    <p class='ocr_par' dir='ltr' id='par_1_9' title="bbox 407 1058 3703 1138">
     <span class='ocr_line' id='line_1_9' title="bbox 407 1058 3703 1138; baseline -0.002 -19"><span class='ocrx_word' id='word_1_101' title='bbox 407 1064 716 1138; x_wconf 89' lang='lat' dir='ltr'><strong>dragesima</strong></span> <span class='ocrx_word' id='word_1_102' title='bbox 737 1064 892 1119; x_wconf 89' lang='lat' dir='ltr'><strong>tertia</strong></span> <span class='ocrx_word' id='word_1_103' title='bbox 912 1063 1176 1135; x_wconf 85' lang='lat' dir='ltr'><strong>pulsatur,</strong></span> <span class='ocrx_word' id='word_1_104' title='bbox 1211 1063 1326 1117; x_wconf 85' lang='lat' dir='ltr'><strong>sole</strong></span> <span class='ocrx_word' id='word_1_105' title='bbox 1366 1061 1574 1117; x_wconf 87' lang='lat' dir='ltr'><strong>scilicet</strong></span> <span class='ocrx_word' id='word_1_106' title='bbox 1603 1061 1701 1133; x_wconf 79' lang='lat' dir='ltr'><strong>[aL</strong></span> <span class='ocrx_word' id='word_1_107' title='bbox 1735 1059 2006 1131; x_wconf 86' lang='lat' dir='ltr'><strong>videlicet]</strong></span> <span class='ocrx_word' id='word_1_108' title='bbox 2054 1074 2297 1113; x_wconf 91' lang='lat' dir='ltr'><strong>summos</strong></span> <span class='ocrx_word' id='word_1_109' title='bbox 2318 1058 2611 1114; x_wconf 88' lang='lat' dir='ltr'><strong>irradiante</strong></span> <span class='ocrx_word' id='word_1_110' title='bbox 2642 1066 2872 1115; x_wconf 87' lang='lat' dir='ltr'><strong>montes.</strong></span> <span class='ocrx_word' id='word_1_111' title='bbox 2900 1060 3144 1130; x_wconf 89' lang='lat' dir='ltr'><strong>Spatium</strong></span> <span class='ocrx_word' id='word_1_112' title='bbox 3166 1068 3345 1115; x_wconf 87' lang='lat' dir='ltr'><strong>autem</strong></span> <span class='ocrx_word' id='word_1_113' title='bbox 3366 1059 3505 1115; x_wconf 90' lang='lat' dir='ltr'><strong>vela</strong></span> <span class='ocrx_word' id='word_1_114' title='bbox 3524 1059 3703 1130; x_wconf 89' lang='lat' dir='ltr'><strong>prima</strong></span> 
     </span>
    </p>
   </div>
   <div class='ocr_carea' id='block_1_10' title="bbox 406 1156 3679 1233">
    <p class='ocr_par' dir='ltr' id='par_1_10' title="bbox 406 1156 3679 1233">
     <span class='ocr_line' id='line_1_10' title="bbox 406 1156 3679 1233; baseline -0.001 -17"><span class='ocrx_word' id='word_1_115' title='bbox 406 1177 577 1233; x_wconf 89' lang='lat' dir='ltr'><strong>usque</strong></span> <span class='ocrx_word' id='word_1_116' title='bbox 605 1161 677 1217; x_wconf 90' lang='lat' dir='ltr'><strong>ad</strong></span> <span class='ocrx_word' id='word_1_117' title='bbox 706 1161 921 1216; x_wconf 89' lang='lat' dir='ltr'><strong>tertiam</strong></span> <span class='ocrx_word' id='word_1_118' title='bbox 969 1159 1162 1215; x_wconf 90' lang='lat' dir='ltr'><strong>hiemis</strong></span> <span class='ocrx_word' id='word_1_119' title='bbox 1192 1166 1441 1229; x_wconf 91' lang='lat' dir='ltr'><strong>tempore</strong></span> <span class='ocrx_word' id='word_1_120' title='bbox 1466 1201 1479 1223; x_wconf 93' lang='lat'><strong>,</strong></span> <span class='ocrx_word' id='word_1_121' title='bbox 1528 1158 1612 1212; x_wconf 88' lang='lat' dir='ltr'><strong>vel</strong></span> <span class='ocrx_word' id='word_1_122' title='bbox 1643 1172 1676 1211; x_wconf 89' lang='lat' dir='ltr'><strong>a</strong></span> <span class='ocrx_word' id='word_1_123' title='bbox 1707 1156 1983 1212; x_wconf 89' lang='lat' dir='ltr'><strong>matutinis</strong></span> <span class='ocrx_word' id='word_1_124' title='bbox 2013 1172 2185 1227; x_wconf 90' lang='lat' dir='ltr'><strong>usque</strong></span> <span class='ocrx_word' id='word_1_125' title='bbox 2217 1157 2286 1210; x_wconf 90' lang='lat' dir='ltr'><strong>ad</strong></span> <span class='ocrx_word' id='word_1_126' title='bbox 2316 1156 2546 1227; x_wconf 89' lang='lat' dir='ltr'><strong>primam</strong></span> <span class='ocrx_word' id='word_1_127' title='bbox 2574 1164 2763 1212; x_wconf 66' lang='lat' dir='ltr'><strong>testate</strong></span> <span class='ocrx_word' id='word_1_128' title='bbox 2786 1201 2801 1223; x_wconf 96' lang='lat'><strong>,</strong></span> <span class='ocrx_word' id='word_1_129' title='bbox 2843 1157 3110 1212; x_wconf 88' lang='lat' dir='ltr'><strong>exercitiis</strong></span> <span class='ocrx_word' id='word_1_130' title='bbox 3142 1157 3510 1228; x_wconf 89' lang='lat' dir='ltr'><strong>spiritualibus</strong></span> <span class='ocrx_word' id='word_1_131' title='bbox 3537 1172 3679 1212; x_wconf 88' lang='lat' dir='ltr'><strong>man-</strong></span> 
     </span>
    </p>
   </div>
   <div class='ocr_carea' id='block_1_11' title="bbox 407 1251 3663 1328">
    <p class='ocr_par' dir='ltr' id='par_1_11' title="bbox 407 1251 3663 1328">
     <span class='ocr_line' id='line_1_11' title="bbox 407 1251 3663 1328; baseline -0.001 -16"><span class='ocrx_word' id='word_1_132' title='bbox 407 1256 635 1328; x_wconf 88' lang='lat' dir='ltr'><strong>cipatur.</strong></span> <span class='ocrx_word' id='word_1_133' title='bbox 680 1259 724 1311; x_wconf 79' lang='grc' dir='ltr'><strong>Α</strong></span> <span class='ocrx_word' id='word_1_134' title='bbox 765 1255 924 1310; x_wconf 89' lang='lat' dir='ltr'><strong>tertia</strong></span> <span class='ocrx_word' id='word_1_135' title='bbox 972 1270 1102 1311; x_wconf 93' lang='lat' dir='ltr'><strong>vero</strong></span> <span class='ocrx_word' id='word_1_136' title='bbox 1149 1270 1325 1325; x_wconf 90' lang='lat' dir='ltr'><strong>usque</strong></span> <span class='ocrx_word' id='word_1_137' title='bbox 1356 1254 1427 1309; x_wconf 91' lang='lat' dir='ltr'><strong>ad</strong></span> <span class='ocrx_word' id='word_1_138' title='bbox 1457 1261 1665 1308; x_wconf 88' lang='lat' dir='ltr'><strong>sextam</strong></span> <span class='ocrx_word' id='word_1_139' title='bbox 1694 1252 1891 1318; x_wconf 91' lang='lat' dir='ltr'><strong>hieme,</strong></span> <span class='ocrx_word' id='word_1_140' title='bbox 1944 1260 1995 1307; x_wconf 92' lang='lat' dir='ltr'><strong>et</strong></span> <span class='ocrx_word' id='word_1_141' title='bbox 2042 1267 2073 1306; x_wconf 90' lang='lat' dir='ltr'><strong>a</strong></span> <span class='ocrx_word' id='word_1_142' title='bbox 2117 1251 2287 1322; x_wconf 89' lang='lat' dir='ltr'><strong>prima</strong></span> <span class='ocrx_word' id='word_1_143' title='bbox 2319 1270 2491 1325; x_wconf 89' lang='lat' dir='ltr'><strong>usque</strong></span> <span class='ocrx_word' id='word_1_144' title='bbox 2534 1256 2604 1309; x_wconf 90' lang='lat' dir='ltr'><strong>ad</strong></span> <span class='ocrx_word' id='word_1_145' title='bbox 2642 1256 2854 1311; x_wconf 86' lang='lat' dir='ltr'><strong>tertiam</strong></span> <span class='ocrx_word' id='word_1_146' title='bbox 2885 1263 3087 1323; x_wconf 66' lang='lat' dir='ltr'><strong>testate,</strong></span> <span class='ocrx_word' id='word_1_147' title='bbox 3117 1271 3374 1311; x_wconf 89' lang='lat' dir='ltr'><strong>manuum</strong></span> <span class='ocrx_word' id='word_1_148' title='bbox 3402 1256 3663 1326; x_wconf 89' lang='lat' dir='ltr'><strong>deputatu</strong></span> 
     </span>
    </p>
   </div>
   <div class='ocr_carea' id='block_1_12' title="bbox 408 1348 3693 1424">
    <p class='ocr_par' dir='ltr' id='par_1_12' title="bbox 408 1348 3693 1424">
     <span class='ocr_line' id='line_1_12' title="bbox 408 1348 3693 1424; baseline -0.001 -16"><span class='ocrx_word' id='word_1_149' title='bbox 408 1353 682 1424; x_wconf 89' lang='lat' dir='ltr'><strong>operibus,</strong></span> <span class='ocrx_word' id='word_1_150' title='bbox 717 1368 837 1424; x_wconf 65' lang='lat' dir='ltr'><strong>quae</strong></span> <span class='ocrx_word' id='word_1_151' title='bbox 868 1360 1050 1407; x_wconf 91' lang='lat' dir='ltr'><strong>tamen</strong></span> <span class='ocrx_word' id='word_1_152' title='bbox 1078 1367 1242 1422; x_wconf 83' lang='lat' dir='ltr'><strong>Opera</strong></span> <span class='ocrx_word' id='word_1_153' title='bbox 1270 1351 1525 1406; x_wconf 87' lang='lat' dir='ltr'><strong>brevibus</strong></span> <span class='ocrx_word' id='word_1_154' title='bbox 1554 1349 1802 1406; x_wconf 92' lang='lat' dir='ltr'><strong>volumus</strong></span> <span class='ocrx_word' id='word_1_155' title='bbox 1830 1350 2165 1405; x_wconf 90' lang='lat' dir='ltr'><strong>orationibus</strong></span> <span class='ocrx_word' id='word_1_156' title='bbox 2196 1348 2533 1420; x_wconf 90' lang='lat' dir='ltr'><strong>interrumpi,</strong></span> <span class='ocrx_word' id='word_1_157' title='bbox 2583 1359 2636 1407; x_wconf 88' lang='lat' dir='ltr'><strong>et</strong></span> <span class='ocrx_word' id='word_1_158' title='bbox 2682 1368 2789 1424; x_wconf 90' lang='lat' dir='ltr'><strong>qua</strong></span> <span class='ocrx_word' id='word_1_159' title='bbox 2820 1352 2924 1407; x_wconf 93' lang='lat' dir='ltr'><strong>sibi</strong></span> <span class='ocrx_word' id='word_1_160' title='bbox 2952 1352 3220 1407; x_wconf 87' lang='lat' dir='ltr'><strong>vicinitate</strong></span> <span class='ocrx_word' id='word_1_161' title='bbox 3249 1352 3303 1406; x_wconf 91' lang='lat' dir='ltr'><strong>in</strong></span> <span class='ocrx_word' id='word_1_162' title='bbox 3332 1352 3510 1408; x_wconf 90' lang='lat' dir='ltr'><strong>hieme</strong></span> <span class='ocrx_word' id='word_1_163' title='bbox 3540 1360 3693 1407; x_wconf 88' lang='lat' dir='ltr'><strong>sexta</strong></span> 
     </span>
    </p>
   </div>
   <div class='ocr_carea' id='block_1_13' title="bbox 343 1432 3695 1526">
    <p class='ocr_par' dir='ltr' id='par_1_13' title="bbox 343 1432 3695 1526">
     <span class='ocr_line' id='line_1_13' title="bbox 343 1432 3695 1526; baseline 0 -23"><span class='ocrx_word' id='word_1_164' title='bbox 343 1432 359 1449; x_wconf 79' lang='grc'><em>’</em></span> <span class='ocrx_word' id='word_1_165' title='bbox 408 1455 463 1503; x_wconf 88' lang='lat' dir='ltr'><strong>et</strong></span> <span class='ocrx_word' id='word_1_166' title='bbox 490 1462 634 1503; x_wconf 89' lang='lat' dir='ltr'><strong>nona</strong></span> <span class='ocrx_word' id='word_1_167' title='bbox 655 1488 670 1517; x_wconf 92' lang='lat'><strong>,</strong></span> <span class='ocrx_word' id='word_1_168' title='bbox 703 1447 890 1502; x_wconf 88' lang='lat' dir='ltr'><strong>eadem</strong></span> <span class='ocrx_word' id='word_1_169' title='bbox 922 1446 978 1501; x_wconf 91' lang='lat' dir='ltr'><strong>in</strong></span> <span class='ocrx_word' id='word_1_170' title='bbox 1008 1454 1197 1502; x_wconf 68' lang='lat' dir='ltr'><strong>aestate</strong></span> <span class='ocrx_word' id='word_1_171' title='bbox 1225 1445 1382 1501; x_wconf 89' lang='lat' dir='ltr'><strong>tertia</strong></span> <span class='ocrx_word' id='word_1_172' title='bbox 1409 1454 1668 1517; x_wconf 89' lang='lat' dir='ltr'><strong>sextaque</strong></span> <span class='ocrx_word' id='word_1_173' title='bbox 1699 1446 2045 1526; x_wconf 83' lang='lat' dir='ltr'><strong>conveniunt.</strong></span> <span class='ocrx_word' id='word_1_174' title='bbox 2077 1445 2193 1501; x_wconf 90' lang='lat' dir='ltr'><strong>Tali</strong></span> <span class='ocrx_word' id='word_1_175' title='bbox 2219 1454 2398 1501; x_wconf 89' lang='lat' dir='ltr'><strong>autem</strong></span> <span class='ocrx_word' id='word_1_176' title='bbox 2426 1447 2563 1502; x_wconf 90' lang='lat' dir='ltr'><strong>inter</strong></span> <span class='ocrx_word' id='word_1_177' title='bbox 2608 1464 2666 1502; x_wconf 90' lang='lat' dir='ltr'><strong>se</strong></span> <span class='ocrx_word' id='word_1_178' title='bbox 2698 1449 2869 1518; x_wconf 88' lang='lat' dir='ltr'><strong>spatio</strong></span> <span class='ocrx_word' id='word_1_179' title='bbox 2900 1457 3221 1521; x_wconf 85' lang='lat' dir='ltr'><strong>separantur</strong></span> <span class='ocrx_word' id='word_1_180' title='bbox 3242 1489 3257 1517; x_wconf 92' lang='lat'><strong>,</strong></span> <span class='ocrx_word' id='word_1_181' title='bbox 3290 1464 3396 1519; x_wconf 90' lang='lat' dir='ltr'><strong>quo</strong></span> <span class='ocrx_word' id='word_1_182' title='bbox 3426 1448 3695 1521; x_wconf 76' lang='lat' dir='ltr'><strong>regularis</strong></span> 
     </span>
    </p>
   </div>
   <div class='ocr_carea' id='block_1_14' title="bbox 408 1542 3699 1619">
    <p class='ocr_par' dir='ltr' id='par_1_14' title="bbox 408 1542 3699 1619">
     <span class='ocr_line' id='line_1_14' title="bbox 408 1542 3699 1619; baseline 0.001 -23"><span class='ocrx_word' id='word_1_183' title='bbox 408 1542 662 1615; x_wconf 78' lang='lat' dir='ltr'><strong>longius,</strong></span> <span class='ocrx_word' id='word_1_184' title='bbox 709 1543 877 1615; x_wconf 86' lang='lat' dir='ltr'><strong>quieti</strong></span> <span class='ocrx_word' id='word_1_185' title='bbox 905 1544 1191 1613; x_wconf 89' lang='lat' dir='ltr'><strong>deputatur</strong></span> <span class='ocrx_word' id='word_1_186' title='bbox 1220 1550 1426 1597; x_wconf 65' lang='lat' dir='ltr'><strong>aestate.</strong></span> <span class='ocrx_word' id='word_1_187' title='bbox 1476 1543 1543 1597; x_wconf 91' lang='lat' dir='ltr'><strong>Et</strong></span> <span class='ocrx_word' id='word_1_188' title='bbox 1589 1542 1730 1613; x_wconf 91' lang='lat' dir='ltr'><strong>quod</strong></span> <span class='ocrx_word' id='word_1_189' title='bbox 1759 1557 1958 1596; x_wconf 90' lang='lat' dir='ltr'><strong>nonam</strong></span> <span class='ocrx_word' id='word_1_190' title='bbox 2005 1558 2379 1616; x_wconf 88' lang='lat' dir='ltr'><strong>vesperasque</strong></span> <span class='ocrx_word' id='word_1_191' title='bbox 2426 1546 2768 1602; x_wconf 89' lang='lat' dir='ltr'><strong>disterminat</strong></span> <span class='ocrx_word' id='word_1_192' title='bbox 2814 1547 2913 1619; x_wconf 91' lang='lat' dir='ltr'><strong>[al.</strong></span> <span class='ocrx_word' id='word_1_193' title='bbox 2962 1546 3326 1617; x_wconf 88' lang='lat' dir='ltr'><strong>determinatl,</strong></span> <span class='ocrx_word' id='word_1_194' title='bbox 3362 1546 3699 1601; x_wconf 88' lang='lat' dir='ltr'><strong>manualibus</strong></span> 
     </span>
    </p>
   </div>
   <div class='ocr_carea' id='block_1_15' title="bbox 409 1638 3702 1717">
    <p class='ocr_par' dir='ltr' id='par_1_15' title="bbox 409 1638 3702 1717">
     <span class='ocr_line' id='line_1_15' title="bbox 409 1638 3702 1717; baseline 0.001 -23"><span class='ocrx_word' id='word_1_195' title='bbox 409 1647 703 1710; x_wconf 89' lang='lat' dir='ltr'><strong>occupatur</strong></span> <span class='ocrx_word' id='word_1_196' title='bbox 731 1639 1007 1711; x_wconf 89' lang='lat' dir='ltr'><strong>operibus,</strong></span> <span class='ocrx_word' id='word_1_197' title='bbox 1042 1655 1367 1711; x_wconf 86' lang='lat' dir='ltr'><strong>semperque</strong></span> <span class='ocrx_word' id='word_1_198' title='bbox 1396 1640 1450 1694; x_wconf 92' lang='lat' dir='ltr'><strong>in</strong></span> <span class='ocrx_word' id='word_1_199' title='bbox 1479 1639 1752 1709; x_wconf 87' lang='lat' dir='ltr'><strong>operando</strong></span> <span class='ocrx_word' id='word_1_200' title='bbox 1781 1638 1850 1692; x_wconf 87' lang='lat' dir='ltr'><strong>ad</strong></span> <span class='ocrx_word' id='word_1_201' title='bbox 1870 1639 2065 1694; x_wconf 88' lang='lat' dir='ltr'><strong>breves</strong></span> <span class='ocrx_word' id='word_1_202' title='bbox 2093 1648 2146 1694; x_wconf 91' lang='lat' dir='ltr'><strong>et</strong></span> <span class='ocrx_word' id='word_1_203' title='bbox 2176 1641 2329 1711; x_wconf 88' lang='lat' dir='ltr'><strong>quasi</strong></span> <span class='ocrx_word' id='word_1_204' title='bbox 2352 1642 2622 1709; x_wconf 89' lang='lat' dir='ltr'><strong>jaculatas</strong></span> <span class='ocrx_word' id='word_1_205' title='bbox 2643 1642 2770 1699; x_wconf 90' lang='lat' dir='ltr'><strong>licet</strong></span> <span class='ocrx_word' id='word_1_206' title='bbox 2797 1643 3073 1717; x_wconf 83' lang='lat' dir='ltr'><strong>orationes</strong></span> <span class='ocrx_word' id='word_1_207' title='bbox 3104 1658 3401 1699; x_wconf 89' lang='lat' dir='ltr'><strong>recurrere.</strong></span> <span class='ocrx_word' id='word_1_208' title='bbox 3433 1644 3481 1698; x_wconf 83' lang='lat' dir='ltr'><strong>A</strong></span> <span class='ocrx_word' id='word_1_209' title='bbox 3510 1658 3702 1715; x_wconf 86' lang='lat' dir='ltr'><strong>vespe-</strong></span> 
     </span>
    </p>
   </div>
   <div class='ocr_carea' id='block_1_16' title="bbox 409 1735 2003 1811">
    <p class='ocr_par' dir='ltr' id='par_1_16' title="bbox 409 1735 2003 1811">
     <span class='ocr_line' id='line_1_16' title="bbox 409 1735 2003 1811; baseline -0.001 -20"><span class='ocrx_word' id='word_1_210' title='bbox 409 1735 485 1791; x_wconf 87' lang='lat' dir='ltr'><strong>ris</strong></span> <span class='ocrx_word' id='word_1_211' title='bbox 513 1753 685 1811; x_wconf 90' lang='lat' dir='ltr'><strong>usque</strong></span> <span class='ocrx_word' id='word_1_212' title='bbox 712 1738 783 1794; x_wconf 89' lang='lat' dir='ltr'><strong>ad</strong></span> <span class='ocrx_word' id='word_1_213' title='bbox 810 1736 1225 1809; x_wconf 87' lang='lat' dir='ltr'><strong>completorium</strong></span> <span class='ocrx_word' id='word_1_214' title='bbox 1255 1736 1583 1809; x_wconf 88' lang='lat' dir='ltr'><strong>spiritalibus</strong></span> <span class='ocrx_word' id='word_1_215' title='bbox 1612 1751 1779 1807; x_wconf 89' lang='lat' dir='ltr'><strong>opera</strong></span> <span class='ocrx_word' id='word_1_216' title='bbox 1825 1736 2003 1790; x_wconf 88' lang='lat' dir='ltr'><strong>datur.</strong></span> 
     </span>
    </p>
   </div>
   <div class='ocr_carea' id='block_1_17' title="bbox 1773 1873 2348 1932">
    <p class='ocr_par' dir='ltr' id='par_1_17' title="bbox 1773 1873 2348 1932">
     <span class='ocr_line' id='line_1_17' title="bbox 1773 1873 2348 1932; baseline 0.003 -3"><span class='ocrx_word' id='word_1_217' title='bbox 1773 1873 2323 1932; x_wconf 78' lang='lat' dir='ltr'><strong>COMMENTARIUS</strong></span> <span class='ocrx_word' id='word_1_218' title='bbox 2335 1918 2348 1931; x_wconf 95' lang='lat'><strong>.</strong></span> 
     </span>
    </p>
   </div>
   <div class='ocr_carea' id='block_1_18' title="bbox 418 1985 3709 2061">
    <p class='ocr_par' dir='ltr' id='par_1_18' title="bbox 418 1985 3709 2061">
     <span class='ocr_line' id='line_1_18' title="bbox 418 1985 3709 2061; baseline 0 -15"><span class='ocrx_word' id='word_1_219' title='bbox 418 1990 738 2046; x_wconf 88' lang='lat' dir='ltr'><strong>matutinam</strong></span> <span class='ocrx_word' id='word_1_220' title='bbox 803 1987 1133 2045; x_wconf 90' lang='lat' dir='ltr'><strong>credendum</strong></span> <span class='ocrx_word' id='word_1_221' title='bbox 1184 1994 1285 2042; x_wconf 92' lang='lat' dir='ltr'><strong>est.</strong></span> <span class='ocrx_word' id='word_1_222' title='bbox 1346 1985 1404 2041; x_wconf 95' lang='lat' dir='ltr'><strong>Si</strong></span> <span class='ocrx_word' id='word_1_223' title='bbox 1460 2002 1592 2059; x_wconf 86' lang='lat' dir='ltr'><strong>ergo</strong></span> <span class='ocrx_word' id='word_1_224' title='bbox 1650 1992 2081 2059; x_wconf 79' lang='lat' dir='ltr'><strong>supputenturA</strong></span> <span class='ocrx_word' id='word_1_225' title='bbox 2114 1989 2329 2045; x_wconf 91' lang='lat' dir='ltr'><strong>citiores</strong></span> <span class='ocrx_word' id='word_1_226' title='bbox 2373 1989 2442 2045; x_wconf 90' lang='lat' dir='ltr'><strong>ad</strong></span> <span class='ocrx_word' id='word_1_227' title='bbox 2488 1988 2719 2060; x_wconf 89' lang='lat' dir='ltr'><strong>primam</strong></span> <span class='ocrx_word' id='word_1_228' title='bbox 2748 1988 3027 2059; x_wconf 89' lang='lat' dir='ltr'><strong>pulsatur,</strong></span> <span class='ocrx_word' id='word_1_229' title='bbox 3061 1989 3205 2061; x_wconf 91' lang='lat' dir='ltr'><strong>quod</strong></span> <span class='ocrx_word' id='word_1_230' title='bbox 3233 1990 3314 2047; x_wconf 91' lang='lat' dir='ltr'><strong>sic</strong></span> <span class='ocrx_word' id='word_1_231' title='bbox 3343 1990 3709 2048; x_wconf 86' lang='lat' dir='ltr'><strong>observabant</strong></span> 
     </span>
    </p>
   </div>
   <div class='ocr_carea' id='block_1_19' title="bbox 416 2073 2011 2150">
    <p class='ocr_par' dir='ltr' id='par_1_19' title="bbox 416 2073 2011 2150">
     <span class='ocr_line' id='line_1_19' title="bbox 416 2073 2011 2150; baseline -0.003 -15"><span class='ocrx_word' id='word_1_232' title='bbox 416 2080 565 2135; x_wconf 69' lang='lat' dir='ltr'><strong>horas</strong></span> <span class='ocrx_word' id='word_1_233' title='bbox 607 2078 805 2150; x_wconf 89' lang='lat' dir='ltr'><strong>quibus</strong></span> <span class='ocrx_word' id='word_1_234' title='bbox 850 2076 1080 2131; x_wconf 89' lang='lat' dir='ltr'><strong>durabat</strong></span> <span class='ocrx_word' id='word_1_235' title='bbox 1125 2074 1365 2130; x_wconf 91' lang='lat' dir='ltr'><strong>divinum</strong></span> <span class='ocrx_word' id='word_1_236' title='bbox 1394 2073 1627 2129; x_wconf 72' lang='lat' dir='ltr'><strong>ofﬁcium</strong></span> <span class='ocrx_word' id='word_1_237' title='bbox 1666 2085 2011 2145; x_wconf 90' lang='lat' dir='ltr'><strong>nocturnum,</strong></span> 
     </span>
    </p>
   </div>
   <div class='ocr_carea' id='block_1_20' title="bbox 421 2162 2014 2237">
    <p class='ocr_par' dir='ltr' id='par_1_20' title="bbox 421 2162 2014 2237">
     <span class='ocr_line' id='line_1_20' title="bbox 421 2162 2014 2237; baseline -0.004 -12"><span class='ocrx_word' id='word_1_238' title='bbox 421 2166 694 2237; x_wconf 80' lang='lat' dir='ltr'><strong>adjunctis</strong></span> <span class='ocrx_word' id='word_1_239' title='bbox 743 2164 943 2235; x_wconf 77' lang='lat' dir='ltr'><strong>vigiliis</strong></span> <span class='ocrx_word' id='word_1_240' title='bbox 975 2164 1080 2217; x_wconf 88' lang='lat' dir='ltr'><strong>illis</strong></span> <span class='ocrx_word' id='word_1_241' title='bbox 1106 2163 1175 2218; x_wconf 92' lang='lat' dir='ltr'><strong>de</strong></span> <span class='ocrx_word' id='word_1_242' title='bbox 1201 2162 1398 2234; x_wconf 91' lang='lat' dir='ltr'><strong>quibus</strong></span> <span class='ocrx_word' id='word_1_243' title='bbox 1428 2178 1591 2232; x_wconf 91' lang='lat' dir='ltr'><strong>supra</strong></span> <span class='ocrx_word' id='word_1_244' title='bbox 1619 2162 1853 2218; x_wconf 85' lang='lat' dir='ltr'><strong>diximus</strong></span> <span class='ocrx_word' id='word_1_245' title='bbox 1874 2206 1887 2231; x_wconf 92' lang='lat'><strong>,</strong></span> <span class='ocrx_word' id='word_1_246' title='bbox 1920 2181 2014 2219; x_wconf 90' lang='lat' dir='ltr'><strong>re-</strong></span> 
     </span>
    </p>
   </div>
   <div class='ocr_carea' id='block_1_21' title="bbox 414 2250 2013 2327">
    <p class='ocr_par' dir='ltr' id='par_1_21' title="bbox 414 2250 2013 2327">
     <span class='ocr_line' id='line_1_21' title="bbox 414 2250 2013 2327; baseline -0.003 -18"><span class='ocrx_word' id='word_1_247' title='bbox 414 2254 692 2327; x_wconf 89' lang='lat' dir='ltr'><strong>periemus</strong></span> <span class='ocrx_word' id='word_1_248' title='bbox 741 2269 841 2324; x_wconf 91' lang='lat' dir='ltr'><strong>per</strong></span> <span class='ocrx_word' id='word_1_249' title='bbox 870 2250 1280 2323; x_wconf 83' lang='lat' dir='ltr'><strong>experientiam,</strong></span> <span class='ocrx_word' id='word_1_250' title='bbox 1312 2265 1476 2321; x_wconf 91' lang='lat' dir='ltr'><strong>quam</strong></span> <span class='ocrx_word' id='word_1_251' title='bbox 1507 2250 1670 2305; x_wconf 88' lang='lat' dir='ltr'><strong>etiam</strong></span> <span class='ocrx_word' id='word_1_252' title='bbox 1700 2266 1844 2306; x_wconf 93' lang='lat' dir='ltr'><strong>nunc</strong></span> <span class='ocrx_word' id='word_1_253' title='bbox 1873 2250 2013 2307; x_wconf 88' lang='lat' dir='ltr'><strong>faci-</strong></span> 
     </span>
    </p>
   </div>
   <div class='ocr_carea' id='block_1_22' title="bbox 417 2336 2011 2414">
    <p class='ocr_par' dir='ltr' id='par_1_22' title="bbox 417 2336 2011 2414">
     <span class='ocr_line' id='line_1_22' title="bbox 417 2336 2011 2414; baseline -0.003 -17"><span class='ocrx_word' id='word_1_254' title='bbox 417 2358 558 2407; x_wconf 90' lang='lat' dir='ltr'><strong>mus,</strong></span> <span class='ocrx_word' id='word_1_255' title='bbox 593 2348 823 2414; x_wconf 89' lang='lat' dir='ltr'><strong>quatuor</strong></span> <span class='ocrx_word' id='word_1_256' title='bbox 853 2340 1018 2394; x_wconf 88' lang='lat' dir='ltr'><strong>horas</strong></span> <span class='ocrx_word' id='word_1_257' title='bbox 1047 2338 1292 2409; x_wconf 89' lang='lat' dir='ltr'><strong>integras</strong></span> <span class='ocrx_word' id='word_1_258' title='bbox 1322 2336 1684 2411; x_wconf 90' lang='lat' dir='ltr'><strong>communiter</strong></span> <span class='ocrx_word' id='word_1_259' title='bbox 1714 2338 2011 2405; x_wconf 87' lang='lat' dir='ltr'><strong>numerari,</strong></span> 
     </span>
    </p>
   </div>
   <div class='ocr_carea' id='block_1_23' title="bbox 416 2424 2015 2502">
    <p class='ocr_par' dir='ltr' id='par_1_23' title="bbox 416 2424 2015 2502">
     <span class='ocr_line' id='line_1_23' title="bbox 416 2424 2015 2502; baseline -0.003 -18"><span class='ocrx_word' id='word_1_260' title='bbox 416 2445 537 2502; x_wconf 65' lang='lat' dir='ltr'><strong>quae</strong></span> <span class='ocrx_word' id='word_1_261' title='bbox 585 2428 631 2483; x_wconf 92' lang='lat' dir='ltr'><strong>si</strong></span> <span class='ocrx_word' id='word_1_262' title='bbox 674 2430 962 2483; x_wconf 90' lang='lat' dir='ltr'><strong>demantur</strong></span> <span class='ocrx_word' id='word_1_263' title='bbox 1007 2426 1075 2480; x_wconf 92' lang='lat' dir='ltr'><strong>ab</strong></span> <span class='ocrx_word' id='word_1_264' title='bbox 1122 2424 1375 2479; x_wconf 92' lang='lat' dir='ltr'><strong>undecim</strong></span> <span class='ocrx_word' id='word_1_265' title='bbox 1423 2424 1639 2480; x_wconf 87' lang='lat' dir='ltr'><strong>circiter</strong></span> <span class='ocrx_word' id='word_1_266' title='bbox 1668 2425 1843 2492; x_wconf 90' lang='lat' dir='ltr'><strong>horis,</strong></span> <span class='ocrx_word' id='word_1_267' title='bbox 1893 2442 2015 2496; x_wconf 64' lang='lat' dir='ltr'><strong>quae</strong></span> 
     </span>
    </p>
   </div>
   <div class='ocr_carea' id='block_1_24' title="bbox 416 2511 2014 2582">
    <p class='ocr_par' dir='ltr' id='par_1_24' title="bbox 416 2511 2014 2582">
     <span class='ocr_line' id='line_1_24' title="bbox 416 2511 2014 2582; baseline -0.003 -11"><span class='ocrx_word' id='word_1_268' title='bbox 416 2523 711 2572; x_wconf 88' lang='lat' dir='ltr'><strong>excurrunt</strong></span> <span class='ocrx_word' id='word_1_269' title='bbox 758 2515 900 2569; x_wconf 90' lang='lat' dir='ltr'><strong>inter</strong></span> <span class='ocrx_word' id='word_1_270' title='bbox 946 2512 1183 2568; x_wconf 88' lang='lat' dir='ltr'><strong>mediam</strong></span> <span class='ocrx_word' id='word_1_271' title='bbox 1229 2511 1444 2567; x_wconf 91' lang='lat' dir='ltr'><strong>circiter</strong></span> <span class='ocrx_word' id='word_1_272' title='bbox 1484 2519 1608 2582; x_wconf 91' lang='lat' dir='ltr'><strong>post</strong></span> <span class='ocrx_word' id='word_1_273' title='bbox 1647 2521 1856 2567; x_wconf 83' lang='lat' dir='ltr'><strong>sextam</strong></span> <span class='ocrx_word' id='word_1_274' title='bbox 1884 2529 2014 2568; x_wconf 90' lang='lat' dir='ltr'><strong>ves-</strong></span> 
     </span>
    </p>
   </div>
   <div class='ocr_carea' id='block_1_25' title="bbox 415 2600 2015 2677">
    <p class='ocr_par' dir='ltr' id='par_1_25' title="bbox 415 2600 2015 2677">
     <span class='ocr_line' id='line_1_25' title="bbox 415 2600 2015 2677; baseline -0.003 -18"><span class='ocrx_word' id='word_1_275' title='bbox 415 2604 691 2677; x_wconf 88' lang='lat' dir='ltr'><strong>pertinam</strong></span> <span class='ocrx_word' id='word_1_276' title='bbox 722 2610 775 2658; x_wconf 91' lang='lat' dir='ltr'><strong>et</strong></span> <span class='ocrx_word' id='word_1_277' title='bbox 804 2609 1012 2657; x_wconf 85' lang='lat' dir='ltr'><strong>sextam</strong></span> <span class='ocrx_word' id='word_1_278' title='bbox 1048 2600 1388 2665; x_wconf 88' lang='lat' dir='ltr'><strong>matutinam,</strong></span> <span class='ocrx_word' id='word_1_279' title='bbox 1423 2600 1701 2653; x_wconf 86' lang='lat' dir='ltr'><strong>restabant</strong></span> <span class='ocrx_word' id='word_1_280' title='bbox 1722 2608 1930 2670; x_wconf 90' lang='lat' dir='ltr'><strong>septem</strong></span> <span class='ocrx_word' id='word_1_281' title='bbox 1962 2609 2015 2656; x_wconf 90' lang='lat' dir='ltr'><strong>et</strong></span> 
     </span>
    </p>
   </div>
   <div class='ocr_carea' id='block_1_26' title="bbox 416 2678 2014 2762">
    <p class='ocr_par' dir='ltr' id='par_1_26' title="bbox 416 2678 2014 2762">
     <span class='ocr_line' id='line_1_26' title="bbox 416 2678 2014 2762; baseline -0.002 -16"><span class='ocrx_word' id='word_1_282' title='bbox 416 2678 559 2747; x_wconf 81' lang='lat' dir='ltr'><strong>ultra</strong></span> <span class='ocrx_word' id='word_1_283' title='bbox 604 2692 782 2756; x_wconf 59' lang='lat' dir='ltr'><strong>horae,</strong></span> <span class='ocrx_word' id='word_1_284' title='bbox 840 2706 962 2762; x_wconf 65' lang='lat' dir='ltr'><strong>qua:</strong></span> <span class='ocrx_word' id='word_1_285' title='bbox 1008 2688 1321 2743; x_wconf 90' lang='lat' dir='ltr'><strong>dormitioni</strong></span> <span class='ocrx_word' id='word_1_286' title='bbox 1372 2688 1577 2758; x_wconf 89' lang='lat' dir='ltr'><strong>absque</strong></span> <span class='ocrx_word' id='word_1_287' title='bbox 1623 2687 2014 2759; x_wconf 90' lang='lat' dir='ltr'><strong>interruptione</strong></span> 
     </span>
    </p>
   </div>
   <div class='ocr_carea' id='block_1_27' title="bbox 414 2774 2013 2850">
    <p class='ocr_par' dir='ltr' id='par_1_27' title="bbox 414 2774 2013 2850">
     <span class='ocr_line' id='line_1_27' title="bbox 414 2774 2013 2850; baseline -0.003 -16"><span class='ocrx_word' id='word_1_288' title='bbox 414 2787 569 2834; x_wconf 88' lang='lat' dir='ltr'><strong>erant</strong></span> <span class='ocrx_word' id='word_1_289' title='bbox 612 2780 903 2850; x_wconf 66' lang='lat' dir='ltr'><strong>deputatae.</strong></span> <span class='ocrx_word' id='word_1_290' title='bbox 938 2777 1046 2832; x_wconf 94' lang='lat' dir='ltr'><strong>Sed</strong></span> <span class='ocrx_word' id='word_1_291' title='bbox 1084 2776 1137 2830; x_wconf 92' lang='lat' dir='ltr'><strong>in</strong></span> <span class='ocrx_word' id='word_1_292' title='bbox 1170 2774 1539 2831; x_wconf 89' lang='lat' dir='ltr'><strong>vetustissimo</strong></span> <span class='ocrx_word' id='word_1_293' title='bbox 1582 2776 1769 2830; x_wconf 90' lang='lat' dir='ltr'><strong>codice</strong></span> <span class='ocrx_word' id='word_1_294' title='bbox 1801 2776 2013 2845; x_wconf 81' lang='lat' dir='ltr'><strong>reperi-</strong></span> 
     </span>
    </p>
   </div>
   <div class='ocr_carea' id='block_1_28' title="bbox 414 2862 2013 2938">
    <p class='ocr_par' dir='ltr' id='par_1_28' title="bbox 414 2862 2013 2938">
     <span class='ocr_line' id='line_1_28' title="bbox 414 2862 2013 2938; baseline -0.003 -15"><span class='ocrx_word' id='word_1_295' title='bbox 414 2884 537 2923; x_wconf 92' lang='lat' dir='ltr'><strong>mus</strong></span> <span class='ocrx_word' id='word_1_296' title='bbox 563 2866 824 2938; x_wconf 90' lang='lat' dir='ltr'><strong>scriptum</strong></span> <span class='ocrx_word' id='word_1_297' title='bbox 843 2909 859 2931; x_wconf 90' lang='lat'><strong>,</strong></span> <span class='ocrx_word' id='word_1_298' title='bbox 915 2865 1059 2937; x_wconf 91' lang='lat' dir='ltr'><strong>quod</strong></span> <span class='ocrx_word' id='word_1_299' title='bbox 1089 2864 1237 2919; x_wconf 87' lang='lat' dir='ltr'><strong>circa</strong></span> <span class='ocrx_word' id='word_1_300' title='bbox 1267 2863 1462 2917; x_wconf 80' lang='lat' dir='ltr'><strong>festum</strong></span> <span class='ocrx_word' id='word_1_301' title='bbox 1494 2862 1748 2918; x_wconf 90' lang='lat' dir='ltr'><strong>Omnium</strong></span> <span class='ocrx_word' id='word_1_302' title='bbox 1782 2864 2013 2919; x_wconf 87' lang='lat' dir='ltr'><strong>Sancto-</strong></span> 
     </span>
    </p>
   </div>
   <div class='ocr_carea' id='block_1_29' title="bbox 416 2951 2012 3022">
    <p class='ocr_par' dir='ltr' id='par_1_29' title="bbox 416 2951 2012 3022">
     <span class='ocr_line' id='line_1_29' title="bbox 416 2951 2012 3022; baseline -0.003 -11"><span class='ocrx_word' id='word_1_303' title='bbox 416 2972 534 3011; x_wconf 88' lang='lat' dir='ltr'><strong>rum</strong></span> <span class='ocrx_word' id='word_1_304' title='bbox 583 2963 704 3010; x_wconf 92' lang='lat' dir='ltr'><strong>octo</strong></span> <span class='ocrx_word' id='word_1_305' title='bbox 752 2956 901 3009; x_wconf 68' lang='lat' dir='ltr'><strong>horae</strong></span> <span class='ocrx_word' id='word_1_306' title='bbox 931 2968 1041 3008; x_wconf 92' lang='lat' dir='ltr'><strong>non</strong></span> <span class='ocrx_word' id='word_1_307' title='bbox 1089 2952 1401 3022; x_wconf 77' lang='lat' dir='ltr'><strong>interruptae</strong></span> <span class='ocrx_word' id='word_1_308' title='bbox 1431 2951 1741 3006; x_wconf 89' lang='lat' dir='ltr'><strong>dormitioni</strong></span> <span class='ocrx_word' id='word_1_309' title='bbox 1778 2952 2012 3022; x_wconf 88' lang='lat' dir='ltr'><strong>deputa-</strong></span> 
     </span>
    </p>
   </div>
   <div class='ocr_carea' id='block_1_30' title="bbox 416 3044 634 3100">
    <p class='ocr_par' dir='ltr' id='par_1_30' title="bbox 416 3044 634 3100">
     <span class='ocr_line' id='line_1_30' title="bbox 416 3044 634 3100; baseline -0.014 0"><span class='ocrx_word' id='word_1_310' title='bbox 416 3044 634 3100; x_wconf 87' lang='lat' dir='ltr'><strong>bantur.</strong></span> 
     </span>
    </p>
   </div>
   <div class='ocr_carea' id='block_1_31' title="bbox 488 3126 2015 3203">
    <p class='ocr_par' dir='ltr' id='par_1_31' title="bbox 488 3126 2015 3203">
     <span class='ocr_line' id='line_1_31' title="bbox 488 3126 2015 3203; baseline -0.003 -16"><span class='ocrx_word' id='word_1_311' title='bbox 488 3131 611 3203; x_wconf 86' lang='lat' dir='ltr'><strong>Quo</strong></span> <span class='ocrx_word' id='word_1_312' title='bbox 658 3139 903 3201; x_wconf 82' lang='lat' dir='ltr'><strong>tempore</strong></span> <span class='ocrx_word' id='word_1_313' title='bbox 950 3128 1175 3183; x_wconf 86' lang='lat' dir='ltr'><strong>mutatio</strong></span> <span class='ocrx_word' id='word_1_314' title='bbox 1217 3126 1306 3182; x_wconf 90' lang='lat' dir='ltr'><strong>illa</strong></span> <span class='ocrx_word' id='word_1_315' title='bbox 1351 3126 1487 3182; x_wconf 82' lang='lat' dir='ltr'><strong>facta</strong></span> <span class='ocrx_word' id='word_1_316' title='bbox 1535 3127 1603 3181; x_wconf 91' lang='lat' dir='ltr'><strong>sit</strong></span> <span class='ocrx_word' id='word_1_317' title='bbox 1648 3135 1855 3183; x_wconf 91' lang='lat' dir='ltr'><strong>certum</strong></span> <span class='ocrx_word' id='word_1_318' title='bbox 1904 3144 2015 3183; x_wconf 90' lang='lat' dir='ltr'><strong>non</strong></span> 
     </span>
    </p>
   </div>
   <div class='ocr_carea' id='block_1_32' title="bbox 414 3215 2013 3290">
    <p class='ocr_par' dir='ltr' id='par_1_32' title="bbox 414 3215 2013 3290">
     <span class='ocr_line' id='line_1_32' title="bbox 414 3215 2013 3290; baseline -0.003 -14"><span class='ocrx_word' id='word_1_319' title='bbox 414 3220 699 3286; x_wconf 88' lang='lat' dir='ltr'><strong>habemus,</strong></span> <span class='ocrx_word' id='word_1_320' title='bbox 730 3234 892 3290; x_wconf 90' lang='lat' dir='ltr'><strong>quam</strong></span> <span class='ocrx_word' id='word_1_321' title='bbox 921 3225 1100 3271; x_wconf 89' lang='lat' dir='ltr'><strong>tamen</strong></span> <span class='ocrx_word' id='word_1_322' title='bbox 1129 3217 1395 3270; x_wconf 90' lang='lat' dir='ltr'><strong>ducentos</strong></span> <span class='ocrx_word' id='word_1_323' title='bbox 1424 3230 1595 3269; x_wconf 90' lang='lat' dir='ltr'><strong>annos</strong></span> <span class='ocrx_word' id='word_1_324' title='bbox 1625 3215 1711 3270; x_wconf 87' lang='lat' dir='ltr'><strong>vix</strong></span> <span class='ocrx_word' id='word_1_325' title='bbox 1752 3232 2013 3286; x_wconf 87' lang='lat' dir='ltr'><strong>superare</strong></span> 
     </span>
    </p>
   </div>
   <div class='ocr_carea' id='block_1_33' title="bbox 2113 2076 3708 2148">
    <p class='ocr_par' dir='ltr' id='par_1_33' title="bbox 2113 2076 3708 2148">
     <span class='ocr_line' id='line_1_33' title="bbox 2113 2076 3708 2148; baseline 0.003 -16"><span class='ocrx_word' id='word_1_326' title='bbox 2113 2085 2169 2132; x_wconf 93' lang='lat' dir='ltr'><strong>ut</strong></span> <span class='ocrx_word' id='word_1_327' title='bbox 2199 2086 2423 2148; x_wconf 91' lang='lat' dir='ltr'><strong>possent</strong></span> <span class='ocrx_word' id='word_1_328' title='bbox 2444 2092 2573 2132; x_wconf 90' lang='lat' dir='ltr'><strong>vere</strong></span> <span class='ocrx_word' id='word_1_329' title='bbox 2606 2084 2658 2131; x_wconf 90' lang='lat' dir='ltr'><strong>et</strong></span> <span class='ocrx_word' id='word_1_330' title='bbox 2688 2076 2756 2131; x_wconf 89' lang='lat' dir='ltr'><strong>ad</strong></span> <span class='ocrx_word' id='word_1_331' title='bbox 2793 2076 3021 2132; x_wconf 89' lang='lat' dir='ltr'><strong>litteram</strong></span> <span class='ocrx_word' id='word_1_332' title='bbox 3053 2077 3253 2143; x_wconf 87' lang='lat' dir='ltr'><strong>dicere,</strong></span> <span class='ocrx_word' id='word_1_333' title='bbox 3273 2080 3399 2134; x_wconf 80' lang='lat' dir='ltr'><strong>lam</strong></span> <span class='ocrx_word' id='word_1_334' title='bbox 3422 2081 3565 2135; x_wconf 84' lang='lat' dir='ltr'><strong>lucis</strong></span> <span class='ocrx_word' id='word_1_335' title='bbox 3584 2083 3708 2137; x_wconf 85' lang='lat' dir='ltr'><strong>orto</strong></span> 
     </span>
    </p>
   </div>
   <div class='ocr_carea' id='block_1_34' title="bbox 2114 2164 3633 2236">
    <p class='ocr_par' dir='ltr' id='par_1_34' title="bbox 2114 2164 3633 2236">
     <span class='ocr_line' id='line_1_34' title="bbox 2114 2164 3633 2236; baseline 0.001 -17"><span class='ocrx_word' id='word_1_336' title='bbox 2114 2165 2316 2231; x_wconf 84' lang='lat' dir='ltr'><strong>sidere,</strong></span> <span class='ocrx_word' id='word_1_337' title='bbox 2353 2165 2409 2219; x_wconf 92' lang='lat' dir='ltr'><strong>in</strong></span> <span class='ocrx_word' id='word_1_338' title='bbox 2440 2166 2641 2236; x_wconf 87' lang='lat' dir='ltr'><strong>hymno</strong></span> <span class='ocrx_word' id='word_1_339' title='bbox 2672 2164 2762 2235; x_wconf 90' lang='lat' dir='ltr'><strong>qui</strong></span> <span class='ocrx_word' id='word_1_340' title='bbox 2792 2165 3033 2236; x_wconf 89' lang='lat' dir='ltr'><strong>quotidie</strong></span> <span class='ocrx_word' id='word_1_341' title='bbox 3062 2166 3130 2219; x_wconf 92' lang='lat' dir='ltr'><strong>ad</strong></span> <span class='ocrx_word' id='word_1_342' title='bbox 3158 2166 3389 2236; x_wconf 90' lang='lat' dir='ltr'><strong>primam</strong></span> <span class='ocrx_word' id='word_1_343' title='bbox 3420 2167 3633 2223; x_wconf 91' lang='lat' dir='ltr'><strong>dicitur.</strong></span> 
     </span>
    </p>
   </div>
   <div class='ocr_carea' id='block_1_35' title="bbox 2186 2253 3710 2325">
    <p class='ocr_par' dir='ltr' id='par_1_35' title="bbox 2186 2253 3710 2325">
     <span class='ocr_line' id='line_1_35' title="bbox 2186 2253 3710 2325; baseline 0.003 -20"><span class='ocrx_word' id='word_1_344' title='bbox 2186 2253 2321 2307; x_wconf 89' lang='lat' dir='ltr'><strong>Ibid.</strong></span> <span class='ocrx_word' id='word_1_345' title='bbox 2355 2254 2619 2325; x_wconf 73' lang='lat' dir='ltr'><strong>Exceptis</strong></span> <span class='ocrx_word' id='word_1_346' title='bbox 2644 2256 2871 2307; x_wconf 85' lang='lat' dir='ltr'><strong>tantum</strong></span> <span class='ocrx_word' id='word_1_347' title='bbox 2901 2253 3092 2308; x_wconf 85' lang='lat' dir='ltr'><strong>diebus</strong></span> <span class='ocrx_word' id='word_1_348' title='bbox 3113 2255 3470 2310; x_wconf 79' lang='lat' dir='ltr'><strong>solemnibus.</strong></span> <span class='ocrx_word' id='word_1_349' title='bbox 3504 2255 3710 2309; x_wconf 90' lang='lat' dir='ltr'><strong>Sensus</strong></span> 
     </span>
    </p>
   </div>
   <div class='ocr_carea' id='block_1_36' title="bbox 2115 2340 3712 2411">
    <p class='ocr_par' dir='ltr' id='par_1_36' title="bbox 2115 2340 3712 2411">
     <span class='ocr_line' id='line_1_36' title="bbox 2115 2340 3712 2411; baseline 0.001 -18"><span class='ocrx_word' id='word_1_350' title='bbox 2115 2348 2196 2393; x_wconf 90' lang='lat' dir='ltr'><strong>est</strong></span> <span class='ocrx_word' id='word_1_351' title='bbox 2244 2340 2391 2411; x_wconf 91' lang='lat' dir='ltr'><strong>quod</strong></span> <span class='ocrx_word' id='word_1_352' title='bbox 2422 2340 2539 2395; x_wconf 90' lang='lat' dir='ltr'><strong>dies</strong></span> <span class='ocrx_word' id='word_1_353' title='bbox 2569 2340 2841 2394; x_wconf 90' lang='lat' dir='ltr'><strong>solemnes</strong></span> <span class='ocrx_word' id='word_1_354' title='bbox 2872 2340 3015 2394; x_wconf 91' lang='lat' dir='ltr'><strong>inter</strong></span> <span class='ocrx_word' id='word_1_355' title='bbox 3066 2341 3341 2395; x_wconf 87' lang='lat' dir='ltr'><strong>Kalendas</strong></span> <span class='ocrx_word' id='word_1_356' title='bbox 3378 2340 3629 2397; x_wconf 90' lang='lat' dir='ltr'><strong>Octobris</strong></span> <span class='ocrx_word' id='word_1_357' title='bbox 3660 2348 3712 2397; x_wconf 91' lang='lat' dir='ltr'><strong>et</strong></span> 
     </span>
    </p>
   </div>
   <div class='ocr_carea' id='block_1_37' title="bbox 2113 2428 3709 2497">
    <p class='ocr_par' dir='ltr' id='par_1_37' title="bbox 2113 2428 3709 2497">
     <span class='ocr_line' id='line_1_37' title="bbox 2113 2428 3709 2497; baseline 0.002 -16"><span class='ocrx_word' id='word_1_358' title='bbox 2113 2428 2440 2484; x_wconf 87' lang='lat' dir='ltr'><strong>Novembris</strong></span> <span class='ocrx_word' id='word_1_359' title='bbox 2488 2436 2875 2497; x_wconf 88' lang='lat' dir='ltr'><strong>occurrentes,</strong></span> <span class='ocrx_word' id='word_1_360' title='bbox 2926 2428 3088 2481; x_wconf 90' lang='lat' dir='ltr'><strong>ritum</strong></span> <span class='ocrx_word' id='word_1_361' title='bbox 3130 2428 3343 2484; x_wconf 90' lang='lat' dir='ltr'><strong>dierum</strong></span> <span class='ocrx_word' id='word_1_362' title='bbox 3388 2428 3709 2485; x_wconf 66' lang='lat' dir='ltr'><strong>aastivalium</strong></span> 
     </span>
    </p>
   </div>
   <div class='ocr_carea' id='block_1_38' title="bbox 2115 2524 2494 2586">
    <p class='ocr_par' dir='ltr' id='par_1_38' title="bbox 2115 2524 2494 2586">
     <span class='ocr_line' id='line_1_38' title="bbox 2115 2524 2494 2586; baseline 0.005 -18"><span class='ocrx_word' id='word_1_363' title='bbox 2115 2524 2494 2586; x_wconf 90' lang='lat' dir='ltr'><strong>sequerentur.</strong></span> 
     </span>
    </p>
   </div>
   <div class='ocr_carea' id='block_1_39' title="bbox 2186 2603 3703 2673">
    <p class='ocr_par' dir='ltr' id='par_1_39' title="bbox 2186 2603 3703 2673">
     <span class='ocr_line' id='line_1_39' title="bbox 2186 2603 3703 2673; baseline 0.002 -17"><span class='ocrx_word' id='word_1_364' title='bbox 2186 2603 2323 2657; x_wconf 91' lang='lat' dir='ltr'><strong>Ibid.</strong></span> <span class='ocrx_word' id='word_1_365' title='bbox 2354 2603 2460 2658; x_wconf 89' lang='lat' dir='ltr'><strong>Sed</strong></span> <span class='ocrx_word' id='word_1_366' title='bbox 2482 2608 2539 2658; x_wconf 82' lang='lat' dir='ltr'><strong>et</strong></span> <span class='ocrx_word' id='word_1_367' title='bbox 2561 2606 2621 2658; x_wconf 89' lang='lat' dir='ltr'><strong>in</strong></span> <span class='ocrx_word' id='word_1_368' title='bbox 2650 2604 3087 2673; x_wconf 84' lang='lat' dir='ltr'><strong>Quadragesima</strong></span> <span class='ocrx_word' id='word_1_369' title='bbox 3107 2607 3174 2658; x_wconf 86' lang='lat' dir='ltr'><strong>ut</strong></span> <span class='ocrx_word' id='word_1_370' title='bbox 3193 2604 3413 2660; x_wconf 78' lang='lat' dir='ltr'><strong>diutius</strong></span> <span class='ocrx_word' id='word_1_371' title='bbox 3434 2605 3703 2670; x_wconf 78' lang='lat' dir='ltr'><strong>orationi,</strong></span> 
     </span>
    </p>
   </div>
   <div class='ocr_carea' id='block_1_40' title="bbox 2114 2691 3707 2763">
    <p class='ocr_par' dir='ltr' id='par_1_40' title="bbox 2114 2691 3707 2763">
     <span class='ocr_line' id='line_1_40' title="bbox 2114 2691 3707 2763; baseline -0.001 -18"><span class='ocrx_word' id='word_1_372' title='bbox 2114 2698 2218 2746; x_wconf 91' lang='lat' dir='ltr'><strong>etc.</strong></span> <span class='ocrx_word' id='word_1_373' title='bbox 2252 2691 2333 2745; x_wconf 90' lang='lat' dir='ltr'><strong>Ex</strong></span> <span class='ocrx_word' id='word_1_374' title='bbox 2364 2692 2467 2746; x_wconf 92' lang='lat' dir='ltr'><strong>hoc</strong></span> <span class='ocrx_word' id='word_1_375' title='bbox 2496 2691 2618 2746; x_wconf 93' lang='lat' dir='ltr'><strong>loco</strong></span> <span class='ocrx_word' id='word_1_376' title='bbox 2649 2691 3007 2745; x_wconf 91' lang='lat' dir='ltr'><strong>obstruuntur</strong></span> <span class='ocrx_word' id='word_1_377' title='bbox 3044 2706 3137 2745; x_wconf 90' lang='lat' dir='ltr'><strong>ora</strong></span> <span class='ocrx_word' id='word_1_378' title='bbox 3171 2706 3359 2745; x_wconf 91' lang='lat' dir='ltr'><strong>eorum</strong></span> <span class='ocrx_word' id='word_1_379' title='bbox 3398 2691 3491 2763; x_wconf 91' lang='lat' dir='ltr'><strong>qui</strong></span> <span class='ocrx_word' id='word_1_380' title='bbox 3521 2691 3707 2746; x_wconf 90' lang='lat' dir='ltr'><strong>dicunt</strong></span> 
     </span>
    </p>
   </div>
   <div class='ocr_carea' id='block_1_41' title="bbox 2114 2777 3700 2848">
    <p class='ocr_par' dir='ltr' id='par_1_41' title="bbox 2114 2777 3700 2848">
     <span class='ocr_line' id='line_1_41' title="bbox 2114 2777 3700 2848; baseline 0.001 -17"><span class='ocrx_word' id='word_1_381' title='bbox 2114 2778 2319 2831; x_wconf 91' lang='lat' dir='ltr'><strong>nullum</strong></span> <span class='ocrx_word' id='word_1_382' title='bbox 2337 2793 2601 2848; x_wconf 90' lang='lat' dir='ltr'><strong>apparere</strong></span> <span class='ocrx_word' id='word_1_383' title='bbox 2624 2786 2836 2848; x_wconf 89' lang='lat' dir='ltr'><strong>tempus</strong></span> <span class='ocrx_word' id='word_1_384' title='bbox 2856 2777 3133 2848; x_wconf 69' lang='lat' dir='ltr'><strong>praeﬁxum</strong></span> <span class='ocrx_word' id='word_1_385' title='bbox 3152 2778 3293 2848; x_wconf 89' lang='lat' dir='ltr'><strong>apud</strong></span> <span class='ocrx_word' id='word_1_386' title='bbox 3314 2778 3700 2833; x_wconf 88' lang='lat' dir='ltr'><strong>Carthusianos</strong></span> 
     </span>
    </p>
   </div>
   <div class='ocr_carea' id='block_1_42' title="bbox 2112 2866 3703 2937">
    <p class='ocr_par' dir='ltr' id='par_1_42' title="bbox 2112 2866 3703 2937">
     <span class='ocr_line' id='line_1_42' title="bbox 2112 2866 3703 2937; baseline 0.001 -18"><span class='ocrx_word' id='word_1_387' title='bbox 2112 2881 2209 2936; x_wconf 90' lang='lat' dir='ltr'><strong>pro</strong></span> <span class='ocrx_word' id='word_1_388' title='bbox 2240 2866 2481 2921; x_wconf 88' lang='lat' dir='ltr'><strong>oratione</strong></span> <span class='ocrx_word' id='word_1_389' title='bbox 2514 2866 2772 2932; x_wconf 89' lang='lat' dir='ltr'><strong>mentali;</strong></span> <span class='ocrx_word' id='word_1_390' title='bbox 2806 2866 3000 2937; x_wconf 81' lang='lat' dir='ltr'><strong>quibus</strong></span> <span class='ocrx_word' id='word_1_391' title='bbox 3020 2866 3259 2922; x_wconf 89' lang='lat' dir='ltr'><strong>breviter</strong></span> <span class='ocrx_word' id='word_1_392' title='bbox 3288 2867 3703 2937; x_wconf 90' lang='lat' dir='ltr'><strong>respondemus,</strong></span> 
     </span>
    </p>
   </div>
   <div class='ocr_carea' id='block_1_43' title="bbox 2114 2953 3710 3023">
    <p class='ocr_par' dir='ltr' id='par_1_43' title="bbox 2114 2953 3710 3023">
     <span class='ocr_line' id='line_1_43' title="bbox 2114 2953 3710 3023; baseline 0.001 -16"><span class='ocrx_word' id='word_1_393' title='bbox 2114 2953 2273 3007; x_wconf 89' lang='lat' dir='ltr'><strong>istam</strong></span> <span class='ocrx_word' id='word_1_394' title='bbox 2336 2954 2597 3023; x_wconf 90' lang='lat' dir='ltr'><strong>temporis</strong></span> <span class='ocrx_word' id='word_1_395' title='bbox 2645 2970 2961 3023; x_wconf 88' lang='lat' dir='ltr'><strong>expressam</strong></span> <span class='ocrx_word' id='word_1_396' title='bbox 3028 2954 3537 3008; x_wconf 88' lang='lat' dir='ltr'><strong>determinationem</strong></span> <span class='ocrx_word' id='word_1_397' title='bbox 3596 2954 3710 3010; x_wconf 86' lang='lat' dir='ltr'><strong>fere</strong></span> 
     </span>
    </p>
   </div>
   <div class='ocr_carea' id='block_1_44' title="bbox 2114 3039 3699 3115">
    <p class='ocr_par' dir='ltr' id='par_1_44' title="bbox 2114 3039 3699 3115">
     <span class='ocr_line' id='line_1_44' title="bbox 2114 3039 3699 3115; baseline -0.001 -20"><span class='ocrx_word' id='word_1_398' title='bbox 2114 3040 2448 3115; x_wconf 87' lang='lat' dir='ltr'><strong>superﬂuam</strong></span> <span class='ocrx_word' id='word_1_399' title='bbox 2492 3041 2665 3096; x_wconf 91' lang='lat' dir='ltr'><strong>visam</strong></span> <span class='ocrx_word' id='word_1_400' title='bbox 2714 3039 2881 3095; x_wconf 89' lang='lat' dir='ltr'><strong>fuisse</strong></span> <span class='ocrx_word' id='word_1_401' title='bbox 2908 3041 2972 3095; x_wconf 89' lang='lat' dir='ltr'><strong>R.</strong></span> <span class='ocrx_word' id='word_1_402' title='bbox 3005 3040 3153 3095; x_wconf 89' lang='lat' dir='ltr'><strong>Patri</strong></span> <span class='ocrx_word' id='word_1_403' title='bbox 3186 3040 3423 3112; x_wconf 83' lang='lat' dir='ltr'><strong>Guigoni</strong></span> <span class='ocrx_word' id='word_1_404' title='bbox 3460 3048 3515 3095; x_wconf 89' lang='lat' dir='ltr'><strong>et</strong></span> <span class='ocrx_word' id='word_1_405' title='bbox 3557 3041 3699 3107; x_wconf 89' lang='lat' dir='ltr'><strong>aliis,</strong></span> 
     </span>
    </p>
   </div>
   <div class='ocr_carea' id='block_1_45' title="bbox 2114 3127 3702 3200">
    <p class='ocr_par' dir='ltr' id='par_1_45' title="bbox 2114 3127 3702 3200">
     <span class='ocr_line' id='line_1_45' title="bbox 2114 3127 3702 3200; baseline 0.001 -18"><span class='ocrx_word' id='word_1_406' title='bbox 2114 3129 2239 3200; x_wconf 88' lang='lat' dir='ltr'><strong>quia</strong></span> <span class='ocrx_word' id='word_1_407' title='bbox 2283 3128 2392 3183; x_wconf 90' lang='lat' dir='ltr'><strong>vita</strong></span> <span class='ocrx_word' id='word_1_408' title='bbox 2440 3128 2567 3182; x_wconf 88' lang='lat' dir='ltr'><strong>boni</strong></span> <span class='ocrx_word' id='word_1_409' title='bbox 2613 3127 2951 3182; x_wconf 88' lang='lat' dir='ltr'><strong>Carthusiani</strong></span> <span class='ocrx_word' id='word_1_410' title='bbox 2979 3135 3063 3183; x_wconf 92' lang='lat' dir='ltr'><strong>est</strong></span> <span class='ocrx_word' id='word_1_411' title='bbox 3109 3128 3283 3183; x_wconf 84' lang='lat' dir='ltr'><strong>oratio</strong></span> <span class='ocrx_word' id='word_1_412' title='bbox 3315 3128 3559 3183; x_wconf 90' lang='lat' dir='ltr'><strong>mentalis</strong></span> <span class='ocrx_word' id='word_1_413' title='bbox 3591 3128 3702 3185; x_wconf 87' lang='lat' dir='ltr'><strong>fere</strong></span> 
     </span>
    </p>
   </div>
   <div class='ocr_carea' id='block_1_46' title="bbox 2112 3215 3705 3287">
    <p class='ocr_par' dir='ltr' id='par_1_46' title="bbox 2112 3215 3705 3287">
     <span class='ocr_line' id='line_1_46' title="bbox 2112 3215 3705 3287; baseline 0.001 -18"><span class='ocrx_word' id='word_1_414' title='bbox 2112 3216 2349 3284; x_wconf 85' lang='lat' dir='ltr'><strong>assidua,</strong></span> <span class='ocrx_word' id='word_1_415' title='bbox 2381 3216 2629 3287; x_wconf 88' lang='lat' dir='ltr'><strong>quamvis</strong></span> <span class='ocrx_word' id='word_1_416' title='bbox 2660 3232 2725 3271; x_wconf 90' lang='lat' dir='ltr'><strong>ex</strong></span> <span class='ocrx_word' id='word_1_417' title='bbox 2753 3216 2857 3271; x_wconf 93' lang='lat' dir='ltr'><strong>hoc</strong></span> <span class='ocrx_word' id='word_1_418' title='bbox 2888 3215 3011 3271; x_wconf 92' lang='lat' dir='ltr'><strong>loco</strong></span> <span class='ocrx_word' id='word_1_419' title='bbox 3040 3216 3389 3286; x_wconf 90' lang='lat' dir='ltr'><strong>perspicuum</strong></span> <span class='ocrx_word' id='word_1_420' title='bbox 3419 3216 3524 3282; x_wconf 91' lang='lat' dir='ltr'><strong>sit,</strong></span> <span class='ocrx_word' id='word_1_421' title='bbox 3555 3232 3705 3271; x_wconf 90' lang='lat' dir='ltr'><strong>sem-</strong></span> 
     </span>
    </p>
   </div>
   <div class='ocr_carea' id='block_1_47' title="bbox 417 3303 3704 3396">
    <p class='ocr_par' dir='ltr' id='par_1_47' title="bbox 417 3303 3704 3396">
     <span class='ocr_line' id='line_1_47' title="bbox 417 3303 3704 3396; baseline -0.001 -33"><span class='ocrx_word' id='word_1_422' title='bbox 417 3308 719 3374; x_wconf 89' lang='lat' dir='ltr'><strong>credimus,</strong></span> <span class='ocrx_word' id='word_1_423' title='bbox 755 3321 880 3362; x_wconf 91' lang='lat' dir='ltr'><strong>cum</strong></span> <span class='ocrx_word' id='word_1_424' title='bbox 907 3305 975 3360; x_wconf 87' lang='lat' dir='ltr'><strong>ad</strong></span> <span class='ocrx_word' id='word_1_425' title='bbox 1005 3320 1223 3359; x_wconf 88' lang='lat' dir='ltr'><strong>manum</strong></span> <span class='ocrx_word' id='word_1_426' title='bbox 1254 3304 1551 3357; x_wconf 88' lang='lat' dir='ltr'><strong>habeamus</strong></span> <span class='ocrx_word' id='word_1_427' title='bbox 1583 3304 2009 3374; x_wconf 88' lang='lat' dir='ltr'><strong>manuscriptum</strong></span> <span class='ocrx_word' id='word_1_428' title='bbox 2042 3335 2093 3396; x_wconf 78' lang='grc' dir='ltr'>Β</span> <span class='ocrx_word' id='word_1_429' title='bbox 2113 3320 2212 3375; x_wconf 90' lang='lat' dir='ltr'><strong>per</strong></span> <span class='ocrx_word' id='word_1_430' title='bbox 2240 3304 2295 3357; x_wconf 89' lang='lat' dir='ltr'><strong>in</strong></span> <span class='ocrx_word' id='word_1_431' title='bbox 2323 3303 2517 3359; x_wconf 90' lang='lat' dir='ltr'><strong>ordine</strong></span> <span class='ocrx_word' id='word_1_432' title='bbox 2548 3312 2759 3374; x_wconf 90' lang='lat' dir='ltr'><strong>tempus</strong></span> <span class='ocrx_word' id='word_1_433' title='bbox 2786 3303 2856 3357; x_wconf 93' lang='lat' dir='ltr'><strong>ad</strong></span> <span class='ocrx_word' id='word_1_434' title='bbox 2886 3303 2990 3359; x_wconf 91' lang='lat' dir='ltr'><strong>hoc</strong></span> <span class='ocrx_word' id='word_1_435' title='bbox 3019 3303 3163 3374; x_wconf 92' lang='lat' dir='ltr'><strong>pium</strong></span> <span class='ocrx_word' id='word_1_436' title='bbox 3194 3303 3508 3360; x_wconf 89' lang='lat' dir='ltr'><strong>exercitium</strong></span> <span class='ocrx_word' id='word_1_437' title='bbox 3536 3303 3704 3361; x_wconf 83' lang='lat' dir='ltr'><strong>fuisse</strong></span> 
     </span>
    </p>
   </div>
   <div class='ocr_carea' id='block_1_48' title="bbox 417 3391 2811 3465">
    <p class='ocr_par' dir='ltr' id='par_1_48' title="bbox 417 3391 2811 3465">
     <span class='ocr_line' id='line_1_48' title="bbox 417 3391 2811 3465; baseline -0.003 -12"><span class='ocrx_word' id='word_1_438' title='bbox 417 3396 685 3463; x_wconf 90' lang='lat' dir='ltr'><strong>codicem,</strong></span> <span class='ocrx_word' id='word_1_439' title='bbox 710 3394 803 3465; x_wconf 90' lang='lat' dir='ltr'><strong>qui</strong></span> <span class='ocrx_word' id='word_1_440' title='bbox 832 3409 942 3448; x_wconf 91' lang='lat' dir='ltr'><strong>non</strong></span> <span class='ocrx_word' id='word_1_441' title='bbox 970 3393 1106 3447; x_wconf 88' lang='lat' dir='ltr'><strong>adeo</strong></span> <span class='ocrx_word' id='word_1_442' title='bbox 1129 3399 1372 3447; x_wconf 91' lang='lat' dir='ltr'><strong>vetustus</strong></span> <span class='ocrx_word' id='word_1_443' title='bbox 1402 3400 1647 3461; x_wconf 87' lang='lat' dir='ltr'><strong>apparet,</strong></span> <span class='ocrx_word' id='word_1_444' title='bbox 1671 3392 1763 3446; x_wconf 92' lang='lat' dir='ltr'><strong>ubi</strong></span> <span class='ocrx_word' id='word_1_445' title='bbox 1789 3392 1858 3447; x_wconf 93' lang='lat' dir='ltr'><strong>de</strong></span> <span class='ocrx_word' id='word_1_446' title='bbox 1886 3392 2015 3447; x_wconf 87' lang='lat' dir='ltr'><strong>dor—</strong></span> <span class='ocrx_word' id='word_1_447' title='bbox 2042 3391 2086 3396; x_wconf 61' lang='grc'>⁷</span> <span class='ocrx_word' id='word_1_448' title='bbox 2116 3391 2426 3463; x_wconf 88' lang='lat' dir='ltr'><strong>specialiter</strong></span> <span class='ocrx_word' id='word_1_449' title='bbox 2454 3391 2811 3463; x_wconf 87' lang='lat' dir='ltr'><strong>assignatum.</strong></span> 
     </span>
    </p>
   </div>
   <div class='ocr_carea' id='block_1_49' title="bbox 416 3479 2014 3549">
    <p class='ocr_par' dir='ltr' id='par_1_49' title="bbox 416 3479 2014 3549">
     <span class='ocr_line' id='line_1_49' title="bbox 416 3479 2014 3549; baseline -0.003 -10"><span class='ocrx_word' id='word_1_450' title='bbox 416 3483 639 3539; x_wconf 90' lang='lat' dir='ltr'><strong>mitione</strong></span> <span class='ocrx_word' id='word_1_451' title='bbox 686 3482 881 3537; x_wconf 90' lang='lat' dir='ltr'><strong>diurna</strong></span> <span class='ocrx_word' id='word_1_452' title='bbox 908 3481 1300 3535; x_wconf 91' lang='lat' dir='ltr'><strong>monachorum</strong></span> <span class='ocrx_word' id='word_1_453' title='bbox 1340 3494 1450 3534; x_wconf 91' lang='lat' dir='ltr'><strong>non</strong></span> <span class='ocrx_word' id='word_1_454' title='bbox 1479 3479 1884 3533; x_wconf 87' lang='lat' dir='ltr'><strong>interturbanda</strong></span> <span class='ocrx_word' id='word_1_455' title='bbox 1914 3496 2014 3549; x_wconf 82' lang='lat' dir='ltr'><strong>per</strong></span> 
     </span>
    </p>
   </div>
   <div class='ocr_carea' id='block_1_50' title="bbox 415 3566 2013 3627">
    <p class='ocr_par' dir='ltr' id='par_1_50' title="bbox 415 3566 2013 3627">
     <span class='ocr_line' id='line_1_50' title="bbox 415 3566 2013 3627; baseline -0.004 0"><span class='ocrx_word' id='word_1_456' title='bbox 415 3572 722 3627; x_wconf 89' lang='lat' dir='ltr'><strong>discursum</strong></span> <span class='ocrx_word' id='word_1_457' title='bbox 770 3570 884 3625; x_wconf 90' lang='lat' dir='ltr'><strong>sive</strong></span> <span class='ocrx_word' id='word_1_458' title='bbox 932 3568 1397 3623; x_wconf 88' lang='lat' dir='ltr'><strong>deambulationes</strong></span> <span class='ocrx_word' id='word_1_459' title='bbox 1442 3566 1497 3620; x_wconf 92' lang='lat' dir='ltr'><strong>in</strong></span> <span class='ocrx_word' id='word_1_460' title='bbox 1543 3566 1783 3621; x_wconf 91' lang='lat' dir='ltr'><strong>claustro</strong></span> <span class='ocrx_word' id='word_1_461' title='bbox 1823 3582 2013 3621; x_wconf 91' lang='lat' dir='ltr'><strong>omnes</strong></span> 
     </span>
    </p>
   </div>
   <div class='ocr_carea' id='block_1_51' title="bbox 415 3654 2014 3729">
    <p class='ocr_par' dir='ltr' id='par_1_51' title="bbox 415 3654 2014 3729">
     <span class='ocr_line' id='line_1_51' title="bbox 415 3654 2014 3729; baseline -0.005 -14"><span class='ocrx_word' id='word_1_462' title='bbox 415 3666 658 3715; x_wconf 90' lang='lat' dir='ltr'><strong>astantes</strong></span> <span class='ocrx_word' id='word_1_463' title='bbox 693 3658 749 3712; x_wconf 92' lang='lat' dir='ltr'><strong>in</strong></span> <span class='ocrx_word' id='word_1_464' title='bbox 796 3657 1032 3729; x_wconf 91' lang='lat' dir='ltr'><strong>capitulo</strong></span> <span class='ocrx_word' id='word_1_465' title='bbox 1064 3655 1308 3729; x_wconf 81' lang='lat' dir='ltr'><strong>generali</strong></span> <span class='ocrx_word' id='word_1_466' title='bbox 1348 3655 1488 3709; x_wconf 91' lang='lat' dir='ltr'><strong>inter</strong></span> <span class='ocrx_word' id='word_1_467' title='bbox 1534 3654 1635 3708; x_wconf 90' lang='lat' dir='ltr'><strong>alia</strong></span> <span class='ocrx_word' id='word_1_468' title='bbox 1665 3670 1888 3710; x_wconf 91' lang='lat' dir='ltr'><strong>monere</strong></span> <span class='ocrx_word' id='word_1_469' title='bbox 1918 3670 2014 3708; x_wconf 90' lang='lat' dir='ltr'><strong>so-</strong></span> 
     </span>
    </p>
   </div>
   <div class='ocr_carea' id='block_1_52' title="bbox 416 3741 2014 3814">
    <p class='ocr_par' dir='ltr' id='par_1_52' title="bbox 416 3741 2014 3814">
     <span class='ocr_line' id='line_1_52' title="bbox 416 3741 2014 3814; baseline -0.006 -11"><span class='ocrx_word' id='word_1_470' title='bbox 416 3748 611 3803; x_wconf 89' lang='lat' dir='ltr'><strong>lemus.</strong></span> <span class='ocrx_word' id='word_1_471' title='bbox 643 3746 850 3800; x_wconf 91' lang='lat' dir='ltr'><strong>Eodem</strong></span> <span class='ocrx_word' id='word_1_472' title='bbox 881 3752 1062 3799; x_wconf 89' lang='lat' dir='ltr'><strong>autem</strong></span> <span class='ocrx_word' id='word_1_473' title='bbox 1092 3752 1335 3813; x_wconf 89' lang='lat' dir='ltr'><strong>tempore</strong></span> <span class='ocrx_word' id='word_1_474' title='bbox 1368 3758 1475 3813; x_wconf 91' lang='lat' dir='ltr'><strong>quo</strong></span> <span class='ocrx_word' id='word_1_475' title='bbox 1518 3741 1765 3796; x_wconf 89' lang='lat' dir='ltr'><strong>ordinem</strong></span> <span class='ocrx_word' id='word_1_476' title='bbox 1796 3741 2014 3814; x_wconf 89' lang='lat' dir='ltr'><strong>vigilia-</strong></span> 
     </span>
    </p>
   </div>
   <div class='ocr_carea' id='block_1_53' title="bbox 417 3829 2011 3906">
    <p class='ocr_par' dir='ltr' id='par_1_53' title="bbox 417 3829 2011 3906">
     <span class='ocr_line' id='line_1_53' title="bbox 417 3829 2011 3906; baseline -0.004 -16"><span class='ocrx_word' id='word_1_477' title='bbox 417 3851 535 3890; x_wconf 87' lang='lat' dir='ltr'><strong>rum</strong></span> <span class='ocrx_word' id='word_1_478' title='bbox 562 3851 661 3906; x_wconf 90' lang='lat' dir='ltr'><strong>per</strong></span> <span class='ocrx_word' id='word_1_479' title='bbox 676 3833 852 3889; x_wconf 89' lang='lat' dir='ltr'><strong>somni</strong></span> <span class='ocrx_word' id='word_1_480' title='bbox 873 3832 1275 3886; x_wconf 89' lang='lat' dir='ltr'><strong>intercisionem</strong></span> <span class='ocrx_word' id='word_1_481' title='bbox 1293 3837 1553 3883; x_wconf 88' lang='lat' dir='ltr'><strong>mutatum</strong></span> <span class='ocrx_word' id='word_1_482' title='bbox 1580 3846 1701 3883; x_wconf 90' lang='lat' dir='ltr'><strong>esse</strong></span> <span class='ocrx_word' id='word_1_483' title='bbox 1721 3829 2011 3895; x_wconf 90' lang='lat' dir='ltr'><strong>credimus,</strong></span> 
     </span>
    </p>
   </div>
   <div class='ocr_carea' id='block_1_54' title="bbox 417 3916 2014 3979">
    <p class='ocr_par' dir='ltr' id='par_1_54' title="bbox 417 3916 2014 3979">
     <span class='ocr_line' id='line_1_54' title="bbox 417 3916 2014 3979; baseline -0.006 0"><span class='ocrx_word' id='word_1_484' title='bbox 417 3921 757 3979; x_wconf 90' lang='lat' dir='ltr'><strong>dormitionis</strong></span> <span class='ocrx_word' id='word_1_485' title='bbox 804 3921 1014 3976; x_wconf 67' lang='lat' dir='ltr'><strong>diurna:</strong></span> <span class='ocrx_word' id='word_1_486' title='bbox 1062 3917 1515 3974; x_wconf 90' lang='lat' dir='ltr'><strong>consuetudinem</strong></span> <span class='ocrx_word' id='word_1_487' title='bbox 1553 3916 1717 3971; x_wconf 92' lang='lat' dir='ltr'><strong>etiam</strong></span> <span class='ocrx_word' id='word_1_488' title='bbox 1765 3932 2014 3973; x_wconf 88' lang='lat' dir='ltr'><strong>cessasse</strong></span> 
     </span>
    </p>
   </div>
   <div class='ocr_carea' id='block_1_55' title="bbox 418 4019 691 4083">
    <p class='ocr_par' dir='ltr' id='par_1_55' title="bbox 418 4019 691 4083">
     <span class='ocr_line' id='line_1_55' title="bbox 418 4019 691 4083; baseline -0.011 -16"><span class='ocrx_word' id='word_1_489' title='bbox 418 4019 691 4083; x_wconf 91' lang='lat' dir='ltr'><strong>putamus.</strong></span> 
     </span>
    </p>
   </div>
   <div class='ocr_carea' id='block_1_56' title="bbox 485 4092 2014 4168">
    <p class='ocr_par' dir='ltr' id='par_1_56' title="bbox 485 4092 2014 4168">
     <span class='ocr_line' id='line_1_56' title="bbox 485 4092 2014 4168; baseline -0.005 -15"><span class='ocrx_word' id='word_1_490' title='bbox 485 4098 603 4168; x_wconf 87' lang='lat' dir='ltr'><strong>Qua</strong></span> <span class='ocrx_word' id='word_1_491' title='bbox 647 4092 853 4153; x_wconf 87' lang='lat' dir='ltr'><strong>ratione</strong></span> <span class='ocrx_word' id='word_1_492' title='bbox 902 4093 1126 4150; x_wconf 92' lang='lat' dir='ltr'><strong>mutatio</strong></span> <span class='ocrx_word' id='word_1_493' title='bbox 1172 4094 1263 4148; x_wconf 88' lang='lat' dir='ltr'><strong>illa</strong></span> <span class='ocrx_word' id='word_1_494' title='bbox 1309 4093 1654 4164; x_wconf 87' lang='lat' dir='ltr'><strong>antiquarum</strong></span> <span class='ocrx_word' id='word_1_495' title='bbox 1701 4092 2014 4164; x_wconf 81' lang='lat' dir='ltr'><strong>vigiliarum</strong></span> 
     </span>
    </p>
   </div>
   <div class='ocr_carea' id='block_1_57' title="bbox 414 4179 2013 4247">
    <p class='ocr_par' dir='ltr' id='par_1_57' title="bbox 414 4179 2013 4247">
     <span class='ocr_line' id='line_1_57' title="bbox 414 4179 2013 4247; baseline -0.007 -3"><span class='ocrx_word' id='word_1_496' title='bbox 414 4188 472 4245; x_wconf 89' lang='lat' dir='ltr'><strong>in</strong></span> <span class='ocrx_word' id='word_1_497' title='bbox 500 4184 833 4241; x_wconf 87' lang='lat' dir='ltr'><strong>austeriores</strong></span> <span class='ocrx_word' id='word_1_498' title='bbox 863 4200 928 4239; x_wconf 89' lang='lat' dir='ltr'><strong>ex</strong></span> <span class='ocrx_word' id='word_1_499' title='bbox 959 4182 1307 4238; x_wconf 89' lang='lat' dir='ltr'><strong>intercisione</strong></span> <span class='ocrx_word' id='word_1_500' title='bbox 1336 4181 1511 4235; x_wconf 91' lang='lat' dir='ltr'><strong>somni</strong></span> <span class='ocrx_word' id='word_1_501' title='bbox 1542 4180 1684 4236; x_wconf 84' lang='lat' dir='ltr'><strong>facta</strong></span> <span class='ocrx_word' id='word_1_502' title='bbox 1713 4180 1800 4247; x_wconf 84' lang='lat' dir='ltr'><strong>sit,</strong></span> <span class='ocrx_word' id='word_1_503' title='bbox 1824 4179 2013 4234; x_wconf 89' lang='lat' dir='ltr'><strong>nullibi</strong></span> 
     </span>
    </p>
   </div>
   <div class='ocr_carea' id='block_1_58' title="bbox 417 4266 2008 4345">
    <p class='ocr_par' dir='ltr' id='par_1_58' title="bbox 417 4266 2008 4345">
     <span class='ocr_line' id='line_1_58' title="bbox 417 4266 2008 4345; baseline -0.004 -15"><span class='ocrx_word' id='word_1_504' title='bbox 417 4275 676 4345; x_wconf 89' lang='lat' dir='ltr'><strong>scriptum</strong></span> <span class='ocrx_word' id='word_1_505' title='bbox 696 4272 1019 4344; x_wconf 88' lang='lat' dir='ltr'><strong>reperimus,</strong></span> <span class='ocrx_word' id='word_1_506' title='bbox 1046 4271 1144 4325; x_wconf 92' lang='lat' dir='ltr'><strong>sed</strong></span> <span class='ocrx_word' id='word_1_507' title='bbox 1165 4268 1486 4338; x_wconf 88' lang='lat' dir='ltr'><strong>conjicimus</strong></span> <span class='ocrx_word' id='word_1_508' title='bbox 1512 4267 1568 4322; x_wconf 93' lang='lat' dir='ltr'><strong>id</strong></span> <span class='ocrx_word' id='word_1_509' title='bbox 1589 4268 1791 4323; x_wconf 81' lang='lat' dir='ltr'><strong>factum</strong></span> <span class='ocrx_word' id='word_1_510' title='bbox 1822 4266 2008 4335; x_wconf 87' lang='lat' dir='ltr'><strong>fuisse,</strong></span> 
     </span>
    </p>
   </div>
   <div class='ocr_carea' id='block_1_59' title="bbox 417 4355 2014 4429">
    <p class='ocr_par' dir='ltr' id='par_1_59' title="bbox 417 4355 2014 4429">
     <span class='ocr_line' id='line_1_59' title="bbox 417 4355 2014 4429; baseline -0.006 -11"><span class='ocrx_word' id='word_1_511' title='bbox 417 4371 494 4429; x_wconf 94' lang='lat' dir='ltr'><strong>ut,</strong></span> <span class='ocrx_word' id='word_1_512' title='bbox 527 4362 653 4419; x_wconf 91' lang='lat' dir='ltr'><strong>licet</strong></span> <span class='ocrx_word' id='word_1_513' title='bbox 683 4378 749 4416; x_wconf 90' lang='lat' dir='ltr'><strong>ex</strong></span> <span class='ocrx_word' id='word_1_514' title='bbox 774 4361 878 4415; x_wconf 91' lang='lat' dir='ltr'><strong>isto</strong></span> <span class='ocrx_word' id='word_1_515' title='bbox 906 4359 1188 4414; x_wconf 90' lang='lat' dir='ltr'><strong>dimidiato</strong></span> <span class='ocrx_word' id='word_1_516' title='bbox 1220 4372 1410 4412; x_wconf 89' lang='lat' dir='ltr'><strong>somno</strong></span> <span class='ocrx_word' id='word_1_517' title='bbox 1440 4364 1636 4411; x_wconf 87' lang='lat' dir='ltr'><strong>natura</strong></span> <span class='ocrx_word' id='word_1_518' title='bbox 1663 4355 1867 4427; x_wconf 85' lang='lat' dir='ltr'><strong>aliquid</strong></span> <span class='ocrx_word' id='word_1_519' title='bbox 1895 4372 2014 4410; x_wconf 91' lang='lat' dir='ltr'><strong>ma-</strong></span> 
     </span>
    </p>
   </div>
   <div class='ocr_carea' id='block_1_60' title="bbox 411 4444 2015 4521">
    <p class='ocr_par' dir='ltr' id='par_1_60' title="bbox 411 4444 2015 4521">
     <span class='ocr_line' id='line_1_60' title="bbox 411 4444 2015 4521; baseline -0.005 -15"><span class='ocrx_word' id='word_1_520' title='bbox 411 4451 546 4521; x_wconf 87' lang='lat' dir='ltr'><strong>joris</strong></span> <span class='ocrx_word' id='word_1_521' title='bbox 596 4449 741 4505; x_wconf 62' lang='lat' dir='ltr'><strong>tedii</strong></span> <span class='ocrx_word' id='word_1_522' title='bbox 784 4456 1092 4519; x_wconf 88' lang='lat' dir='ltr'><strong>pateretur,</strong></span> <span class='ocrx_word' id='word_1_523' title='bbox 1139 4446 1281 4501; x_wconf 89' lang='lat' dir='ltr'><strong>vires</strong></span> <span class='ocrx_word' id='word_1_524' title='bbox 1327 4453 1508 4499; x_wconf 86' lang='lat' dir='ltr'><strong>tamen</strong></span> <span class='ocrx_word' id='word_1_525' title='bbox 1554 4444 1719 4498; x_wconf 88' lang='lat' dir='ltr'><strong>animi</strong></span> <span class='ocrx_word' id='word_1_526' title='bbox 1773 4460 1837 4498; x_wconf 92' lang='lat' dir='ltr'><strong>ex</strong></span> <span class='ocrx_word' id='word_1_527' title='bbox 1904 4452 2015 4498; x_wconf 90' lang='lat' dir='ltr'><strong>tam</strong></span> 
     </span>
    </p>
   </div>
   <div class='ocr_carea' id='block_1_61' title="bbox 415 4531 2014 4611">
    <p class='ocr_par' dir='ltr' id='par_1_61' title="bbox 415 4531 2014 4611">
     <span class='ocr_line' id='line_1_61' title="bbox 415 4531 2014 4611; baseline -0.006 -16"><span class='ocrx_word' id='word_1_528' title='bbox 415 4538 584 4611; x_wconf 86' lang='lat' dir='ltr'><strong>longa</strong></span> <span class='ocrx_word' id='word_1_529' title='bbox 626 4536 987 4608; x_wconf 87' lang='lat' dir='ltr'><strong>applicatione</strong></span> <span class='ocrx_word' id='word_1_530' title='bbox 1024 4535 1091 4589; x_wconf 92' lang='lat' dir='ltr'><strong>ad</strong></span> <span class='ocrx_word' id='word_1_531' title='bbox 1138 4534 1393 4588; x_wconf 91' lang='lat' dir='ltr'><strong>diurnum</strong></span> <span class='ocrx_word' id='word_1_532' title='bbox 1422 4532 1672 4598; x_wconf 82' lang='lat' dir='ltr'><strong>oﬂicium,</strong></span> <span class='ocrx_word' id='word_1_533' title='bbox 1724 4533 1869 4603; x_wconf 91' lang='lat' dir='ltr'><strong>quod</strong></span> <span class='ocrx_word' id='word_1_534' title='bbox 1899 4531 2014 4586; x_wconf 83' lang='lat' dir='ltr'><strong>tere</strong></span> 
     </span>
    </p>
   </div>
   <div class='ocr_carea' id='block_1_62' title="bbox 416 4619 2013 4692">
    <p class='ocr_par' dir='ltr' id='par_1_62' title="bbox 416 4619 2013 4692">
     <span class='ocr_line' id='line_1_62' title="bbox 416 4619 2013 4692; baseline -0.006 -11"><span class='ocrx_word' id='word_1_535' title='bbox 416 4635 543 4682; x_wconf 91' lang='lat' dir='ltr'><strong>tunc</strong></span> <span class='ocrx_word' id='word_1_536' title='bbox 590 4633 854 4681; x_wconf 89' lang='lat' dir='ltr'><strong>nocturno</strong></span> <span class='ocrx_word' id='word_1_537' title='bbox 883 4629 1233 4690; x_wconf 86' lang='lat' dir='ltr'><strong>conjunctum</strong></span> <span class='ocrx_word' id='word_1_538' title='bbox 1261 4629 1408 4687; x_wconf 87' lang='lat' dir='ltr'><strong>erat,</strong></span> <span class='ocrx_word' id='word_1_539' title='bbox 1461 4637 1571 4675; x_wconf 90' lang='lat' dir='ltr'><strong>non</strong></span> <span class='ocrx_word' id='word_1_540' title='bbox 1620 4621 1780 4673; x_wconf 90' lang='lat' dir='ltr'><strong>nimis</strong></span> <span class='ocrx_word' id='word_1_541' title='bbox 1812 4619 2013 4692; x_wconf 85' lang='lat' dir='ltr'><strong>fatiga-</strong></span> 
     </span>
    </p>
   </div>
   <div class='ocr_carea' id='block_1_63' title="bbox 2184 3478 3708 3552">
    <p class='ocr_par' dir='ltr' id='par_1_63' title="bbox 2184 3478 3708 3552">
     <span class='ocr_line' id='line_1_63' title="bbox 2184 3478 3708 3552; baseline -0.001 -18"><span class='ocrx_word' id='word_1_542' title='bbox 2184 3480 2319 3534; x_wconf 91' lang='lat' dir='ltr'><strong>Ibid.</strong></span> <span class='ocrx_word' id='word_1_543' title='bbox 2339 3479 2563 3535; x_wconf 81' lang='lat' dir='ltr'><strong>Cceteris</strong></span> <span class='ocrx_word' id='word_1_544' title='bbox 2579 3496 2701 3535; x_wconf 86' lang='lat' dir='ltr'><strong>vero</strong></span> <span class='ocrx_word' id='word_1_545' title='bbox 2716 3478 2903 3534; x_wconf 86' lang='lat' dir='ltr'><strong>diebus</strong></span> <span class='ocrx_word' id='word_1_546' title='bbox 2916 3479 3114 3551; x_wconf 81' lang='lat' dir='ltr'><strong>quibus</strong></span> <span class='ocrx_word' id='word_1_547' title='bbox 3129 3482 3356 3535; x_wconf 85' lang='lat' dir='ltr'><strong>tenetur</strong></span> <span class='ocrx_word' id='word_1_548' title='bbox 3366 3480 3708 3552; x_wconf 83' lang='lat' dir='ltr'><strong>capitulum.</strong></span> 
     </span>
    </p>
   </div>
   <div class='ocr_carea' id='block_1_64' title="bbox 2112 3567 3705 3638">
    <p class='ocr_par' dir='ltr' id='par_1_64' title="bbox 2112 3567 3705 3638">
     <span class='ocr_line' id='line_1_64' title="bbox 2112 3567 3705 3638; baseline 0.001 -16"><span class='ocrx_word' id='word_1_549' title='bbox 2112 3568 2170 3622; x_wconf 92' lang='lat' dir='ltr'><strong>Id</strong></span> <span class='ocrx_word' id='word_1_550' title='bbox 2202 3576 2283 3622; x_wconf 91' lang='lat' dir='ltr'><strong>est</strong></span> <span class='ocrx_word' id='word_1_551' title='bbox 2312 3567 2464 3622; x_wconf 88' lang='lat' dir='ltr'><strong>festis</strong></span> <span class='ocrx_word' id='word_1_552' title='bbox 2495 3582 2615 3637; x_wconf 66' lang='lat' dir='ltr'><strong>quae</strong></span> <span class='ocrx_word' id='word_1_553' title='bbox 2645 3567 2767 3621; x_wconf 89' lang='lat' dir='ltr'><strong>ideo</strong></span> <span class='ocrx_word' id='word_1_554' title='bbox 2789 3568 3034 3638; x_wconf 86' lang='lat' dir='ltr'><strong>capituli</strong></span> <span class='ocrx_word' id='word_1_555' title='bbox 3062 3581 3318 3621; x_wconf 85' lang='lat' dir='ltr'><strong>vocamus</strong></span> <span class='ocrx_word' id='word_1_556' title='bbox 3338 3609 3350 3632; x_wconf 92' lang='lat'><strong>,</strong></span> <span class='ocrx_word' id='word_1_557' title='bbox 3387 3567 3513 3637; x_wconf 90' lang='lat' dir='ltr'><strong>quia</strong></span> <span class='ocrx_word' id='word_1_558' title='bbox 3542 3567 3597 3621; x_wconf 93' lang='lat' dir='ltr'><strong>in</strong></span> <span class='ocrx_word' id='word_1_559' title='bbox 3625 3567 3705 3623; x_wconf 89' lang='lat' dir='ltr'><strong>eis</strong></span> 
     </span>
    </p>
   </div>
   <div class='ocr_carea' id='block_1_65' title="bbox 2114 3655 3703 3727">
    <p class='ocr_par' dir='ltr' id='par_1_65' title="bbox 2114 3655 3703 3727">
     <span class='ocr_line' id='line_1_65' title="bbox 2114 3655 3703 3727; baseline 0.001 -18"><span class='ocrx_word' id='word_1_560' title='bbox 2114 3671 2332 3725; x_wconf 89' lang='lat' dir='ltr'><strong>semper</strong></span> <span class='ocrx_word' id='word_1_561' title='bbox 2353 3655 2645 3725; x_wconf 88' lang='lat' dir='ltr'><strong>capitulum</strong></span> <span class='ocrx_word' id='word_1_562' title='bbox 2667 3662 2902 3720; x_wconf 90' lang='lat' dir='ltr'><strong>tenetur,</strong></span> <span class='ocrx_word' id='word_1_563' title='bbox 2924 3656 3109 3709; x_wconf 87' lang='lat' dir='ltr'><strong>Donec</strong></span> <span class='ocrx_word' id='word_1_564' title='bbox 3128 3657 3304 3726; x_wconf 81' lang='lat' dir='ltr'><strong>possit</strong></span> <span class='ocrx_word' id='word_1_565' title='bbox 3327 3656 3390 3710; x_wconf 87' lang='lat' dir='ltr'><strong>in</strong></span> <span class='ocrx_word' id='word_1_566' title='bbox 3413 3655 3551 3710; x_wconf 89' lang='lat' dir='ltr'><strong>libro</strong></span> <span class='ocrx_word' id='word_1_567' title='bbox 3576 3656 3703 3727; x_wconf 87' lang='lat' dir='ltr'><strong>legi,</strong></span> 
     </span>
    </p>
   </div>
   <div class='ocr_carea' id='block_1_66' title="bbox 2112 3742 3707 3813">
    <p class='ocr_par' dir='ltr' id='par_1_66' title="bbox 2112 3742 3707 3813">
     <span class='ocr_line' id='line_1_66' title="bbox 2112 3742 3707 3813; baseline 0 -16"><span class='ocrx_word' id='word_1_568' title='bbox 2112 3742 2169 3797; x_wconf 93' lang='lat' dir='ltr'><strong>id</strong></span> <span class='ocrx_word' id='word_1_569' title='bbox 2214 3751 2297 3797; x_wconf 91' lang='lat' dir='ltr'><strong>est</strong></span> <span class='ocrx_word' id='word_1_570' title='bbox 2346 3744 2490 3798; x_wconf 91' lang='lat' dir='ltr'><strong>circa</strong></span> <span class='ocrx_word' id='word_1_571' title='bbox 2550 3756 2758 3797; x_wconf 83' lang='lat' dir='ltr'><strong>sextam</strong></span> <span class='ocrx_word' id='word_1_572' title='bbox 2808 3744 3002 3799; x_wconf 90' lang='lat' dir='ltr'><strong>horam</strong></span> <span class='ocrx_word' id='word_1_573' title='bbox 3036 3756 3048 3795; x_wconf 92' lang='lat'><strong>:</strong></span> <span class='ocrx_word' id='word_1_574' title='bbox 3082 3742 3228 3813; x_wconf 93' lang='lat' dir='ltr'><strong>quod</strong></span> <span class='ocrx_word' id='word_1_575' title='bbox 3276 3742 3456 3797; x_wconf 90' lang='lat' dir='ltr'><strong>adhuc</strong></span> <span class='ocrx_word' id='word_1_576' title='bbox 3513 3743 3707 3798; x_wconf 91' lang='lat' dir='ltr'><strong>eodem</strong></span> 
     </span>
    </p>
   </div>
   <div class='ocr_carea' id='block_1_67' title="bbox 2112 3829 3710 3902">
    <p class='ocr_par' dir='ltr' id='par_1_67' title="bbox 2112 3829 3710 3902">
     <span class='ocr_line' id='line_1_67' title="bbox 2112 3829 3710 3902; baseline 0 -17"><span class='ocrx_word' id='word_1_577' title='bbox 2112 3831 2279 3885; x_wconf 92' lang='lat' dir='ltr'><strong>modo</strong></span> <span class='ocrx_word' id='word_1_578' title='bbox 2305 3846 2338 3886; x_wconf 90' lang='lat' dir='ltr'><strong>a</strong></span> <span class='ocrx_word' id='word_1_579' title='bbox 2384 3830 2543 3885; x_wconf 91' lang='lat' dir='ltr'><strong>nobis</strong></span> <span class='ocrx_word' id='word_1_580' title='bbox 2573 3831 2924 3896; x_wconf 90' lang='lat' dir='ltr'><strong>observatur,</strong></span> <span class='ocrx_word' id='word_1_581' title='bbox 2976 3837 3201 3900; x_wconf 90' lang='lat' dir='ltr'><strong>excepto</strong></span> <span class='ocrx_word' id='word_1_582' title='bbox 3233 3829 3363 3885; x_wconf 90' lang='lat' dir='ltr'><strong>solis</strong></span> <span class='ocrx_word' id='word_1_583' title='bbox 3393 3837 3516 3886; x_wconf 90' lang='lat' dir='ltr'><strong>ortu</strong></span> <span class='ocrx_word' id='word_1_584' title='bbox 3546 3846 3710 3902; x_wconf 90' lang='lat' dir='ltr'><strong>quem</strong></span> 
     </span>
    </p>
   </div>
   <div class='ocr_carea' id='block_1_68' title="bbox 2114 3918 3713 3989">
    <p class='ocr_par' dir='ltr' id='par_1_68' title="bbox 2114 3918 3713 3989">
     <span class='ocr_line' id='line_1_68' title="bbox 2114 3918 3713 3989; baseline -0.001 -16"><span class='ocrx_word' id='word_1_585' title='bbox 2114 3926 2300 3973; x_wconf 63' lang='lat' dir='ltr'><strong>testate</strong></span> <span class='ocrx_word' id='word_1_586' title='bbox 2321 3920 2436 3987; x_wconf 87' lang='lat' dir='ltr'><strong>jam</strong></span> <span class='ocrx_word' id='word_1_587' title='bbox 2481 3918 2635 3989; x_wconf 92' lang='lat' dir='ltr'><strong>sequi</strong></span> <span class='ocrx_word' id='word_1_588' title='bbox 2665 3934 2774 3972; x_wconf 89' lang='lat' dir='ltr'><strong>non</strong></span> <span class='ocrx_word' id='word_1_589' title='bbox 2803 3934 3095 3989; x_wconf 90' lang='lat' dir='ltr'><strong>possumus</strong></span> <span class='ocrx_word' id='word_1_590' title='bbox 3142 3925 3368 3988; x_wconf 91' lang='lat' dir='ltr'><strong>propter</strong></span> <span class='ocrx_word' id='word_1_591' title='bbox 3417 3918 3593 3973; x_wconf 92' lang='lat' dir='ltr'><strong>somni</strong></span> <span class='ocrx_word' id='word_1_592' title='bbox 3624 3918 3713 3972; x_wconf 92' lang='lat' dir='ltr'><strong>in-</strong></span> 
     </span>
    </p>
   </div>
   <div class='ocr_carea' id='block_1_69' title="bbox 2113 4005 3716 4077">
    <p class='ocr_par' dir='ltr' id='par_1_69' title="bbox 2113 4005 3716 4077">
     <span class='ocr_line' id='line_1_69' title="bbox 2113 4005 3716 4077; baseline -0.001 -16"><span class='ocrx_word' id='word_1_593' title='bbox 2113 4007 2420 4063; x_wconf 91' lang='lat' dir='ltr'><strong>troductam</strong></span> <span class='ocrx_word' id='word_1_594' title='bbox 2457 4006 2931 4077; x_wconf 91' lang='lat' dir='ltr'><strong>interruptionem.</strong></span> <span class='ocrx_word' id='word_1_595' title='bbox 2988 4006 3198 4061; x_wconf 88' lang='lat' dir='ltr'><strong>Eadem</strong></span> <span class='ocrx_word' id='word_1_596' title='bbox 3246 4006 3392 4061; x_wconf 90' lang='lat' dir='ltr'><strong>enim</strong></span> <span class='ocrx_word' id='word_1_597' title='bbox 3437 4005 3548 4061; x_wconf 89' lang='lat' dir='ltr'><strong>fere</strong></span> <span class='ocrx_word' id='word_1_598' title='bbox 3579 4007 3716 4061; x_wconf 91' lang='lat' dir='ltr'><strong>hora</strong></span> 
     </span>
    </p>
   </div>
   <div class='ocr_carea' id='block_1_70' title="bbox 2115 4094 3712 4166">
    <p class='ocr_par' dir='ltr' id='par_1_70' title="bbox 2115 4094 3712 4166">
     <span class='ocr_line' id='line_1_70' title="bbox 2115 4094 3712 4166; baseline -0.001 -17"><span class='ocrx_word' id='word_1_599' title='bbox 2115 4110 2224 4166; x_wconf 90' lang='lat' dir='ltr'><strong>qua</strong></span> <span class='ocrx_word' id='word_1_600' title='bbox 2272 4094 2567 4166; x_wconf 85' lang='lat' dir='ltr'><strong>surgebant</strong></span> <span class='ocrx_word' id='word_1_601' title='bbox 2614 4102 2799 4149; x_wconf 70' lang='lat' dir='ltr'><strong>testate</strong></span> <span class='ocrx_word' id='word_1_602' title='bbox 2845 4094 3050 4164; x_wconf 90' lang='lat' dir='ltr'><strong>antiqui</strong></span> <span class='ocrx_word' id='word_1_603' title='bbox 3099 4095 3305 4161; x_wconf 91' lang='lat' dir='ltr'><strong>Patres,</strong></span> <span class='ocrx_word' id='word_1_604' title='bbox 3356 4110 3456 4149; x_wconf 92' lang='lat' dir='ltr'><strong>nos</strong></span> <span class='ocrx_word' id='word_1_605' title='bbox 3487 4101 3712 4148; x_wconf 91' lang='lat' dir='ltr'><strong>stratum</strong></span> 
     </span>
    </p>
   </div>
   <div class='ocr_carea' id='block_1_71' title="bbox 2113 4182 3426 4254">
    <p class='ocr_par' dir='ltr' id='par_1_71' title="bbox 2113 4182 3426 4254">
     <span class='ocr_line' id='line_1_71' title="bbox 2113 4182 3426 4254; baseline -0.002 -17"><span class='ocrx_word' id='word_1_606' title='bbox 2113 4190 2237 4254; x_wconf 91' lang='lat' dir='ltr'><strong>post</strong></span> <span class='ocrx_word' id='word_1_607' title='bbox 2267 4182 2571 4253; x_wconf 87' lang='lat' dir='ltr'><strong>persolutas</strong></span> <span class='ocrx_word' id='word_1_608' title='bbox 2602 4182 2895 4236; x_wconf 89' lang='lat' dir='ltr'><strong>matutinas</strong></span> <span class='ocrx_word' id='word_1_609' title='bbox 2924 4198 3067 4236; x_wconf 92' lang='lat' dir='ltr'><strong>nunc</strong></span> <span class='ocrx_word' id='word_1_610' title='bbox 3107 4182 3426 4252; x_wconf 90' lang='lat' dir='ltr'><strong>repetimus.</strong></span> 
     </span>
    </p>
   </div>
   <div class='ocr_carea' id='block_1_72' title="bbox 2184 4268 3710 4342">
    <p class='ocr_par' dir='ltr' id='par_1_72' title="bbox 2184 4268 3710 4342">
     <span class='ocr_line' id='line_1_72' title="bbox 2184 4268 3710 4342; baseline 0 -18"><span class='ocrx_word' id='word_1_611' title='bbox 2184 4270 2322 4325; x_wconf 92' lang='lat' dir='ltr'><strong>Ibid.</strong></span> <span class='ocrx_word' id='word_1_612' title='bbox 2354 4272 2471 4339; x_wconf 85' lang='lat' dir='ltr'><strong>Qua</strong></span> <span class='ocrx_word' id='word_1_613' title='bbox 2492 4274 2685 4325; x_wconf 87' lang='lat' dir='ltr'><strong>autem</strong></span> <span class='ocrx_word' id='word_1_614' title='bbox 2702 4270 2839 4325; x_wconf 86' lang='lat' dir='ltr'><strong>hora</strong></span> <span class='ocrx_word' id='word_1_615' title='bbox 2860 4287 2895 4324; x_wconf 86' lang='grc' dir='ltr'><em>α</em></span> <span class='ocrx_word' id='word_1_616' title='bbox 2916 4269 3134 4325; x_wconf 86' lang='lat' dir='ltr'><strong>Pascha</strong></span> <span class='ocrx_word' id='word_1_617' title='bbox 3155 4285 3326 4342; x_wconf 85' lang='lat' dir='ltr'><strong>usque</strong></span> <span class='ocrx_word' id='word_1_618' title='bbox 3344 4268 3416 4323; x_wconf 89' lang='lat' dir='ltr'><strong>ad</strong></span> <span class='ocrx_word' id='word_1_619' title='bbox 3428 4268 3710 4324; x_wconf 84' lang='lat' dir='ltr'><strong>Kalendas</strong></span> 
     </span>
    </p>
   </div>
   <div class='ocr_carea' id='block_1_73' title="bbox 2116 4357 3715 4425">
    <p class='ocr_par' dir='ltr' id='par_1_73' title="bbox 2116 4357 3715 4425">
     <span class='ocr_line' id='line_1_73' title="bbox 2116 4357 3715 4425; baseline -0.002 -11"><span class='ocrx_word' id='word_1_620' title='bbox 2116 4359 2382 4425; x_wconf 82' lang='lat' dir='ltr'><strong>Octobris,</strong></span> <span class='ocrx_word' id='word_1_621' title='bbox 2403 4366 2507 4413; x_wconf 91' lang='lat' dir='ltr'><strong>etc.</strong></span> <span class='ocrx_word' id='word_1_622' title='bbox 2532 4359 2654 4413; x_wconf 88' lang='lat' dir='ltr'><strong>Sole</strong></span> <span class='ocrx_word' id='word_1_623' title='bbox 2678 4358 2935 4413; x_wconf 87' lang='lat' dir='ltr'><strong>videlicet</strong></span> <span class='ocrx_word' id='word_1_624' title='bbox 2954 4372 3200 4413; x_wconf 86' lang='lat' dir='ltr'><strong>summos</strong></span> <span class='ocrx_word' id='word_1_625' title='bbox 3224 4357 3544 4412; x_wconf 84' lang='lat' dir='ltr'><strong>irradiante</strong></span> <span class='ocrx_word' id='word_1_626' title='bbox 3560 4372 3715 4412; x_wconf 88' lang='lat' dir='ltr'><strong>mon-</strong></span> 
     </span>
    </p>
   </div>
   <div class='ocr_carea' id='block_1_74' title="bbox 2116 4443 3717 4515">
    <p class='ocr_par' dir='ltr' id='par_1_74' title="bbox 2116 4443 3717 4515">
     <span class='ocr_line' id='line_1_74' title="bbox 2116 4443 3717 4515; baseline -0.002 -14"><span class='ocrx_word' id='word_1_627' title='bbox 2116 4452 2215 4501; x_wconf 86' lang='lat' dir='ltr'><strong>tes.</strong></span> <span class='ocrx_word' id='word_1_628' title='bbox 2250 4446 2371 4501; x_wconf 91' lang='lat' dir='ltr'><strong>Non</strong></span> <span class='ocrx_word' id='word_1_629' title='bbox 2402 4446 2469 4499; x_wconf 92' lang='lat' dir='ltr'><strong>de</strong></span> <span class='ocrx_word' id='word_1_630' title='bbox 2499 4460 2605 4500; x_wconf 93' lang='lat' dir='ltr'><strong>uno</strong></span> <span class='ocrx_word' id='word_1_631' title='bbox 2636 4453 2837 4499; x_wconf 89' lang='lat' dir='ltr'><strong>tantum</strong></span> <span class='ocrx_word' id='word_1_632' title='bbox 2867 4453 3050 4499; x_wconf 89' lang='lat' dir='ltr'><strong>monte</strong></span> <span class='ocrx_word' id='word_1_633' title='bbox 3080 4444 3339 4515; x_wconf 90' lang='lat' dir='ltr'><strong>loquitur,</strong></span> <span class='ocrx_word' id='word_1_634' title='bbox 3375 4444 3474 4498; x_wconf 90' lang='lat' dir='ltr'><strong>sed</strong></span> <span class='ocrx_word' id='word_1_635' title='bbox 3505 4444 3574 4498; x_wconf 89' lang='lat' dir='ltr'><strong>de</strong></span> <span class='ocrx_word' id='word_1_636' title='bbox 3594 4443 3717 4513; x_wconf 90' lang='lat' dir='ltr'><strong>plu-</strong></span> 
     </span>
    </p>
   </div>
   <div class='ocr_carea' id='block_1_75' title="bbox 2116 4531 3714 4603">
    <p class='ocr_par' dir='ltr' id='par_1_75' title="bbox 2116 4531 3714 4603">
     <span class='ocr_line' id='line_1_75' title="bbox 2116 4531 3714 4603; baseline -0.001 -16"><span class='ocrx_word' id='word_1_637' title='bbox 2116 4534 2286 4587; x_wconf 90' lang='lat' dir='ltr'><strong>ribus.</strong></span> <span class='ocrx_word' id='word_1_638' title='bbox 2324 4535 2419 4587; x_wconf 90' lang='lat' dir='ltr'><strong>Est</strong></span> <span class='ocrx_word' id='word_1_639' title='bbox 2448 4541 2632 4588; x_wconf 88' lang='lat' dir='ltr'><strong>autem</strong></span> <span class='ocrx_word' id='word_1_640' title='bbox 2662 4548 2826 4603; x_wconf 90' lang='lat' dir='ltr'><strong>rupes</strong></span> <span class='ocrx_word' id='word_1_641' title='bbox 2856 4531 3123 4587; x_wconf 89' lang='lat' dir='ltr'><strong>altissima</strong></span> <span class='ocrx_word' id='word_1_642' title='bbox 3151 4538 3341 4586; x_wconf 89' lang='lat' dir='ltr'><strong>vocata</strong></span> <span class='ocrx_word' id='word_1_643' title='bbox 3362 4573 3374 4597; x_wconf 94' lang='lat'><strong>,</strong></span> <span class='ocrx_word' id='word_1_644' title='bbox 3420 4532 3476 4585; x_wconf 89' lang='lat' dir='ltr'><strong>la</strong></span> <span class='ocrx_word' id='word_1_645' title='bbox 3522 4531 3714 4602; x_wconf 88' lang='lat' dir='ltr'><strong>pointe</strong></span> 
     </span>
    </p>
   </div>
   <div class='ocr_carea' id='block_1_76' title="bbox 2118 4618 3717 4686">
    <p class='ocr_par' dir='ltr' id='par_1_76' title="bbox 2118 4618 3717 4686">
     <span class='ocr_line' id='line_1_76' title="bbox 2118 4618 3717 4686; baseline -0.003 -9"><span class='ocrx_word' id='word_1_646' title='bbox 2118 4623 2193 4677; x_wconf 90' lang='lat' dir='ltr'><strong>du</strong></span> <span class='ocrx_word' id='word_1_647' title='bbox 2214 4622 2363 4686; x_wconf 74' lang='grc' dir='ltr'><strong>Μὶιίὶ,</strong></span> <span class='ocrx_word' id='word_1_648' title='bbox 2387 4636 2453 4676; x_wconf 90' lang='lat' dir='ltr'><strong>ac</strong></span> <span class='ocrx_word' id='word_1_649' title='bbox 2494 4621 2538 4675; x_wconf 90' lang='lat' dir='ltr'><strong>si</strong></span> <span class='ocrx_word' id='word_1_650' title='bbox 2561 4621 2860 4685; x_wconf 90' lang='lat' dir='ltr'><strong>diceretur,</strong></span> <span class='ocrx_word' id='word_1_651' title='bbox 2892 4618 3029 4674; x_wconf 78' lang='lat' dir='ltr'><strong>acus</strong></span> <span class='ocrx_word' id='word_1_652' title='bbox 3048 4619 3482 4674; x_wconf 81' lang='lat' dir='ltr'><strong>meridionalem</strong></span> <span class='ocrx_word' id='word_1_653' title='bbox 3505 4620 3717 4674; x_wconf 86' lang='lat' dir='ltr'><strong>lineam</strong></span> 
     </span>
    </p>
   </div>
   <div class='ocr_carea' id='block_1_77' title="bbox 420 4687 3716 4783">
    <p class='ocr_par' dir='ltr' id='par_1_77' title="bbox 420 4687 3716 4783">
     <span class='ocr_line' id='line_1_77' title="bbox 420 4687 3716 4783; baseline -0.004 -13"><span class='ocrx_word' id='word_1_654' title='bbox 420 4722 605 4770; x_wconf 90' lang='lat' dir='ltr'><strong>rentur</strong></span> <span class='ocrx_word' id='word_1_655' title='bbox 627 4755 643 4781; x_wconf 91' lang='lat'><strong>,</strong></span> <span class='ocrx_word' id='word_1_656' title='bbox 696 4720 750 4768; x_wconf 92' lang='lat' dir='ltr'><strong>et</strong></span> <span class='ocrx_word' id='word_1_657' title='bbox 796 4729 893 4783; x_wconf 92' lang='lat' dir='ltr'><strong>per</strong></span> <span class='ocrx_word' id='word_1_658' title='bbox 935 4711 1113 4766; x_wconf 90' lang='lat' dir='ltr'><strong>somni</strong></span> <span class='ocrx_word' id='word_1_659' title='bbox 1159 4708 1625 4779; x_wconf 89' lang='lat' dir='ltr'><strong>interpositionem</strong></span> <span class='ocrx_word' id='word_1_660' title='bbox 1673 4708 1905 4762; x_wconf 89' lang='lat' dir='ltr'><strong>discrete</strong></span> <span class='ocrx_word' id='word_1_661' title='bbox 1936 4706 2014 4762; x_wconf 88' lang='lat' dir='ltr'><strong>sic</strong></span> <span class='ocrx_word' id='word_1_662' title='bbox 2046 4687 2091 4746; x_wconf 74' lang='grc' dir='ltr'><strong>Ο</strong></span> <span class='ocrx_word' id='word_1_663' title='bbox 2114 4709 2415 4780; x_wconf 81' lang='lat' dir='ltr'><strong>designans</strong></span> <span class='ocrx_word' id='word_1_664' title='bbox 2435 4750 2449 4777; x_wconf 96' lang='lat'><strong>,</strong></span> <span class='ocrx_word' id='word_1_665' title='bbox 2500 4708 2587 4763; x_wconf 93' lang='lat' dir='ltr'><strong>cui</strong></span> <span class='ocrx_word' id='word_1_666' title='bbox 2634 4708 2815 4762; x_wconf 87' lang='lat' dir='ltr'><strong>radios</strong></span> <span class='ocrx_word' id='word_1_667' title='bbox 2845 4706 3019 4777; x_wconf 85' lang='lat' dir='ltr'><strong>inﬁgit</strong></span> <span class='ocrx_word' id='word_1_668' title='bbox 3047 4707 3130 4760; x_wconf 90' lang='lat' dir='ltr'><strong>sol</strong></span> <span class='ocrx_word' id='word_1_669' title='bbox 3161 4707 3340 4760; x_wconf 89' lang='lat' dir='ltr'><strong>statim</strong></span> <span class='ocrx_word' id='word_1_670' title='bbox 3371 4714 3534 4778; x_wconf 90' lang='lat' dir='ltr'><strong>atque</strong></span> <span class='ocrx_word' id='word_1_671' title='bbox 3563 4712 3716 4761; x_wconf 91' lang='lat' dir='ltr'><strong>ortus</strong></span> 
     </span>
    </p>
   </div>
   <div class='ocr_carea' id='block_1_78' title="bbox 423 4795 2011 4874">
    <p class='ocr_par' dir='ltr' id='par_1_78' title="bbox 423 4795 2011 4874">
     <span class='ocr_line' id='line_1_78' title="bbox 423 4795 2011 4874; baseline -0.004 -17"><span class='ocrx_word' id='word_1_672' title='bbox 423 4810 689 4874; x_wconf 69' lang='lat' dir='ltr'><strong>reparatae</strong></span> <span class='ocrx_word' id='word_1_673' title='bbox 716 4807 1166 4856; x_wconf 89' lang='lat' dir='ltr'><strong>conservarentur</strong></span> <span class='ocrx_word' id='word_1_674' title='bbox 1191 4817 1206 4865; x_wconf 88' lang='lat'><strong>;</strong></span> <span class='ocrx_word' id='word_1_675' title='bbox 1240 4797 1470 4851; x_wconf 88' lang='lat' dir='ltr'><strong>maxime</strong></span> <span class='ocrx_word' id='word_1_676' title='bbox 1499 4812 1623 4851; x_wconf 90' lang='lat' dir='ltr'><strong>cum</strong></span> <span class='ocrx_word' id='word_1_677' title='bbox 1652 4803 1841 4850; x_wconf 88' lang='lat' dir='ltr'><strong>cantus</strong></span> <span class='ocrx_word' id='word_1_678' title='bbox 1871 4795 2011 4850; x_wconf 89' lang='lat' dir='ltr'><strong>Gre-</strong></span> 
     </span>
    </p>
   </div>
   <div class='ocr_carea' id='block_1_79' title="bbox 418 4884 2013 4962">
    <p class='ocr_par' dir='ltr' id='par_1_79' title="bbox 418 4884 2013 4962">
     <span class='ocr_line' id='line_1_79' title="bbox 418 4884 2013 4962; baseline -0.006 -16"><span class='ocrx_word' id='word_1_679' title='bbox 418 4890 676 4962; x_wconf 87' lang='lat' dir='ltr'><strong>gorianus</strong></span> <span class='ocrx_word' id='word_1_680' title='bbox 716 4888 860 4959; x_wconf 88' lang='lat' dir='ltr'><strong>apud</strong></span> <span class='ocrx_word' id='word_1_681' title='bbox 908 4903 1009 4941; x_wconf 93' lang='lat' dir='ltr'><strong>nos</strong></span> <span class='ocrx_word' id='word_1_682' title='bbox 1050 4887 1105 4941; x_wconf 90' lang='lat' dir='ltr'><strong>in</strong></span> <span class='ocrx_word' id='word_1_683' title='bbox 1151 4903 1254 4939; x_wconf 91' lang='lat' dir='ltr'><strong>usu</strong></span> <span class='ocrx_word' id='word_1_684' title='bbox 1284 4892 1430 4939; x_wconf 89' lang='lat' dir='ltr'><strong>esset</strong></span> <span class='ocrx_word' id='word_1_685' title='bbox 1460 4885 1641 4954; x_wconf 90' lang='lat' dir='ltr'><strong>(quem</strong></span> <span class='ocrx_word' id='word_1_686' title='bbox 1675 4884 2013 4954; x_wconf 89' lang='lat' dir='ltr'><strong>temporibus</strong></span> 
     </span>
    </p>
   </div>
   <div class='ocr_carea' id='block_1_80' title="bbox 414 4972 2014 5050">
    <p class='ocr_par' dir='ltr' id='par_1_80' title="bbox 414 4972 2014 5050">
     <span class='ocr_line' id='line_1_80' title="bbox 414 4972 2014 5050; baseline -0.006 -17"><span class='ocrx_word' id='word_1_687' title='bbox 414 4979 713 5050; x_wconf 90' lang='lat' dir='ltr'><strong>primorum</strong></span> <span class='ocrx_word' id='word_1_688' title='bbox 760 4980 975 5032; x_wconf 89' lang='lat' dir='ltr'><strong>Patrum</strong></span> <span class='ocrx_word' id='word_1_689' title='bbox 1025 4973 1322 5028; x_wconf 88' lang='lat' dir='ltr'><strong>admissum</strong></span> <span class='ocrx_word' id='word_1_690' title='bbox 1366 4972 1532 5027; x_wconf 88' lang='lat' dir='ltr'><strong>fuisse</strong></span> <span class='ocrx_word' id='word_1_691' title='bbox 1579 4972 1635 5025; x_wconf 91' lang='lat' dir='ltr'><strong>in</strong></span> <span class='ocrx_word' id='word_1_692' title='bbox 1683 4972 1875 5026; x_wconf 91' lang='lat' dir='ltr'><strong>ordine</strong></span> <span class='ocrx_word' id='word_1_693' title='bbox 1903 4987 2014 5025; x_wconf 92' lang='lat' dir='ltr'><strong>non</strong></span> 
     </span>
    </p>
   </div>
   <div class='ocr_carea' id='block_1_81' title="bbox 418 5059 2015 5135">
    <p class='ocr_par' dir='ltr' id='par_1_81' title="bbox 418 5059 2015 5135">
     <span class='ocr_line' id='line_1_81' title="bbox 418 5059 2015 5135; baseline -0.005 -13"><span class='ocrx_word' id='word_1_694' title='bbox 418 5066 736 5135; x_wconf 89' lang='lat' dir='ltr'><strong>credimus),</strong></span> <span class='ocrx_word' id='word_1_695' title='bbox 770 5071 823 5119; x_wconf 92' lang='lat' dir='ltr'><strong>et</strong></span> <span class='ocrx_word' id='word_1_696' title='bbox 850 5079 915 5119; x_wconf 91' lang='lat' dir='ltr'><strong>eo</strong></span> <span class='ocrx_word' id='word_1_697' title='bbox 946 5069 1107 5118; x_wconf 89' lang='lat' dir='ltr'><strong>cantu</strong></span> <span class='ocrx_word' id='word_1_698' title='bbox 1137 5060 1299 5117; x_wconf 78' lang='lat' dir='ltr'><strong>officii</strong></span> <span class='ocrx_word' id='word_1_699' title='bbox 1351 5060 1519 5115; x_wconf 82' lang='lat' dir='ltr'><strong>divini</strong></span> <span class='ocrx_word' id='word_1_700' title='bbox 1574 5059 1858 5131; x_wconf 88' lang='lat' dir='ltr'><strong>prolixitas</strong></span> <span class='ocrx_word' id='word_1_701' title='bbox 1903 5074 2015 5114; x_wconf 89' lang='lat' dir='ltr'><strong>non</strong></span> 
     </span>
    </p>
   </div>
   <div class='ocr_carea' id='block_1_82' title="bbox 416 5150 1193 5210">
    <p class='ocr_par' dir='ltr' id='par_1_82' title="bbox 416 5150 1193 5210">
     <span class='ocr_line' id='line_1_82' title="bbox 416 5150 1193 5210; baseline -0.009 -1"><span class='ocrx_word' id='word_1_702' title='bbox 416 5153 768 5210; x_wconf 88' lang='lat' dir='ltr'><strong>mediocriter</strong></span> <span class='ocrx_word' id='word_1_703' title='bbox 798 5159 953 5207; x_wconf 90' lang='lat' dir='ltr'><strong>aucta</strong></span> <span class='ocrx_word' id='word_1_704' title='bbox 980 5150 1193 5205; x_wconf 81' lang='lat' dir='ltr'><strong>fuisset.</strong></span> 
     </span>
    </p>
   </div>
   <div class='ocr_carea' id='block_1_83' title="bbox 488 5235 2015 5312">
    <p class='ocr_par' dir='ltr' id='par_1_83' title="bbox 488 5235 2015 5312">
     <span class='ocr_line' id='line_1_83' title="bbox 488 5235 2015 5312; baseline -0.007 -15"><span class='ocrx_word' id='word_1_705' title='bbox 488 5244 651 5297; x_wconf 93' lang='lat' dir='ltr'><strong>Num.</strong></span> <span class='ocrx_word' id='word_1_706' title='bbox 668 5245 720 5296; x_wconf 89' lang='lat'><strong>3.</strong></span> <span class='ocrx_word' id='word_1_707' title='bbox 737 5241 775 5295; x_wconf 84' lang='grc' dir='ltr'><em>Α</em></span> <span class='ocrx_word' id='word_1_708' title='bbox 790 5240 1080 5312; x_wconf 68' lang='lat' dir='ltr'><strong>praedictis</strong></span> <span class='ocrx_word' id='word_1_709' title='bbox 1098 5237 1362 5293; x_wconf 82' lang='lat' dir='ltr'><strong>Kalendis</strong></span> <span class='ocrx_word' id='word_1_710' title='bbox 1373 5238 1620 5308; x_wconf 78' lang='lat' dir='ltr'><strong>primum</strong></span> <span class='ocrx_word' id='word_1_711' title='bbox 1640 5237 1744 5291; x_wconf 75' lang='lat' dir='ltr'><strong>tua:</strong></span> <span class='ocrx_word' id='word_1_712' title='bbox 1766 5235 2015 5291; x_wconf 84' lang='lat' dir='ltr'><strong>inchoat.</strong></span> 
     </span>
    </p>
   </div>
   <div class='ocr_carea' id='block_1_84' title="bbox 421 5322 2020 5401">
    <p class='ocr_par' dir='ltr' id='par_1_84' title="bbox 421 5322 2020 5401">
     <span class='ocr_line' id='line_1_84' title="bbox 421 5322 2020 5401; baseline -0.006 -17"><span class='ocrx_word' id='word_1_713' title='bbox 421 5331 553 5386; x_wconf 91' lang='lat' dir='ltr'><strong>Inde</strong></span> <span class='ocrx_word' id='word_1_714' title='bbox 582 5328 861 5401; x_wconf 85' lang='lat' dir='ltr'><strong>colligitur</strong></span> <span class='ocrx_word' id='word_1_715' title='bbox 889 5328 1033 5399; x_wconf 90' lang='lat' dir='ltr'><strong>quod</strong></span> <span class='ocrx_word' id='word_1_716' title='bbox 1060 5326 1208 5380; x_wconf 91' lang='lat' dir='ltr'><strong>brevi</strong></span> <span class='ocrx_word' id='word_1_717' title='bbox 1242 5325 1531 5380; x_wconf 89' lang='lat' dir='ltr'><strong>intervallo</strong></span> <span class='ocrx_word' id='word_1_718' title='bbox 1560 5332 1684 5394; x_wconf 90' lang='lat' dir='ltr'><strong>post</strong></span> <span class='ocrx_word' id='word_1_719' title='bbox 1732 5322 2020 5376; x_wconf 89' lang='lat' dir='ltr'><strong>matutinas</strong></span> 
     </span>
    </p>
   </div>
   <div class='ocr_carea' id='block_1_85' title="bbox 418 5409 2022 5488">
    <p class='ocr_par' dir='ltr' id='par_1_85' title="bbox 418 5409 2022 5488">
     <span class='ocr_line' id='line_1_85' title="bbox 418 5409 2022 5488; baseline -0.007 -13"><span class='ocrx_word' id='word_1_720' title='bbox 418 5419 576 5485; x_wconf 86' lang='lat' dir='ltr'><strong>facto,</strong></span> <span class='ocrx_word' id='word_1_721' title='bbox 605 5418 692 5472; x_wconf 89' lang='lat' dir='ltr'><strong>die</strong></span> <span class='ocrx_word' id='word_1_722' title='bbox 722 5416 881 5488; x_wconf 89' lang='lat' dir='ltr'><strong>paulo</strong></span> <span class='ocrx_word' id='word_1_723' title='bbox 913 5414 1146 5486; x_wconf 91' lang='lat' dir='ltr'><strong>amplius</strong></span> <span class='ocrx_word' id='word_1_724' title='bbox 1184 5414 1383 5479; x_wconf 89' lang='lat' dir='ltr'><strong>lucida,</strong></span> <span class='ocrx_word' id='word_1_725' title='bbox 1403 5413 1505 5468; x_wconf 87' lang='lat' dir='ltr'><strong>hac</strong></span> <span class='ocrx_word' id='word_1_726' title='bbox 1546 5411 1674 5466; x_wconf 90' lang='lat' dir='ltr'><strong>anni</strong></span> <span class='ocrx_word' id='word_1_727' title='bbox 1704 5417 1874 5482; x_wconf 90' lang='lat' dir='ltr'><strong>parte,</strong></span> <span class='ocrx_word' id='word_1_728' title='bbox 1902 5409 2022 5480; x_wconf 86' lang='lat' dir='ltr'><strong>pul-</strong></span> 
     </span>
    </p>
   </div>
   <div class='ocr_carea' id='block_1_86' title="bbox 419 5498 2021 5575">
    <p class='ocr_par' dir='ltr' id='par_1_86' title="bbox 419 5498 2021 5575">
     <span class='ocr_line' id='line_1_86' title="bbox 419 5498 2021 5575; baseline -0.007 -12"><span class='ocrx_word' id='word_1_729' title='bbox 419 5515 631 5568; x_wconf 81' lang='lat' dir='ltr'><strong>saretur</strong></span> <span class='ocrx_word' id='word_1_730' title='bbox 658 5506 728 5560; x_wconf 89' lang='lat' dir='ltr'><strong>ad</strong></span> <span class='ocrx_word' id='word_1_731' title='bbox 756 5505 1007 5575; x_wconf 85' lang='lat' dir='ltr'><strong>primam.</strong></span> <span class='ocrx_word' id='word_1_732' title='bbox 1033 5504 1253 5559; x_wconf 72' lang='lat' dir='ltr'><strong>Exinde</strong></span> <span class='ocrx_word' id='word_1_733' title='bbox 1274 5504 1407 5557; x_wconf 86' lang='lat' dir='ltr'><strong>solis</strong></span> <span class='ocrx_word' id='word_1_734' title='bbox 1431 5505 1589 5559; x_wconf 80' lang='lat' dir='ltr'><strong>ortus</strong></span> <span class='ocrx_word' id='word_1_735' title='bbox 1611 5502 1932 5571; x_wconf 64' lang='lat' dir='ltr'><strong>exspectat.</strong></span> <span class='ocrx_word' id='word_1_736' title='bbox 1960 5498 2021 5552; x_wconf 92' lang='lat' dir='ltr'><strong>Id</strong></span> 
     </span>
    </p>
   </div>
   <div class='ocr_carea' id='block_1_87' title="bbox 422 5587 2021 5663">
    <p class='ocr_par' dir='ltr' id='par_1_87' title="bbox 422 5587 2021 5663">
     <span class='ocr_line' id='line_1_87' title="bbox 422 5587 2021 5663; baseline -0.007 -12"><span class='ocrx_word' id='word_1_737' title='bbox 422 5603 505 5651; x_wconf 90' lang='lat' dir='ltr'><strong>est</strong></span> <span class='ocrx_word' id='word_1_738' title='bbox 533 5595 707 5649; x_wconf 88' lang='lat' dir='ltr'><strong>altera</strong></span> <span class='ocrx_word' id='word_1_739' title='bbox 735 5593 862 5648; x_wconf 89' lang='lat' dir='ltr'><strong>anni</strong></span> <span class='ocrx_word' id='word_1_740' title='bbox 903 5599 1053 5663; x_wconf 90' lang='lat' dir='ltr'><strong>parte</strong></span> <span class='ocrx_word' id='word_1_741' title='bbox 1096 5608 1127 5645; x_wconf 92' lang='lat' dir='ltr'><strong>a</strong></span> <span class='ocrx_word' id='word_1_742' title='bbox 1174 5592 1381 5646; x_wconf 88' lang='lat' dir='ltr'><strong>Pascha</strong></span> <span class='ocrx_word' id='word_1_743' title='bbox 1425 5605 1599 5661; x_wconf 90' lang='lat' dir='ltr'><strong>usque</strong></span> <span class='ocrx_word' id='word_1_744' title='bbox 1645 5588 1713 5642; x_wconf 90' lang='lat' dir='ltr'><strong>ad</strong></span> <span class='ocrx_word' id='word_1_745' title='bbox 1746 5587 2021 5642; x_wconf 89' lang='lat' dir='ltr'><strong>Kalendas</strong></span> 
     </span>
    </p>
   </div>
   <div class='ocr_carea' id='block_1_88' title="bbox 426 5676 2024 5749">
    <p class='ocr_par' dir='ltr' id='par_1_88' title="bbox 426 5676 2024 5749">
     <span class='ocr_line' id='line_1_88' title="bbox 426 5676 2024 5749; baseline -0.006 -10"><span class='ocrx_word' id='word_1_746' title='bbox 426 5681 708 5749; x_wconf 86' lang='lat' dir='ltr'><strong>Octobris,</strong></span> <span class='ocrx_word' id='word_1_747' title='bbox 741 5681 1043 5737; x_wconf 90' lang='lat' dir='ltr'><strong>secundum</strong></span> <span class='ocrx_word' id='word_1_748' title='bbox 1074 5679 1256 5736; x_wconf 92' lang='lat' dir='ltr'><strong>varios</strong></span> <span class='ocrx_word' id='word_1_749' title='bbox 1287 5679 1417 5736; x_wconf 91' lang='lat' dir='ltr'><strong>solis</strong></span> <span class='ocrx_word' id='word_1_750' title='bbox 1446 5686 1593 5737; x_wconf 89' lang='lat' dir='ltr'><strong>ortus</strong></span> <span class='ocrx_word' id='word_1_751' title='bbox 1640 5676 1906 5735; x_wconf 88' lang='lat' dir='ltr'><strong>tardiores</strong></span> <span class='ocrx_word' id='word_1_752' title='bbox 1934 5684 2024 5730; x_wconf 90' lang='lat' dir='ltr'><strong>aut</strong></span> 
     </span>
    </p>
   </div>
   <div class='ocr_carea' id='block_1_89' title="bbox 2113 4794 3713 4866">
    <p class='ocr_par' dir='ltr' id='par_1_89' title="bbox 2113 4794 3713 4866">
     <span class='ocr_line' id='line_1_89' title="bbox 2113 4794 3713 4866; baseline -0.003 -15"><span class='ocrx_word' id='word_1_753' title='bbox 2113 4805 2194 4851; x_wconf 90' lang='lat' dir='ltr'><strong>est</strong></span> <span class='ocrx_word' id='word_1_754' title='bbox 2224 4796 2280 4849; x_wconf 93' lang='lat' dir='ltr'><strong>in</strong></span> <span class='ocrx_word' id='word_1_755' title='bbox 2309 4796 2496 4851; x_wconf 78' lang='lat' dir='ltr'><strong>aestivo</strong></span> <span class='ocrx_word' id='word_1_756' title='bbox 2527 4796 2789 4863; x_wconf 90' lang='lat' dir='ltr'><strong>solstitio,</strong></span> <span class='ocrx_word' id='word_1_757' title='bbox 2821 4795 2984 4866; x_wconf 92' lang='lat' dir='ltr'><strong>paulo</strong></span> <span class='ocrx_word' id='word_1_758' title='bbox 3012 4804 3135 4865; x_wconf 88' lang='lat' dir='ltr'><strong>post</strong></span> <span class='ocrx_word' id='word_1_759' title='bbox 3164 4802 3408 4865; x_wconf 87' lang='lat' dir='ltr'><strong>quartam</strong></span> <span class='ocrx_word' id='word_1_760' title='bbox 3430 4836 3442 4860; x_wconf 93' lang='lat'><strong>,</strong></span> <span class='ocrx_word' id='word_1_761' title='bbox 3484 4794 3582 4848; x_wconf 91' lang='lat' dir='ltr'><strong>sed</strong></span> <span class='ocrx_word' id='word_1_762' title='bbox 3615 4808 3713 4848; x_wconf 88' lang='lat' dir='ltr'><strong>an-</strong></span> 
     </span>
    </p>
   </div>
   <div class='ocr_carea' id='block_1_90' title="bbox 2113 4881 3712 4956">
    <p class='ocr_par' dir='ltr' id='par_1_90' title="bbox 2113 4881 3712 4956">
     <span class='ocr_line' id='line_1_90' title="bbox 2113 4881 3712 4956; baseline -0.004 -17"><span class='ocrx_word' id='word_1_763' title='bbox 2113 4893 2328 4956; x_wconf 90' lang='lat' dir='ltr'><strong>tequam</strong></span> <span class='ocrx_word' id='word_1_764' title='bbox 2376 4891 2589 4938; x_wconf 90' lang='lat' dir='ltr'><strong>montes</strong></span> <span class='ocrx_word' id='word_1_765' title='bbox 2638 4884 2717 4939; x_wconf 91' lang='lat' dir='ltr'><strong>sic</strong></span> <span class='ocrx_word' id='word_1_766' title='bbox 2769 4883 2877 4937; x_wconf 91' lang='lat' dir='ltr'><strong>sint</strong></span> <span class='ocrx_word' id='word_1_767' title='bbox 2921 4882 3167 4937; x_wconf 88' lang='lat' dir='ltr'><strong>irradiati</strong></span> <span class='ocrx_word' id='word_1_768' title='bbox 3211 4883 3351 4937; x_wconf 93' lang='lat' dir='ltr'><strong>hora</strong></span> <span class='ocrx_word' id='word_1_769' title='bbox 3395 4881 3583 4952; x_wconf 91' lang='lat' dir='ltr'><strong>quinta</strong></span> <span class='ocrx_word' id='word_1_770' title='bbox 3612 4888 3712 4946; x_wconf 91' lang='lat' dir='ltr'><strong>est,</strong></span> 
     </span>
    </p>
   </div>
   <div class='ocr_carea' id='block_1_91' title="bbox 2111 4967 3717 5043">
    <p class='ocr_par' dir='ltr' id='par_1_91' title="bbox 2111 4967 3717 5043">
     <span class='ocr_line' id='line_1_91' title="bbox 2111 4967 3717 5043; baseline -0.002 -17"><span class='ocrx_word' id='word_1_771' title='bbox 2111 4972 2255 5027; x_wconf 91' lang='lat' dir='ltr'><strong>unde</strong></span> <span class='ocrx_word' id='word_1_772' title='bbox 2276 4971 2585 5043; x_wconf 84' lang='lat' dir='ltr'><strong>colligimus</strong></span> <span class='ocrx_word' id='word_1_773' title='bbox 2602 4970 2744 5041; x_wconf 86' lang='lat' dir='ltr'><strong>quod</strong></span> <span class='ocrx_word' id='word_1_774' title='bbox 2765 4977 2953 5026; x_wconf 69' lang='lat' dir='ltr'><strong>aestate</strong></span> <span class='ocrx_word' id='word_1_775' title='bbox 2975 4969 3117 5024; x_wconf 90' lang='lat' dir='ltr'><strong>inter</strong></span> <span class='ocrx_word' id='word_1_776' title='bbox 3137 4967 3301 5023; x_wconf 85' lang='lat' dir='ltr'><strong>ﬁnem</strong></span> <span class='ocrx_word' id='word_1_777' title='bbox 3326 4968 3717 5023; x_wconf 88' lang='lat' dir='ltr'><strong>matutinarum</strong></span> 
     </span>
    </p>
   </div>
   <div class='ocr_carea' id='block_1_92' title="bbox 2113 5054 3716 5130">
    <p class='ocr_par' dir='ltr' id='par_1_92' title="bbox 2113 5054 3716 5130">
     <span class='ocr_line' id='line_1_92' title="bbox 2113 5054 3716 5130; baseline -0.006 -14"><span class='ocrx_word' id='word_1_778' title='bbox 2113 5068 2166 5116; x_wconf 92' lang='lat' dir='ltr'><strong>et</strong></span> <span class='ocrx_word' id='word_1_779' title='bbox 2196 5059 2430 5130; x_wconf 90' lang='lat' dir='ltr'><strong>primam</strong></span> <span class='ocrx_word' id='word_1_780' title='bbox 2460 5058 2549 5114; x_wconf 86' lang='lat' dir='ltr'><strong>vix</strong></span> <span class='ocrx_word' id='word_1_781' title='bbox 2582 5074 2727 5128; x_wconf 61' lang='lat' dir='ltr'><strong>saepe</strong></span> <span class='ocrx_word' id='word_1_782' title='bbox 2758 5059 2892 5112; x_wconf 89' lang='lat' dir='ltr'><strong>hora</strong></span> <span class='ocrx_word' id='word_1_783' title='bbox 2922 5056 3320 5122; x_wconf 90' lang='lat' dir='ltr'><strong>intercederet,</strong></span> <span class='ocrx_word' id='word_1_784' title='bbox 3353 5054 3439 5110; x_wconf 87' lang='lat' dir='ltr'><strong>vel</strong></span> <span class='ocrx_word' id='word_1_785' title='bbox 3465 5054 3533 5108; x_wconf 90' lang='lat' dir='ltr'><strong>ad</strong></span> <span class='ocrx_word' id='word_1_786' title='bbox 3561 5069 3716 5108; x_wconf 86' lang='lat' dir='ltr'><strong>sum-</strong></span> 
     </span>
    </p>
   </div>
   <div class='ocr_carea' id='block_1_93' title="bbox 2118 5146 2754 5202">
    <p class='ocr_par' dir='ltr' id='par_1_93' title="bbox 2118 5146 2754 5202">
     <span class='ocr_line' id='line_1_93' title="bbox 2118 5146 2754 5202; baseline -0.005 0"><span class='ocrx_word' id='word_1_787' title='bbox 2118 5163 2268 5202; x_wconf 93' lang='lat' dir='ltr'><strong>mum</strong></span> <span class='ocrx_word' id='word_1_788' title='bbox 2297 5146 2431 5201; x_wconf 90' lang='lat' dir='ltr'><strong>hora</strong></span> <span class='ocrx_word' id='word_1_789' title='bbox 2461 5153 2512 5200; x_wconf 90' lang='lat' dir='ltr'><strong>et</strong></span> <span class='ocrx_word' id='word_1_790' title='bbox 2551 5146 2754 5199; x_wconf 90' lang='lat' dir='ltr'><strong>media.</strong></span> 
     </span>
    </p>
   </div>
   <div class='ocr_carea' id='block_1_94' title="bbox 2193 5231 3719 5303">
    <p class='ocr_par' dir='ltr' id='par_1_94' title="bbox 2193 5231 3719 5303">
     <span class='ocr_line' id='line_1_94' title="bbox 2193 5231 3719 5303; baseline -0.001 -16"><span class='ocrx_word' id='word_1_791' title='bbox 2193 5234 2328 5287; x_wconf 91' lang='lat' dir='ltr'><strong>Ibid.</strong></span> <span class='ocrx_word' id='word_1_792' title='bbox 2352 5234 2659 5289; x_wconf 74' lang='lat' dir='ltr'><strong>Exercitiis</strong></span> <span class='ocrx_word' id='word_1_793' title='bbox 2680 5232 3093 5303; x_wconf 83' lang='lat' dir='ltr'><strong>spiritualibus.</strong></span> <span class='ocrx_word' id='word_1_794' title='bbox 3116 5231 3259 5285; x_wconf 90' lang='lat' dir='ltr'><strong>Ecce</strong></span> <span class='ocrx_word' id='word_1_795' title='bbox 3280 5245 3541 5301; x_wconf 89' lang='lat' dir='ltr'><strong>expresse</strong></span> <span class='ocrx_word' id='word_1_796' title='bbox 3564 5238 3719 5286; x_wconf 89' lang='lat' dir='ltr'><strong>nota-</strong></span> 
     </span>
    </p>
   </div>
   <div class='ocr_carea' id='block_1_95' title="bbox 2121 5318 3715 5391">
    <p class='ocr_par' dir='ltr' id='par_1_95' title="bbox 2121 5318 3715 5391">
     <span class='ocr_line' id='line_1_95' title="bbox 2121 5318 3715 5391; baseline -0.001 -16"><span class='ocrx_word' id='word_1_797' title='bbox 2121 5329 2231 5375; x_wconf 89' lang='lat' dir='ltr'><strong>tum</strong></span> <span class='ocrx_word' id='word_1_798' title='bbox 2264 5328 2475 5391; x_wconf 90' lang='lat' dir='ltr'><strong>tempus</strong></span> <span class='ocrx_word' id='word_1_799' title='bbox 2523 5322 2591 5375; x_wconf 89' lang='lat' dir='ltr'><strong>ad</strong></span> <span class='ocrx_word' id='word_1_800' title='bbox 2640 5320 2940 5376; x_wconf 87' lang='lat' dir='ltr'><strong>orationem</strong></span> <span class='ocrx_word' id='word_1_801' title='bbox 2969 5318 3257 5373; x_wconf 84' lang='lat' dir='ltr'><strong>mentalem</strong></span> <span class='ocrx_word' id='word_1_802' title='bbox 3288 5327 3341 5373; x_wconf 90' lang='lat' dir='ltr'><strong>et</strong></span> <span class='ocrx_word' id='word_1_803' title='bbox 3371 5318 3598 5373; x_wconf 85' lang='lat' dir='ltr'><strong>devotas</strong></span> <span class='ocrx_word' id='word_1_804' title='bbox 3631 5320 3715 5374; x_wconf 86' lang='lat' dir='ltr'><strong>Ie-</strong></span> 
     </span>
    </p>
   </div>
   <div class='ocr_carea' id='block_1_96' title="bbox 2121 5406 3712 5480">
    <p class='ocr_par' dir='ltr' id='par_1_96' title="bbox 2121 5406 3712 5480">
     <span class='ocr_line' id='line_1_96' title="bbox 2121 5406 3712 5480; baseline -0.002 -16"><span class='ocrx_word' id='word_1_805' title='bbox 2121 5410 2329 5465; x_wconf 90' lang='lat' dir='ltr'><strong>ctiones</strong></span> <span class='ocrx_word' id='word_1_806' title='bbox 2372 5410 2514 5480; x_wconf 91' lang='lat' dir='ltr'><strong>apud</strong></span> <span class='ocrx_word' id='word_1_807' title='bbox 2562 5424 2663 5464; x_wconf 91' lang='lat' dir='ltr'><strong>nos</strong></span> <span class='ocrx_word' id='word_1_808' title='bbox 2712 5425 2929 5479; x_wconf 91' lang='lat' dir='ltr'><strong>semper</strong></span> <span class='ocrx_word' id='word_1_809' title='bbox 2958 5406 3234 5479; x_wconf 86' lang='lat' dir='ltr'><strong>assignari</strong></span> <span class='ocrx_word' id='word_1_810' title='bbox 3281 5406 3518 5463; x_wconf 87' lang='lat' dir='ltr'><strong>solitum.</strong></span> <span class='ocrx_word' id='word_1_811' title='bbox 3572 5409 3641 5462; x_wconf 89' lang='lat' dir='ltr'><strong>Et</strong></span> <span class='ocrx_word' id='word_1_812' title='bbox 3670 5407 3712 5461; x_wconf 90' lang='lat' dir='ltr'><strong>si</strong></span> 
     </span>
    </p>
   </div>
   <div class='ocr_carea' id='block_1_97' title="bbox 2122 5496 3718 5569">
    <p class='ocr_par' dir='ltr' id='par_1_97' title="bbox 2122 5496 3718 5569">
     <span class='ocr_line' id='line_1_97' title="bbox 2122 5496 3718 5569; baseline -0.001 -18"><span class='ocrx_word' id='word_1_813' title='bbox 2122 5499 2309 5569; x_wconf 89' lang='lat' dir='ltr'><strong>plures</strong></span> <span class='ocrx_word' id='word_1_814' title='bbox 2340 5499 2486 5552; x_wconf 65' lang='lat' dir='ltr'><strong>horae</strong></span> <span class='ocrx_word' id='word_1_815' title='bbox 2517 5497 2747 5553; x_wconf 90' lang='lat' dir='ltr'><strong>orationi</strong></span> <span class='ocrx_word' id='word_1_816' title='bbox 2777 5497 3000 5552; x_wconf 90' lang='lat' dir='ltr'><strong>mentali</strong></span> <span class='ocrx_word' id='word_1_817' title='bbox 3030 5496 3409 5567; x_wconf 67' lang='lat' dir='ltr'><strong>impendenda:</strong></span> <span class='ocrx_word' id='word_1_818' title='bbox 3436 5496 3581 5566; x_wconf 87' lang='lat' dir='ltr'><strong>apud</strong></span> <span class='ocrx_word' id='word_1_819' title='bbox 3619 5512 3718 5551; x_wconf 91' lang='lat' dir='ltr'><strong>nos</strong></span> 
     </span>
    </p>
   </div>
   <div class='ocr_carea' id='block_1_98' title="bbox 2122 5583 3717 5659">
    <p class='ocr_par' dir='ltr' id='par_1_98' title="bbox 2122 5583 3717 5659">
     <span class='ocr_line' id='line_1_98' title="bbox 2122 5583 3717 5659; baseline -0.002 -19"><span class='ocrx_word' id='word_1_820' title='bbox 2122 5603 2229 5641; x_wconf 87' lang='lat' dir='ltr'><strong>non</strong></span> <span class='ocrx_word' id='word_1_821' title='bbox 2261 5586 2607 5659; x_wconf 85' lang='lat' dir='ltr'><strong>assignentur</strong></span> <span class='ocrx_word' id='word_1_822' title='bbox 2630 5628 2643 5654; x_wconf 91' lang='lat'><strong>,</strong></span> <span class='ocrx_word' id='word_1_823' title='bbox 2677 5585 2987 5641; x_wconf 90' lang='lat' dir='ltr'><strong>meminerit</strong></span> <span class='ocrx_word' id='word_1_824' title='bbox 3015 5585 3188 5641; x_wconf 87' lang='lat' dir='ltr'><strong>lector</strong></span> <span class='ocrx_word' id='word_1_825' title='bbox 3212 5627 3225 5651; x_wconf 95' lang='lat'><strong>,</strong></span> <span class='ocrx_word' id='word_1_826' title='bbox 3258 5584 3418 5640; x_wconf 88' lang='lat' dir='ltr'><strong>vitam</strong></span> <span class='ocrx_word' id='word_1_827' title='bbox 3439 5583 3567 5638; x_wconf 90' lang='lat' dir='ltr'><strong>boni</strong></span> <span class='ocrx_word' id='word_1_828' title='bbox 3589 5584 3717 5639; x_wconf 87' lang='lat' dir='ltr'><strong>Car-</strong></span> 
     </span>
    </p>
   </div>
   <div class='ocr_carea' id='block_1_99' title="bbox 2123 5670 3714 5747">
    <p class='ocr_par' dir='ltr' id='par_1_99' title="bbox 2123 5670 3714 5747">
     <span class='ocr_line' id='line_1_99' title="bbox 2123 5670 3714 5747; baseline -0.003 -17"><span class='ocrx_word' id='word_1_829' title='bbox 2123 5675 2356 5730; x_wconf 87' lang='lat' dir='ltr'><strong>thusiani</strong></span> <span class='ocrx_word' id='word_1_830' title='bbox 2411 5676 2612 5733; x_wconf 90' lang='lat' dir='ltr'><strong>dictam</strong></span> <span class='ocrx_word' id='word_1_831' title='bbox 2664 5691 2693 5733; x_wconf 88' lang='lat' dir='ltr'><strong>a</strong></span> <span class='ocrx_word' id='word_1_832' title='bbox 2748 5674 2905 5731; x_wconf 89' lang='lat' dir='ltr'><strong>nobis</strong></span> <span class='ocrx_word' id='word_1_833' title='bbox 2957 5672 3121 5747; x_wconf 86' lang='lat' dir='ltr'><strong>su&#39;pra</strong></span> <span class='ocrx_word' id='word_1_834' title='bbox 3158 5672 3328 5729; x_wconf 80' lang='lat' dir='ltr'><strong>fuisse</strong></span> <span class='ocrx_word' id='word_1_835' title='bbox 3351 5715 3364 5738; x_wconf 94' lang='lat'><strong>,</strong></span> <span class='ocrx_word' id='word_1_836' title='bbox 3414 5670 3714 5729; x_wconf 86' lang='lat' dir='ltr'><strong>orationem</strong></span> 
     </span>
    </p>
   </div>
  </div>
