3940 6438
300 355 397 407 ’701
1641 344 2244 402 CONSUETUDINES.
3493 344 3599 398 702

369 481 421 533 4.
457 477 518 530 In
548 473 908 545 completorio
938 480 1119 528 autem
1149 471 1416 543 pulsando
1444 470 1578 526 illud
1609 469 1919 534 attenditur,
1949 476 2006 524 ut
2055 468 2274 540 quando
2303 468 2424 538 plus
2455 465 2701 522 differtur
2740 481 2864 523 cum
2909 467 3086 523 adhuc
3131 427 3242 540 legi
3271 473 3450 539 potest
3478 467 3598 538 pul-

307 582 470 628 setur.
503 573 633 627 Post
662 571 814 639 cujus
841 569 1004 625 finem
1034 569 1279 624 oratione
1319 567 1607 623 Dominica
1652 575 1734 623 ter
1775 573 1984 621 tantum
2024 581 2146 621 cum
2198 565 2484 645 devotione
2529 563 2697 630 ﬁnita,
2747 580 3088 636 nequaquam
3119 565 3263 618 ultra
3290 562 3594 618 differimus

303 671 586 727 accubare.

375 770 424 821 5.
459 767 580 821 Non
605 765 754 821 enim
791 780 1078 820 monemur
1107 762 1299 832 solum,
1333 762 1430 816 sed
1461 769 1511 816 et
1536 761 1811 830 jubemur,
1844 760 1993 816 horis
2023 761 2093 816 ad
2115 759 2350 831 quietem
2367 759 2636 830 deputatis
2669 759 3252 831 dormitionimagnum
3276 757 3595 829 impendere

303 863 556 928 studium,
589 878 698 933 quo
728 861 1064 931 temporibus
1093 858 1306 916 cateris
1335 858 1590 913 alacriter
1619 857 1848 928 vigilare
1874 856 2166 928 possimus.

373 963 422 1013 6.
475 957 810 1013 Generaliter
854 964 1034 1011 autem
1076 955 1132 1008 in
1177 953 1410 1010 ecclesia
1455 953 1748 1008 matutinas
1789 960 1842 1007 et
1885 968 2164 1022 vesperas,
2214 951 2268 1005 in
2299 951 2452 1007 cellis
2483 967 2615 1008 vero
2647 968 2863 1024 semper
2895 952 3304 1024 completorium
3337 951 3590 1008 dicimus.

304 1055 446 1111 Alias
478 1053 643 1118 enim,
668 1053 773 1107 nisi
804 1051 1010 1108 festivis
1041 1051 1250 1118 diebus,
1285 1059 1378 1105 aut
1409 1049 1627 1122 vigiliis,
1652 1056 1745 1104 aut
1771 1047 2157 1104 anniversariis
2184 1047 2254 1102 ad
2283 1047 2570 1104 ecclesiam
2600 1064 2709 1104 non
2740 1049 3005 1106 venimus.

1627 1226 2023 1282 CAPITULUM
2052 1226 2213 1281 XXX
2225 1267 2239 1281 .

807 1356 884 1409 De
915 1353 1002 1410 his
1021 1353 1117 1426 qui
1144 1354 1207 1409 in
1228 1353 1374 1408 cella
1402 1350 1766 1406 manentibus
1795 1349 2118 1420 importune
2143 1365 2199 1405 se
2217 1350 2509 1420 ingerunt,
2544 1353 2598 1405 et
2621 1350 2687 1406 de
2717 1351 3062 1423 coquinaria.

374 1483 422 1532 1.
456 1478 511 1533 Si
541 1476 738 1549 aliquis
767 1476 1105 1548 importunus
1135 1476 1205 1532 ad
1234 1475 1427 1532 cellam
1456 1473 1683 1541 venerit,
1717 1471 1803 1528 vel
1834 1471 2070 1538 nutibus,
2105 1472 2210 1539 vel,
2242 1472 2287 1527 si
2314 1487 2422 1528 non
2450 1472 2722 1546 intelligit,
2757 1472 2941 1530 verbis
2971 1472 3039 1528 ad
3059 1472 3432 1544 coquinarium
3461 1489 3587 1529 eum

305 1574 596 1641 mittimus;
628 1574 860 1645 amplius
887 1589 1012 1630 cum
1042 1573 1135 1628 illo
1163 1573 1260 1646 [al.
1285 1571 1392 1644 eo],
1428 1570 1532 1625 nisi
1554 1569 1714 1639 jussi,
1746 1585 1855 1624 non
1880 1568 2170 1640 loquimur,
2204 1585 2307 1625 nec
2339 1570 2385 1624 si
2413 1570 2481 1623 sit
2511 1587 2827 1642 germanus.

370 1675 423 1726 2.
455 1670 814 1742 Coquinarius
858 1678 1036 1725 autem
1076 1677 1288 1741 portam
1337 1675 1534 1735 servat,
1587 1665 2000 1722 advenientibus
2044 1666 2359 1736 respondet,
2411 1665 2816 1737 eleemosynam
2854 1675 3102 1738 petentes
3157 1667 3227 1722 ad
3279 1665 3594 1723 inferiorem

302 1767 608 1822 transmittit
635 1767 876 1822 domum.
911 1768 1115 1823 Domos
1144 1774 1197 1821 et
1226 1767 1484 1820 universa
1513 1780 1634 1836 qua
1662 1763 1730 1818 ad
1749 1778 2067 1819 communes
2096 1779 2227 1817 usus
2257 1763 2529 1833 pertinent
2559 1764 2811 1820 custodit.
2834 1765 3004 1820 Porro
3033 1763 3282 1836 coquina
3308 1763 3590 1831 terminos,

303 1864 496 1920 ostium
525 1862 778 1920 videlicet
808 1863 1100 1930 refectorii,
1136 1878 1245 1935 quo
1273 1862 1343 1918 ad
1371 1877 1492 1918 eam
1523 1861 1780 1928 tenditur,
1815 1874 1975 1916 nemo
2004 1859 2109 1914 nisi
2133 1861 2320 1928 jussus
2352 1860 2772 1931 transgreditur.

1679 2009 2254 2068 COMMENTARIUS.

301 2138 591 2196 mentalem
639 2137 968 2205 continuam,
1019 2142 1181 2206 prout
1211 2134 1389 2190 statim
1419 2133 1654 2206 amplius
1685 2134 1964 2205 proba-A
1996 2133 2215 2189 circiter
2245 2134 2472 2205 septima
2523 2134 2702 2190 adhuc
2747 2142 2926 2206 potest
2968 2135 3024 2189 in
3066 2134 3203 2190 libro
3245 2134 3374 2206 legi,
3409 2142 3462 2190 et
3490 2136 3596 2191 hoc

303 2228 465 2283 bitur.
1999 2222 2138 2276 bene
2170 2223 2468 2278 concordat
2509 2238 2635 2278 cum
2680 2223 2886 2296 vigilia,
2938 2239 3060 2295 qua
3104 2239 3205 2294 per
3233 2223 3500 2296 Regulam
3531 2224 3588 2280 S.

371 2316 507 2370 Ibid.
538 2315 578 2369 Α
614 2315 786 2370 tertia
817 2328 940 2369 vero
970 2328 1142 2384 usque
1171 2312 1246 2367 ad
1275 2315 1504 2367 sextam
1535 2310 1734 2376 hieme,
1776 2318 1888 2365 etc.
1996 2310 2272 2366 Benedicti
2300 2311 2631 2383 assignatur.

303 2404 381 2459 Ibi
408 2403 579 2458 habes
617 2410 832 2472 tempus
862 2400 1122 2472 operibus
1169 2399 1517 2454 manualibus
1558 2414 1721 2453 mane
1759 2399 1897 2452 assi-
2068 2399 2232 2452 Num.
2269 2402 2321 2452 5.
2358 2400 2478 2454 Νοη
2507 2400 2661 2454 enim
2692 2414 2993 2454 monemur
3022 2401 3222 2468 solum,
3246 2399 3344 2455 sed
3365 2403 3420 2455 et
3438 2399 3595 2470 jube-

300 2498 542 2564 gnatum,
575 2505 695 2562 qua
724 2503 996 2558 nunquam
1020 2488 1088 2542 ab
1120 2487 1388 2542 orationis
1413 2486 1588 2541 studio
1620 2487 1768 2556 apud.
1796 2501 1897 2540 nos
1995 2502 2145 2554 mur,
2183 2494 2288 2540 etc.
2322 2487 2462 2542 Hinc
2489 2487 2780 2557 probatum
2810 2487 3079 2542 habemus
3111 2487 3359 2557 spiritum
3383 2487 3594 2544 ordinis

304 2578 545 2650 separari
584 2577 803 2642 debent,
850 2583 904 2630 et
942 2575 1021 2632 sic
1067 2575 1229 2630 nobis
1277 2574 1496 2629 exhibet
1523 2575 1589 2628 R.
1624 2575 1682 2627 Ρ.
1716 2574 1896 2644 Guigo
1996 2588 2029 2627 a
2058 2574 2216 2628 nobis
2251 2574 2468 2646 exigere
2500 2583 2557 2629 ut
2589 2575 2721 2629 nihil
2751 2591 2817 2629 ex
2847 2575 3067 2646 propria
3095 2575 3372 2631 voluntate
3400 2576 3591 2630 detra-

300 2664 821 2739 qualiterverbailla
837 2662 1898 2734 Christipossimusetdebeamusimple-
1995 2663 2126 2716 here
2175 2669 2500 2717 attentemus
2552 2663 2653 2716 sub
2699 2662 2940 2733 quolibet
2999 2671 3284 2734 pratextu,
3333 2663 3592 2719 subsidiis

300 2771 394 2811 re:
424 2755 651 2825 Oportet
673 2768 890 2825 semper
907 2767 1069 2807 orare
1087 2755 1145 2806 et
1163 2767 1279 2806 non
1301 2750 1535 2820 deﬁcere
1559 2750 1712 2819 (Luc.
1735 2751 1894 2820 xvm)
1995 2750 2371 2819 corporalibus
2421 2766 2543 2820 qua
2589 2750 2726 2804 ordo
2761 2749 3008 2816 instituit,
3054 2751 3200 2821 quod
3229 2758 3312 2806 est
3340 2751 3592 2808 maxima

380 2842 518 2898 Ibid.
538 2843 608 2896 Et
629 2857 737 2914 qua
752 2841 855 2895 sibi
876 2840 1171 2896 vicinitate
1184 2841 1247 2894 in
1267 2838 1446 2894 hieme
1459 2843 1624 2894 sexta
1645 2843 1699 2893 et
1720 2855 1893 2905 nona,
1995 2837 2336 2892 discretionis
2385 2837 2662 2904 indicium,
2709 2854 2876 2909 quam
2921 2839 3000 2894 sic
3025 2839 3329 2895 necessario
3357 2853 3591 2895 servan-

299 2938 427 2995 etc.,
452 2929 682 2986 valeant
702 2928 1003 2998 explicari.
1027 2928 1132 2982 Per
1152 2927 1460 2998 regularem
1482 2927 1675 2980 horam
1691 2926 1896 2981 intelli-
1995 2925 2121 2979 dam
2153 2942 2295 2990 esse,
2339 2925 2484 2981 circa
2505 2927 2628 2980 vita
2659 2926 2916 2982 solitaria
2935 2926 3276 2997 professores
3295 2927 3434 2983 bene
3458 2927 3590 2983 diri-

298 3020 376 3091 git
393 3017 624 3073 officium
642 3016 768 3081 diei,
793 3023 847 3071 et
865 3031 965 3086 per
985 3015 1121 3070 duas
1143 3015 1211 3069 de
1233 3015 1290 3069 S.
1313 3014 1478 3068 Maria
1493 3013 1746 3087 intelligit
1768 3030 1896 3069 sex-
1995 3014 2226 3085 gendos,
2251 3014 2476 3084 pr0prio
2497 3013 2868 3084 experimento
2888 3015 3132 3070 sciebant
3153 3015 3358 3087 antiqui
3377 3017 3587 3083 Patres,

295 3117 406 3163 tam
426 3114 478 3162 et
496 3121 696 3160 nonam
711 3105 848 3160 deB.
873 3103 1076 3170 Maria;
1097 3103 1240 3158 unde
1258 3103 1598 3158 concluditur
1614 3103 1761 3173 quod
1778 3118 1898 3174 spa-
1996 3110 2050 3156 ut
2082 3102 2136 3154 in
2169 3102 2270 3156 hac
2309 3109 2480 3172 parte,
2524 3117 2626 3158 nec
2655 3102 2825 3156 ullum
2856 3103 3252 3159 exercitationis
3279 3111 3368 3158 aut
3394 3103 3590 3159 morti-

299 3197 434 3252 tium
460 3194 601 3249 inter
623 3201 833 3249 sextam
869 3198 1059 3247 astate
1079 3199 1197 3246 erat
1225 3199 1428 3246 tantum
1459 3190 1654 3246 media
1677 3191 1897 3246 circiter
1995 3188 2260 3246 ficationis
2285 3190 2461 3245 zelum
2509 3190 2795 3247 admittere
2825 3190 3044 3246 vellent.
3078 3191 3237 3261 Quod
3264 3191 3494 3264 amplius
3524 3208 3592 3250 ex

295 3283 450 3338 hora
491 3300 504 3337 :
538 3297 662 3336 nam
694 3281 764 3335 ad
793 3280 881 3334 illa
915 3294 1077 3351 parva
1101 3278 1278 3334 oﬂicia
1306 3280 1502 3335 devote
1531 3278 1897 3350 persolvenda
1997 3294 2114 3349 cap.
2149 3282 2217 3352 35
2245 3279 2580 3349 probabitur.

295 3371 492 3428 media
515 3372 666 3425 hora
697 3375 901 3424 tantum
935 3367 1111 3439 spatio
1141 3383 1279 3438 opus
1310 3376 1417 3422 est.
2066 3368 2228 3422 Num.
2254 3371 2306 3420 6.
2333 3367 2688 3422 Generaliter
2707 3372 2902 3424 autem
2917 3370 2980 3423 in
3000 3369 3248 3425 Ecclesia
3269 3371 3591 3426 matutinas

369 3460 506 3514 Ibid.
533 3459 795 3530 Spatium
815 3471 942 3512 vero
964 3455 1108 3529 quod
1140 3460 1320 3511 sexta:
1336 3471 1607 3528 nonaque
1628 3457 1888 3524 interest,
1919 3481 1972 3542 B
1996 3459 2052 3510 et
2073 3471 2349 3526 vesperas,
2375 3462 2478 3509 etc.
2502 3456 2584 3510 De
2604 3455 2771 3510 missa
2791 3455 2924 3510 nihil
2945 3457 3177 3511 habetur
3190 3456 3246 3510 in
3267 3457 3455 3513 codice
3481 3457 3590 3512 im-

293 3555 425 3610 etc..
451 3548 630 3619 quieti
644 3546 970 3617 deputatur.
991 3545 1134 3598 Ecce
1151 3543 1405 3598 dormitio
1424 3543 1616 3598 diurna
1628 3553 1892 3614 proasta-
1993 3559 2187 3613 presso
2212 3560 2226 3609 ;
2260 3551 2315 3597 at
2345 3542 2400 3596 in
2420 3543 2788 3598 vetustissimo
2821 3544 3010 3599 codice
3040 3544 3412 3614 manuscripto
3441 3543 3588 3617 legi-

291 3636 363 3690 tis
385 3645 628 3706 tempore
649 3634 942 3704 assignata,
957 3631 1026 3686 de
1046 3648 1150 3703 qua
1164 3632 1273 3700 jam
1291 3631 1525 3686 diximus
1544 3648 1666 3702 cap.
1686 3633 1738 3701 ’7,
1761 3649 1816 3686 n.
1838 3638 1889 3688 8.
1992 3647 2130 3695 mus,
2159 3631 2500 3694 matutinas,
2529 3633 2764 3686 missam
2801 3636 2856 3686 et
2900 3648 3179 3703 vesperas,
3215 3633 3358 3687 unde
3393 3634 3588 3689 merito

368 3724 507 3780 Ibid.
533 3725 602 3778 Et
623 3722 767 3794 quod
805 3737 1016 3778 nonam
1040 3736 1420 3792 vesperasque,
1445 3728 1573 3788 etc.,
1596 3722 1891 3776 manuali-
1992 3719 2265 3774 credimus
2288 3719 2542 3773 mendum
2564 3735 2687 3774 esse
2703 3720 3176 3792 typographicum.
3202 3720 3309 3775 Sed
3325 3720 3590 3793 quidquid
3677 3763 3682 3766 -

291 3815 418 3869 bus.
444 3810 581 3866 Hinc
600 3817 747 3881 patet
778 3808 923 3880 quod
944 3808 1026 3862 bis
1047 3808 1101 3861 in
1118 3807 1206 3863 die
1227 3808 1470 3879 quolibet
1491 3816 1735 3880 tempore
1756 3824 1892 3880 ope-
1993 3807 2080 3876 sit,
2116 3807 2248 3861 satis
2272 3808 2383 3876 jam
2415 3808 2482 3862 de
2513 3807 2677 3862 missa
2707 3808 2762 3862 in
2791 3807 2977 3878 primis
2994 3809 3242 3878 capitulis
3263 3809 3491 3865 dixerat.
3522 3810 3592 3866 Et

289 3902 451 3957 ribus
474 3897 818 3953 manualibus
848 3895 1102 3952 monachi
1133 3896 1272 3967 apud
1293 3911 1395 3951 nos
1412 3905 1686 3962 vacarent,
1723 3897 1893 3952 semel
1993 3895 2038 3949 si
2066 3896 2292 3951 missam
2324 3896 2409 3951 hic
2457 3897 2716 3963 omiserit,
2768 3904 2946 3967 potest
2993 3897 3100 3953 dici
3147 3897 3298 3952 illum
3345 3897 3413 3953 de
3443 3899 3592 3954 horis

287 4004 455 4044 mane
476 3995 534 4042 ut
556 4001 720 4057 supra
739 3985 953 4054 dicitur,
977 3992 1030 4039 et
1050 3984 1219 4040 semel
1240 4001 1486 4056 vespere,
1511 3985 1652 4041 inter
1688 4001 1886 4041 nonam
1992 3991 2195 4039 tantum
2225 3984 2505 4041 canonicis
2532 3985 2620 4040 hic
2648 3985 2797 4056 loqui
2825 3985 3084 4052 voluisse,
3117 3993 3172 4042 et
3199 4003 3416 4042 sensum
3441 3985 3589 4044 illius

288 4086 344 4134 et
377 4090 658 4147 vesperas.
1992 4089 2135 4140 esse,
2179 4082 2236 4127 ut
2278 4073 2609 4145 generaliter
2669 4073 2919 4129 omnibus
2965 4074 3158 4129 diebus
3213 4075 3490 4131 matutina
3537 4083 3593 4131 et

363 4165 504 4220 Ibid.
521 4164 559 4218 A
583 4163 824 4233 vesperis
846 4177 1018 4233 usque
1039 4161 1112 4215 ad
1134 4162 1562 4233 completorium
1579 4161 1894 4232 spirituali-
1989 4177 2233 4232 vespera
2263 4163 2515 4218 dicantur
2543 4162 2598 4216 in
2628 4162 2880 4230 ecclesia,
2912 4170 2965 4217 et
2992 4163 3407 4233 completorium
3437 4180 3582 4218 sem-

284 4256 410 4319 bus,
442 4260 545 4308 etc.
573 4251 714 4306 Ecce
730 4250 906 4304 adhuc
929 4257 1141 4320 tempus
1158 4249 1476 4320 designatur
1499 4249 1568 4304 ad
1587 4249 1890 4306 orationem
1989 4266 2088 4320 per
2115 4250 2169 4303 in
2201 4250 2374 4317 cellis,
2408 4250 2554 4322 quod
2597 4250 2761 4306 hodie
2804 4251 2998 4306 eodem
3038 4266 3264 4322 prorsus
3293 4251 3456 4306 modo
3484 4252 3590 4306 ob-

283 4350 339 4397 et
372 4340 636 4397 exercitia
661 4337 988 4410 spiritualia.
1992 4346 2256 4393 servatur.

355 4429 529 4484 Num.
563 4429 614 4482 4.
647 4427 710 4481 In
757 4427 1118 4497 completorio
1153 4429 1366 4490 autem,
1414 4433 1544 4492 etc.,
1575 4429 1640 4481 ut
1669 4426 1888 4498 quando
2063 4427 2233 4480 Porro
2270 4427 2375 4482 hoc
2419 4427 2716 4498 capitulum
2758 4427 2970 4498 integre
3001 4425 3240 4482 refertur
3272 4431 3293 4481 1
3329 4444 3383 4499 p.
3416 4427 3587 4500 antiq.

279 4519 423 4592 plus
451 4516 733 4588 cli/fertur.
778 4514 927 4569 Nihil
964 4522 1172 4570 certum
1217 4531 1283 4568 ex
1313 4515 1417 4569 hoe
1449 4514 1568 4570 loco
1599 4529 1890 4585 possumus
1992 4521 2174 4569 statut.
2211 4531 2329 4585 cap.
2355 4518 2440 4583 41,
2477 4531 2531 4570 n.
2568 4518 2620 4581 4,
2654 4519 2705 4580 9,
2742 4519 2826 4582 10,
2862 4519 2926 4570 12
2959 4524 3010 4570 et
3046 4519 3128 4570 l3.

280 4605 560 4677 colligere
588 4603 736 4660 circa
765 4603 957 4657 horam
987 4617 1096 4674 qua
1115 4602 1184 4656 ad
1205 4601 1615 4673 completorium
1638 4603 1890 4673 pulsaba-
2063 4603 2195 4657 CAP.
2231 4604 2412 4658 XXX.
2433 4605 2679 4659 —Num.
2707 4607 2755 4657 1.
2775 4601 2836 4659 Si
2854 4605 3062 4674 aliquis
3079 4605 3462 4676 importunus.
3483 4606 3586 4662 Hic

279 4703 374 4750 tur
405 4693 612 4748 astatis
643 4699 929 4762 tempore;
962 4706 1087 4745 nam
1128 4690 1197 4746 de
1237 4690 1415 4745 hieme
1443 4691 1498 4744 id
1528 4699 1703 4762 potest
1733 4691 1888 4746 facile
1990 4691 2228 4763 loquitur
2277 4691 2344 4747 de
2413 4692 2704 4759 extraneis,
2757 4692 2849 4763 qui
2891 4693 2960 4746 ad
3021 4692 3243 4746 domum
3289 4693 3587 4750 Carthusia

275 4781 656 4847 determinari,
692 4787 852 4850 prout
881 4795 1048 4849 supra
1075 4779 1329 4845 diximus,
1355 4795 1551 4850 nempe
1572 4781 1734 4850 paulo
1764 4787 1890 4850 post
1912 4833 1954 4853 η
1992 4780 2292 4844 venientes,
2326 4787 2378 4835 et
2407 4780 2706 4836 claustrum
2738 4779 2976 4853 ingressi
2998 4796 3106 4835 non
3125 4780 3401 4851 reperiunt
3423 4798 3588 4852 quem

277 4878 518 4926 sextam.
552 4833 660 4924 Sed
692 4833 822 4923 inde
861 4833 1164 4922 evidentius
1193 4833 1456 4938 probatur
1484 4833 1549 4923 ex
1573 4833 1781 4940 inagna:
1809 4833 1957 4922 di-C
1992 4833 2354 4939 alloquantnr,
2407 4877 2644 4941 pergunt
2685 4869 2751 4924 ad
2795 4833 3012 4924 cellula
3051 4833 3277 4937 januam
3319 4833 3588 4941 qualpul-

275 4958 549 5015 versitate
571 4955 819 5027 pulsandi
846 4955 913 5010 ad
943 4955 1378 5025 completorium,
1416 4957 1560 5027 quod
1583 4956 1889 5029 vigiliarum
1993 4965 2108 5012 sata
2135 4957 2298 5012 venit‘
2332 4959 2651 5024 monachus,
2687 4957 2776 5028 qui
2804 4957 2983 5012 audita
3011 4957 3274 5028 pulsantis
3306 4959 3586 5029 petitione,

273 5055 678 5103 nocturnarum
725 5043 857 5098 ordo
901 5043 1065 5116 longe
1096 5044 1346 5099 diversus
1387 5053 1501 5098 erat
1531 5045 1599 5100 ab
1629 5061 1694 5100 eo
1726 5063 1890 5118 quem
1991 5045 2152 5100 habet
2185 5045 2274 5102 hic
2305 5046 2535 5118 qualiter
2565 5062 2626 5101 se
2657 5061 2852 5119 gerere
2876 5045 3091 5112 debeat,
3127 5046 3285 5102 etiam
3314 5062 3438 5102 cum
3458 5063 3590 5120 ger-

274 5149 429 5191 nunc
457 5147 767 5198 servamus,
800 5131 928 5202 quia
958 5131 1175 5187 lucente
1203 5131 1376 5186 adhuc
1407 5132 1521 5187 sole
1552 5133 1620 5187 ad
1650 5134 1892 5204 comple-
1998 5149 2158 5188 mano
2190 5134 2385 5189 fratre.

273 5224 483 5280 torium
515 5220 796 5291 pulsamus
841 5228 1045 5286 astate,
1093 5220 1182 5275 hic
1231 5236 1359 5274 vero
1389 5221 1584 5275 dicitur
1613 5221 1733 5276 illos
1765 5229 1889 5276 tan-
2067 5223 2200 5277 Ibid.
2235 5224 2352 5278 Nisi
2366 5224 2537 5294 jussi.
2564 5224 2680 5278 Hoc
2710 5231 2811 5289 est,
2845 5222 2948 5277 nisi
2979 5239 3102 5279 cum
3127 5223 3592 5294 specialilicentia

269 5320 387 5368 tum
416 5309 644 5382 pulsare
694 5307 883 5363 solitos
932 5324 1074 5373 esse,
1125 5325 1245 5364 cum
1290 5308 1466 5364 adhuc
1517 5308 1570 5362 in
1613 5309 1749 5365 libro
1774 5311 1888 5383 legi
1989 5311 2057 5364 ab
2088 5327 2153 5366 eo
2180 5311 2364 5382 petita,
2402 5312 2492 5383 qui
2522 5311 2632 5366 vult
2664 5327 2763 5367 nos
2804 5312 3028 5384 alloqui,
3058 5313 3206 5381 juxta
3234 5328 3301 5368 ea
3329 5329 3448 5384 qua
3471 5314 3590 5383 jam

269 5406 490 5472 posset,
529 5396 675 5468 quod
723 5396 937 5450 nonnisi
989 5404 1108 5466 post
1160 5395 1290 5451 solis
1332 5397 1635 5452 occubitum
1667 5399 1882 5468 accipit.
1991 5415 2158 5469 supra
2198 5415 2315 5470 cap.
2355 5402 2440 5463 17,
2474 5417 2526 5454 n.
2559 5404 2611 5463 2,
2645 5400 2900 5455 diximus.

268 5490 523 5558 Tempus
554 5499 686 5540 vero
717 5501 824 5554 quo
857 5484 978 5554 plus
1007 5483 1256 5539 diﬁ‘ertur
1286 5485 1426 5540 circa
1456 5487 1668 5542 Pascha
1697 5487 1886 5541 incidit
2057 5489 2218 5543 Num.
2252 5493 2306 5544 2.
2351 5489 2740 5560 Coquinarius,
2789 5496 2894 5544 etc.
2927 5489 3285 5560 Coquinarins
3315 5498 3430 5545 erat
3459 5497 3590 5546 tunc

269 5586 322 5631 et
375 5575 581 5631 eodem
648 5573 810 5627 modo
864 5572 1206 5628 continuatur
1266 5589 1438 5644 usque
1495 5574 1566 5628 ad
1609 5574 1884 5629 Kalendas
1988 5591 2302 5631 oeconomus
2352 5576 2692 5644 universalis,
2723 5585 2777 5632 et
2822 5576 2972 5635 vices
3012 5578 3384 5648 procuratoris
3413 5593 3587 5650 agens

267 5661 560 5722 Octobris.
596 5659 718 5730 Quo
765 5667 1030 5733 tempore,
1066 5661 1270 5717 scilicet
1317 5661 1460 5717 circa
1489 5663 1717 5731 Pascha,
1752 5664 1884 5720 hora
1986 5663 2041 5718 in
2073 5664 2237 5720 domo
2268 5664 2553 5740 superiori.
3021 5659 3024 5661 Α
