3940 6406
329 321 433 375 703
1191 319 1531 376 GUIGONIS
1569 320 1589 373 Ι
1629 317 2034 374 CARTHUSDE
2071 315 2363 371 MAJORIS
2402 313 2675 370 PRIORIS
2713 316 2775 369 V.
3518 317 3623 372 ’704

402 447 454 496 3.
488 441 646 510 Quod
678 441 724 494 si
754 457 817 495 ex
849 440 1048 495 nostris
1079 441 1145 494 ad
1176 442 1370 496 cellam
1404 442 1607 497 venerit
1653 439 1846 512 aliquis
1894 438 2083 494 volens
2125 438 2272 511 loqui
2295 439 2472 505 nobis,
2505 438 2868 509 interrogatur
2893 437 3041 508 prius
3063 479 3076 506 ,
3110 437 3155 492 si
3185 437 3336 508 prior
3360 439 3582 506 jusserit
3608 457 3624 506 ;

339 539 498 594 aliter
531 537 599 592 ad
631 537 955 608 colloquium
986 554 1096 592 non
1124 539 1408 610 recipitur.

413 637 462 690 4.
495 635 602 705 Ipsi
631 650 844 706 quoque
875 635 1190 706 coquinario
1215 636 1267 691 in
1298 636 1450 692 cellis
1478 636 1719 690 residere
1754 641 1805 688 et
1838 632 2070 687 tabulari
2101 648 2210 686 non
2238 632 2381 696 licet,
2415 633 2519 686 nisi
2549 649 2710 704 quem
2743 632 2880 686 forte
2908 638 3177 702 aegrotare
3206 629 3514 702 contigerit.

1619 765 2014 822 CAPITULUM
2052 765 2259 819 XXXI.

1759 863 1901 918 Item
1931 862 1996 917 de
2019 863 2182 917 cella.

410 965 458 1015 1.
494 960 590 1015 His
620 960 695 1014 ita
725 961 1040 1032 pra-libatis,
1073 963 1144 1016 ad
1173 962 1362 1017 cellam
1403 961 1705 1022 redeamus,
1752 961 1907 1028 cujus
1954 959 2306 1012 habitatorem
2347 958 2637 1031 diligenter
2665 974 2728 1014 ac
2757 957 2984 1014 sollicite
3015 959 3169 1013 decet
3219 957 3522 1030 invigilare,
3555 975 3624 1013 ne

338 1072 476 1128 quas
503 1057 818 1112 occasiones
845 1057 1163 1129 egrediendi
1196 1058 1362 1124 foras,
1395 1058 1480 1113 vel
1513 1057 1851 1112 machinetur
1880 1055 1965 1110 vel
2000 1056 2245 1125 recipiat,
2278 1057 2519 1126 exceptis
2550 1057 2630 1110 his
2664 1072 2786 1126 qua:
2819 1058 3148 1126 generaliter
3176 1057 3430 1112 institutae
3462 1065 3622 1123 sunt;

336 1153 434 1209 sed
461 1154 638 1224 potius
667 1154 806 1209 sicut
853 1170 1021 1226 aquas
1066 1156 1327 1224 piscibus,
1380 1163 1431 1210 et
1461 1154 1648 1210 caulas
1696 1154 1906 1218 ovibus,
1953 1152 2028 1206 ita
2072 1169 2184 1207 suae
2231 1152 2385 1206 saluti
2415 1162 2465 1207 et
2497 1153 2618 1207 vita)
2665 1153 2859 1206 cellam
2890 1155 3110 1224 deputet
3141 1155 3529 1210 necessariam.
3565 1154 3623 1208 In

338 1266 447 1322 qua
476 1259 674 1322 quanto
722 1252 943 1316 diutius,
995 1261 1142 1306 tanto
1190 1251 1443 1306 libentius
1489 1249 1774 1316 habitabit,
1806 1257 1858 1303 et
1897 1264 2058 1319 quam
2089 1249 2134 1301 si
2165 1248 2480 1319 frequenter
2511 1258 2562 1304 et
2591 1249 2798 1304 levibus
2829 1250 2896 1305 de
2925 1250 3104 1305 causis
3134 1250 3281 1305 exire
3311 1249 3624 1305 insueverit’

341 1347 449 1404 cito
469 1348 687 1402 habebit
710 1363 956 1403 exosam.
983 1350 1047 1402 Et
1072 1349 1192 1403 ideo
1215 1347 1426 1402 statutis
1443 1347 1513 1402 ad
1534 1348 1636 1402 hoc
1657 1346 1806 1401 horis
1835 1345 2065 1415 petenda
2081 1345 2298 1413 jubetur
2319 1353 2525 1415 petere,
2559 1353 2613 1399 et
2643 1353 2867 1415 accepta
2899 1352 3004 1400 tota
3034 1343 3312 1415 diligentia
3334 1344 3626 1399 custodire.

408 1449 463 1501 2.
500 1445 658 1513 Quod
685 1446 733 1500 si
779 1446 1021 1518 qualibet
1072 1446 1157 1501 vel
1209 1462 1302 1499 sua
1346 1445 1430 1501 vel
1477 1444 1698 1499 alterius
1738 1443 2097 1515 negligentia,
2146 1457 2304 1511 pane,
2359 1442 2500 1510 vino,
2542 1457 2702 1512 aqua,
2732 1442 2928 1513 igneve
2958 1441 3202 1509 caruerit,
3233 1440 3322 1497 vel
3349 1441 3625 1496 insolitum

341 1541 620 1612 strepitum
653 1551 746 1597 aut
775 1543 1068 1598 clamorem
1099 1543 1347 1608 audierit,
1400 1541 1486 1596 vel
1524 1540 1823 1613 periculum
1869 1538 2014 1609 ignis
2060 1537 2316 1592 exstiterit
2349 1537 2448 1609 [αι.
2498 1538 2790 1609 institerit],
2830 1537 3013 1593 licebit
3041 1537 3209 1608 exire,
3241 1544 3294 1591 et
3325 1536 3626 1592 subsidium

338 1645 604 1709 praestare
637 1637 724 1693 vel
751 1646 957 1708 petere,
994 1648 1044 1693 et
1073 1639 1118 1692 si
1150 1638 1377 1709 periculi
1407 1637 1720 1707 magnitudo
1751 1634 2078 1706 poposcerit,
2113 1634 2382 1688 silentium
2407 1634 2567 1689 etiam
2597 1635 2833 1690 solvere.

409 1738 462 1790 3.
495 1735 606 1790 Soli
655 1736 800 1790 enim
848 1736 1111 1808 degentes
1157 1737 1316 1807 signa
1364 1735 1756 1799 coenobiorum,
1809 1741 1899 1787 aut
1946 1733 2094 1787 nulla
2141 1740 2231 1786 aut
2277 1747 2452 1803 pauca
2499 1733 2765 1797 novimus,
2818 1729 3063 1786 sufﬁcere
3109 1737 3356 1800 putantes
3385 1730 3624 1804 linguam

339 1831 534 1898 solam,
567 1848 678 1886 non
708 1832 868 1887 etiam
901 1841 1128 1888 caeteros
1173 1841 1324 1887 artus
1367 1832 1610 1888 reatibus
1653 1830 1931 1901 implicare
1976 1829 2253 1900 loquendi.
2305 1829 2372 1882 Et
2418 1829 2540 1883 ideo
2590 1829 2634 1883 si
2673 1836 2818 1882 tanta
2864 1828 3166 1883 necessitas
3197 1835 3372 1899 urget,
3405 1843 3513 1884 uno
3541 1827 3627 1883 vel

340 1929 571 1990 duobus,
603 1937 694 1983 aut
721 1936 869 1985 certe
898 1929 1242 2000 paucissimis
1271 1928 1453 1985 verbis
1483 1929 1627 2000 quod
1658 1945 1744 1981 res
1765 1925 1996 1998 postulat
2023 1924 2311 1978 maluimus
2342 1924 2440 1996 [αἱ.
2475 1925 2759 1996 malumus]
2789 1923 3030 1980 indicari.

1648 2058 2043 2113 CAPITULUM
2081 2055 2314 2109 XXXII.

1278 2159 1354 2212 De
1381 2157 1659 2227 fratribus
1687 2156 1781 2227 qui
1813 2156 1871 2208 in
1903 2154 2090 2223 aliquo
2123 2168 2283 2222 opere
2315 2157 2684 2224 occupantur.

413 2253 547 2307 Cum
580 2253 747 2325 aliqui
778 2269 841 2308 ex
886 2253 1188 2318 monachis,
1239 2253 1592 2308 emendandis
1641 2251 1725 2306 vel
1766 2249 2002 2322 ligandis
2031 2247 2205 2314 libris,
2237 2248 2323 2303 vel
2351 2249 2509 2303 alicui
2543 2249 2632 2302 tali
2654 2249 2806 2319 operi
2844 2249 3235 2321 mancipantur,
3270 2251 3374 2321 ipsi
3405 2251 3623 2322 quidem

343 2346 640 2420 loquuntur
666 2347 733 2401 ad
763 2347 1016 2412 invicem,
1049 2363 1174 2402 cum
1200 2346 1708 2417 supervenientibus
1738 2359 1868 2399 vero
1899 2359 2260 2414 nequaquam,
2294 2345 2398 2400 nisi
2427 2347 2610 2417 priore
2639 2355 2909 2418 praisente
2937 2355 3027 2403 aut
3045 2347 3290 2416 jubente.

1690 2468 2261 2525 COMMENTARIUS.

418 2571 582 2625 Num.
607 2571 659 2622 3.
687 2568 839 2635 Quod
860 2569 908 2622 si
927 2585 999 2623 ex
1025 2569 1255 2631 nostris,
1294 2574 1422 2633 etc.,
1459 2568 1864 2634 interrogatur,
1891 2567 1940 2619 si
1971 2567 2022 2624 A
2044 2575 2190 2636 patet
2238 2567 2381 2638 quod
2424 2583 2533 2622 non
2581 2577 2784 2622 tantum
2834 2568 2984 2623 festis
3032 2569 3221 2623 diebus
3270 2569 3325 2622 in
3353 2569 3626 2642 colloquio

346 2659 504 2729 prior
518 2657 777 2726 jusserit,
805 2664 910 2711 etc.
945 2656 1074 2709 Inde
1105 2655 1328 2709 evidens
1347 2655 1587 2725 estquod
1609 2653 1856 2707 monachi
1880 2670 1938 2706 se
2036 2664 2259 2723 possent
2289 2656 2600 2711 necessaria
2645 2665 2834 2726 petere
2867 2674 2895 2710 a
2937 2657 3274 2728 coquinario,
3323 2659 3420 2712 sed
3467 2658 3627 2712 etiam

348 2745 511 2800 etiam
543 2744 836 2814 aliquando
880 2744 1162 2798 visitarent
1206 2759 1328 2797 cum
1368 2743 1566 2812 prioris
1609 2742 1844 2797 licentia.
1882 2741 1938 2794 Id

350 2849 568 2904 semper
613 2832 1024 2902 intelligendum
1073 2839 1174 2896 est,
1227 2832 1437 2902 quoties
1477 2831 1540 2885 R.
1574 2831 1729 2884 Pater
1760 2829 1938 2900 Guigo

350 2921 521 2976 verbo
551 2922 822 2990 iussioni:
850 2921 1036 2974 utitur.

419 3027 583 3082 Num.
606 3027 658 3080 4.
684 3026 941 3082 Residere
963 3030 1019 3081 et
1034 3026 1302 3096 fabulari,
1327 3033 1454 3094 etc.,
1477 3024 1592 3079 nisi
1614 3039 1774 3096 quem
1794 3025 1942 3092 forte

349 3119 642 3186 wgrotare,
673 3122 776 3169 etc.
814 3114 1172 3184 Coquinarius
1203 3129 1337 3186 ergo
1356 3113 1465 3182 ille,
1490 3113 1578 3184 qui
1601 3120 1725 3166 tunc
1747 3126 1941 3181 procu-

347 3203 546 3258 ratoris
579 3201 741 3258 ‘vices
791 3202 1016 3274 gerebat
1063 3202 1116 3256 in
1166 3203 1330 3256 domo
1379 3200 1664 3271 superiori,
1709 3199 1944 3253 habebat

349 3290 646 3358 licentiam,
679 3291 819 3345 sicut
849 3297 901 3345 et
931 3306 1074 3346 nunc
1105 3290 1265 3345 habet
1295 3296 1630 3360 procurator,
1657 3287 1724 3342 ad
1747 3287 1943 3341 ostium

351 3379 501 3434 cellae
528 3393 705 3450 pauca
750 3378 916 3432 verba
959 3378 1238 3448 loquendi,
1279 3386 1330 3432 et
1361 3377 1582 3432 forsitan
1627 3384 1754 3430 tunc
1784 3375 1942 3430 etiam

349 3466 585 3521 intrandi
651 3466 864 3534 cellam,
934 3466 1140 3520 ratione
1204 3464 1555 3536 supellectilis
1615 3463 1944 3535 coquinaria:

352 3555 689 3621 ordinandas,
762 3554 890 3627 quia
939 3562 1065 3610 tunc
1114 3554 1367 3610 monachi
1415 3552 1614 3626 singuli
1659 3551 1944 3622 coquinam

354 3643 460 3698 sibi
487 3643 759 3699 faciebant
803 3658 868 3697 eo
898 3643 1062 3697 modo
1111 3642 1201 3714 qui
1249 3657 1436 3713 supra,
1487 3657 1607 3711 cap.
1641 3644 1730 3706 28,
1762 3639 1944 3710 expri-

351 3731 531 3798 mitur,
587 3731 685 3785 sed
741 3747 850 3784 non
896 3730 970 3784 ibi
1021 3730 1291 3786 residendi
1336 3737 1428 3784 aut
1475 3728 1798 3784 fabulandi:
1839 3743 1945 3798 quo

357 3818 708 3874 fabulationis
748 3819 917 3874 verbo
947 3818 1248 3874 indicantur
1276 3819 1444 3874 verba
1472 3817 1612 3872 ultra
1639 3815 1945 3871 necessita-

356 3915 466 3962 tem
503 3906 735 3978 prolata.
786 3908 1050 3978 Tempore
1097 3923 1229 3962 vero
1288 3922 1393 3978 quo
1437 3906 1777 3976 aegrotabant
1819 3913 2016 3973 mo-B

351 3995 530 4060 nachi,
570 3995 920 4066 coquinarius
963 4003 1176 4066 poterat
1215 3995 1383 4050 libere
1411 3995 1604 4050 cellam
1635 3993 1822 4066 aegroti
1851 3994 1940 4048 in-

353 4091 518 4150 trare,
553 4091 606 4139 et
634 4083 708 4137 illi
740 4083 1070 4139 conveniens
1099 4084 1356 4138 auxilium
1385 4079 1665 4154 praestare.
1731 4133 1736 4136 .

424 4173 617 4227 Totum
659 4172 764 4227 hoc
819 4172 1110 4243 capitulum
1156 4172 1386 4226 relatum
1433 4172 1662 4226 habetur
1707 4171 1761 4225 in
1799 4171 1942 4225 anti-

362 4259 484 4331 quis
532 4261 744 4314 statutis
809 4277 846 4314 ιι
895 4269 1055 4331 part.,
1098 4276 1219 4331 cap.
1274 4263 1360 4329 17,
1403 4276 1458 4313 n.
1508 4263 1560 4326 5,
1611 4267 1662 4314 et
1705 4259 1832 4313 item
1885 4273 1945 4312 ιιι

352 4355 516 4419 part.,
551 4363 672 4418 cap.
722 4352 807 4415 10,
860 4366 913 4403 n.
970 4353 1018 4402 1.
1070 4349 1274 4403 Eadem
1315 4364 1542 4419 prorsus
1580 4364 1722 4402 nunc
1752 4348 1944 4401 obser-

356 4443 553 4491 vantur
617 4436 780 4491 etiam
833 4437 1081 4509 rigidiori
1130 4436 1316 4503 modo,
1375 4436 1501 4508 quia
1550 4444 1704 4491 extra
1761 4451 1944 4490 casum

351 4523 674 4580 inﬁrmitatis
720 4525 1070 4597 coquinarius
1114 4541 1388 4596 nunquam
1431 4524 1736 4595 ingreditur
1783 4523 1947 4578 cellas

351 4613 764 4681 monachorum,
797 4614 1002 4685 absque
1035 4613 1255 4686 speciali
1285 4613 1519 4669 licentia.

430 4755 560 4810 CAP.
594 4755 800 4808 XXXI.
835 4786 903 4795 —
932 4754 1079 4808 Nihil
1122 4754 1280 4809 nobis
1309 4753 1621 4809 addendum
1655 4761 1737 4808 est
1764 4752 1948 4808 verbis

355 4843 418 4898 Β.
452 4844 510 4897 Ρ.
543 4843 828 4914 Guigonis,
864 4841 956 4914 qui
986 4843 1185 4896 diserte
1217 4850 1267 4897 et
1297 4841 1483 4912 paucis
1503 4841 1682 4896 verbis
1699 4840 1950 4911 exprimit

353 4930 483 5001 quid
521 4930 643 4985 vitae
695 4931 943 4984 solitaria:
987 4929 1270 5000 professor
1317 4931 1609 4985 observare
1656 4929 1868 4993 debeat,
1903 4928 1948 4982 si

353 5018 483 5072 velit
521 5018 694 5073 bonos
755 5019 971 5073 habitus
1034 5018 1137 5073 sibi
1192 5017 1454 5084 formare,
1520 5025 1575 5071 ut
1621 5016 1848 5088 pacifice
1897 5025 1949 5072 et

305 5099 310 5102 ’
354 5105 534 5177 quiete
563 5106 730 5161 vitam
759 5106 1022 5177 transigat
1052 5105 1106 5160 in
1137 5113 1281 5161 statu
1312 5121 1433 5160 suo.

424 5213 586 5266 Num.
624 5215 672 5265 1.
707 5212 974 5283 Exceptis
1005 5213 1091 5267 his
1129 5229 1250 5283 qua:
1279 5213 1628 5282 generaliter
1658 5212 1941 5266 institutre

355 5303 511 5356 sunt.
536 5300 765 5370 Semper
786 5300 989 5354 inducit
1020 5300 1298 5370 piissimus
1321 5308 1372 5354 et
1395 5299 1803 5370 expertissimus
1825 5300 1949 5354 vita:

355 5387 610 5442 solitariae
625 5387 925 5458 professor,
949 5389 1090 5442 unde
1107 5403 1137 5441 a
1161 5395 1340 5442 mente
1361 5388 1724 5442 solitariorum
1766 5388 1950 5459 abigat

355 5475 674 5530 indiscretas
705 5475 1129 5546 singularitates,
1157 5484 1209 5530 et
1239 5491 1497 5531 excessus
1524 5475 1784 5544 eliminet,
1816 5492 1948 5547 pro-

357 5572 475 5633 pter
503 5579 699 5618 causas
729 5565 798 5618 de
825 5564 1020 5636 quibus
1050 5581 1274 5636 agemus
1305 5563 1444 5619 infra
1472 5581 1590 5635 cap.
1626 5569 1713 5619 35.

429 5651 565 5709 Ibid.
616 5654 863 5707 Statutis
913 5653 983 5708 ad
1034 5654 1131 5708 hoc
1183 5653 1333 5708 horis
1381 5651 1644 5725 petenda,
1681 5661 1784 5709 etc.
1818 5653 1950 5709 Hinc

2039 2744 2252 2813 quando
2283 2744 2336 2796 id
2368 2745 2665 2798 necessitas
2696 2745 3022 2814 postulabat,
3055 2745 3218 2799 certis
3246 2754 3428 2800 tamen
3457 2746 3626 2800 horis.

2110 2832 2272 2884 Num.
2303 2835 2356 2886 2.
2398 2832 2550 2898 Quod
2582 2833 2631 2886 si
2665 2833 2928 2904 qualibet,
2978 2841 3104 2898 etc.,
3133 2849 3299 2904 pane,
3321 2835 3470 2899 vino,
3520 2842 3623 2889 etc.

2040 2918 2138 2972 Hic
2169 2918 2358 2972 adimit
2385 2934 2599 2973 omnem
2631 2920 3252 2989 scrupulioccasionem,
3277 2920 3630 2990 exprimendo

2041 3007 2184 3076 quod
2216 3022 2316 3076 per
2362 3007 2515 3060 cella“:
2545 3015 2594 3060 et
2643 3007 2838 3060 silentii
2887 3008 3144 3063 indictam
3190 3008 3491 3063 custodiam
3520 3025 3630 3064 non

2042 3095 2165 3149 ideo
2195 3094 2434 3164 privatur
2477 3095 2859 3152 Carthusianus
2905 3096 3148 3151 libertate
3194 3096 3528 3168 egrediendi,
3577 3105 3630 3152 et

2043 3183 2207 3236 etiam
2253 3183 2531 3253 loquendi,
2583 3183 2800 3254 quando
2861 3183 2916 3240 id
2967 3184 3134 3257 exigit
3168 3185 3310 3253 justa
3355 3185 3490 3240 ratio
3538 3193 3630 3240 aut

2042 3271 2360 3342 necessitas,
2410 3271 2583 3342 qualis
2631 3271 2716 3326 hic
2766 3273 3098 3344 exprimitur.
3156 3275 3234 3326 Ex
3272 3288 3413 3344 pane
3452 3282 3632 3328 autem

2042 3359 2131 3413 hic
2161 3367 2364 3424 notato,
2416 3368 2467 3414 et
2496 3359 2745 3414 libertate
2788 3360 3013 3431 petendi
3041 3377 3241 3432 panem
3274 3377 3399 3416 cum
3428 3360 3628 3428 deﬁcit,

2043 3447 2280 3501 innuitur
2326 3455 2512 3502 tortam
2582 3448 2730 3502 illam
2787 3449 2963 3519 panis,
3024 3465 3145 3519 quae
3193 3465 3356 3520 supra
3403 3464 3524 3520 cap.
3575 3451 3629 3515 7,

2043 3551 2097 3588 n.
2134 3539 2218 3599 10,
2253 3535 2370 3589 dari
2401 3544 2730 3591 memoratur
2767 3536 2997 3608 singulis
3044 3536 3343 3602 monachis,
3377 3544 3631 3608 tanquam

2045 3623 2243 3678 Christi
2273 3625 2554 3692 mendicis,
2590 3633 2714 3695 post
2750 3625 3116 3689 refectorium,
3137 3623 3316 3678 datam
3336 3640 3446 3678 non
3466 3624 3634 3680 fuisse

2044 3728 2142 3782 pro
2191 3721 2302 3766 tota
2356 3713 2718 3776 hebdomada,
2769 3712 2866 3766 sed
2905 3712 3078 3767 donec
3124 3720 3443 3782 consumpto
3492 3729 3633 3782 pane

2045 3800 2156 3865 illo,
2191 3800 2329 3854 alius
2368 3801 2792 3866 ministraretur,
2826 3799 3019 3854 diebus
3068 3798 3204 3853 infra
3237 3800 3633 3857 hebdomadam

2046 3889 2280 3943 statutis.

2114 3979 2276 4032 Num.
2329 3981 2380 4030 3.
2414 3977 2528 4032 Soli
2559 3977 2816 4046 degentes
2863 3977 3024 4048 signa
3065 3977 3461 4032 ccenobiorum.
3505 3979 3634 4034 Inde

2042 4065 2331 4120 innotescit
2362 4072 2621 4136 quantum
2670 4064 2830 4134 primi
2875 4065 3063 4119 Patres
3100 4073 3341 4121 amarent
3370 4065 3633 4137 simplici-

2043 4160 2204 4207 tatem
2236 4160 2288 4206 et
2335 4152 2722 4216 sinceritatem,
2765 4160 3133 4224 quantumque
3183 4161 3440 4224 utrasque
3478 4153 3636 4208 nobis

2044 4241 2336 4295 transferre
2383 4240 2600 4304 vellent,
2646 4240 2880 4295 nolendo
2925 4241 2997 4294 uti
3045 4241 3146 4294 alia
3193 4258 3254 4295 re
3301 4241 3368 4295 ad
3412 4258 3633 4296 sensum

2046 4345 2204 4384 suum
2235 4326 2674 4398 exprimendum,
2707 4329 2923 4399 quando
2952 4329 3248 4384 necessitas
3278 4329 3333 4382 id
3363 4329 3632 4400 exigebat,

2047 4435 2205 4490 quam
2247 4433 2311 4472 eo
2342 4417 2607 4483 membro,
2641 4419 2786 4489 quod
2815 4419 2884 4471 ad
2915 4418 2968 4472 id
2999 4434 3030 4472 a
3061 4419 3175 4473 Deo
3203 4418 3526 4473 destinatum
3557 4427 3636 4474 est

2047 4515 2099 4563 et
2121 4506 2436 4576 repellendo
2468 4521 2531 4560 ea
2562 4506 2763 4571 omnia,
2799 4507 2993 4578 quibus
3023 4505 3240 4560 fallendi
3270 4508 3421 4562 nasci
3449 4515 3635 4577 posset

2047 4595 2284 4656 occasio,
2319 4602 2368 4649 et
2400 4611 2429 4648 a
2461 4595 2630 4648 nostri
2661 4595 2888 4648 Instituti
2919 4595 3204 4664 Proposito
3235 4595 3435 4648 sensim
3469 4596 3634 4649 aber-

2047 4684 2222 4738 randi.
2253 4683 2393 4737 Nam
2425 4683 2563 4737 sicut
2592 4681 2838 4736 videmus
2875 4690 3052 4737 mutos
3081 4699 3181 4753 per
3212 4691 3373 4737 nutus
3403 4683 3635 4738 miscere

2048 4771 2332 4842 colloquia,
2367 4771 2439 4824 ita
2481 4771 2643 4824 etiam
2689 4770 2902 4824 silentio
2931 4771 3131 4826 addicti
3159 4771 3301 4824 idem
3332 4771 3632 4833 addiscere,

2049 4867 2102 4914 et
2150 4859 2373 4929 exsequi
2413 4865 2658 4927 possent,
2694 4858 2737 4912 si
2767 4858 2946 4912 ablata
2974 4858 3231 4929 loquendi
3257 4858 3522 4924 libertate,
3556 4859 3634 4913 si-

2048 4962 2275 5020 gnorum
2336 4962 2465 5000 usus
2505 4945 2694 5002 fuisset
2738 4946 3098 5013 introductus,
3151 4955 3203 5001 et
3250 4947 3456 5018 passim
3503 4963 3637 5020 per-

2047 5036 2269 5093 missus.

2120 5125 2312 5178 Totum
2355 5125 2459 5178 hoc
2489 5122 2781 5194 capitulum
2822 5122 3051 5178 relatum
3110 5124 3277 5180 habes
3320 5124 3376 5178 in
3408 5124 3640 5197 antiquis

2053 5213 2260 5268 statutis
2291 5228 2328 5266 ιι
2358 5220 2524 5282 part.,
2557 5227 2674 5282 cap.
2709 5212 2795 5277 17,
2825 5227 2880 5266 n.
2917 5215 2938 5266 1
2977 5220 3026 5266 et
3058 5213 3425 5283 sequentibus.

2120 5302 2250 5356 CAP.
2284 5301 2516 5355 XXXII.
2547 5332 2614 5340 ——
2634 5301 2713 5353 Ex
2737 5301 2839 5355 hoc
2861 5300 3096 5370 capitulo
3114 5301 3394 5356 evidenter
3415 5307 3640 5372 apparet

2049 5389 2194 5462 quod
2222 5405 2329 5444 non
2378 5398 2581 5443 tantum
2629 5389 2821 5458 primis
2859 5389 3234 5443 Carthusianis
3262 5389 3466 5443 licitum
3499 5396 3644 5444 esset

2049 5494 2436 5548 nonnunquam
2487 5494 2544 5532 se
2593 5477 2825 5530 invicem
2875 5476 3114 5540 visitare,
3157 5477 3373 5547 quando
3404 5477 3551 5547 prior
3580 5493 3644 5530 ex

2050 5565 2354 5620 rationabili
2383 5580 2550 5620 causa
2580 5564 2634 5618 id
2683 5563 3044 5634 permittebat,
3081 5565 3176 5618 sed
3209 5565 3354 5636 quod
3383 5580 3490 5618 non
3525 5578 3644 5618 raro

2051 5654 2234 5725 plures
2273 5652 2523 5708 monachi
2571 5651 2730 5706 simul
2765 5651 3116 5708 convenirent
3146 5651 3214 5705 ad
3249 5651 3472 5724 aliquod
3501 5667 3638 5726 opus
