3940 6412
277 338 382 392 705

1646 338 2252 399 CONSUETUDINES.

3483 331 3589 384 706

1471 463 1994 521 CAPITULUM
2041 461 2401 516 XXXIII.

1527 556 1598 608 De
1646 555 1889 624 jejuniis
1941 555 2108 622 atque
2157 550 2320 606 cibis.

355 646 411 698 1.
450 643 603 700 Nunc
631 643 699 700 de
722 644 946 714 jejuniis
975 647 1220 720 cibisque
1251 649 1540 706 dicendum
1573 660 1672 706 est.
1709 649 1977 717 Secunda,
2011 654 2230 720 quarta,
2267 653 2526 716 sextaque
2581 641 2734 707 feria,
2765 655 2926 712 pane,
2979 647 3033 696 et
3069 652 3232 712 aqua,
3275 645 3330 693 et
3371 636 3506 704 sale,
3544 636 3591 690 si

290 737 374 793 cui
403 738 599 808 placet,
634 742 872 795 contenti
906 759 1110 797 sumus.

356 839 408 890 2.
444 835 644 902 Tertia,
681 837 868 907 quinta
898 847 951 894 et
981 841 1217 896 Sabbato
1247 841 1542 912 legumina,
1585 841 1673 896 vel
1704 840 1910 912 aliquid
1937 838 2244 908 hujusmodi
2275 837 2378 909 ipsi
2408 836 2565 893 nobis
2596 834 2901 906 coquimus,
2952 849 2982 886 a
3030 829 3344 902 coquinario
3373 829 3579 895 vinum,

289 938 341 986 et
363 931 419 985 in
450 931 638 1003 quinta
666 933 802 989 feria
831 952 1068 1004 caseum,
1103 939 1188 993 vel
1211 939 1416 1010 aliquid
1439 938 1544 994 cibi
1574 938 1821 992 lautioris
1851 938 2198 1009 accipientes.

357 1032 408 1082 3.
442 1027 525 1082 Ab
557 1029 742 1084 Idibus
771 1033 1108 1102 Septembris
1139 1052 1310 1106 usque
1342 1035 1412 1089 ad
1443 1035 1670 1102 Pascha,
1701 1036 1943 1106 exceptis
1973 1034 2421 1099 solemnitatibus,
2456 1047 2567 1087 non
2594 1028 2699 1084 nisi
2749 1025 2917 1083 semel
2957 1025 3013 1080 in
3051 1025 3139 1080 die
3167 1025 3584 1082 manducamus.

357 1126 408 1179 4.
447 1127 492 1179 Α
521 1125 728 1182 Pascha
757 1136 937 1184 autem
960 1147 1132 1202 usque
1161 1132 1231 1186 ad
1261 1131 1578 1203 praedictum
1607 1131 1917 1201 terminum,
1953 1133 2115 1188 tertia
2141 1176 2154 1201 ,
2206 1140 2259 1188 et
2290 1131 2473 1204 qninta
2521 1128 2674 1194 feria,
2725 1140 2827 1180 nec
2874 1139 2984 1180 non
3031 1129 3084 1178 et
3118 1121 3351 1178 Sabbato
3392 1121 3585 1178 iterato

291 1219 585 1277 reficimus.

358 1320 408 1372 5.
443 1319 524 1373 Ad
554 1334 785 1384 cumam,
819 1317 906 1373 vel
937 1318 1009 1373 ad
1039 1318 1351 1389 prandium,
1384 1333 1509 1374 cum
1555 1318 1726 1374 semel
1759 1319 1992 1386 edimus,
2041 1318 2238 1374 herbas
2268 1318 2487 1388 crudas,
2540 1317 2626 1372 vel
2657 1317 2884 1384 fructus,
2933 1317 2979 1371 si
3009 1315 3215 1384 adsint,
3265 1316 3586 1388 accipimus.

292 1415 422 1485 Quae
449 1416 743 1472 retinentes
773 1417 1014 1488 quandiu
1044 1415 1339 1484 sufﬁciunt,
1364 1416 1470 1472 alia
1500 1417 1743 1487 ejusdem
1774 1419 2038 1472 duntaxat
2090 1417 2308 1488 generis
2341 1431 2451 1471 non
2481 1415 2806 1487 acclpimus.
2862 1416 2944 1471 De
2989 1430 3152 1471 caseo
3201 1430 3438 1487 namque
3488 1429 3586 1470 seu

288 1512 528 1584 piscibus
559 1521 646 1568 aut
675 1513 813 1581 ovis,
847 1512 934 1569 vel
963 1513 1010 1567 si
1039 1513 1167 1584 quid
1199 1513 1483 1583 ejusmodi,
1509 1530 1630 1584 quae
1657 1512 1910 1584 pitantias
1939 1529 2216 1582 vocamus,
2269 1512 2439 1569 semel
2488 1513 2771 1579 sumimus,
2806 1511 2956 1583 quod
2986 1519 3238 1584 superest
3285 1511 3586 1568 reddimus.

359 1613 410 1664 6.
443 1610 642 1666 Vinum
669 1610 887 1665 nonnisi
919 1609 972 1664 in
1012 1610 1244 1681 prandio
1272 1610 1359 1666 vel
1391 1625 1548 1666 creua
1576 1618 1850 1682 potamus.

1633 1722 2206 1780 COMMENTARIUS.

288 1822 390 1878 sibi
421 1839 453 1876 a
479 1820 663 1892 priore
693 1819 1044 1876 commissum
1072 1818 1487 1890 perﬁciendum,
1522 1827 1574 1874 et
1602 1820 1647 1874 si
1678 1836 1881 1876 conve-
1903 1824 1958 1882 A
1985 1822 2135 1878 circa
2163 1820 2451 1892 coquinam
2480 1819 2649 1884 illam,
2683 1833 2849 1890 quam
2879 1817 2983 1872 sibi
3013 1816 3147 1889 ipsis
3179 1815 3449 1872 faciebant
3479 1815 3592 1871 sin-

289 1912 527 1979 nientes,
589 1909 766 1964 soluta
808 1917 935 1963 tunc
981 1907 1181 1962 silentii
1227 1907 1389 1980 lege,
1427 1907 1567 1963 inter
1614 1924 1673 1963 se
1721 1909 1889 1963 libere

287 1999 435 2070 loqui
481 2006 725 2069 possent,
775 1997 873 2051 sed
921 2011 1028 2051 non
1062 2012 1182 2052 cum
1224 1996 1748 2067 supervenientibus,
1783 1997 1886 2051 nisi

285 2088 466 2158 priore
494 2093 762 2157 praesente
793 2092 883 2138 aut
905 2084 1268 2155 permittente.

354 2175 504 2229 Idem
552 2174 621 2228 de
665 2173 853 2229 verbo-
884 2173 952 2227 ad
1001 2173 1230 2228 verbum
1273 2171 1507 2227 refertur
1547 2172 1604 2226 in
1649 2173 1886 2245 antiquis

286 2263 496 2318 statutis
522 2278 560 2316 ιι
591 2270 753 2332 part.,
785 2277 906 2331 cap.
941 2264 1026 2327 18,
1061 2278 1116 2314 n.
1149 2265 1201 2319 2.
1235 2262 1302 2315 Et
1330 2277 1474 2317 nunc
1501 2261 1663 2316 etiam
1693 2263 1889 2318 eodem

282 2367 511 2422 prorsus
539 2351 704 2404 modo
743 2349 1114 2419 praescribitur
1143 2357 1196 2404 et
1227 2357 1496 2404 servatur.

356 2440 486 2494 CAP.
517 2439 776 2492 XXXIII.
811 2469 879 2477 —
907 2439 1068 2492 Num.
1106 2441 1154 2490 1.
1202 2439 1476 2504 Secunda,
1511 2442 1716 2510 quarta
1759 2455 1888 2495 seac-

285 2532 450 2600 taque
478 2529 649 2598 feria,
700 2535 806 2581 etc.
855 2525 1302 2582 Subaudiendum
1361 2534 1461 2592 est,
1503 2526 1607 2580 nisi
1651 2527 1706 2580 in
1753 2526 1891 2597 ipsis

282 2616 475 2670 diebus
505 2622 816 2671 occurreret
862 2613 1059 2668 festum
1108 2613 1346 2685 capituli.
1397 2613 1458 2667 Id
1500 2629 1602 2684 per
1647 2630 1768 2685 cap.
1819 2619 1885 2670 52

285 2705 567 2759 evidenter
595 2711 839 2774 apparet,
863 2702 953 2757 ubi
975 2702 1175 2756 fratres
1204 2702 1320 2772 ipsa
1341 2702 1505 2757 etiam
1542 2702 1677 2757 feria
1713 2713 1883 2770 sexta,

284 2809 405 2864 quae
451 2791 757 2863 vulgariter
809 2790 928 2844 dies
969 2790 1190 2845 Veneris
1239 2790 1457 2856 dicitur,
1506 2807 1570 2845 ex
1618 2801 1886 2861 superve-

285 2880 466 2935 niente
513 2878 652 2933 festo
718 2879 787 2933 ab
827 2877 1148 2933 abstinentia
1211 2879 1475 2934 servanda
1545 2879 1882 2946 eximuntur,

285 2967 530 3039 quamvis
550 2967 700 3022 illam
723 2966 891 3021 semel
914 2974 1120 3020 tantum
1140 2967 1196 3021 in
1215 2967 1561 3022 hebdomade
1582 2976 1882 3023 servarent.

285 3057 380 3111 llic
410 3064 591 3111 autem
623 3055 959 3126 exprimitur,
995 3071 1114 3126 quae
1162 3063 1215 3110 et
1261 3055 1449 3126 quales
1497 3064 1680 3110 essent
1720 3056 1888 3110 absti-

283 3144 479 3201 nentia
501 3145 627 3211 illan,
663 3144 818 3214 quasi
846 3143 1001 3197 initio
1031 3143 1241 3198 ordinis
1272 3159 1304 3198 a
1333 3144 1534 3198 nostris
1564 3145 1883 3200 observatas
1905 3176 1957 3235 Β

280 3232 448 3288 fuisse
477 3239 707 3298 constat,
734 3231 883 3287 circa
911 3248 1043 3302 quas
1066 3247 1098 3285 a
1128 3232 1452 3303 quibusdam
1504 3249 1646 3288 nunc
1695 3233 1762 3287 de
1793 3249 1883 3288 re-

283 3321 554 3376 laxatione
575 3319 877 3390 arguimur,
904 3319 1028 3390 quia
1049 3335 1157 3374 non
1179 3320 1371 3375 eodem
1392 3321 1554 3375 modo
1577 3329 1880 3377 servantur.

285 3410 392 3465 Sed
421 3417 707 3480 antequam
735 3408 1001 3462 rationem
1040 3408 1108 3462 de
1135 3409 1238 3463 hac
1270 3425 1330 3463 re
1371 3410 1485 3463 suis
1513 3409 1646 3463 locis
1679 3410 1881 3464 redda-

283 3513 422 3565 mus,
454 3506 508 3552 et
534 3497 831 3567 probemus
860 3513 970 3551 non
997 3496 1118 3554 ideo
1139 3496 1437 3551 institutum
1469 3497 1884 3552 Carthusianum

283 3585 394 3640 ullo
424 3586 589 3640 modo
639 3585 806 3640 fuisse
855 3585 1170 3650 relaxatum,
1223 3601 1348 3640 cum
1388 3586 1492 3640 ista
1537 3586 1882 3641 observantia

283 3686 388 3725 non
418 3670 681 3734 absolute,
714 3669 812 3724 sed
845 3686 1064 3740 semper
1110 3669 1210 3723 sub
1242 3670 1549 3726 conditione
1598 3671 1756 3725 fuerit
1804 3671 1886 3725 in—

283 3759 532 3814 troducta
561 3767 614 3813 et
642 3758 928 3814 observata
949 3758 1004 3811 in
1034 3757 1223 3814 ordine
1258 3774 1270 3812 :
1304 3759 1467 3813 Notet
1494 3759 1667 3814 lector
1686 3761 1882 3815 condi—

283 3848 483 3902 tionem
528 3847 676 3901 illam
706 3863 829 3902 esse
861 3862 1119 3916 expresse
1165 3847 1495 3902 declaratam
1541 3848 1598 3902 in
1637 3849 1884 3920 sequenti

282 3935 513 4007 capitulo
558 3938 644 4004 35,
693 3935 785 3990 ubi
827 3935 1066 3991 dicitur:
1107 3936 1212 3991 Sed
1257 3939 1314 3991 et
1352 3938 1402 3991 si
1441 3939 1534 3992 cui
1562 3939 1879 4008 pitantiam

281 4024 550 4096 aliquam,
575 4041 674 4080 seu
693 4024 822 4091 cibi,
847 4040 945 4080 seu
966 4025 1171 4089 somni,
1205 4025 1291 4080 vel
1315 4026 1558 4080 alterius
1589 4026 1885 4096 cujuslibet

279 4113 363 4168 rei
376 4115 584 4183 facere,
618 4112 672 4166 id
695 4121 779 4167 est
799 4120 1081 4183 praestare,
1106 4114 1263 4185 prior
1278 4114 1538 4179 voluerit,
1564 4129 1884 4185 repugnare

280 4203 368 4270 fas
389 4217 505 4256 non
533 4200 818 4269 habemus,
840 4209 942 4256 etc.
975 4202 1056 4256 Ex
1087 4201 1284 4272 quibus
1313 4201 1494 4256 verbis
1526 4201 1647 4257 luce
1679 4201 1882 4257 clarius

286 4297 432 4358 patet
470 4288 604 4343 istas
625 4289 977 4345 abstinentias
1007 4290 1077 4344 ab
1107 4289 1356 4343 omnibus
1378 4297 1430 4343 et
1458 4305 1488 4342 a
1516 4289 1884 4361 singularibus

284 4378 560 4446 personis,
584 4385 792 4432 tantum
819 4394 965 4434 nunc
999 4377 1168 4432 fuisse
1204 4378 1504 4433 servandas
1535 4386 1588 4432 et
1617 4386 1881 4445 servatas,

284 4466 501 4537 quando
531 4473 584 4520 et
611 4466 851 4538 quandiu
882 4482 1046 4537 posse
1078 4474 1132 4522 et
1185 4465 1480 4522 convenire
1530 4465 1679 4536 prior
1729 4467 1881 4536 judi-

1987 1911 2101 1982 guli
2131 1909 2380 1966 monachi
2409 1909 2467 1963 in
2495 1907 2712 1976 cellula,
2746 1906 2817 1960 ad
2877 1921 3041 1976 quam
3070 1905 3378 1960 faciendam
3435 1905 3592 1960 ordi-

1988 2007 2114 2053 nate
2142 1998 2478 2052 ministratur
2532 1995 2638 2051 illis
2693 2011 2726 2048 a
2783 1994 3097 2066 coquinario
3151 1993 3394 2064 provisio
3454 2009 3592 2064 qua-

1989 2091 2240 2142 rumdam
2271 2102 2454 2140 rerum
2486 2083 2923 2151 comestibilium,
2956 2098 3090 2154 quas
3132 2081 3275 2152 apud
3307 2098 3367 2136 se
3397 2097 3592 2138 serva-

1989 2177 2141 2245 bant,
2175 2184 2232 2230 ut
2265 2173 2487 2229 inferius
2516 2173 2734 2241 dicitur,
2778 2172 2954 2226 donec
2998 2169 3316 2235 deﬁcerent,
3355 2177 3408 2224 et
3463 2177 3594 2227 tunc

1987 2281 2160 2320 novas
2185 2271 2434 2334 peterent
2465 2270 2517 2316 et
2546 2261 2874 2332 acciperent.
2909 2260 2979 2314 Et
3007 2259 3229 2314 adverte
3263 2259 3410 2330 quod
3439 2259 3590 2313 nulla

1989 2355 2093 2406 huc
2125 2368 2300 2424 usque
2331 2351 2399 2405 sit
2429 2350 2633 2404 mentio
2667 2349 2735 2403 de
2765 2349 3009 2418 pitantia,
3057 2356 3108 2403 et
3137 2364 3235 2418 per
3277 2347 3446 2402 verba
3478 2347 3588 2416 illa,

1987 2441 2206 2512 aliquid
2239 2439 2581 2508 huiusmodi,
2615 2453 2723 2492 non
2755 2452 3047 2507 possumus
3080 2444 3227 2491 certo
3287 2435 3429 2491 scire
3460 2435 3590 2506 quid

1988 2529 2092 2584 hoc
2126 2535 2291 2594 esset,
2327 2528 2473 2599 quod
2503 2526 2662 2581 etiam
2694 2524 2798 2579 sibi
2853 2541 3090 2596 coquere
3128 2532 3372 2595 possent.

2060 2617 2204 2671 Ibid.
2244 2618 2284 2671 A
2318 2616 2645 2687 coquinaria
2677 2616 2890 2677 vinum,
2928 2620 3031 2667 etc.
3089 2613 3153 2667 In
3200 2613 3401 2684 quinta
3440 2613 3591 2682 feria

1987 2721 2214 2760 caseum
2244 2705 2328 2759 vel
2356 2703 2570 2773 aliquid
2599 2702 2707 2758 cibi
2737 2703 3017 2766 lautioris,
3035 2708 3135 2755 etc.
3162 2701 3301 2755 Ecce
3320 2714 3590 2770 apparere

1986 2793 2169 2862 incipit
2201 2792 2345 2863 quod
2375 2790 2514 2845 feria
2543 2789 2730 2860 quinta
2757 2789 2936 2860 portio
2977 2789 3146 2855 casei,
3185 2788 3328 2842 ultra
3373 2787 3592 2843 solitum

1987 2881 2236 2936 ordinate
2266 2879 2684 2944 ministraretur,
2715 2877 2802 2934 vel
2831 2877 3032 2948 aliquid
3063 2877 3169 2931 cibi
3194 2877 3459 2945 lautioris,
3494 2876 3592 2931 sed

1986 2969 2230 3024 nondum
2261 2968 2348 3023 hic
2377 2965 2437 3020 fit
2466 2966 2671 3022 mentio
2703 2982 2926 3022 ovorum
2958 2973 3012 3020 et
3039 2964 3290 3036 piscium,
3343 2965 3591 3035 quamvis

1987 3058 2150 3113 etiam
2182 3057 2288 3112 dici
2336 3055 2510 3126 possit
2567 3054 2712 3126 quod
2770 3070 2870 3124 per
2922 3052 3128 3124 aliquid
3185 3052 3293 3108 cibi
3347 3052 3592 3109 lautioris

1987 3147 2221 3216 idipsum
2242 3145 2591 3201 indicaretur.

2057 3235 2221 3289 Num.
2250 3237 2301 3287 3.
2337 3233 2414 3288 Ab
2442 3232 2626 3288 Idibus
2654 3231 3013 3302 Septembris,
3047 3237 3176 3296 etc.,
3212 3232 3464 3301 exceptis
3508 3246 3594 3286 so-

1987 3322 2406 3387 lemnitatibus,
2439 3321 2675 3376 nonnisi
2707 3321 2900 3386 semel,
2935 3326 3040 3374 etc.
3079 3319 3182 3373 Per
3224 3318 3594 3373 solemnitates

1985 3411 2216 3483 intelligi
2247 3410 2448 3465 debent
2480 3409 2618 3463 festa
2648 3407 2890 3478 capituli,
2914 3408 3019 3462 hoc
3049 3407 3195 3461 enim
3227 3407 3397 3462 verbo
3429 3407 3597 3461 utitur

1984 3501 2048 3555 R.
2083 3501 2141 3554 Ρ.
2175 3498 2373 3569 Guigo,
2423 3497 2585 3552 etiam
2634 3497 2702 3551 de
2748 3495 2902 3550 festis
2953 3495 3243 3550 duodecim
3302 3495 3595 3550 lectionum

1983 3588 2234 3658 loquens,
2271 3594 2433 3657 prout
2464 3603 2530 3640 ex
2561 3601 2680 3655 cap.
2721 3586 2771 3650 4,
2795 3602 2850 3638 n.
2885 3587 2972 3650 t3,
3005 3583 3286 3654 probatur.
3335 3583 3433 3638 Hic
3461 3599 3596 3639 vero

1986 3675 2308 3746 designatur
2338 3683 2553 3744 tempus
2595 3689 2702 3744 quo
2741 3672 3006 3741 jejunium
3060 3671 3268 3726 ordinis
3325 3679 3592 3739 servatur,

1985 3764 2131 3836 quod
2164 3780 2381 3835 semper
2407 3763 2507 3817 fuit
2539 3770 2592 3817 et
2619 3770 2701 3817 est
2729 3761 2922 3817 eodem
2950 3769 3195 3832 tempore
3224 3759 3592 3816 observatum.

2059 3854 2218 3908 Num.
2259 3854 2310 3906 4.
2348 3854 2387 3906 Α
2422 3851 2640 3906 Pascha
2670 3854 2884 3916 autem,
2928 3857 3057 3919 etc.,
3091 3851 3264 3904 tertia
3306 3854 3363 3904 et
3392 3849 3596 3920 quinta

1983 3942 2152 4012 feria,
2188 3957 2412 3998 necnon
2444 3940 2680 3996 Sabbato
2714 3941 2923 3994 iterato
2952 3939 3265 4007 reﬁcimus.
3297 3937 3358 3992 Id
3387 3945 3468 3992 est
3491 3952 3600 3992 non

1985 4038 2195 4084 tantum
2223 4030 2513 4100 prandium
2547 4029 2643 4083 sed
2678 4037 2729 4084 ct
2773 4044 2984 4083 cumam
3034 4027 3320 4093 sumimus,
3380 4027 3524 4082 unde
3546 4033 3601 4084 et

1983 4118 2038 4173 hi
2068 4118 2185 4173 dies
2216 4125 2479 4174 vocantur
2506 4117 2652 4187 apud
2683 4133 2803 4184 nos,
2838 4116 2956 4170 dies
2985 4116 3129 4171 bina;
3157 4115 3488 4171 refectionis.

2053 4206 2216 4263 Num.
2259 4210 2311 4260 5.
2343 4207 2423 4260 Ad
2483 4221 2698 4261 caenam
2731 4207 2818 4260 vel
2855 4204 3185 4276 prandium,
3244 4222 3374 4260 cum
3428 4205 3600 4261 semel

1985 4295 2224 4359 edimus,
2264 4293 2461 4349 herbas
2489 4293 2715 4360 crudas,
2750 4294 2837 4348 vel
2867 4297 3095 4363 fructus
3112 4293 3162 4347 si
3181 4292 3602 4364 adsintaccipi-

1981 4399 2129 4438 mus.
2157 4382 2287 4449 Qua:
2310 4384 2652 4450 retinentes,
2671 4389 2776 4436 etc.
2803 4381 2884 4436 Ex
2907 4381 3012 4436 hoc
3042 4381 3164 4437 loco
3185 4395 3292 4436 non
3326 4388 3409 4435 est
3436 4381 3598 4435 intel-

1992 4469 2273 4543 ligendum
2309 4470 2455 4541 quod
2485 4469 2678 4525 diebus
2700 4468 2888 4537 jejunii
2941 4469 3151 4524 ordinis
3183 4467 3252 4523 ad
3309 4467 3600 4539 prandium

282 4530 464 4620 caret,
506 4530 714 4627 absque
763 4530 1010 4610 sanitatis
1058 4555 1274 4610 illarum
1323 4530 1668 4610 detrimento.
1727 4530 1880 4622 I)ico,
1910 4530 1955 4590 θ
1988 4530 2112 4616 οδω
2145 4530 2592 4625 semel-ederent,
2625 4530 2810 4612 herbis
2842 4564 3048 4611 tantum
3093 4555 3277 4612 crudis
3309 4530 3424 4612 ’γει
3477 4556 3600 4612 fru-

282 4645 574 4712 sanitatis,
613 4643 739 4714 quia
767 4644 1040 4714 superﬂua
1085 4659 1315 4715 prorsus
1353 4650 1404 4697 et
1450 4643 1654 4698 inutilis
1693 4642 1884 4702 fuisset

278 4730 380 4785 ista
430 4731 688 4799 conditio,
755 4732 802 4786 si
859 4732 1100 4787 sanitatis
1153 4731 1452 4802 corporalis
1499 4731 1644 4786 nulla
1693 4731 1884 4788 fuisset

281 4819 534 4874 habenda
562 4820 723 4886 ratio,
759 4828 812 4875 et
860 4821 918 4874 in
973 4822 1078 4877 hoc
1133 4821 1311 4876 elucet
1358 4837 1555 4891 magna
1604 4821 1879 4888 discretio,

279 4923 443 4979 quam
501 4907 670 4962 veluti
725 4907 952 4962 instituti
1004 4908 1086 4963 sui
1146 4906 1321 4963 basim
1369 4917 1664 4980 posuerunt
1723 4910 1882 4980 primi

281 4996 638 5062 Carthusiani,
674 5012 871 5053 cavere
912 4997 1179 5064 volentes,
1219 5012 1289 5052 ne
1337 5012 1403 5052 ex
1447 4997 1614 5052 nimia
1643 4999 1879 5054 austeri-

277 5084 470 5138 tatibus
501 5085 876 5155 corporalibus
906 5085 1261 5153 adhaerentia,
1283 5084 1469 5155 plures
1501 5103 1529 5141 e
1561 5085 1673 5141 suis
1704 5087 1759 5140 in
1792 5087 1882 5142 via

279 5173 532 5228 solitaria:
571 5173 695 5228 vitae
743 5171 1055 5240 deficerent,
1091 5174 1229 5231 sicut
1269 5175 1386 5242 jam
1426 5174 1675 5230 evenisse
1735 5175 1879 5231 scie-

281 5260 409 5314 bant
440 5261 675 5333 antiquis
719 5261 1043 5332 quibusdam
1091 5262 1439 5318 anachoretis
1480 5271 1533 5317 et
1563 5263 1704 5318 aliis.
1749 5264 1884 5333 Quae

279 5349 536 5405 discretio
565 5349 764 5403 mirum
794 5349 848 5404 in
897 5351 1122 5406 modum
1177 5349 1377 5422 profuit
1433 5350 1504 5406 ad
1551 5353 1882 5408 servandum

279 5437 527 5493 ordinem
551 5438 606 5492 in
631 5453 730 5492 suo
770 5438 978 5509 vigore.

347 5527 517 5581 Num.
547 5529 600 5581 2.
644 5526 847 5595 Tertia,
873 5527 1095 5598 quinta,
1120 5533 1176 5583 et
1201 5529 1430 5585 Sabbato
1462 5531 1770 5600 legumina,
1797 5529 1883 5585 vel

274 5614 491 5687 aliquid
521 5615 843 5686 hujusmodi
874 5616 985 5686 ipsi
1015 5617 1172 5671 nobis
1204 5619 1512 5689 coquimus,
1547 5626 1650 5674 etc.
1677 5617 1775 5672 Hic
1797 5632 1885 5671 re-

273 5702 518 5760 fricanda
551 5710 633 5758 est
661 5701 927 5758 memoria
957 5719 1143 5759 eorum
1173 5704 1420 5776 quaejam
1437 5720 1556 5776 cap.
1586 5708 1620 5761 '7
1649 5705 1885 5760 diximus

1987 4648 2185 4714 ctibus,
2221 4647 2266 4700 si
2298 4647 2556 4702 adessent
2588 4653 2865 4700 uterentur
2895 4664 2909 4712 ;
2944 4644 3282 4700 contrarium
3313 4644 3456 4699 enim
3486 4644 3600 4702 evi-

1985 4737 2179 4791 denter
2206 4743 2431 4806 apparet
2459 4751 2515 4790 n.
2560 4739 2615 4801 2,
2650 4733 2744 4788 ubi
2792 4733 2991 4790 dicitur
3022 4733 3167 4805 quod
3196 4732 3413 4788 sibimet
3441 4733 3598 4806 legu-

1985 4825 2134 4879 mina
2193 4831 2497 4895 coquerent
2530 4823 2665 4879 :sed
2725 4830 2930 4877 tantum
2989 4821 3043 4877 id
3119 4820 3394 4894 significat
3449 4822 3598 4894 quod

1983 4913 2168 4968 herbis
2200 4913 2402 4979 crudis,
2434 4912 2490 4966 id
2521 4920 2604 4966 est
2644 4911 2888 4967 oleribus
2941 4926 3171 4982 quorum
3202 4911 3443 4982 provisio
3488 4910 3598 4966 illis

1983 5001 2236 5070 dabatur,
2264 5001 2352 5057 vel
2382 5000 2650 5056 fructibus
2681 5000 2895 5072 quando
2924 4999 3217 5066 habebant,
3251 5008 3375 5056 tunc
3423 4999 3598 5055 libere

1981 5090 2057 5145 uti
2087 5090 2194 5145 illis
2226 5090 2434 5145 licitum
2465 5097 2634 5156 esset,
2687 5106 2808 5160 quae
2866 5089 2990 5144 ideo
3050 5089 3194 5159 apud
3253 5105 3313 5143 se
3372 5103 3595 5146 servare

1984 5187 2234 5249 poterant
2298 5177 2539 5250 quandiu
2597 5177 2903 5243 durabant;
2937 5178 2992 5232 id
3035 5186 3216 5252 autem
3274 5177 3596 5248 exprimitur

1985 5267 2054 5320 ad
2074 5267 2481 5322 distinctionem
2510 5282 2693 5322 rerum
2731 5265 3152 5321 comestibilium
3204 5281 3338 5337 quas
3369 5265 3421 5318 in
3454 5265 3596 5321 cella

1986 5371 2204 5410 servare
2264 5362 2535 5424 poterant,
2599 5362 2653 5409 et
2711 5354 3115 5409 esculentorum
3200 5371 3320 5425 qua:
3379 5361 3596 5424 sumpta

1983 5441 2280 5498 refectione
2312 5442 2544 5497 reddere
2571 5442 2864 5511 debebant,
2896 5441 2965 5496 de
2995 5441 3192 5512 quibus
3225 5440 3492 5496 subditur.

2057 5531 2198 5587 Ibid.
2230 5533 2307 5585 De
2339 5547 2498 5585 caseo
2521 5547 2784 5602 namque,
2816 5546 2914 5585 seu
2940 5530 3184 5601 piscibus
3216 5533 3319 5584 aut
3338 5530 3472 5595 ovis,
3489 5531 3596 5584 aut

1986 5620 2036 5674 si
2065 5617 2197 5689 quid
2227 5618 2547 5687 hujusmodi
2559 5634 2680 5689 quae
2693 5618 2974 5688 pitantias
2987 5632 3264 5672 vocamus.
3285 5615 3386 5671 Hic
3401 5622 3594 5685 aperte

1990 5704 2310 5775 exprimitur
2338 5704 2483 5775 quod
2514 5719 2624 5759 non
2655 5713 2862 5760 tantum
2899 5719 3083 5770 caseo,
3118 5704 3213 5757 sed
3243 5712 3294 5757 et
3347 5703 3591 5772 piscibus
