3940 6438
347 317 453 371 707

1169 321 1508 378 GUIGONIS
1552 325 1573 377 l
1619 324 2024 382 CARTHUSLE
2072 325 2365 383 MAIORIS
2415 329 2690 386 PRIORIS
2739 331 2803 386 V.

3534 337 3643 391 708

352 438 514 508 Quod
544 439 700 510 panis
721 447 773 495 et
801 439 909 495 vini
937 451 1202 512 superest,
1239 445 1480 502 Sabbato
1511 448 1776 502 redditur.
1807 447 2038 516 Quando
2067 450 2123 504 in
2159 452 2446 510 refectorio
2494 455 2766 512 reficimus
2788 496 2802 522 ,
2863 469 3077 520 caseus,
3137 453 3224 509 vel
3285 455 3469 528 aliqua
3521 458 3648 514 talis

347 537 592 608 pitantia,
626 538 864 593 oleribus
893 541 980 594 vel
1011 541 1376 611 leguminibus
1404 545 1799 615 superadditur,
1833 554 1886 601 et
1915 547 1970 601 in
1997 563 2186 617 omna,
2217 551 2304 607 vel
2346 551 2551 607 fructus
2609 553 2693 608 vel
2751 552 2931 607 herbae
2988 551 3210 622 crudae,
3265 553 3312 608 si
3370 553 3646 610 adfuerint

350 641 712 702 apponuntur.

423 708 474 758 8.
512 706 570 757 In
602 705 850 761 Adventu
880 723 982 763 nec
1010 708 1126 764 ovis
1157 725 1257 764 nec
1302 725 1465 766 caseo
1522 711 1812 766 vescimur.

1649 827 2045 884 CAPITULUM
2084 830 2342 886 XXXIV.

1548 943 1620 997 De
1669 958 1937 998 mensura
1983 945 2104 998 vini
2152 949 2208 999 et
2251 948 2422 1001 casei.

419 1038 471 1091 I.
508 1034 764 1090 Mensura
793 1035 903 1091 vini
934 1035 1050 1090 sive
1074 1035 1128 1090 in
1157 1035 1312 1091 cellis
1342 1035 1456 1091 sive
1487 1036 1542 1090 in
1572 1036 1863 1093 refectorio
1893 1039 2087 1094 eadem
2113 1049 2451 1111 perseverat,
2483 1042 2785 1113 eodemque
2811 1042 2976 1098 modo
3025 1050 3387 1115 temperatur.

416 1138 471 1191 2.
504 1135 645 1189 Nam
674 1149 813 1204 puro
835 1134 933 1206 [αι.
965 1149 1102 1205 puro
1143 1133 1400 1205 namque]
1428 1149 1537 1190 non
1565 1135 1785 1189 utimur.

415 1237 468 1289 3.
505 1233 689 1304 Panis,
724 1233 974 1306 quamvis
1005 1233 1073 1289 de
1103 1233 1303 1301 tritico,
1337 1241 1473 1289 torta
1503 1233 1601 1305 [al.
1642 1243 1824 1290 tamen
1854 1236 2016 1308 torta]
2047 1245 2148 1303 est,
2180 1237 2370 1292 album
2402 1237 2546 1292 enim
2576 1253 2775 1309 panem
2815 1253 2924 1294 non
2957 1237 3206 1295 facimus.

1724 1349 2293 1407 COMMENTARIUS.

344 1452 397 1501 et
424 1445 562 1512 ovis,
596 1445 823 1518 aliisque
852 1446 1160 1515 bujusmodi
1202 1445 1269 1500 ad
1301 1446 1498 1501 victum
1555 1453 1854 1512 uterentur,
1889 1453 2011 1512 etA
2042 1449 2274 1521 antiquis
2331 1449 2536 1504 statutis
2592 1465 2631 1504 η
2686 1457 2849 1521 part.,
2907 1465 3029 1522 cap.
3058 1451 3143 1518 li,
3176 1466 3274 1506 nu.
3298 1453 3349 1517 5,
3375 1454 3426 1520 6,
3452 1455 3504 1519 9,
3547 1455 3630 1518 10,

343 1533 470 1589 inde
498 1541 919 1604 componeretur
950 1533 1130 1605 portio
1193 1533 1300 1589 cibi
1372 1534 1602 1605 singulis
1659 1536 1943 1591 monachis

341 1621 701 1688 ministrandi,
737 1639 896 1693 quam
917 1624 1250 1694 pitantiam,
1285 1630 1336 1677 et
1367 1622 1659 1693 aliquando
1681 1624 1940 1692 pulmen-

342 1718 455 1764 tum
484 1709 766 1765 vocabant.
817 1709 1027 1777 Quibus
1068 1718 1246 1764 autem
1297 1709 1491 1764 diebus
1541 1710 1942 1766 ministraretur

337 1797 464 1854 talis
492 1797 716 1868 pitantia
742 1798 770 1850 ?
799 1797 1014 1852 Certum
1044 1805 1126 1852 est
1155 1797 1301 1868 quod
1329 1798 1520 1852 diebus
1561 1799 1858 1852 Dominicis
1887 1807 1941 1853 et

341 1884 495 1940 festis
522 1885 577 1939 in
624 1884 907 1941 refectorio
955 1885 1207 1950 daretur;
1262 1885 1498 1956 itemque
1540 1885 1677 1940 feria
1729 1886 1937 1957 quinta,

340 1981 400 2028 ut
427 1990 492 2028 ex
521 1989 576 2027 n.
609 1977 641 2029 2
673 1973 958 2042 praesentis
985 1972 1206 2042 capituli
1259 1973 1564 2042 conjicitur,
1599 1973 1696 2028 sed
1729 1982 1781 2028 et
1819 1974 1939 2028 aliis

341 2061 503 2116 etiam
531 2061 725 2116 diebus
749 2061 898 2128 juxta
929 2061 1122 2116 domus
1152 2061 1452 2126 facultates,
1485 2069 1537 2115 et
1566 2061 1764 2131 prioris
1794 2062 1938 2116 ordi-

338 2149 630 2216 nationem,
677 2163 1064 2220 nonnunquam
1114 2149 1412 2203 ministrari
1464 2149 1807 2218 perspicuum
1841 2149 1940 2204 erit

344 2254 410 2293 ex
430 2235 801 2307 sequentibus,
833 2236 1075 2307 exceptis
1105 2244 1312 2293 tantum
1349 2236 1543 2291 diebus
1600 2237 1938 2293 abstinentiae

339 2325 629 2396 deputatis.

406 2414 570 2467 Num.
592 2416 644 2467 5.
668 2413 852 2467 Semel
871 2414 1170 2478 sumimus,
1187 2412 1328 2484 quod
1356 2417 1612 2482 superest
1628 2413 1931 2467 reddimus.

339 2502 398 2556 Id
429 2510 528 2566 est,
561 2500 706 2572 quod
736 2509 950 2570 sumpta
981 2500 1275 2556 refectione
1305 2517 1369 2554 ex
1401 2500 1627 2570 pitantia
1659 2500 1761 2553 sibi
1777 2500 1936 2554 mini-

343 2597 528 2658 strata,
558 2604 667 2644 non
685 2596 938 2658 poterant
966 2589 1216 2644 monachi
1249 2605 1314 2642 ex
1351 2588 1447 2641 illa
1504 2588 1707 2659 aliquid
1753 2605 1932 2643 reser-

336 2693 490 2743 vare,
523 2677 608 2732 vel
639 2677 695 2731 in
741 2692 973 2744 coenam,
1025 2677 1112 2731 vel
1159 2676 1214 2730 in
1268 2676 1586 2742 crastinum,
1646 2676 1742 2730 sed
1787 2677 1930 2746 quod

333 2765 614 2820 residuum
657 2773 793 2831 erat,
840 2765 1114 2820 debebant
1142 2765 1195 2818 in
1252 2764 1535 2819 fenestella
1589 2779 1931 2833 reponere,a

335 2853 656 2925 coquinario
703 2852 1112 2922 resumendum,
1171 2859 1329 2923 prout
1393 2867 1611 2922 semper
1639 2851 1694 2906 in
1740 2852 1930 2908 ordine

331 2940 427 2997 fuit
456 2949 508 2995 et
532 2948 614 2994 est
642 2940 1008 2994 observatum.

401 3030 483 3084 Ex
511 3029 595 3082 his
632 3036 810 3083 autem
856 3027 1038 3082 verbis
1096 3026 1302 3096 liquido
1360 3035 1571 3081 constat
1625 3027 1770 3097 quod
1822 3042 1932 3082 non

331 3125 540 3171 tantum
569 3115 762 3169 diebus
792 3114 963 3179 festis,
1000 3114 1097 3168 sed
1127 3115 1286 3167 etiam
1317 3113 1598 3168 ferialibus
1628 3114 1879 3183 pitantias
1899 3131 1931 3168 a

333 3203 650 3275 coquinario
679 3203 989 3272 acciperent
1020 3219 1034 3267 ;
1067 3217 1176 3256 non
1205 3201 1346 3256 enim
1393 3209 1621 3271 possunt
1674 3201 1931 3272 applicari

330 3291 524 3346 diebus
575 3290 802 3355 festivis,
864 3289 1062 3360 quibus
1103 3288 1158 3342 in
1218 3288 1504 3344 refectorio
1553 3289 1928 3358 comedebant,

332 3379 455 3450 quia
485 3378 559 3432 ibi
586 3378 806 3448 pitantia
826 3377 932 3431 illis
975 3377 1400 3442 ministrabatur,
1443 3385 1496 3431 et
1522 3375 1668 3431 linito
1701 3377 1928 3447 prandio

330 3467 610 3521 residuum
636 3483 667 3519 a
697 3465 1132 3520 ministrantibus
1188 3465 1590 3533 resumebatur,
1624 3473 1681 3519 ut
1734 3481 1927 3519 mensa

328 3563 472 3611 esset
500 3570 687 3620 vacua,
722 3553 940 3625 quando
967 3553 1156 3609 lectori
1185 3553 1455 3609 refectorii
1503 3553 1718 3624 signum
1749 3553 1924 3608 daba-

261 3652 273 3661 ‘
325 3652 415 3698 tur
442 3651 500 3698 ut
529 3642 749 3698 lectioni
775 3643 936 3697 finem
967 3642 1290 3713 imponeret,
1354 3640 1687 3711 superﬂuum
1734 3640 1924 3696 fuisset

326 3732 393 3786 de
419 3730 656 3801 pitantiis
685 3729 737 3784 in
769 3729 1060 3785 refectorio
1117 3729 1436 3782 ministratis
1496 3729 1696 3788 dicere.
1752 3731 1924 3783 semel

327 3821 626 3883 sumimus,
646 3818 786 3888 quod
808 3821 1064 3888 superest
1092 3817 1400 3872 reddimus.
1434 3816 1496 3869 Id
1527 3815 1670 3869 enim
1692 3815 1747 3868 in
1776 3831 1926 3870 com-

328 3906 537 3962 edentis
565 3905 814 3959 libertate
842 3919 952 3958 non
979 3912 1113 3972 erat,
1144 3903 1362 3974 quando
1392 3902 1448 3956 in
1478 3902 1765 3958 refectorio
1778 3919 1926 3958 com-

326 3995 541 4060 edebat,
575 4008 802 4048 necesse
833 4007 968 4062 ergo
988 3999 1072 4046 est
1101 3999 1159 4045 ut
1188 3991 1243 4045 id
1275 3990 1515 4061 pitantiis
1545 3991 1600 4044 in
1646 3990 1786 4046 cella
1816 3991 1923 4044 mi-

324 4081 564 4136 nistratis
609 4080 932 4151 applicetur.

2043 1540 2129 1606 II,
2159 1541 2244 1606 l3,
2271 1539 2336 1591 I7
2366 1545 2416 1592 et
2446 1541 2532 1592 l9.
2561 1539 2628 1593 Et
2655 1546 2712 1593 ut
2741 1554 2806 1593 ex
2837 1539 2994 1608 hujus
3034 1538 3249 1609 capituli
3293 1547 3442 1595 recta
3470 1539 3635 1594 intel-

2039 1623 2266 1697 ligentia
2293 1626 2381 1680 via
2409 1633 2592 1696 pateat
2611 1627 2678 1680 ad
2725 1626 2879 1696 plura
2907 1626 3016 1680 alia
3059 1634 3205 1681 recte
3260 1625 3632 1697 intelligenda,

2041 1729 2159 1783 quae
2188 1713 2242 1768 in
2259 1714 2825 1769 ConsuetudinibusR.
2844 1715 2901 1768 P.
2924 1714 3191 1785 Guigonis
3211 1715 3414 1784 passim
3443 1729 3634 1770 occur-

2039 1804 2182 1863 runt,
2243 1804 2294 1851 et
2363 1797 2586 1851 errandi
2652 1798 2868 1852 occasio
2923 1797 3156 1862 tollatur,
3217 1798 3360 1852 illius
3417 1797 3632 1869 capituli

2039 1883 2323 1939 elenchum
2353 1883 2440 1939 hic
2483 1885 2753 1939 addimus.
2807 1887 2884 1940 Ex
2915 1887 3018 1940 hoc
3066 1901 3197 1955 ergo
3253 1885 3485 1956 capitulo
3533 1885 3636 1940 ista

2038 1980 2326 2026 eruuntur:
2361 1975 2413 2027 I.
2448 1973 2606 2026 Primi
2650 1974 2836 2027 Patres
2896 1972 3230 2043 recipiebant
3258 1989 3288 2026 a
3319 1973 3633 2044 coquinaria

2037 2060 2399 2130 provisionem
2471 2060 2825 2130 leguminum,
2900 2060 2955 2115 id
2985 2069 3066 2115 est
3136 2061 3401 2130 labarum,
3479 2061 3633 2131 piso-

2037 2164 2177 2214 rum,
2211 2157 2316 2203 etc.
2350 2150 2590 2219 Itemque
2612 2149 2841 2214 olerum,
2863 2165 2981 2219 qua:
2994 2149 3096 2202 sibi
3118 2150 3444 2220 coquebant,
3467 2157 3628 2220 atque

2037 2236 2197 2290 etiam
2228 2237 2517 2302 fructuum,
2551 2245 2602 2291 et
2648 2237 2767 2292 huic
2825 2237 2966 2308 apud
2995 2253 3054 2291 se
3086 2237 3397 2303 servabant,
3455 2237 3629 2292 donec

2035 2333 2349 2394 consumpta
2379 2332 2580 2393 essent,
2614 2325 2811 2395 quibus
2863 2325 3198 2394 consumptis
3227 2325 3331 2380 alia
3381 2324 3634 2395 petebant

2034 2420 2084 2466 et
2116 2412 2472 2481 recipiebant.
2517 2417 2570 2468 2.
2609 2413 2799 2467 Vinum
2843 2421 2894 2466 et
2922 2428 3121 2483 panem
3176 2412 3529 2483 recipiebant,
3578 2419 3630 2467 et

2034 2516 2247 2554 servare
2296 2500 2351 2553 in
2393 2500 2585 2555 cellula
2649 2509 2897 2570 poterant
2954 2517 3127 2571 usque
3183 2501 3252 2555 ad
3309 2501 3626 2568 Sabbatum,

2032 2588 2268 2658 vinoque
2300 2597 2409 2640 tum
2442 2588 2497 2641 in
2527 2589 2757 2658 prandio
2818 2596 2931 2643 tum
2985 2589 3040 2641 in
3095 2603 3254 2643 caena
3313 2588 3623 2654 utebantur,

2031 2676 2272 2746 exceptis
2310 2676 2503 2730 diebus
2561 2677 2902 2731 abstinentiae
2943 2677 3234 2746 deputatis.
3287 2680 3339 2730 3.
3375 2675 3524 2732 Ultra
3565 2691 3632 2730 ea

2032 2780 2152 2833 quae
2185 2763 2286 2818 sibi
2316 2764 2371 2817 in
2403 2764 2542 2818 cella
2589 2764 2913 2835 coquebant,
2957 2764 3167 2818 statutis
3197 2764 3390 2818 diebus
3446 2763 3627 2833 pitan-

2033 2852 2159 2905 tiam
2212 2867 2244 2905 a
2300 2852 2616 2922 coquinario
2693 2851 3048 2921 recipiebant,
3099 2867 3165 2906 ex
3233 2867 3340 2922 qua
3396 2850 3529 2904 nihil
3576 2849 3631 2904 in

2033 2948 2348 3010 sequentem
2407 2939 2762 2994 refectionem
2810 2953 3096 2994 reservare
3168 2938 3272 2992 sibi
3353 2945 3624 3008 poterant,

2032 3027 2264 3080 subaudi
2291 3042 2507 3096 semper
2536 3027 2652 3081 sine
2683 3026 2879 3096 prioris
2900 3026 3146 3093 licentia;
3179 3033 3232 3081 et
3260 3027 3378 3081 haec
3403 3025 3628 3096 pitantia

2031 3129 2094 3167 ex
2117 3130 2297 3179 caseo,
2324 3115 2459 3180 ovis,
2491 3115 2575 3169 vel
2604 3115 2862 3184 piscibus,
2895 3123 2986 3169 aut
3028 3114 3209 3185 aliqua
3237 3130 3299 3170 re
3319 3112 3628 3182 bujusmodi

2030 3202 2328 3256 constabat.
2364 3205 2414 3256 4.
2465 3203 2669 3257 Diebus
2713 3201 3000 3270 refectorii,
3061 3201 3299 3271 pitantiae
3351 3201 3627 3273 legumina

2027 3289 2083 3342 in
2139 3290 2368 3360 prandio
2451 3290 2807 3345 addebantur.
2860 3293 2912 3343 5.
2970 3293 3016 3345 A
3063 3289 3201 3344 festo
3273 3288 3626 3344 Exaltationis

2029 3377 2084 3430 S.
2105 3377 2276 3432 crucis
2308 3392 2478 3448 usque
2508 3378 2578 3432 ad
2607 3379 2831 3442 Pascha,
2866 3377 3148 3447 jejunium,
3198 3377 3344 3448 quod
3371 3392 3628 3432 vocamus

2027 3465 2262 3529 ordinis,
2315 3465 2620 3531 servabant,
2681 3473 2734 3520 et
2762 3465 2894 3519 illud
2950 3473 3177 3521 vocatur
3221 3464 3483 3533 jejunium
3515 3479 3623 3519 non

2025 3552 2374 3623 praecipuum,
2407 3553 2551 3624 quod
2592 3553 2932 3623 procuratori
2961 3561 3014 3608 et
3043 3552 3334 3624 aliquando
3379 3551 3548 3623 priori
3567 3552 3620 3605 in

2027 3641 2253 3711 gratiam
2308 3641 2582 3711 hospitum
2623 3642 2880 3713 frangere
2926 3641 3358 3712 permittebatur.
3422 3639 3626 3695 Praeci-

2024 3745 2192 3797 puum
2222 3744 2354 3783 vero
2411 3729 2714 3794 dicebatur,
2762 3729 2905 3798 quod
2937 3745 3002 3783 ex
3033 3735 3306 3798 praecepto
3363 3727 3624 3782 Ecclesia:

2025 3823 2141 3869 erat
2172 3816 2520 3870 servandum.
2552 3822 2604 3871 9.
2637 3820 2683 3871 A
2711 3815 2850 3872 festo
2883 3817 3100 3872 Pascha
3127 3831 3298 3886 usque
3327 3815 3396 3870 ad
3424 3814 3621 3870 festum

2024 3902 2380 3958 Exaltationis
2419 3905 2476 3959 S.
2527 3905 2720 3970 crucis,
2773 3904 2958 3960 binam
3030 3904 3379 3960 refectionem
3436 3919 3622 3958 sume-

2023 3993 2169 4058 bant,
2214 3993 2374 4048 idest
2418 3993 2708 4063 prandium
2738 4000 2791 4047 et
2837 4009 3070 4061 cumam,
3127 3992 3366 4063 exceptis
3422 3991 3616 4046 diebus

2020 4081 2362 4136 abstinentiae
2385 4081 2470 4136 vel
2489 4081 2694 4149 jejunio
2737 4081 3022 4150 deputatis.

393 4170 557 4225 Num.
592 4173 643 4222 6.
687 4169 885 4224 Vinum
911 4167 1146 4222 nonnisi
1169 4168 1230 4221 in
1263 4166 1500 4237 prandio
1529 4168 1615 4221 vel
1644 4183 1802 4222 ozena
1820 4160 1983 4239 po-C
2081 4169 2242 4224 Plura
2296 4170 2470 4224 adhuc
2525 4169 2594 4224 de
2624 4170 2723 4224 hac
2778 4185 2835 4224 re
2902 4169 3134 4226 dicenda
3185 4175 3468 4225 occurrent
3511 4167 3613 4222 sub

327 4262 534 4313 tamus.
570 4255 630 4310 Id
660 4253 930 4327 signiﬁcat
957 4254 1102 4325 quod
1131 4261 1283 4308 extra
1311 4253 1597 4322 prandium
1623 4262 1676 4308 et
1706 4269 1918 4310 coenam

319 4345 568 4402 ordinate
623 4343 808 4398 vinum
861 4342 1052 4396 bibere
1105 4357 1214 4396 non
1262 4341 1577 4398 debeamus.
1620 4342 1728 4397 Sed
1790 4343 1917 4398 inde

321 4432 547 4504 apparet
587 4430 731 4502 quod
787 4429 947 4502 primi
1014 4428 1378 4495 Carthusiani,
1439 4429 1678 4500 exceptis
1725 4429 1918 4484 diebus

319 4519 660 4576 abstinentiae
701 4517 992 4589 deputatis,
1036 4517 1162 4572 vino
1192 4516 1246 4571 in
1296 4515 1590 4573 refectione
1643 4533 1805 4574 mane
1863 4525 1918 4573 et

316 4625 544 4680 vespere
573 4605 928 4664 communiter
960 4613 1262 4660 uterentur.

386 4698 531 4752 Num
561 4698 614 4750 7.
656 4695 808 4764 Quod
852 4696 1018 4767 panis
1073 4699 1130 4749 et
1169 4695 1289 4750 vini
1345 4699 1618 4765 superest,
1684 4695 1914 4751 Sabbato

316 4785 594 4841 redditur.
625 4783 705 4838 lbi
734 4783 947 4839 videtur
982 4782 1127 4853 quod
1157 4782 1321 4836 etiam
1351 4798 1417 4836 ex
1455 4782 1581 4837 vino
1625 4782 1727 4836 sibi
1755 4782 1915 4836 mini-

316 4880 502 4937 strato,
536 4871 742 4943 aliquid
769 4871 826 4924 in
846 4871 986 4926 cella
1016 4885 1237 4925 servare
1264 4878 1506 4940 possent,
1540 4870 1685 4941 quod
1732 4879 1915 4925 tamen

319 4960 559 5014 Sabbato
586 4959 816 5014 reddere
847 4959 1135 5024 debebant,
1180 4958 1317 5012 sicut
1347 4965 1398 5012 et
1429 4958 1712 5012 residuum
1755 4958 1913 5028 panis

315 5047 633 5103 ministrari.
664 5047 862 5102 Vinum
894 5053 1074 5101 autem
1104 5045 1160 5100 in
1207 5045 1346 5100 cella
1377 5045 1457 5101 sic
1484 5061 1702 5102 servare
1754 5046 1913 5100 nobis

315 5151 461 5191 nunc
493 5150 601 5190 non
639 5134 784 5190 licet.

384 5223 521 5278 Ibid.
558 5223 785 5290 Quando
807 5225 871 5278 in
892 5223 1192 5293 refectorio
1211 5222 1518 5290 reﬁcimus,
1543 5238 1758 5288 caseus,
1781 5231 1908 5290 etc.,

313 5313 555 5369 oleribus
582 5314 669 5368 vel
703 5311 1078 5382 leguminibus
1091 5309 1516 5381 superadditur.
1539 5310 1669 5364 Inde
1688 5318 1912 5380 apparet

313 5401 459 5471 quod
489 5400 618 5455 bina
647 5399 852 5454 fercula
877 5399 931 5452 in
962 5397 1246 5453 refectorio
1278 5397 1736 5451 ministrarentur.
1772 5397 1910 5452 Illud

2021 4257 2254 4327 capitulo
2299 4260 2387 4312 52.

2092 4398 2224 4451 CAP.
2257 4396 2518 4451 XXXIV.
2557 4426 2626 4436 —-
2654 4395 2817 4451 Num.
2844 4400 2902 4450 l.
2973 4398 3232 4453 Mensura
3266 4395 3404 4451 vini.
3460 4393 3621 4450 Nulla

2020 4499 2151 4556 ergo
2181 4484 2344 4538 fiebat
2371 4483 2646 4539 distinctio
2675 4484 2812 4538 inter
2841 4483 2958 4539 dies
3005 4484 3174 4539 festos
3204 4491 3255 4539 et
3285 4483 3420 4538 alios
3473 4482 3616 4538 circa

2018 4572 2129 4626 vini
2159 4585 2493 4638 mensuram,
2519 4587 2640 4628 cum
2671 4588 2890 4642 semper
2918 4573 3142 4643 aequalis
3182 4579 3352 4627 esset.
3389 4571 3618 4625 Additur

2016 4659 2072 4713 in
2103 4659 2259 4715 novis
2289 4659 2502 4715 statutis
2533 4660 2827 4730 prohibitio
2856 4668 2908 4716 et
2928 4660 3243 4732 paenitentia
3272 4659 3322 4715 ei
3351 4675 3380 4714 e
3410 4658 3608 4714 nostris

2019 4748 2111 4819 qui
2129 4763 2328 4819 purum
2359 4748 2570 4802 biberet
2599 4749 2806 4803 vinum.

2087 4871 2249 4926 Num.
2269 4875 2320 4926 3.
2341 4873 2515 4926 Panis
2534 4873 2783 4943 quamvis
2798 4872 2863 4927 de
2883 4873 3073 4927 tritico
3108 4875 3259 4926 torta
3289 4874 3391 4936 est,
3427 4871 3618 4926 album

2015 4961 2169 5014 enim
2192 4976 2424 5030 panem,
2456 4960 2676 5015 etc.Per
2695 4963 2900 5016 tortam
2917 4959 3167 5030 intelligit
3185 4975 3382 5028 panem
3413 4959 3613 5012 subru-

2013 5047 2144 5112 fum,
2195 5048 2372 5118 qualis
2427 5048 2607 5103 adhuc
2655 5046 2714 5102 fit
2760 5047 2816 5102 in
2864 5047 3073 5114 ordine,
3133 5047 3366 5118 ideoque
3415 5061 3616 5101 nomen

2014 5143 2169 5191 torta
2198 5135 2409 5201 retinet,
2457 5144 2508 5190 et
2538 5152 2757 5206 semper
2778 5135 3111 5191 ministratur
3140 5135 3424 5190 monachis
3455 5133 3615 5188 simul

2014 5238 2137 5277 cum
2165 5239 2336 5293 parvo
2366 5239 2508 5294 pane
2537 5224 2660 5278 albo
2690 5224 2883 5278 eadem
2915 5224 3186 5294 quantitas
3219 5231 3387 5288 tortae,
3450 5231 3505 5276 ut
3535 5221 3615 5276 sic

2013 5312 2192 5366 media
2214 5328 2342 5382 pars
2371 5313 2546 5382 panis,
2580 5312 2670 5383 qui
2700 5313 2858 5368 nobis
2915 5313 3268 5378 ministratur,
3328 5318 3469 5366 torta
3523 5311 3610 5379 sit,

2013 5406 2066 5453 et
2095 5399 2198 5453 alia
2227 5399 2382 5469 panis
2437 5400 2614 5455 albus.
2675 5403 2721 5454 A
2775 5400 3049 5470 plerisque
3108 5408 3289 5454 autem
3342 5405 3609 5462 nostrum,

311 5504 506 5560 nempe
537 5488 681 5559 quod
711 5487 994 5558 pitantiam
1048 5485 1336 5553 vocabant,
1379 5493 1459 5560 et.
1487 5485 1709 5556 insuper
1753 5485 1910 5559 legu-
1931 5507 1984 5566 Ι)
2009 5488 2127 5542 ἔιωο
2157 5495 2296 5541 torta
2319 5487 2610 5557 prmfertur
2637 5488 2767 5558 pani
2794 5488 2939 5554 albo,
2959 5489 3087 5559 quia
3117 5495 3266 5543 certe
3294 5487 3417 5556 plus
3448 5485 3610 5555 sapit.

311 5577 458 5632 mina
490 5584 583 5632 aut
611 5575 780 5630 olera.

375 5664 571 5721 Totum
601 5669 782 5718 autem
810 5661 916 5717 hoc
945 5658 1237 5731 capitulum
1286 5659 1514 5717 relatum
1570 5661 1804 5719 habetur
1855 5664 1913 5718 in

2012 5575 2120 5630 Sed
2151 5575 2278 5645 quia
2306 5576 2462 5629 albus
2492 5576 2666 5631 levior
2686 5584 2787 5643 est,
2825 5585 2878 5631 et
2896 5577 3234 5632 stomachum
3272 5574 3453 5628 minus
3482 5590 3615 5645 gra-

2012 5671 2121 5730 vat,
2155 5661 2260 5718 hac
2289 5663 2357 5719 de
2377 5678 2544 5719 causa
2579 5680 2710 5718 usus
2769 5665 2885 5733 ejus
2941 5665 2998 5720 in
3025 5663 3218 5720 ordine
3275 5662 3618 5719 introductus
