3940 6434
172 304 271 357 109

1524 261 2130 358 coNSUETUDINEs.

3377 303 3482 356 ⁵710

242 426 299 478 4.
343 421 556 478 Caseus
585 424 800 491 eodem,
824 430 935 478 tam
965 423 1017 476 in
1048 421 1201 477 cellis
1233 439 1396 495 quam
1426 423 1482 478 in
1511 424 1797 480 refectorio
1825 424 2065 495 pondere
2124 425 2302 480 datur.

1491 566 1885 622 CAPITULUM
1915 567 2125 621 XXXV
2137 608 2150 620 .

823 680 974 747 Quod
1003 683 1155 737 nulli
1191 683 1359 737 liceat
1390 683 1613 752 majora
1634 681 1914 736 exercitia
1943 683 2154 750 favere,
2188 681 2303 734 nisi
2357 681 2586 749 favente
2619 681 2830 751 priore.

251 808 304 859 1.
352 803 722 860 Abstinentias
743 821 896 874 vero,
919 806 1006 860 vel
1035 805 1370 876 disciplinas,
1393 806 1480 861 vel
1508 806 1743 878 vigilias,
1770 821 1866 860 seu
1897 793 2150 876 quaelibet
2179 804 2286 859 alia
2313 803 2596 876 religionis
2625 802 2907 870 exercitia,
2939 819 3058 875 quae
3087 811 3289 860 nostrae
3317 803 3478 860 insti-

187 901 398 958 tutionis
427 917 538 956 non
570 909 714 966 sunt,
755 901 888 955 nulli
944 910 1212 968 nostrum,
1243 901 1347 956 nisi
1405 901 1584 971 priore
1617 903 1820 956 sciente
1879 909 1930 956 et
1989 901 2222 967 favente,
2277 900 2458 956 facere
2515 900 2660 956 licet.

253 1003 303 1056 2.
338 1000 450 1056 Sed
480 1007 534 1054 et
563 999 610 1055 si
639 1001 725 1056 cui
752 1000 1036 1071 pitantiam
1066 1001 1300 1072 aliquam
1333 1017 1429 1055 seu
1459 1000 1566 1055 cibi
1625 1015 1721 1054 seu
1779 995 1958 1052 somni
1995 996 2081 1050 vel
2110 995 2332 1051 alterius
2380 996 2666 1065 cujuslibet
2695 995 2773 1051 rei
2813 994 3014 1063 facere,
3055 1004 3146 1052 aut
3201 998 3397 1054 durum
3427 1005 3483 1054 et

183 1112 344 1169 grave
374 1096 578 1168 aliquid
604 1098 884 1168 imponere
913 1098 1164 1162 voluerit,
1197 1115 1510 1170 repugnare
1540 1098 1620 1152 fas
1648 1113 1760 1152 non
1787 1095 2074 1162 habemus,
2107 1110 2175 1150 ne
2207 1109 2330 1150 cum
2364 1094 2414 1149 ei
2454 1094 2836 1164 restiterimus,
2868 1110 2978 1150 non
3007 1094 3057 1150 ei
3087 1096 3185 1151 sed
3223 1097 3476 1165 Domino,

186 1193 332 1262 cujus
381 1209 514 1266 erga
557 1209 658 1248 nos
701 1194 812 1265 agit
849 1194 1014 1262 vices,
1074 1195 1341 1250 restitisse
1380 1195 1739 1250 inveniamur.

252 1292 300 1343 3.
333 1288 483 1345 Licet
514 1289 656 1344 enim
687 1291 860 1345 multa
889 1290 995 1344 sint
1022 1299 1075 1346 et
1105 1291 1320 1348 diversa
1351 1308 1474 1362 quae
1503 1291 1878 1358 observamus,
1909 1302 2018 1342 uno
2049 1293 2233 1342 tamen
2262 1295 2316 1344 et
2345 1288 2462 1344 solo
2519 1288 2844 1346 obedientia:
2872 1289 3018 1344 bono
3037 1330 3051 1357 ,
3101 1296 3296 1346 cuncta
3321 1290 3481 1346 nobis

185 1385 460 1442 fructuosa
507 1386 687 1442 futura
725 1403 1032 1459 speramus.

1552 1484 2129 1541 COMMENTARIUS.

184 1613 263 1663 est
291 1615 343 1662 et
371 1606 613 1674 inolevit,
645 1615 700 1662 ut
737 1607 916 1679 portio
943 1609 1100 1679 panis
1129 1609 1240 1664 albi
1278 1608 1435 1664 simul
1465 1624 1590 1665 cum
1637 1615 1773 1664 torta
1793 1610 1850 1669 A
1949 1608 2081 1662 CAP.
2113 1607 2424 1662 XXXV.—
2452 1607 2532 1661 Ex
2562 1605 2647 1660 his
2690 1606 2754 1661 R.
2789 1607 2847 1661 Ρ.
2881 1604 3148 1678 Guigonis
3177 1606 3356 1663 verbis
3391 1608 3476 1664 in-

185 1695 465 1750 monachis
496 1695 919 1750 ministraretur.

251 1782 334 1836 Ex
364 1783 469 1837 hac
499 1790 678 1837 autem
726 1783 1087 1839 sollicitudine
1131 1784 1433 1840 advehendi
1466 1784 1694 1840 triticum
1727 1784 1782 1837 in

183 1869 314 1923 istas
345 1886 509 1940 rupes
568 1871 887 1937 Carthasim,
921 1872 1064 1926 unde
1092 1873 1251 1943 panis
1305 1873 1587 1928 monachis
1644 1887 1781 1928 con-

183 1956 455 2025 ficeretur,
489 1958 770 2013 evidenter
807 1967 1034 2030 apparet
1091 1976 1255 2031 quam
1310 1960 1546 2015 discrete
1603 1961 1782 2015 omnia

185 2045 529 2115 disponenda
573 2063 696 2101 esse
727 2047 1003 2102 docuisset
1051 2048 1300 2103 alumnos
1332 2065 1460 2103 suos
1518 2050 1573 2103 S.
1606 2050 1782 2103 Bruno

182 2133 462 2188 institutor
519 2142 726 2203 noster,
761 2143 820 2188 ut
863 2144 1282 2206 perseveranter
1336 2145 1559 2207 possent
1612 2137 1783 2192 illaesa

181 2221 411 2276 sanitate
451 2221 509 2275 in
564 2238 664 2276 suo
718 2223 1001 2293 proposito
1059 2224 1265 2278 servire
1319 2225 1456 2290 Deo,
1493 2232 1544 2278 et
1591 2224 1784 2295 aequali

181 2324 346 2378 passu
379 2310 436 2362 in
464 2309 548 2363 sui
576 2309 802 2364 instituti
849 2312 1005 2380 praxi
1051 2327 1271 2382 semper
1317 2311 1590 2378 incedere,
1625 2320 1784 2384 atque

184 2412 377 2452 cavere
434 2414 506 2452 ne
557 2397 664 2451 illis
719 2399 982 2465 eveniret,
1045 2401 1190 2471 quod
1229 2399 1474 2470 pluribus
1531 2401 1783 2456 evenisse

183 2485 410 2552 sciebat,
444 2485 538 2557 qui
575 2487 1005 2542 extremitatibus
1036 2489 1338 2558 gaudentes
1368 2489 1578 2561 rigidas
1607 2490 1781 2542 absti-

180 2573 396 2629 nentias
430 2574 650 2645 quidem
680 2575 1050 2646 suscipiebant
1081 2584 1133 2630 et
1167 2577 1351 2647 aliquo
1383 2585 1628 2647 tempore
1657 2593 1786 2648 per-

183 2661 439 2717 tinaciter
468 2662 819 2728 exercebant,
866 2664 964 2718 sed
992 2671 1183 2734 postea
1213 2664 1343 2719 laesa
1376 2665 1504 2719 inde
1537 2665 1785 2735 corporis

179 2750 510 2816 valetudine,
541 2751 611 2805 ad
661 2766 851 2806 omnes
913 2752 1117 2806 sensim
1160 2753 1536 2808 observantias
1568 2752 1784 2806 inhabi-

178 2836 258 2893 les
313 2838 709 2905 reddebantur,
743 2847 795 2894 et
824 2839 1082 2910 deinceps
1113 2855 1223 2895 non
1271 2841 1447 2894 solum
1475 2841 1543 2894 ad
1573 2840 1785 2895 exerci-

180 2925 247 2980 tia
286 2926 588 2996 spiritualia
618 2926 998 2998 relinquenda,
1033 2929 1131 2983 sed
1161 2929 1324 2982 etiam
1352 2929 1419 2982 ad
1450 2944 1644 3000 corpus
1676 2937 1856 3016 stu-B

181 3014 336 3069 diose
366 3015 663 3069 fovendum
695 3023 748 3069 et
776 3015 1125 3070 nutriendum
1170 3017 1651 3086 compellebantur.
1688 3017 1782 3070 His

180 3118 312 3174 ergo
360 3102 822 3172 inaequalitatihus
871 3103 1078 3158 aditum
1135 3104 1427 3159 occludere
1472 3105 1680 3170 volens,
1714 3105 1782 3159 de

179 3190 324 3245 bono
352 3206 498 3260 pane
527 3190 742 3246 triticeo
769 3190 939 3246 voluit
961 3191 1073 3245 suis
1089 3192 1385 3262 provideri.
1411 3192 1670 3247 Triticum
1690 3209 1784 3247 au-

181 3285 292 3334 tem
320 3294 433 3334 non
463 3277 569 3334 fert
616 3295 830 3334 eremus
889 3279 1185 3334 Carthusiae
1236 3280 1374 3336 sicut
1421 3297 1525 3336 nec
1576 3281 1780 3336 vinum.

181 3369 458 3422 Accessus
517 3367 729 3438 rupium
780 3375 898 3422 erat
944 3376 1074 3424 tunc
1106 3368 1264 3424 valde
1310 3367 1540 3424 difﬁcilis
1569 3378 1621 3424 et
1651 3369 1784 3424 dor-

180 3454 256 3508 sis
313 3463 526 3510 tantum
558 3455 892 3521 animalium,
927 3457 1012 3511 vel
1043 3456 1176 3511 solis
1219 3456 1501 3510 hominum
1543 3458 1786 3512 humeris

182 3559 246 3598 ex
278 3543 468 3615 aliqua
497 3551 671 3613 parte,
707 3552 920 3613 poterat
947 3545 1051 3599 huc
1081 3543 1284 3599 atferri.
1331 3545 1590 3601 Triticum
1619 3555 1672 3600 et
1699 3547 1786 3601 vi-

183 3648 315 3686 num
350 3647 560 3702 magno
608 3632 781 3701 pretio
811 3633 1169 3700 constabant;
1203 3641 1257 3686 at
1303 3633 1654 3689 nihilominus
1683 3650 1780 3704 pa-

180 3736 306 3774 nem
336 3737 405 3775 ex
436 3719 614 3775 tritico
653 3720 821 3774 voluit
849 3721 1133 3776 monachis
1184 3719 1398 3786 confici,
1432 3738 1539 3792 quo
1571 3739 1789 3793 semper

177 3815 478 3874 uterentur,
514 3809 809 3880 vinumque
829 3825 1048 3880 semper
1067 3808 1386 3865 ministrari.
1421 3810 1613 3866 Sciens
1645 3810 1790 3864 enim

183 3896 386 3950 bonum
416 3913 636 3967 panem,
667 3897 870 3962 vinum,
905 3905 958 3952 et
1013 3913 1114 3953 ova
1170 3914 1293 3953 esse
1321 3899 1462 3969 apud
1521 3915 1620 3953 nos
1649 3915 1790 3969 prae-

181 3984 400 4054 cipuam
431 3985 720 4040 materiam
749 3985 894 4040 unde
926 3993 1294 4041 sustentemur
1337 3994 1391 4041 et
1446 3985 1660 4041 firmam
1688 4003 1789 4042 va-

182 4071 483 4128 letudinem
513 4089 795 4129 servemus
823 4075 941 4130 haec
971 4075 1172 4129 nostris
1204 4074 1494 4128 ministrari
1536 4076 1792 4146 praescri-

179 4161 304 4230 psit.
339 4161 603 4233 Legimus
634 4162 851 4232 quidem
881 4177 982 4232 pro
1014 4162 1146 4218 solis
1197 4161 1429 4216 infirmis
1476 4163 1659 4234 pisces
1685 4164 1792 4218 emi

182 4248 373 4303 solitos
403 4249 594 4317 fuisse,
629 4257 683 4303 at
711 4250 780 4304 de
809 4250 925 4305 ovis
955 4251 1088 4304 nihil
1119 4250 1223 4305 tale
1253 4251 1513 4322 scriptum
1543 4259 1646 4305 est.

249 4338 417 4392 Num.
455 4340 509 4393 4.
545 4339 746 4394 Caseus
773 4343 892 4394 tam
921 4341 985 4393 in
1028 4341 1208 4405 cellis,
1246 4347 1350 4395 etc.
1402 4339 1533 4394 Inde
1563 4347 1792 4410 apparet

183 4423 325 4482 bene
381 4426 632 4481 ordinata
688 4427 949 4481 stabilitas
990 4434 1042 4482 et
1097 4427 1428 4483 conveniens
1483 4429 1787 4499 proportio,

183 4529 349 4584 quam
409 4514 615 4585 ubique
645 4530 678 4568 a
705 4515 865 4571 nobis
923 4517 1131 4570 servari
1163 4515 1394 4586 volebat,
1427 4516 1643 4585 rejectis
1673 4516 1790 4570 sin-

185 4602 601 4673 gularitatibus,
662 4603 717 4657 id
774 4611 856 4658 est
905 4604 1070 4659 rebus
1119 4620 1185 4659 ex
1239 4604 1466 4675 propria
1518 4605 1793 4660 voluntate

180 4691 473 4761 susceptis,
506 4699 560 4746 et
586 4707 696 4746 non
725 4707 791 4746 ex
841 4692 1140 4762 superioris
1201 4693 1416 4748 licentia
1471 4701 1563 4748 aut
1615 4709 1790 4763 praes—

180 4778 379 4850 cripto,
420 4767 564 4851 quas
594 4779 805 4835 sciebat
835 4796 868 4835 a
896 4781 1023 4836 vitae
1082 4781 1336 4836 solitaria:
1389 4781 1794 4852 professoribus

174 4882 377 4938 magno
409 4867 594 4922 studio
623 4883 748 4923 esse
781 4869 1228 4939 proscribendas.
1273 4872 1354 4924 Ex
1372 4869 1478 4924 illis
1508 4870 1653 4925 enim
1680 4885 1789 4925 non

177 4970 310 5009 raro
367 4955 616 5010 nascitur
664 4957 941 5028 quoddam
992 4957 1242 5012 vanitatis
1298 4958 1670 5028 supercilium,
1703 4965 1792 5011 aut

178 5042 331 5110 pacis
363 5043 638 5109 turbatio;
673 5059 738 5098 ex
768 5045 1017 5115 sequenti
1064 5053 1245 5099 autem
1283 5045 1518 5116 capitulo
1558 5046 1790 5100 eviden-

181 5129 286 5184 tius
315 5131 622 5201 apparebit,
655 5140 859 5202 quanta
888 5132 1373 5204 circumspectione
1395 5135 1556 5204 primi
1585 5134 1647 5189 S.
1687 5135 1790 5188 Pa-

179 5219 278 5272 tris
318 5219 498 5273 nostri
529 5219 797 5274 Brunonis
827 5236 1178 5277 successores
1226 5223 1556 5278 voluntarias
1595 5222 1789 5294 singu-

180 5305 428 5362 laritates
460 5314 515 5362 et
545 5307 962 5364 indiscretiones
995 5326 1028 5364 a
1076 5311 1188 5365 suis
1237 5311 1438 5366 vellent
1484 5311 1785 5376 eliminare,

180 5403 232 5449 et
271 5395 513 5465 qualiter
539 5395 594 5449 in
651 5398 770 5452 sola
816 5398 1123 5454 obedientia
1164 5416 1346 5455 rerum
1406 5399 1788 5454 Carthusiana-

180 5497 301 5538 rum
332 5499 610 5538 summam
641 5493 693 5539 et
723 5485 948 5541 instituti
979 5487 1150 5542 nostri
1199 5488 1468 5543 rationem
1496 5494 1784 5559 ponerent.

251 5572 453 5627 Totum
483 5571 591 5628 hoc
618 5573 918 5645 capitulum
947 5575 1004 5628 in
1031 5575 1267 5646 antiquis
1313 5577 1528 5632 statutis
1553 5574 1787 5630 refertur

178 5667 338 5731 parte
369 5673 432 5728 ιι,
469 5673 592 5732 cap.
628 5663 715 5729 14,
746 5678 841 5718 nn.
874 5664 963 5728 15,
996 5665 1062 5717 16
1093 5670 1147 5718 et
1178 5666 1266 5718 18.

1883 1695 2114 1750 notescit
2145 1695 2289 1766 quod
2319 1695 2631 1749 obedientia
2657 1693 3013 1749 Carthusiana
3041 1711 3070 1748 a
3091 1695 3347 1765 primaevo
3375 1697 3484 1750 ins-

1883 1784 2034 1838 tituto
2065 1783 2121 1836 in
2151 1783 2244 1836 illa
2273 1790 2354 1836 est
2383 1783 2528 1853 apud
2556 1797 2656 1836 nos
2689 1782 3102 1848 existimatione,
3127 1791 3180 1836 et
3214 1783 3332 1837 talis
3354 1801 3478 1838 esse

1883 1871 2064 1936 debet,
2099 1877 2156 1923 ut
2185 1877 2386 1940 praeter
2416 1885 2536 1924 eam
2566 1869 2700 1922 nihil
2737 1868 3044 1940 proficuum
3096 1878 3189 1924 aut
3244 1871 3482 1926 validum

1883 1965 2167 2027 reputetur
2218 1958 2271 2010 in
2325 1957 2537 2022 ordine,
2578 1957 2806 2028 ipsaque
2863 1964 3149 2013 censeatur
3187 1957 3352 2014 veluti
3389 1973 3485 2014 cor

1883 2045 2113 2099 instituti
2173 2045 2534 2100 Carthusiani.

1956 2135 2072 2188 Hoc
2102 2141 2284 2187 autem
2314 2133 2610 2203 capitulum
2637 2149 2746 2188 non
2779 2132 2955 2187 solum
2986 2133 3041 2187 in
3099 2134 3334 2205 antiquis
3366 2141 3480 2188 sta-

1885 2221 2012 2275 tutis
2042 2221 2270 2275 relatum
2317 2221 2548 2276 habetur
2569 2237 2607 2275 It
2635 2229 2794 2291 part.,
2827 2236 2947 2291 cap,
2983 2222 3070 2287 14,
3101 2237 3195 2276 nn.
3217 2227 3307 2289 25,
3339 2225 3409 2279 27
3431 2231 3487 2278 et

1883 2312 1972 2376 28,
2007 2310 2104 2363 sed
2153 2309 2315 2364 etiam
2372 2310 2427 2362 in
2487 2324 2684 2364 novam
2742 2317 3060 2363 statutorum
3105 2310 3482 2366 collectionem

1884 2396 2030 2450 idem
2060 2397 2128 2451 de
2159 2398 2326 2452 verbo
2356 2398 2426 2451 ad
2457 2397 2687 2452 verbum
2721 2398 3041 2452 translatum
3085 2406 3183 2452 est.
3218 2399 3288 2452 Et
3320 2413 3482 2454 nemo

1886 2484 2025 2538 inter
2080 2484 2474 2540 Carthusianos
2535 2493 2872 2553 numeratur,
2905 2485 2998 2555 qui
3054 2493 3181 2540 vota
3238 2501 3334 2540 sua
3371 2501 3482 2541 non

1887 2572 2129 2627 emiserit
2174 2573 2354 2628 sciens
2385 2580 2436 2628 et
2467 2573 2677 2641 volens,
2712 2573 2935 2627 relative
2965 2573 3032 2627 ad
3089 2574 3256 2629 verba
3293 2573 3348 2628 in
3378 2575 3482 2629 hoc

1885 2668 2084 2715 statuto
2106 2669 2374 2716 contenta.
2408 2662 2487 2715 Ex
2519 2661 2603 2714 his
2634 2669 2812 2716 autem
2851 2661 3036 2714 verbis
3065 2661 3256 2732 liquet.

1925 2779 1932 2786 -
1957 2749 2160 2818 Primo,
2187 2750 2510 2805 monachum
2532 2749 2945 2803 Carthusianum
2967 2765 3067 2818 per
3083 2749 3480 2820 professionem

1887 2852 1999 2891 suae
2066 2837 2409 2905 obedientiae,
2469 2837 2884 2892 abrenuntiasse
2939 2837 3096 2892 etiam
3155 2838 3480 2909 quibusdam

1886 2926 2138 2996 Operibus
2195 2926 2430 2996 pietatis,
2492 2942 2612 2996 quae
2677 2925 2909 2997 aggredi
2966 2941 3077 2980 non
3138 2935 3334 2996 potest,
3377 2927 3483 2982 nisi

1883 3017 2065 3088 priore
2096 3015 2299 3070 sciente
2351 3022 2403 3068 et
2433 3014 2645 3069 favente
2671 3032 2686 3080 ;
2729 3015 2873 3084 quod
2903 3014 3154 3070 maximas
3184 3016 3484 3085 prudentiae

1885 3112 1988 3171 est,
2020 3113 2078 3157 ut
2109 3103 2365 3158 solitariis
2405 3102 2682 3158 auferatur
2710 3102 2924 3158 occasio
2953 3103 3227 3158 incidendi
3254 3103 3310 3157 in
3346 3120 3484 3176 gra-

1885 3209 1981 3248 ves
2017 3191 2453 3256 indiscretiones,
2505 3190 2701 3261 quibus
2725 3207 2838 3260 prae
2867 3191 3077 3246 caeteris
3134 3190 3362 3247 statibus
3387 3193 3485 3247 ob-

1886 3280 2080 3335 noxius
2113 3287 2258 3334 esset
2290 3279 2651 3334 solitariorum
2683 3286 2872 3348 status,
2903 3279 3008 3333 nisi
3038 3279 3363 3336 obedientia;
3389 3297 3485 3337 re-

1887 3368 2092 3441 gimine
2120 3369 2431 3423 duceretur.

1960 3457 2230 3522 Secundo,
2275 3463 2526 3526 paratum
2556 3470 2680 3510 esse
2732 3455 2934 3510 debere
2986 3455 3056 3510 ad
3110 3456 3483 3528 recipiendum

1888 3545 2237 3616 indulgenter
2267 3561 2296 3598 a
2328 3543 2608 3614 superiore
2655 3543 2926 3599 levamina
2957 3544 3202 3614 quaedam
3231 3546 3286 3599 in
3336 3545 3479 3612 cibo,

1889 3641 2040 3704 potu,
2103 3648 2296 3689 somno
2350 3639 2549 3703 praeter
2591 3639 2888 3697 statutum;
2922 3631 3068 3703 quod
3124 3632 3285 3688 etiam
3341 3650 3486 3690 verte

1890 3721 2235 3777 discretionis
2292 3728 2392 3790 est,
2425 3729 2482 3775 ut
2528 3737 2594 3775 ex
2650 3719 2946 3790 superioris
2997 3720 3199 3790 judicio
3241 3721 3488 3776 sanitatis

1892 3810 2260 3865 solitariorum
2292 3824 2426 3864 cura
2465 3807 2720 3879 pendeat,
2754 3816 2808 3863 et
2837 3823 2870 3862 a
2923 3808 3165 3864 solitario
3215 3811 3487 3867 monacho

1891 3899 2069 3954 omnis
2107 3896 2486 3953 obstinationis
2516 3896 2572 3950 in
2618 3896 2842 3967 proprio
2872 3896 3096 3965 judicio,
3133 3905 3186 3952 et
3230 3897 3490 3956 indiscre-

1893 3986 2056 4041 tionis
2097 3986 2312 4041 occasio
2343 3992 2692 4051 amoveatur;
2744 3992 2916 4039 status
2945 3985 3090 4040 enim
3137 3985 3248 4052 ille,
3290 3995 3345 4040 ut
3371 3987 3487 4057 jam

1893 4075 2096 4130 dictum
2125 4085 2224 4139 est,
2272 4073 2602 4128 discretione
2642 4073 2868 4143 indiget,
2899 4080 2956 4127 ut
2986 4073 3041 4127 in
3094 4089 3163 4130 eo
3191 4090 3313 4129 cum
3343 4077 3488 4131 sani-

1892 4171 1999 4217 tate
2028 4170 2081 4218 et
2110 4161 2387 4217 alacritate
2437 4161 2646 4232 absque
2703 4161 3092 4232 interruptione
3145 4170 3237 4217 aut
3278 4163 3491 4219 relaxa-

1893 4251 2038 4306 tione
2070 4251 2185 4304 Deo
2219 4250 2422 4321 jugiter
2451 4249 2738 4304 serviatur.

1821 4307 1868 4366 C
1964 4339 2163 4404 Tertio,
2195 4307 2346 4391 illu‘m
2401 4336 2648 4391 similiter
2702 4336 2770 4390 ad
2827 4336 3190 4394 obediendum
3238 4341 3408 4397 teneri
3430 4341 3487 4397 in

1892 4427 2041 4482 duris
2090 4434 2142 4481 et
2181 4425 2442 4496 gravibus
2482 4433 2685 4495 praeter
2718 4419 2995 4492 statutum,
3029 4443 3150 4498 quae
3178 4427 3227 4482 ei
3267 4444 3300 4482 a
3330 4445 3489 4500 supe-

1890 4515 2036 4570 riore
2085 4513 2461 4587 injunguntur.
2498 4513 2655 4568 Unde
2685 4520 2835 4583 patet
2891 4513 3309 4571 Carthusianum
3337 4533 3404 4572 ex
3433 4519 3489 4575 vi

1897 4603 2256 4674 professionis
2285 4618 2396 4657 suae
2426 4600 2757 4657 voluntatem
2784 4601 3065 4672 propriam
3110 4603 3190 4659 sic
3218 4605 3488 4662 obedien-

1892 4691 1980 4746 tiee
2009 4691 2187 4747 virtuti
2247 4689 2565 4758 subjecisse,
2599 4697 2658 4744 ut
2687 4705 2809 4744 eam
2839 4690 2955 4744 Deo
3009 4690 3284 4760 obtulerit,
3334 4695 3489 4751 esti-

1891 4780 2145 4834 mandam
2174 4779 2323 4835 sicut
2356 4779 2470 4834 ovis
2500 4778 2817 4834 occisionis.

1964 4867 2187 4936 Quarto,
2233 4868 2375 4922 hanc
2427 4866 2538 4922 vim
2567 4865 2892 4920 obedientia}
2934 4864 2988 4919 in
3017 4881 3083 4922 eo
3129 4875 3270 4923 statu
3298 4885 3488 4926 mona-

1893 4958 2053 5012 chum
2093 4955 2501 5010 Carthusianum
2563 4953 2908 5020 constituere,
2941 4963 2999 5008 ut
3025 4954 3082 5008 in
3127 4972 3358 5027 persona
3396 4975 3489 5016 su-

1893 5044 2125 5116 perioris
2156 5045 2331 5098 Deum
2361 5043 2537 5114 ipsum
2585 5042 2940 5098 considerare
2988 5043 3200 5100 debeat.

1963 5134 2163 5203 Quinto
2197 5141 2249 5188 et
2278 5139 2556 5203 postremo
2616 5147 2838 5186 sensum
2880 5131 3085 5187 ordinis
3142 5140 3196 5189 et
3239 5134 3489 5206 spiritum

1891 5223 2117 5277 instituti
2165 5220 2510 5276 Carthusiani
2541 5219 2595 5274 in
2625 5219 2931 5275 obedientia
2959 5220 3038 5276 sic
3080 5223 3400 5291 consistere,
3431 5235 3491 5281 ut

1892 5328 1957 5366 ex
2008 5311 2096 5365 illa
2125 5310 2242 5366 sola
2281 5309 2654 5364 observantias
2703 5308 3087 5364 Carthusianas
3140 5312 3248 5366 vim
3309 5314 3490 5368 meriti

1890 5414 2186 5464 assumere,
2243 5405 2297 5451 et
2352 5405 2503 5452 extra
2557 5411 2680 5452 eam
2731 5395 2928 5450 nullius
2973 5397 3149 5452 meriti
3195 5416 3344 5467 esse,
3391 5417 3492 5472 pro

1891 5494 2039 5542 certo
2080 5485 2390 5540 habendum
2440 5485 2526 5538 sit.

1963 5575 2093 5628 lnde
2123 5573 2324 5628 factum
2354 5581 2438 5628 est
2465 5580 2525 5626 ut
2555 5570 2648 5642 qui
2676 5571 2908 5627 formam
2955 5573 3266 5629 celebrandi
3295 5575 3494 5646 capitu-

1816 5655 1869 5714 D
1899 5661 2011 5716 lum
2040 5659 2298 5733 generale
2353 5659 2720 5724 instituerunt,
2782 5659 2847 5714 Β.
2908 5662 3080 5716 Patris
3124 5661 3392 5733 Guigonis
3441 5672 3494 5717 et
