3940 6424
407 367 506 419 711

1238 365 1580 424 GUlGONIS
1618 368 1641 422 Ι
1686 367 2092 424 ΟΔΒΤΗΗΞΙᾸΞ
2137 365 2432 422 MAIORIS
2479 366 2756 423 PRIORIS
2795 365 2865 419 V.

3583 363 3687 419 ’712

1721 493 2114 548 CAPITULUM
2170 494 2424 550 XXXVI.

1644 608 1720 661 De
1760 606 2065 677 hospitibus
2103 607 2494 678 suscipiendis.

484 722 534 772 1.
584 719 688 772 Pro
717 717 988 788 episcOpis
1018 727 1068 773 et
1096 719 1382 776 abbatibus
1423 729 1474 776 et
1532 723 1740 778 cunctis
1768 722 1822 776 in
1855 722 2113 793 religioso
2143 721 2326 776 habitu
2356 720 2664 777 constitutis
2694 720 2852 790 (tales
2897 717 3040 774 enim
3072 731 3106 772 a
3152 716 3333 787 priore
3364 715 3433 771 ad
3464 730 3706 770 mensam

415 814 817 885 suscipiuntur),
853 815 898 869 si
929 815 1020 870 tali
1050 817 1184 872 hora
1222 819 1491 886 venerint,
1519 819 1779 888 jejunium
1813 820 1882 873 ab
1913 820 2125 885 eodem,
2159 817 2262 872 nisi
2293 817 2360 870 sit
2390 816 2513 887 [al.,
2548 814 2727 886 fuerit]
2749 814 3103 884 praecipuum,
3129 811 3392 877 solvitur;
3424 827 3536 866 non
3565 808 3707 865 enim

412 911 496 967 vel
529 912 812 984 gyrovagi,
844 912 929 967 val
956 929 986 968 a
1017 914 1281 986 religione
1313 915 1540 986 refugae,
1574 917 1660 970 vel
1692 931 1942 986 personze
1970 915 2116 970 laica:
2148 915 2216 969 ad
2248 912 2363 980 ejus
2389 928 2633 966 mensam
2693 909 2894 980 suscipi
2933 915 3354 965 consueverunt.

479 1012 533 1064 2.
569 1008 824 1080 Episcopi
853 1018 1031 1066 autem
1071 1019 1122 1065 et
1153 1013 1376 1066 abbates
1416 1013 1580 1066 etiam
1610 1013 1796 1066 sedem
1830 1013 2026 1082 prioris
2055 1021 2162 1067 tam
2224 1011 2280 1063 in
2337 1009 2566 1064 ecclesia
2601 1024 2758 1080 quam
2817 1007 2873 1060 in
2925 1006 3138 1061 crcteris
3195 1013 3379 1059 tenent
3405 1003 3562 1059 locis.
3597 1001 3705 1058 Sed

416 1104 658 1176 episcOpi
688 1106 1096 1162 benedictiones
1140 1108 1300 1162 etiam
1343 1109 1510 1175 dant;
1543 1109 1770 1163 abbates
1811 1109 1926 1164 sola
1991 1108 2138 1163 sedis
2193 1106 2604 1163 honoriﬁcentia
2636 1114 2758 1162 sunt
2788 1104 3066 1172 contenti;
3098 1103 3503 1158 benedictiones
3532 1108 3709 1156 autem

403 1202 556 1272 juxta
581 1218 787 1258 morem
818 1205 1078 1260 sacerdos
1106 1205 1561 1260 hebdomadarius
1601 1206 1803 1263 tribuit.

484 1302 534 1353 3.
568 1299 737 1369 Quos,
769 1300 824 1354 id
855 1308 936 1355 est
965 1301 1253 1372 episcOpos
1284 1311 1337 1356 et
1366 1303 1610 1368 abbates,
1645 1318 1767 1359 cum
1798 1301 2019 1357 veniunt
2048 1302 2290 1358 inclinati
2331 1310 2385 1358 et
2413 1319 2586 1376 usque
2615 1303 2686 1359 ad
2734 1310 2934 1359 terram
2966 1299 3119 1357 ﬂexis
3163 1299 3417 1373 genibus,
3479 1303 3707 1354 ceteros

411 1404 590 1453 autem
628 1405 938 1454 reverenter
965 1406 1170 1454 tantum
1199 1399 1566 1470 supplicantes
1624 1400 1954 1456 osculamur.

482 1496 629 1551 4.1a
681 1495 950 1566 superiori
997 1504 1176 1552 autem
1205 1497 1366 1551 domo
1415 1513 1523 1551 non
1571 1496 1675 1550 nisi
1734 1497 1977 1568 religiosi
2034 1498 2276 1568 hospites
2301 1500 2488 1569 jacere
2552 1503 2970 1552 consueverunt.
3013 1496 3079 1548 Et
3139 1493 3394 1566 quoniam
3423 1491 3492 1546 de
3521 1491 3705 1562 priore

413 1608 595 1649 sermo
623 1607 683 1648 se
730 1589 940 1662 intulit,
953 1594 1260 1650 addendum
1291 1603 1372 1650 est
1402 1593 1614 1665 qualem
1649 1610 1708 1649 se
1740 1595 1794 1648 in
1825 1602 2090 1665 susceptae
2127 1596 2322 1651 domus
2363 1594 2598 1666 negotiis
2632 1593 2804 1650 soleat
2834 1592 3111 1648 exhibere.

1773 1735 2349 1792 COMMENTARIUS.

413 1847 707 1923 primorum
737 1849 952 1904 Patrum
979 1849 1224 1920 vestigiis
1253 1849 1600 1916 inhaerentes,
1636 1849 1712 1905 ibi
1741 1866 1997 1921 expresse
2017 1855 2071 1912 Α
2101 1868 2209 1923 qua
2235 1860 2392 1922 parte
2421 1851 2584 1905 debet
2626 1849 2879 1920 imputari
2930 1849 3034 1902 ista
3084 1849 3340 1917 mutatio,
3375 1865 3497 1920 qua:
3541 1856 3623 1903 est
3651 1847 3704 1902 in

413 1938 717 1994 notaverint
746 1939 975 1992 formam
1025 1945 1078 1991 et
1141 1939 1708 2008 circumspectionem,
1753 1954 1872 2009 quae
1895 1955 2008 1992 ser-

414 2027 588 2082 vanda
617 2034 762 2080 esset
812 2025 1030 2096 quando
1087 2025 1375 2094 capitulum
1409 2025 1669 2096 generale
1715 2026 1770 2079 in
1827 2026 2006 2096 aliqua

415 2131 472 2170 re
503 2114 743 2184 rigorem
771 2113 976 2168 ordinis
1016 2113 1364 2166 minuendum
1397 2129 1520 2166 esse
1563 2120 1848 2174 censeret;
1894 2129 2004 2166 ser-

414 2210 538 2256 vata
565 2201 726 2255 etiam
775 2201 1021 2254 similiter
1059 2200 1301 2253 libertate
1351 2200 1712 2253 observantiis
1767 2199 2005 2269 antiquis

415 2289 618 2360 aliquid
640 2288 766 2343 novi
795 2296 848 2343 et
877 2287 1110 2342 durioris
1137 2287 1392 2354 addendi,
1430 2287 1574 2357 quod
1604 2288 1672 2340 ad
1721 2286 1885 2342 ﬁnem
1915 2288 2004 2341 in-

414 2377 583 2432 stituti
613 2376 784 2431 nostri
805 2375 1246 2446 consequendum
1276 2374 1455 2446 magis
1500 2375 1830 2439 conducere,
1865 2391 2004 2445 pen-

410 2474 525 2520 sata
580 2473 884 2534 temporum
937 2478 1294 2532 personarum
1326 2469 1378 2515 et
1409 2462 1864 2531 experientiarum
1909 2477 2004 2516 ra-

412 2548 576 2612 tione,
611 2547 713 2600 sibi
739 2547 1025 2602 videretur.
1060 2545 1217 2613 Quod
1262 2545 1454 2599 eodem
1503 2546 1667 2599 modo
1698 2546 1803 2600 huc
1832 2561 2006 2615 usque

415 2637 757 2691 observatum
789 2650 911 2689 esse
955 2633 1066 2687 suis
1122 2633 1258 2688 locis
1302 2632 1658 2703 probabitur;
1691 2634 1876 2702 sicque
1905 2649 2005 2687 nec

415 2741 445 2778 a
474 2731 654 2778 mente
674 2738 776 2778 nec
803 2737 836 2776 a
864 2721 1044 2776 littera
1073 2721 1127 2774 in
1156 2722 1260 2776 hoc
1291 2736 1413 2790 cap.
1459 2724 1527 2774 35
1557 2737 1657 2790 per
1685 2723 1748 2775 It.
1785 2722 1842 2774 P.
1874 2720 2007 2775 Gui-

404 2807 618 2884 °gonem
647 2825 926 2880 expressa,
969 2809 1267 2880 capitulum
1297 2808 1556 2880 generale
1585 2808 1812 2877 ordinis,
1845 2816 2006 2879 atque

415 2901 540 2954 ideo
566 2899 770 2954 ordinis
799 2913 998 2968 corpus
1028 2898 1335 2962 aberrasse,
1397 2896 1594 2967 cuique
1653 2897 1878 2952 cordate
1910 2912 2008 2966 pa-

415 2987 568 3042 ciﬁce
597 2994 648 3041 et
701 2986 757 3039 in
808 2985 1000 3054 spiritu
1047 2985 1323 3041 charitatis
1372 2999 1462 3037 res
1519 3000 1751 3054 pensare
1806 2983 2008 3038 volenti

415 3075 760 3146 perspicuum
819 3073 922 3127 erit
934 3113 946 3126 .

2102 1940 2298 1994 melius
2319 1939 2478 2005 facta,
2503 1938 2798 1992 dummodo
2819 1953 2906 1990 res
2936 1936 3079 1991 intra
3108 1944 3278 1992 metas
3307 1936 3500 1992 mentis
3531 1943 3704 1990 statu-

2105 2035 2286 2082 torum
2331 2042 2547 2096 semper
2589 2025 2951 2078 contineatur.

2175 2114 2339 2168 Num.
2371 2117 2425 2169 2.
2452 2113 2915 2184 Episcopiautem
2936 2115 2990 2165 et
3012 2111 3260 2176 abbates,
3295 2119 3399 2166 etc.
3427 2111 3557 2165 [nde
3578 2111 3702 2166 edo-

2105 2217 2296 2257 cemur
2351 2208 2612 2270 quantum
2662 2200 2867 2252 distare
2906 2199 3204 2252 debeamus
3235 2199 3303 2252 ab
3351 2198 3498 2253 omni
3529 2199 3708 2269 specie

2096 2289 2422 2360 jurgiorum,
2465 2304 2586 2358 qua:
2611 2302 2720 2341 non
2752 2302 2876 2340 raro
2914 2295 3214 2341 nascuntur
3240 2287 3403 2341 hodie
3434 2301 3533 2356 pro
3573 2302 3706 2358 gra-

2102 2377 2262 2431 dibus
2293 2375 2598 2430 servandis.
2635 2375 2892 2429 Videmus
2933 2374 3076 2427 enim
3135 2375 3281 2443 quod
3340 2374 3394 2428 in
3455 2375 3706 2428 omnibus

2104 2463 2375 2533 episc0pis
2406 2463 2725 2533 dignitatem
2757 2461 3093 2516 characteris
3123 2461 3436 2516 indistincte
3467 2463 3705 2516 honora-

2105 2552 2282 2606 verint
2315 2551 2478 2620 primi
2507 2551 2698 2603 Patres
2754 2549 2944 2613 nostri,
2993 2557 3210 2602 servata
3267 2557 3448 2603 tamen
3495 2565 3710 2618 semper

2105 2639 2370 2708 singulari
2399 2637 2706 2693 reverentia
2731 2651 2829 2706 pro
2851 2635 3107 2706 episcopo
3127 2636 3460 2691 dioecesano.
3493 2637 3576 2690 Ab
3605 2637 3708 2691 hoc

2105 2742 2236 2796 ergo
2259 2725 2450 2796 spiritu
2480 2739 2762 2795 nunquam
2795 2725 3055 2777 aberrare
3077 2724 3378 2788 debemus;
3410 2726 3503 2778 cui
3526 2724 3703 2778 hono-

2105 2831 2247 2879 rem,
2282 2813 2548 2868 honorem
2579 2811 3088 2880 superabhndanter
3118 2811 3296 2880 potius
3346 2827 3506 2881 quam
3537 2827 3703 2880 parce

2107 2900 2404 2966 reddendo,
2429 2907 2487 2953 ut
2518 2899 2571 2951 in
2603 2899 2706 2952 hoc
2735 2905 3069 2969 cognoscant
3099 2913 3309 2964 omnes,
3358 2899 3503 2969 quod
3531 2898 3698 2952 simus

2106 2989 2409 3058 primorum
2471 2985 2947 3040 Cartbusianorum
3003 2985 3273 3055 discipuli,
3337 2986 3695 3040 humilitatem

2107 3075 2292 3137 animi,
2346 3075 2734 3127 humanitatem
2791 3073 3251 3141 conversationis,
3287 3074 3702 3143 hospitalitatem

486 3163 617 3217 CAP.
651 3161 910 3215 XXXVI.
947 3190 1016 3200 —
1044 3161 1206 3215 Num.
1243 3163 1296 3214 1.
1328 3163 1434 3216 Pro
1465 3160 1736 3231 episc0pis
1767 3164 1821 3214 et
1845 3159 2009 3214 abba-
2030 3199 2081 3258 B
2108 3179 2171 3218 ac
2202 3163 2472 3216 sinceram
2494 3160 2838 3215 dilectionem
2871 3161 2925 3213 in
2954 3161 3206 3214 omnibus
3236 3161 3559 3216 exhibendo.

421 3251 570 3305 tibus
603 3250 843 3313 cunctis,
878 3255 982 3303 etc.
1027 3249 1147 3302 Jam
1179 3263 1301 3318 cap.
1364 3252 1428 3301 18
1482 3247 1658 3301 fuerat
1687 3263 2007 3317 expressum

417 3337 646 3408 qualiter
671 3344 725 3391 et
754 3352 914 3406 quam
948 3335 1183 3405 benigne
1231 3335 1475 3404 hospites
1529 3342 1712 3388 essent
1741 3350 1774 3387 a
1802 3349 2007 3404 procu-

412 3433 595 3480 ratore
627 3422 975 3493 suscipiendi.
998 3423 1156 3478 Nunc
1185 3437 1314 3476 vero
1344 3422 1408 3476 Β.
1442 3423 1502 3475 Ρ.
1552 3421 1732 3492 Guigo
1763 3421 2008 3475 declarat

414 3512 684 3584 quomodo
718 3527 748 3564 a
799 3511 974 3580 priore
1005 3509 1208 3579 suscipi
1253 3509 1507 3573 debeant,
1544 3509 1635 3578 qui
1663 3510 1823 3562 etiam
1873 3508 2006 3561 hos-

410 3600 682 3672 pitalitatis
737 3599 916 3671 gratia
952 3597 1217 3666 jejunium
1293 3598 1503 3652 ordinis
1561 3596 1783 3668 frangit,
1839 3604 1890 3650 et
1937 3597 2032 3649 ad‘

410 3703 655 3744 mensam
702 3703 810 3741 non
853 3695 1059 3740 tantum
1116 3686 1403 3755 episcopos
1449 3693 1502 3739 et
1531 3684 1775 3747 abbates,
1825 3684 1924 3738 sed
1953 3691 2008 3738 et

409 3785 634 3832 cunctos
661 3775 716 3830 in
745 3775 1004 3846 religioso
1033 3773 1218 3826 habitu
1264 3773 1585 3828 constitutos
1634 3773 1877 3841 recipere
1909 3772 2006 3826 de-

410 3866 519 3919 bet.
553 3863 716 3930 Quod
757 3878 898 3916 nunc
937 3860 1286 3930 temperatius
1345 3869 1643 3926 exercetur,
1677 3877 1746 3914 ne
1796 3877 1862 3913 ex
1909 3876 2003 3914 ne-

411 3952 662 4009 cessitate
692 3950 847 4004 toties
879 3949 1209 4018 suscipiendi
1238 3949 1498 4018 hospites,
1549 3948 1665 4018 ipse
1689 3948 1840 4018 prior
1868 3963 1901 4002 a
1921 3947 2006 4002 sui

411 4039 575 4096 ofﬁcii
620 4037 816 4092 muniis
849 4038 1173 4091 retrahatur.
1217 4037 1372 4091 Unde
1400 4037 1455 4090 in
1482 4036 1760 4090 modernis
1791 4037 2005 4090 statutis

411 4128 468 4182 id
497 4127 758 4180 limitatur
785 4125 853 4180 ad
883 4124 1147 4194 hospites,
1181 4124 1379 4195 quibus
1408 4124 1463 4178 id
1495 4125 1784 4180 commode
1815 4125 2004 4195 negari

410 4232 522 4271 non
548 4221 744 4285 potest,
777 4214 1062 4283 etinsuper
1081 4213 1298 4266 additur
1324 4230 1336 4265 :
1365 4213 1583 4279 Quanto
1609 4214 1816 4278 rarius,
1845 4216 2005 4267 tanto

410 4305 635 4359 melius.
667 4301 934 4369 Quantum
965 4300 1106 4355 enim
1137 4301 1398 4370 temporis
1443 4300 1732 4354 insumitur
1759 4300 1814 4353 in
1849 4299 2005 4354 simi-

409 4392 573 4460 libus,
614 4391 760 4462 quod
815 4389 943 4443 alibi
989 4388 1319 4444 fructuosius
1376 4388 1834 4458 impenderetur?
1863 4387 2007 4456 Quot

410 4479 683 4550 superﬂua
733 4478 905 4533 verba
935 4476 1285 4548 proferuntur
1306 4476 1334 4530 ‘2
1372 4477 1478 4531 Res
1526 4476 1644 4546 ipsa
1673 4476 1927 4546 loquitur.

2176 3250 2314 3304 lbid.
2347 3247 2778 3304 Benedictiones
2809 3252 3003 3302 autem
3011 3249 3194 3318 juxta
3214 3265 3429 3304 morem
3449 3249 3704 3305 sacerdos

2110 3337 2574 3393 hebdomadarius
2620 3336 2843 3389 tribuit.
2883 3335 2983 3390 Hic
3032 3335 3186 3391 locus
3243 3335 3525 3391 confirmat
3558 3337 3705 3407 quod

2102 3427 2212 3494 jam
2242 3425 2474 3478 diximus
2505 3424 2572 3478 de
2604 3422 2870 3492 frequenti
2915 3423 3061 3492 apud
3090 3439 3191 3478 nos
3246 3424 3538 3478 missarum
3568 3440 3705 3480 con-

2109 3513 2438 3568 ventualium
2470 3512 2841 3567 celebratione
2868 3554 2880 3576 ,
2913 3526 3035 3565 cum
3074 3527 3333 3581 expressa
3365 3511 3456 3566 fiat
3501 3513 3705 3570 mentio

2108 3600 2411 3656 sacerdotis
2429 3599 2856 3653 hebdomadarii.
2881 3598 3037 3652 Unde
3055 3600 3247 3653 raritas
3268 3600 3359 3654 illa
3388 3600 3702 3666 missarum,

2116 3690 2184 3743 de
2217 3703 2326 3758 qua
2354 3687 2595 3757 loquitur
2644 3687 2708 3742 R.
2744 3687 2803 3739 P.
2867 3685 3048 3757 Guigo
3077 3687 3134 3740 in
3180 3687 3503 3758 quibusdam
3550 3687 3706 3755 locis,

2110 3777 2276 3848 longe
2326 3775 2484 3830 aliter
2513 3774 2870 3846 intelligenda
2900 3783 2982 3828 est
3011 3790 3176 3845 quam
3207 3775 3426 3847 quidam
3474 3791 3708 3831 censue-

2106 3872 2250 3919 runt.

2176 3952 2339 4006 Num.
2372 3955 2423 4004 3.
2457 3950 2618 4017 Quos,
2643 3949 2700 4004 id
2729 3954 2813 4006 est
2844 3950 3144 4021 episcOpos,
3173 3958 3277 4006 etc.
3311 3950 3587 4006 Habemus
3619 3951 3706 4006 hic

2108 4040 2336 4111 qualiter
2384 4037 2699 4092 humilitatis
2757 4037 3026 4107 spiritum,
3059 4053 3168 4108 quo
3223 4038 3368 4092 intus
3424 4038 3706 4093 abundare

2107 4128 2389 4188 debemus,
2424 4125 2591 4179 etiam
2617 4125 2854 4178 exterius
2885 4125 2940 4178 in
2969 4133 3149 4180 actum
3184 4126 3446 4180 reducere
3501 4126 3704 4180 debea-

2108 4231 2265 4280 mus;
2299 4229 2401 4269 nec
2431 4227 2672 4282 unquam
2703 4213 2848 4282 apud
2878 4227 2978 4266 nos
3001 4213 3286 4268 admittere
3318 4213 3582 4284 quidquid
3603 4229 3705 4268 saa-

2107 4303 2308 4358 cularis
2337 4301 2511 4355 fastus
2541 4308 2632 4354 aut
2662 4300 2938 4370 supercilii
2971 4308 3188 4355 tenuem
3235 4301 3396 4355 habet
3431 4301 3701 4355 umbram.

2105 4391 2521 4462 Supplieantes,
2559 4387 2614 4440 id
2647 4387 2916 4458 signiﬁcat
2973 4389 3118 4458 apud
3145 4404 3246 4442 nos
3296 4388 3700 4444 inclinationem

2107 4477 2377 4548 corporis,
2411 4491 2520 4546 qua
2554 4475 2908 4530 salutationes
2935 4475 3183 4542 facimus,
3207 4475 3316 4530 imo
3339 4491 3405 4531 ea
3431 4476 3628 4530 utimur
3649 4475 3705 4529 in

474 4567 609 4622 Ibid.
645 4567 764 4622 Non
793 4567 946 4620 enim
975 4566 1254 4636 gyrovagi,
1277 4571 1403 4631 etc.,
1429 4565 1514 4619 vel
1534 4579 1786 4635 personce
1810 4565 1988 4629 laicze,
2034 4545 2080 4606 θ
2113 4545 2344 4621 ecclesia
2369 4545 2489 4619 loco
2509 4562 2927 4635 genuﬂexionis.
2952 4564 3308 4632 Oscula-mur;
3331 4563 3457 4618 inde
3479 4563 3702 4618 evidens

408 4663 536 4724 etc.,
586 4657 1020 4720 consueverunt,
1055 4661 1157 4708 etc.
1189 4652 1313 4707 Non
1341 4651 1586 4706 absolute
1627 4653 1822 4706 dicitur
1852 4652 1996 4722 quod

411 4743 533 4799 laici
558 4743 625 4796 ad
656 4743 771 4810 ejus
801 4756 1046 4796 mensam
1075 4756 1304 4810 prorsus
1347 4755 1456 4794 non
1487 4739 1866 4809 suscipiantur,
1901 4738 1999 4793 sed

411 4839 617 4886 tantum
648 4829 842 4884 dicitur
871 4829 1015 4899 quod
1046 4843 1155 4882 non
1185 4828 1254 4880 sit
1283 4835 1601 4882 consuetum
1635 4844 1730 4882 eos
1753 4827 1826 4880 ibi
1857 4827 2000 4882 reci-

407 4935 559 4990 pere,
593 4918 730 4972 sicut
777 4917 1112 4986 recipiuntur
1150 4916 1240 4969 alii
1271 4916 1362 4986 qui
1392 4915 1448 4968 in
1499 4915 1758 4986 religioso
1816 4915 2000 4970 habitu

409 5015 534 5062 sunt
552 5005 846 5072 constituti,
861 5004 950 5075 qui
968 5004 1148 5059 cuncti
1167 5003 1553 5073 suscipiuntur,
1579 5003 1702 5058 laici
1719 5019 1847 5059 vero
1867 5019 1994 5068 non,

407 5095 513 5150 nisi
541 5094 685 5149 illius
713 5092 988 5164 qualitatis
1021 5092 1128 5146 sint
1158 5092 1243 5147 cui
1265 5091 1321 5146 id
1351 5091 1543 5162 negari
1573 5107 1681 5146 non
1719 5091 1913 5161 possit,
1949 5100 2002 5145 et

405 5183 463 5237 in
489 5184 592 5238 hoc
621 5180 872 5238 convenit
904 5197 1097 5235 sensus
1125 5180 1191 5235 R.
1224 5181 1289 5233 P.
1325 5179 1594 5252 Guigonis
1642 5195 1761 5234 cum
1792 5179 2002 5233 moder-

406 5272 492 5327 nis
545 5269 753 5324 statutis
801 5269 893 5323 ubi
941 5268 1156 5333 dicitur,
1216 5284 1336 5338 cap.
1373 5271 1425 5327 3.
1487 5284 1524 5321 ιι
1570 5275 1733 5337 part.,
1785 5284 1839 5320 n.
1874 5271 1934 5321 31
1983 5284 1997 5320 :

409 5359 575 5414 Prior
609 5359 674 5412 in
693 5358 852 5414 domo
900 5373 1002 5411 sua
1045 5371 1175 5412 cum
1227 5355 1535 5426 hospitibus
1574 5354 2000 5410 advenientibus

405 5463 522 5502 non
539 5446 696 5501 debet
711 5446 925 5517 passim
945 5449 1003 5500 et
1016 5445 1412 5514 indifferenter
1427 5443 1729 5506 comedere,
1751 5443 1847 5497 sed
1867 5447 1995 5500 tan-

412 5538 536 5588 tum
575 5549 704 5588 cum
742 5533 990 5588 honestis
1012 5533 1268 5603 personis
1315 5534 1373 5586 et
1421 5531 1649 5597 talibus,
1673 5531 1867 5602 quibus
1895 5532 1994 5587 hoc

410 5621 692 5676 commode
709 5621 907 5691 negari
921 5636 1036 5676 non
1064 5620 1304 5689 poterit;
1323 5622 1379 5674 et
1411 5622 1547 5674 tunc
1569 5619 1745 5674 etiam
1784 5624 1994 5691 quanto

408 5707 614 5772 rarius,
643 5711 806 5763 tanta
823 5707 1047 5764 melius.
1063 5707 1391 5778 Temporum
1412 5706 1571 5762 etiam
1592 5706 1785 5762 rationi
1815 5724 1879 5762 ex
1903 5707 1998 5763 ali-

2113 4662 2193 4708 est
2251 4653 2396 4723 quod
2442 4650 2616 4706 forma
2670 4651 2938 4706 salutandi
2969 4651 3019 4704 in
3077 4651 3266 4707 osculo
3305 4660 3513 4717 sancto,
3547 4657 3705 4721 prout

2111 4741 2239 4796 dicit
2265 4739 2574 4810 Apostolus,
2609 4740 2754 4809 apud
2781 4755 2882 4793 nos
2915 4755 3132 4810 semper
3161 4738 3318 4794 luerit
3350 4739 3404 4792 in
3434 4755 3573 4803 usu;
3608 4738 3704 4791 sed

2110 4830 2214 4884 hac
2242 4827 2416 4882 forma
2471 4825 2745 4881 salutandi
2798 4827 3057 4882 utendum
3102 4835 3310 4882 tantum
3358 4835 3460 4892 est,
3521 4825 3704 4880 habita

2111 4917 2318 4971 ratione
2338 4930 2699 4986 personarum
2729 4924 2782 4970 et
2811 4916 3090 4985 decentius,
3123 4923 3429 4986 temporum
3446 4922 3499 4969 et
3520 4914 3704 4986 regio-

2110 5022 2239 5058 num
2253 5048 2266 5059 .

2171 5095 2332 5148 Num.
2365 5097 2418 5148 4.
2450 5096 2513 5148 In
2543 5094 2828 5164 superiori
2853 5098 3046 5148 autem
3101 5093 3258 5149 domo
3289 5091 3525 5147 nonnisi
3551 5090 3696 5145 reli-

2101 5184 2261 5250 giosi,
2296 5191 2398 5238 etc.
2459 5182 2538 5235 Ibi
2596 5196 2727 5253 ergo
2787 5188 2992 5234 tantum
3047 5180 3458 5250 pernoctabant,
3493 5177 3584 5247 qui
3625 5177 3696 5231 ad

2102 5286 2346 5324 mensam
2375 5287 2406 5323 a
2435 5270 2620 5340 priore
2675 5268 2948 5322 debebant
2978 5269 3200 5338 suscipi,
3232 5267 3286 5321 in
3341 5267 3561 5322 chorum
3612 5265 3700 5318 in-

2101 5358 2276 5429 gredi,
2327 5367 2380 5412 et
2426 5359 2493 5412 ad
2554 5356 2883 5427 colloquium
2939 5357 3149 5410 admitti
3197 5371 3322 5411 cum
3372 5353 3697 5416 monachis;

2096 5461 2222 5499 nam
2245 5447 2404 5500 simul
2432 5447 2536 5500 ista
2565 5444 2822 5516 conjungi
2851 5444 3096 5499 videmus
3125 5461 3191 5499 ex
3229 5445 3334 5498 hoc
3372 5442 3494 5497 loco
3542 5448 3594 5495 et
3634 5456 3700 5494 ex

2096 5533 2336 5604 capitulo
2365 5535 2598 5589 decimo.

2168 5623 2334 5676 Porro
2365 5630 2533 5677 totum
2582 5623 2685 5678 hoc
2743 5621 3034 5692 capitulum
3091 5620 3327 5675 refertur
3371 5619 3428 5672 in
3457 5613 3699 5687 antiquis

2096 5709 2309 5764 statutis
2338 5716 2479 5780 part.
2514 5724 2575 5777 ιι,
2607 5724 2726 5780 cap.
2763 5713 2816 5778 9,
2847 5724 2941 5763 nn.
2975 5711 3065 5778 27,
3100 5712 3152 5776 3,
3186 5712 3219 5764 2
3250 5714 3301 5762 et
3321 5710 3410 5765 28.
