3940 6426
1530 383 1792 439 CONSUE

1892 382 2134 437 lDINES.
3387 378 3492 435 ’714

1350 505 1882 563 CAPITULUM
1947 505 2329 558 XXXVII.

1303 587 1309 591 ’
1472 608 1546 660 De
1595 603 1892 660 tractando
1942 601 2198 657 consilio.

256 702 305 753 1.
343 699 399 754 Si
433 699 565 772 quid
598 698 760 771 igitur
779 715 1037 770 magnum
1067 698 1153 755 vel
1183 714 1352 770 grave
1382 699 1719 754 tractandum
1750 698 1932 762 fuerit,
1962 697 2111 767 prior
2149 712 2339 751 omnes
2368 697 2424 749 in
2453 713 2618 750 unum
2677 698 2971 751 monachos
3015 696 3257 768 praecipit
3287 711 3494 752 conve-

185 793 320 848 nire.
355 794 546 866 Ibique
573 809 696 850 cum
724 809 916 849 omnes
947 793 1076 864 quid
1107 793 1339 848 sentiant
1385 793 1557 848 libere
1603 791 2092 863 pronuntiaverint,
2137 793 2282 864 quod
2312 793 2507 849 melius
2547 794 2856 866 rectiusque
2888 794 3181 860 existimat,
3230 793 3348 850 sine
3392 793 3501 853 ulla

187 906 540 962 personarum
573 891 906 962 acceptione,
958 890 1290 962 exsequitur.

255 989 310 1041 2.
345 987 414 1040 Et
442 988 548 1042 hoc
576 987 800 1042 omnino
829 994 1085 1058 tanquam
1108 985 1453 1040 utilissimum
1484 984 1958 1056 rectissimumque
1992 993 2263 1052 servatur,
2298 993 2356 1040 ut
2404 1001 2565 1041 nemo
2612 986 2699 1041 vel
2742 986 2982 1053 alterius,
3017 987 3101 1042 vel
3154 1003 3306 1041 suam
3362 1002 3498 1042 con-

193 1082 422 1138 tentiose
451 1091 743 1154 praesumat
765 1083 1055 1139 defensare
1079 1082 1436 1148 sententiam;
1465 1098 1534 1136 ne
1554 1082 1780 1151 bonum,
1813 1082 1958 1152 quod
1981 1083 2124 1137 absit
2151 1082 2162 1138 ι
2200 1083 2411 1138 consilii
2432 1085 2487 1138 in
2508 1083 2842 1140 discordiam
2863 1084 3211 1156 furoremque
3233 1093 3496 1141 vertatur.

256 1185 310 1237 3.
340 1183 403 1236 In
430 1182 728 1239 levioribus
747 1200 876 1240 vero
897 1186 1062 1240 rebus
1101 1191 1155 1239 et
1184 1183 1359 1255 magis
1388 1183 1660 1239 consuetis
1694 1199 1792 1238 suo
1831 1191 2038 1238 tantum
2061 1188 2112 1236 et
2145 1181 2499 1236 maturiorum
2530 1191 2612 1236 est
2649 1190 2933 1238 contentus
2963 1181 3209 1238 consilio.

257 1281 310 1334 4.
344 1279 449 1347 Qui
479 1297 548 1335 ne
575 1280 711 1338 forte
741 1281 1121 1350 temporalium
1150 1295 1279 1334 cura
1301 1297 1500 1347 rerum,
1535 1296 1599 1336 ac
1630 1280 1992 1335 sollicitudine
2021 1284 2412 1350 praegravatus,
2461 1278 2831 1348 spiritualibus
2862 1278 3041 1333 minus
3098 1278 3269 1349 possit
3315 1279 3495 1336 inten-

187 1376 335 1445 dere,
369 1376 511 1432 tales
528 1377 753 1449 singulis
783 1377 1109 1434 obedientiis
1130 1377 1320 1433 fratres
1342 1377 1542 1449 satagit
1573 1377 1854 1448 deputare,
1887 1391 2116 1448 quorum
2139 1390 2233 1428 eas
2264 1372 2392 1429 ﬁdei
2431 1389 2623 1430 secure
2671 1375 2846 1431 valeat
2900 1375 3141 1431 credere.

1343 1515 1877 1571 CAPITULUM
1929 1515 2355 1569 XXXVIII.

1519 1614 1597 1668 De
1626 1629 1766 1668 cura
1812 1613 2193 1680 inﬁmorum.

181 391 280 444 713

258 1730 309 1782 1.
344 1727 450 1795 Qui
481 1742 602 1784 cum
633 1741 768 1800 erga
789 1743 998 1796 omnes,
1035 1727 1311 1798 praecipue
1358 1742 1486 1799 erga
1533 1727 1776 1781 infirmos
1807 1742 1873 1782 ac
1909 1725 2118 1781 debiles
2146 1734 2308 1797 atque
2364 1726 2418 1780 in
2465 1727 2850 1781 tentationibus
2905 1729 3130 1798 positos,
3185 1732 3492 1800 sollicitum,

185 1825 486 1896 benignum
517 1831 677 1896 atque
693 1823 1105 1879 misericordem
1131 1824 1333 1878 debere
1366 1839 1424 1878 se
1454 1823 1666 1877 noverit
1693 1822 1927 1877 existere
1961 1838 1973 1876 :
2008 1823 2127 1877 Non
2160 1824 2332 1890 enim,
2360 1823 2658 1877 secundum
2695 1824 3020 1878 sententiam
3069 1826 3305 1897 Domini,
3337 1830 3496 1885 sani:

186 1926 270 1978 est
299 1939 437 1994 opus
455 1921 723 1986 medicus,
742 1921 998 1977 sedmale
1031 1921 1362 1976 habentibus
1378 1920 1598 1992 (Matth.
1633 1935 1712 1986 xx,
1741 1922 1830 1990 12)
1865 1935 1877 1974 :
1903 1919 1992 1990 qui
2022 1927 2202 1974 tamen
2231 1929 2284 1975 et
2313 1921 2417 1990 ipsi
2447 1921 2746 1976 secundum
2785 1923 2844 1976 B.
2896 1923 3172 1980 Benedicti
3214 1926 3376 1994 dicta,
3426 1944 3496 1982 ne

185 2017 462 2087 superﬂua
491 2015 578 2071 vel
607 2015 962 2086 impossibilia
991 2015 1247 2086 petendo,
1272 2014 1358 2070 vel
1377 2014 1515 2070 forte
1545 2014 1937 2069 murmurando
1985 2015 2284 2071 servientes
2325 2016 2429 2070 sibi
2459 2017 2795 2083 contristent,
2827 2018 3140 2090 diligentius
3189 2021 3496 2078 admonen-

184 2119 270 2165 tur
287 2110 591 2178 attendere,
616 2119 669 2167 et
694 2119 752 2165 ut
780 2126 1054 2166 memores
1084 2109 1291 2181 arrepti
1317 2110 1598 2181 pr0positi,
1632 2119 1689 2164 ut
1719 2126 1882 2165 sanos
1901 2126 1929 2164 a
1952 2111 2120 2177 sanis,
2153 2111 2229 2166 ita
2260 2120 2498 2184 mgrotos
2532 2113 2600 2166 ab
2627 2114 2850 2186 egrotis
2889 2115 3245 2172 saecularibus
3291 2118 3496 2175 debere

184 2209 428 2281 cogitent
455 2208 788 2280 discrepare,
821 2225 924 2264 nec
942 2207 1034 2263 illa
1054 2208 1110 2262 in
1140 2208 1358 2276 eremis,
1393 2224 1514 2278 quae
1543 2208 1630 2264 vix
1661 2209 1715 2262 in
1745 2208 1970 2263 urbibus
1998 2209 2358 2276 inveniantur,
2407 2225 2721 2280 exposcere.

254 2309 310 2362 2.
346 2306 441 2360 Isti
467 2305 634 2377 igitur
663 2304 861 2360 Christi
888 2304 1193 2376 passiones,
1215 2304 1292 2358 illi
1330 2304 1628 2360 suadentur
1683 2305 1965 2360 attendere
2010 2303 2408 2360 miserationes.
2444 2305 2579 2360 Hinc
2617 2306 2701 2360 isti
2749 2306 2916 2363 fortes
2944 2309 3011 2363 ad
3059 2309 3361 2377 ferendum,
3416 2311 3495 2365 illi

182 2401 426 2472 prompti
454 2400 525 2455 ad
551 2399 980 2455 subveniendum
1010 2415 1024 2466 ;
1060 2399 1300 2470 dumque
1337 2407 1560 2470 propter
1593 2400 1864 2455 Christum
1910 2409 1961 2456 et
1979 2400 2069 2455 isti
2098 2400 2202 2454 sibi
2256 2401 2466 2468 serviri,
2501 2409 2554 2456 et
2584 2402 2661 2456 illi
2721 2404 2928 2460 servire
2971 2407 3334 2476 considerant,
3392 2421 3497 2463 nec

182 2496 273 2552 isti
293 2497 638 2568 superbiunt,
669 2513 773 2553 nec
799 2496 877 2552 illi
906 2495 1183 2563 deficiunt,
1215 2496 1282 2551 ab
1305 2496 1495 2552 eodem
1517 2498 1729 2569 utrique
1760 2497 1993 2554 Domino
2031 2497 2344 2552 mercedem
2383 2498 2466 2552 sui
2496 2500 2872 2569 praestolantes
2902 2501 3082 2570 ofﬁcii,
3115 2502 3203 2557 isti
3230 2503 3494 2575 patiendi,

183 2593 261 2648 illi
282 2593 608 2650 miserendi.

1585 2665 2159 2722 COMMENTARIUS.

257 2779 396 2834 CAP.
430 2778 718 2833 XXXVII.
756 2807 824 2818 —
857 2778 974 2834 Hoc
1030 2777 1322 2849 capitulum
1352 2784 1523 2833 totum
1568 2777 1871 2842 referturA
1899 2780 1998 2836 Hic
2018 2788 2243 2851 apparet
2277 2779 2450 2836 forma
2479 2782 2846 2852 humanitatis,
2903 2785 3248 2842 discretionis
3277 2795 3330 2842 et
3358 2789 3494 2844 cha-

184 2867 239 2922 in
268 2867 510 2938 antiquis
557 2865 770 2921 statutis
827 2881 868 2920 ιι
921 2867 1088 2937 ρει-1.,
1135 2881 1257 2936 cap.
1286 2869 1339 2933 7,
1371 2883 1425 2919 n.
1455 2870 1503 2932 1,
1539 2874 1590 2921 et
1620 2867 1797 2922 adhuc
1896 2868 2082 2935 ritatis,
2121 2885 2241 2940 quae
2289 2871 2445 2938 juxta
2500 2886 2721 2925 casuum
2768 2872 3121 2944 indigentiam
3169 2890 3202 2929 a
3229 2876 3498 2945 prioribus

184 2955 525 3011 enucleatius
562 2953 881 3024 exprimitur
911 2953 968 3008 in
996 2954 1278 3008 modernis
1336 2955 1574 3009 statutis.

253 3043 344 3097 Ex
373 3043 479 3097 hoc
521 3049 703 3096 autem
749 3041 984 3112 capitulo
1033 3049 1258 3112 apparet
1303 3042 1449 3112 quod
1502 3041 1796 3112 antiquitus

185 3129 338 3202 apud
367 3145 488 3196 nos,
522 3129 673 3184 nulla
700 3129 886 3183 habita
910 3145 1088 3184 rerum
1108 3129 1453 3184 distinctione
1476 3144 1577 3185 nec
1598 3129 1796 3184 suifra-

188 3219 409 3291 giorum
438 3217 755 3290 quantitate,
782 3233 902 3273 cum
921 3232 1112 3272 omnes
1140 3217 1314 3271 libere
1351 3217 1795 3287 pronuntiassent

189 3306 322 3377 quid
355 3306 634 3372 sentirent,
669 3305 819 3376 prior
849 3305 996 3376 quod
1027 3305 1223 3359 melius
1262 3305 1570 3376 rectiusque
1606 3305 1794 3360 existi-

189 3395 399 3458 mabat,
433 3393 552 3448 sine
596 3408 958 3464 personarum
988 3393 1326 3464 acceptione,
1367 3393 1790 3463 exsequebatur.

186 3483 479 3538 Rationem
510 3482 693 3536 subdit
721 3482 786 3537 R.
819 3482 880 3536 P.
915 3481 1091 3552 Guigo
1123 3496 1221 3536 cur
1252 3497 1338 3535 res
1358 3481 1432 3535 ita
1460 3481 1528 3534 ab
1563 3481 1642 3535 eis
1689 3481 1793 3536 ob-

186 3577 518 3626 servaretur.
559 3570 667 3625 Sed
697 3569 825 3641 quia
847 3569 936 3638 jus
964 3569 1393 3624 ecclesiasticum
1423 3569 1578 3639 plura
1597 3568 1793 3624 deinde

185 3657 422 3712 instituit
449 3657 590 3714 circa
618 3658 947 3713 novitiorum
974 3657 1338 3727 receptionem
1372 3664 1423 3712 et
1435 3656 1542 3710 alia
1573 3656 1789 3722 similia,

191 3763 316 3818 qua:
353 3746 652 3801 observare
675 3745 813 3802 ordo
860 3745 1066 3814 debuit,
1117 3745 1244 3799 inde
1276 3744 1472 3800 factum
1503 3751 1585 3799 est
1631 3753 1689 3798 ut
1738 3746 1795 3798 in

189 3835 411 3890 statutis
440 3833 622 3904 aliqua
649 3833 832 3888 addita
874 3833 1088 3898 fuerint,
1151 3849 1273 3903 quae
1312 3833 1368 3886 in
1415 3832 1579 3888 certis
1629 3833 1792 3887 rebus

187 3922 432 3993 priorem
463 3921 532 3977 ad
577 3921 893 3992 accipienda
939 3939 1004 3976 ex
1041 3921 1364 3976 necessitate
1412 3929 1465 3976 et
1511 3921 1794 3992 sequenda

189 4009 457 4082 suffragia
481 4010 872 4066 monachorum
902 4009 1146 4081 adigunt.

258 4099 426 4154 Num.
445 4100 497 4152 4.
517 4098 623 4165 Qui
632 4114 704 4153 ne
719 4101 866 4168 forte
880 4097 1276 4169 temporalium
1294 4113 1432 4152 cura
1442 4113 1655 4162 rerum,
1675 4100 1784 4152 etc.
1807 4124 1859 4184 Β

187 4187 323 4242 Inde
351 4185 576 4242 evidens
610 4193 691 4241 est
722 4186 866 4257 quod
898 4200 1029 4241 cura
1061 4184 1435 4255 temporalium
1472 4192 1599 4240 tunc
1639 4192 1782 4239 tem-

185 4275 340 4345 poris
369 4274 672 4346 pertinebat
699 4274 768 4328 ad
812 4274 1071 4344 priorem,
1106 4273 1198 4344 qui
1236 4273 1360 4328 ideo
1388 4280 1639 4328 monetur
1665 4271 1783 4326 sin-

183 4362 334 4435 gulis
364 4361 706 4430 obedientiis,
739 4361 795 4415 id
823 4368 907 4415 est
935 4360 1202 4432 coquinae,
1228 4368 1396 4430 portae
1417 4360 1613 4430 pontis,
1640 4359 1786 4431 agri—

185 4451 439 4514 culture,
473 4457 601 4516 etc.,
664 4457 723 4503 ut
769 4464 835 4504 ex
892 4447 1028 4503 infra
1085 4448 1331 4504 dicendis
1383 4447 1604 4519 patebit,
1653 4447 1785 4502 tales

188 4537 395 4593 fratres
414 4552 749 4607 praeponere,
783 4552 849 4591 ex
871 4552 1105 4608 quorum
1117 4536 1404 4592 sedulitate
1436 4544 1486 4591 et
1515 4534 1786 4590 industria

187 4633 382 4697 posset
410 4624 553 4679 illius
573 4624 881 4680 sollicitudo
911 4624 1080 4679 minui
1105 4632 1158 4679 et
1193 4623 1507 4694 temperari.
1543 4625 1620 4677 Ex
1651 4622 1786 4676 anti—

189 4714 314 4786 quis
334 4713 544 4768 statutis
565 4712 618 4766 id
646 4712 902 4784 liquidius
931 4713 1218 4781 constabit,
1252 4719 1307 4767 et
1334 4712 1478 4783 quod
1508 4718 1782 4781 computa,

183 4801 240 4857 id
261 4809 346 4856 est
376 4801 613 4855 rationes
641 4807 981 4870 receptarum
1017 4815 1399 4871 expensorum,
1460 4798 1578 4869 ipse
1633 4799 1788 4869 prior

183 4890 458 4945 scriberet
485 4896 539 4943 et
578 4889 859 4943 redderet.

256 4979 344 5032 Ex
375 4978 479 5032 hoc
506 4983 681 5032 autem
711 4976 832 5032 loco
861 4975 948 5030 via
996 4975 1235 5046 aperitur
1263 4975 1332 5030 ad
1378 4957 1526 5031 recte
1585 4974 1788 5030 intelli-

187 5065 435 5139 gendum
461 5064 591 5134 quid
623 5063 727 5118 sibi
746 5063 912 5118 velint
950 5071 1151 5119 statuta
1189 5063 1413 5134 antiqua
1456 5070 1506 5117 et
1559 5061 1791 5132 capitula

185 5152 488 5225 generalia,
522 5151 736 5222 quando
766 5148 1092 5206 ofﬁcialibus
1131 5166 1456 5207 succensere
1513 5150 1786 5205 videntur.

185 5242 312 5297 Non
335 5240 406 5294 de
434 5239 645 5294 clericis
681 5238 796 5294 sive
826 5239 1105 5294 monachis
1135 5239 1334 5311 agitur,
1368 5254 1398 5292 e
1429 5253 1657 5308 quorum
1685 5253 1790 5290 nu-

192 5343 352 5384 mero
383 5326 762 5382 assumebatur
789 5334 996 5381 tantum
1026 5343 1167 5381 unus
1195 5333 1537 5398 procurator,
1561 5324 1796 5396 quinun-

1895 2957 2039 3026 apud
2072 2972 2173 3012 nos
2197 2973 2416 3027 semper
2435 2959 2595 3012 debet
2625 2960 2851 3025 servari,
2883 2961 3117 3017 maxime
3145 2978 3282 3035 erga
3314 2980 3495 3033 aegro-

1895 3051 1999 3110 tos,
2034 3052 2086 3099 et
2132 3045 2186 3098 id
2236 3045 2426 3100 suadet
2470 3046 2626 3100 ratio.
2661 3046 2791 3101 Cum
2844 3049 2990 3102 enim
3037 3050 3314 3126 solitarius
3360 3067 3498 3122 opus

1892 3131 2092 3187 habeat
2121 3133 2478 3202 occupatione
2508 3141 2619 3187 tum
2650 3135 2916 3204 spirituali
2964 3144 3077 3191 tum
3123 3138 3398 3208 corporali
3427 3139 3497 3194 ad

1894 3226 2107 3288 tempus
2136 3220 2337 3275 utiliter
2375 3221 2430 3274 in
2474 3221 2764 3276 solitudine
2822 3224 3258 3295 transigendum,
3293 3233 3346 3280 et
3373 3225 3498 3282 ideo

1894 3306 2096 3376 seipso,
2129 3315 2187 3361 ut
2207 3307 2280 3361 ita
2307 3307 2520 3378 loquar,
2547 3309 2623 3363 uti
2641 3309 2858 3375 debeat,
2904 3311 3069 3382 idque
3090 3321 3352 3382 przestare
3385 3329 3496 3369 non

1893 3394 2053 3463 plene
2083 3395 2260 3450 valeat
2281 3395 2408 3449 dum
2439 3404 2666 3467 aegrotat
2699 3413 2711 3449 :
2746 3404 2876 3453 tunc
2905 3413 3040 3470 ergo
3081 3415 3182 3468 per
3209 3400 3500 3470 providen-

1893 3482 2016 3535 tiam
2051 3483 2382 3552 pastoralem
2415 3483 2614 3552 prioris
2660 3483 2714 3538 id
2745 3485 2907 3538 debet
2951 3486 3207 3556 supplcri,
3258 3495 3363 3541 tam
3397 3503 3499 3558 per

1895 3585 1955 3624 se
1982 3585 2144 3640 quam
2172 3570 2438 3639 peralios.
2464 3569 2569 3638 Qui
2589 3571 2636 3624 si
2665 3571 2720 3624 in
2763 3571 2883 3625 aliis
2915 3573 3078 3627 debet
3105 3590 3271 3645 agere
3302 3582 3357 3628 ut
3389 3591 3496 3644 pa-

1891 3665 1992 3725 ter,
2026 3656 2082 3710 in
2110 3658 2324 3712 casibus
2352 3658 2440 3712 hic
2488 3659 2760 3728 expressis
2791 3676 2849 3714 se
2879 3676 3074 3731 gerere
3104 3661 3266 3716 debet
3294 3670 3352 3716 ut
3380 3677 3497 3716 ma-

1892 3752 1992 3811 ter,
2020 3751 2072 3798 et
2100 3745 2252 3799 factis
2283 3745 2520 3815 probare
2549 3746 2730 3817 quod,
2793 3747 2838 3800 si
2896 3747 3019 3802 coeli
3067 3748 3256 3802 stellas
3310 3756 3498 3819 posset

1891 3832 2164 3887 advehere
2195 3833 2266 3886 ad
2295 3832 2553 3887 auxilium
2583 3835 2953 3903 praestandum
2973 3833 3168 3890 aﬂlicto
3200 3845 3408 3909 aegroto
3438 3835 3495 3890 in

1890 3919 2032 3974 lecto
2056 3919 2282 3988 jacenti,
2313 3920 2367 3974 id
2397 3920 2752 3976 libentissime
2774 3921 2994 3978 faceret.
3019 3924 3163 3978 Ecce
3203 3924 3378 3994 qualis
3398 3923 3495 3980 de-

1891 4007 1980 4061 bet
2011 4023 2134 4062 esse
2174 4007 2402 4063 affectus
2448 4009 2724 4063 charitatis
2754 4009 2808 4063 in
2847 4010 3048 4080 priore,
3084 4019 3135 4066 et
3172 4011 3302 4082 quid
3331 4012 3400 4066 ab
3428 4027 3493 4068 eo

1892 4094 2120 4165 requirit
2151 4095 2196 4149 R
2229 4096 2286 4149 P.
2321 4095 2522 4167 Guigo,
2560 4097 2653 4166 qui
2687 4096 2798 4151 fcre
2845 4097 3093 4154 oblivisci
3150 4099 3365 4154 videtur
3390 4116 3490 4155 au-

1889 4182 2144 4236 steritatis
2166 4183 2556 4252 Carthusianae,
2580 4184 2710 4237 dum
2741 4185 2808 4238 de
2830 4183 3166 4240 inﬁrmorum
3197 4202 3330 4241 cura
3360 4187 3487 4260 agi-

1885 4277 1994 4323 tur.
2039 4269 2146 4324 Sed
2178 4277 2290 4323 tum
2334 4270 2452 4338 ipse
2481 4270 2628 4340 prior
2656 4279 2768 4324 tum
2811 4281 3051 4343 aegrotus
3093 4273 3338 4327 subditus
3385 4274 3487 4330 de-

1887 4357 2016 4412 bent
2057 4372 2273 4426 semper
2295 4357 2495 4426 arrepti
2521 4373 2551 4410 a
2594 4358 2752 4412 nobis
2783 4359 3046 4428 propositi
3085 4360 3350 4414 rationem
3380 4361 3486 4415 ha-

1887 4445 2018 4499 bere
2049 4452 2147 4498 eta
2177 4443 2390 4498 virtutis
2431 4444 2629 4499 Christi
2656 4445 2813 4515 praxi
2840 4462 3116 4518 nunquam
3147 4447 3431 4503 discedere
3463 4467 3479 4516 ;

1887 4531 2031 4602 quod
2052 4531 2254 4602 optime
2295 4531 2475 4586 statim
2511 4532 2769 4602 explicat.

1957 4619 2095 4673 Ibid.
2133 4620 2237 4687 Qui
2267 4623 2458 4674 tamen
2510 4625 2565 4674 et
2595 4621 2724 4690 ipsi,
2757 4627 2862 4675 etc.
2913 4619 3012 4675 Hic
3040 4619 3239 4676 blande
3279 4621 3486 4677 inducit

1886 4715 2123 4779 aegrotos
2154 4707 2223 4761 ad
2254 4707 2502 4778 quaedam
2531 4707 2768 4772 vitanda,
2804 4724 3000 4778 nempe
3028 4718 3085 4762 ut
3139 4710 3411 4778 superflua
3433 4717 3487 4764 et

1886 4794 2242 4865 impossibilia
2297 4811 2406 4850 non
2460 4802 2662 4866 petant,
2713 4812 2813 4850 nec
2881 4798 3270 4852 murmurando
3360 4814 3484 4852 ser-

1887 4883 2095 4939 vientes
2145 4883 2248 4937 sibi
2292 4883 2630 4948 contristent,
2662 4892 2718 4938 ut
2775 4883 2864 4938 illa
2913 4884 3133 4939 demum
3179 4885 3233 4938 in
3282 4885 3480 4941 eremis

1887 4987 1997 5026 non
2026 4978 2343 5041 exposcant,
2367 4988 2488 5042 quae
2517 4971 2605 5026 vix
2635 4971 2689 5024 in
2744 4971 2970 5026 urbibus
3003 4973 3340 5042 reperiuntur
3371 4991 3385 5039 ;
3410 4973 3482 5028 ad

1890 5075 2051 5129 quem
2081 5058 2244 5114 finem
2275 5059 2382 5112 illis
2410 5059 2576 5114 utitur
2596 5059 2775 5114 verbis
2801 5078 2815 5126 ;
2840 5065 2905 5114 ut
2947 5077 3113 5117 sanos
3132 5079 3166 5115 α
3186 5062 3362 5130 sanis,
3399 5064 3484 5117 ita

1890 5151 2125 5216 aegrotos
2146 5147 2214 5202 ab
2235 5148 2458 5218 aegrotis
2507 5148 2872 5203 saecularibus
2919 5149 3238 5220 discrepare
3287 5150 3484 5206 debere

1891 5236 2159 5305 cogitent.
2193 5235 2325 5289 lnde
2353 5235 2578 5289 evidens
2613 5242 2694 5288 est
2725 5243 2985 5305 quantum
3009 5236 3174 5291 distet
3225 5252 3379 5291 mens
3419 5237 3485 5292 Β.

1893 5321 2062 5376 Patris
2092 5321 2358 5393 Guigonis
2385 5339 2416 5375 a
2438 5339 2601 5377 sensu
2624 5322 2839 5376 illorum
2872 5323 2964 5393 qui
3008 5323 3207 5379 vellent
3236 5325 3353 5392 ejus
3383 5339 3486 5378 au-

187 5431 358 5490 quam
391 5413 652 5469 terminos
682 5414 1084 5485 egrediebatur,
1120 5415 1217 5470 sed
1242 5415 1310 5468 de
1339 5413 1635 5475 conversis,
1699 5411 1793 5481 qui
1814 5469 1859 5490 η
1893 5409 2138 5464 ctoritate
2159 5409 2234 5462 uti
2249 5409 2317 5463 ad
2345 5410 2689 5478 probandum
2717 5409 2914 5463 durum
2959 5419 3012 5463 et
3042 5411 3198 5480 quasi
3268 5411 3487 5465 inﬂexi-

187 5469 223 5561 έ
237 5505 504 5576 primaevo
534 5501 796 5569 instituto,
831 5509 887 5556 ut
907 5501 963 5554 in
1009 5502 1128 5556 istis
1166 5501 1648 5557 consuetudinibus
1702 5498 1788 5553 vi-
1813 5469 1859 5528 Ο
1889 5497 2052 5550 bilem
2073 5496 2294 5550 modum
2315 5497 2533 5566 agendi,
2565 5497 2721 5550 etiam
2749 5498 2890 5552 circa
2911 5499 3207 5552 monachos
3227 5505 3484 5570 aegrotos,

186 5593 428 5659 debitur,
461 5589 608 5644 foras
637 5604 703 5643 ex
720 5589 1044 5645 necessitate
1061 5588 1500 5662 egrediebantur.

259 5680 398 5735 CAP.
422 5675 816 5732 XXXVIII.—
851 5677 1015 5731 Num.
1047 5681 1098 5733 1.
1125 5677 1230 5744 Qui
1249 5690 1380 5732 cum
1410 5689 1542 5744 erga
1569 5686 1781 5729 omnes.

406 5774 648 5828 PATROL.
689 5771 870 5826 CLIII.

1887 5599 2010 5638 esse
2067 5583 2412 5637 servandum.
2447 5585 2563 5638 lIoc
2621 5583 2764 5637 enim
2825 5599 3098 5653 sempera
3127 5584 3488 5639 Carthusiano

1887 5670 2078 5740 spiritu
2108 5677 2161 5724 et
2196 5685 2298 5724 usu
2329 5669 2568 5725 alienum
2622 5669 2740 5724 fuit.
2803 5671 2969 5726 Porro
2999 5671 3133 5724 nihil
3181 5670 3490 5741 religiosius

3207 5769 3275 5822 23
