3940 6410
480 307 585 359 715
621 299 646 314 ⁶

1327 299 1668 356 GUIGONIS
1708 299 1729 352 Ι
1767 295 2175 352 ΟΛΒΤΗΗΞΙᾸΞ
2217 292 2504 349 ΜΛΙΟΒΙΞ
2545 293 2820 350 PRIORIS
2859 295 2922 348 V.

3666 293 3773 345 ’716

551 431 604 481 3.
627 427 862 496 Propter
892 425 991 480 hos
1017 423 1184 490 solos,
1209 421 1256 476 si
1284 429 1426 477 tanta
1457 420 1615 476 fuerit
1642 419 1924 491 aegritudo,
1947 417 2128 488 pisces
2157 432 2338 474 emere
2371 417 2627 473 solemus.

1753 558 2146 615 CAPITULUM
2185 557 2447 613 XXXIX.

1875 675 1950 729 De
2006 675 2324 729 minutione
2795 729 2800 734 ,

548 778 599 829 l.
633 771 913 828 Medicinis
943 778 1140 840 autem,
1173 778 1400 841 excepto
1430 770 1669 827 cauterio
1699 778 1752 826 et
1781 769 2062 840 sanguinis
2092 769 2406 834 minutione,
2441 783 2659 838 perraro
2698 768 2923 823 utimur.
2962 764 3252 821 Minuimur
3293 771 3470 819 autem
3500 763 3554 818 in
3613 778 3760 818 anno

475 870 782 942 quinquies.
818 870 941 923 Post
974 867 1210 923 Octavas
1233 869 1471 932 Pascha},
1503 876 1626 937 post
1648 867 2046 921 solemnitatem
2066 864 2433 936 apostolorum
2463 865 2603 920 Petri
2619 873 2672 920 et
2702 863 2869 929 Pauli,
2903 862 3140 918 secunda
3158 861 3495 916 hebdomade
3512 861 3762 930 Septem-

473 969 600 1032 bris,
635 965 935 1035 septimana
967 971 1090 1018 ante
1118 963 1422 1018 Adventum
1443 970 1495 1016 et
1517 962 1855 1016 hebdomada
1883 968 2007 1016 ante
2038 960 2561 1032 Quinquagesiman.
2603 961 2663 1015 In
2695 975 2803 1033 quo
2849 967 3114 1031 tempore,
3174 957 3488 1014 minutionis
3527 955 3758 1024 scilicet,

468 1081 565 1135 per
594 1071 703 1118 tres
735 1061 1020 1118 continuos
1049 1059 1167 1115 dies
1183 1058 1265 1113 bis
1290 1058 1583 1125 reficimus,
1607 1057 1810 1130 aliquid
1837 1057 1943 1113 cibi
1973 1055 2216 1111 melioris
2255 1055 2607 1126 accipientes.

1807 1205 2378 1261 COMMENTARIUS.

469 1334 523 1382 et
553 1324 805 1381 disertius
851 1333 1029 1397 potest
1078 1324 1258 1390 scribi,
1311 1339 1475 1395 quam
1533 1337 1654 1394 quae
1705 1322 1793 1378 hic
1823 1322 1951 1377 dicit
1977 1323 2058 1377 vir
2085 1327 2138 1384 Α
2163 1326 2276 1377 tur.
2305 1321 2650 1377 Proceritatis
2680 1321 2838 1376 etiam
2869 1335 3162 1392 corporum
3193 1318 3482 1375 diversitas
3500 1324 3678 1389 potest
3699 1319 3757 1372 in

467 1422 704 1482 sanctus,
729 1414 873 1469 circa
903 1414 1124 1468 modum
1162 1412 1381 1482 agendi,
1414 1420 1524 1466 tum
1561 1427 1593 1465 a
1623 1410 1917 1481 prioribus,
1948 1417 2059 1463 tum

466 1503 537 1556 ab
566 1501 788 1573 aegrotis
805 1501 1006 1554 nostris
1038 1500 1387 1554 servandum.

538 1590 700 1643 Num.
735 1593 786 1642 3.
813 1591 1048 1658 Propter
1065 1586 1160 1642 hos
1191 1588 1354 1651 solos,
1381 1594 1482 1640 etc.
1515 1587 1703 1641 Pisces
1725 1586 2062 1641 emeresole-

465 1693 612 1732 mus.
644 1676 766 1730 Non
788 1676 913 1729 inde
960 1675 1394 1730 concludendum
1426 1681 1509 1727 est
1555 1674 1699 1744 quod
1730 1674 1909 1743 pisces
1938 1681 2060 1726 tan-

468 1772 581 1817 tum
611 1763 960 1818 comederent
987 1761 1144 1830 primi
1184 1769 1368 1830 patres
1406 1760 1595 1826 nostri,
1628 1760 1845 1831 quando
1876 1775 2062 1831 aegro-

471 1859 673 1904 tarent.
717 1851 774 1903 ld
795 1849 938 1903 enim
973 1847 1166 1902 falsum
1197 1865 1318 1902 esse
1349 1847 1689 1903 convincitur
1709 1863 1774 1901 ex
1805 1863 1928 1917 cap.
1969 1850 2056 1912 33,

473 1938 728 2007 autquod
760 1936 998 2006 piscibus
1062 1943 1269 1990 tantum
1306 1943 1680 2000 vescerentur,
1713 1950 1837 1988 cum
1893 1934 1972 1988 eis
1994 1934 2062 1987 ab

471 2023 744 2080 extraneis
773 2023 1050 2076 darentur.
1085 2023 1192 2077 Sed
1220 2022 1496 2076 sciendum
1533 2030 1614 2076 est
1642 2022 1784 2075 intra
1820 2037 2064 2075 eremum

471 2111 769 2166 Carthusiae
790 2118 1083 2164 torrentem
1111 2109 1278 2164 ﬂuere
1308 2109 1400 2180 qui
1451 2109 1684 2180 optimos
1730 2108 1830 2162 fert
1861 2109 2059 2178 pisces,

471 2207 525 2254 et
561 2199 616 2252 in
647 2214 709 2252 ea
752 2197 1094 2261 abundantia,
1131 2213 1252 2268 qua:
1306 2205 1454 2252 certe
1492 2205 1618 2251 tunc
1673 2196 1933 2266 temporis
1963 2212 2064 2265 pro

471 2301 641 2356 parvo
662 2292 929 2340 conventu
958 2285 1314 2359 communiter
1344 2283 1663 2339 sufﬁciebat.
1695 2284 1898 2337 Sensus
1930 2299 2064 2354 ergo

473 2372 709 2428 auctoris
737 2380 838 2438 est,
873 2373 1018 2442 quod
1040 2388 1104 2426 eo
1134 2380 1341 2426 tantum
1371 2387 1500 2427 casu
1548 2372 1726 2441 pisces
1755 2387 1937 2426 emere
1969 2388 2063 2426 so—

473 2460 665 2525 lerent,
690 2459 743 2512 id
788 2467 868 2514 est
897 2474 997 2529 pro
1055 2459 1290 2530 aegrotis,
1350 2458 1568 2529 quando
1616 2457 1703 2512 vel
1735 2473 1800 2511 ex
1846 2459 2070 2528 proprio

474 2554 714 2601 torrente
745 2546 935 2600 obvios
957 2547 1104 2615 (nam
1135 2545 1294 2600 certis
1343 2545 1674 2615 temporibus
1730 2544 2065 2614 impossibile

470 2641 553 2690 est
579 2633 818 2704 piscari),
844 2632 929 2688 vel
959 2649 1024 2687 ex
1071 2633 1369 2687 vicinorum
1400 2633 1660 2688 charitate
1690 2631 1906 2687 oblatos
1952 2647 2061 2686 non
2084 2663 2134 2721 Β

471 2721 754 2776 haberent.
787 2720 930 2774 Nihil
953 2719 1125 2774 simile
1154 2721 1284 2774 dicit
1329 2721 1397 2774 de
1425 2721 1562 2775 ovis.

543 2809 735 2864 Totum
778 2816 954 2862 autem
985 2809 1090 2864 hoc
1122 2807 1414 2878 capitulum
1444 2807 1678 2862 refertur
1732 2807 1786 2861 in
1828 2806 2063 2879 antiquis

473 2896 703 2963 statutis,
727 2904 879 2966 parte
901 2895 1063 2965 prim.
1097 2911 1216 2965 cap.
1241 2897 1327 2959 44,
1353 2912 1444 2950 nn.
1481 2899 1502 2949 1
1531 2903 1582 2949 et
1615 2897 1666 2949 4.

543 2985 696 3038 CAP.
717 2982 1205 3037 XXXIX.—Num
1220 3023 1234 3035 .
1261 2983 1634 3038 illledieinis”
1649 3022 1664 3036 .
1686 2999 1939 3055 perraro,
1955 2989 2060 3038 etc.

471 3071 709 3125 Subaudi
739 3078 896 3124 extra
926 3078 1139 3140 tempus
1179 3069 1534 3139 aegritudinis,
1585 3086 1707 3124 nam
1739 3077 1863 3125 tunc
1891 3069 2063 3124 medi-

471 3173 659 3212 corum
690 3157 1016 3211 ordinationi
1047 3156 1294 3210 standum
1335 3165 1436 3212 est.

542 3245 1068 3299 Ibideinuimurin
1081 3261 1232 3299 anno
1252 3245 1564 3316 quinquies,
1590 3251 1691 3299 etc.
1707 3245 1862 3300 Hunc
1882 3245 2059 3300 locum

469 3332 731 3386 miramur
757 3347 974 3386 omnes:
1008 3347 1133 3384 nam
1165 3331 1218 3384 id
1252 3340 1458 3385 tantum
1487 3332 1555 3385 ad
1613 3333 1933 3386 servandam
1964 3331 2061 3386 fir-

468 3435 611 3474 mam
668 3419 1029 3473 valetudinem
1075 3427 1200 3474 tunc
1247 3434 1279 3473 a
1320 3419 1488 3473 nostri
1542 3419 1835 3473 adhibitum
1895 3419 2061 3474 fuisse

463 3523 562 3577 pro
595 3515 740 3562 certo
762 3507 1044 3561 habemus.
1077 3508 1145 3561 Et
1175 3523 1239 3561 ex
1279 3508 1382 3562 hoc
1411 3507 1644 3577 capitulo
1673 3508 1802 3561 satis
1859 3508 2062 3578 proba-

467 3602 572 3660 tur;
603 3609 729 3648 nam
760 3594 816 3648 in
853 3595 994 3661 cibo,
1052 3609 1244 3649 somno
1270 3602 1321 3648 et
1356 3594 1476 3648 aliis
1523 3595 1689 3648 rebus
1737 3594 1839 3648 sibi
1887 3595 2062 3666 magis

466 3681 752 3753 indulgere
781 3681 1062 3747 videntur;
1120 3681 1264 3752 quod
1300 3688 1447 3735 certe
1504 3681 1788 3736 ridiculum
1819 3689 1983 3746 esset,
2017 3681 2064 3736 si

469 3783 534 3821 ex
565 3768 754 3837 spiritu
784 3767 1214 3823 mortificationis
1236 3784 1300 3822 ex
1331 3784 1435 3822 una
1481 3776 1629 3838 parte
1677 3769 1754 3823 sic
1805 3785 1864 3824 se
1893 3769 2063 3822 minui

470 3855 732 3924 sanguine
787 3871 885 3926 per
925 3871 1078 3910 venae
1119 3854 1455 3925 apertionem
1503 3856 1667 3910 certis
1731 3857 2062 3927 temporibus

470 3949 774 4006 curassent,
802 3950 853 3996 et
900 3959 965 3996 ex
997 3942 1103 3996 alia
1144 3942 1390 4013 quedam
1436 3943 1736 4013 corporalia
1775 3943 2059 4000 commoda

474 4037 629 4084 extra
654 4045 999 4084 communem
1050 4030 1296 4102 regulam
1349 4039 1760 4100 procurassent.
1799 4032 1855 4086 Si
1884 4041 2062 4087 autem
2094 4004 2140 4063 Ο

476 4117 583 4171 tale
619 4117 884 4187 quidistis
915 4118 1246 4188 temporibus
1295 4125 1698 4185 attentaremus,
1732 4134 1924 4174 omnes
1953 4119 2064 4175 fere

478 4205 776 4259 monachos
807 4204 862 4257 in
890 4205 1042 4259 brevi
1072 4221 1412 4271 necaremus,
1448 4206 1557 4260 imo
1586 4221 1786 4277 magna
1813 4207 2065 4262 cautione

477 4305 614 4360 opus
644 4291 802 4345 nobis
817 4299 916 4358 est,
949 4300 1006 4346 ut
1026 4292 1112 4347 vel
1145 4292 1314 4347 semel
1345 4301 1437 4347 aut
1459 4293 1540 4347 bis
1571 4293 1624 4346 in
1649 4309 1792 4348 anno
1839 4294 2066 4362 alicujus

474 4373 726 4427 monachi
756 4390 945 4427 venam
975 4374 1180 4446 absque
1210 4375 1534 4430 infirmitatis
1563 4377 1887 4431 necessitate
1925 4391 2067 4432 nunc

474 4460 674 4529 aperiri
714 4461 975 4516 sinamus.

545 4548 627 4601 Ex
655 4548 757 4602 hac
789 4565 923 4618 ergo
948 4551 1292 4618 necessitate,
1316 4567 1437 4622 quae
1466 4551 1666 4606 sensim
1681 4567 1802 4608 sese
1823 4551 2065 4622 protulit,

475 4635 780 4689 abstinendi
811 4637 878 4689 ab
900 4638 999 4692 hac
1028 4638 1400 4692 vicissitudine
1429 4639 1705 4694 minuendi
1749 4641 2064 4705 monachos,

477 4723 762 4791 probatum
782 4724 1047 4778 habemus
1069 4725 1212 4779 vires
1237 4741 1530 4796 corporum
1573 4727 1735 4782 veluti
1769 4744 2068 4782 senescen-

477 4816 527 4862 te
558 4811 759 4864 mundo
813 4810 1124 4867 imminutas
1171 4829 1313 4881 esse,
1347 4821 1399 4867 et
1445 4813 1608 4885 longe
1651 4815 1886 4870 minores
1925 4830 2070 4870 nunc

476 4912 599 4950 esse
631 4913 792 4967 quam
823 4907 946 4953 tunc
977 4907 1164 4963 erant;
1211 4900 1396 4971 sicque
1424 4917 1549 4955 vera
1575 4901 1643 4955 ad
1682 4901 1915 4956 litteram
1947 4918 2069 4956 esse

475 4984 641 5037 verba
670 4984 763 5038 illa
793 4987 863 5038 D.
895 4986 1169 5057 Gregorii,
1205 4988 1292 5057 qui
1317 4988 1479 5041 robur
1507 5003 1792 5057 corporum
1825 4989 1907 5042 sui
1937 4997 2070 5043 tem-

480 5071 630 5138 poris
660 5081 782 5124 eum
816 5074 1050 5144 antiquis
1081 5073 1386 5139 conferens,
1413 5083 1464 5128 et
1495 5075 1755 5128 mundum
1796 5076 1954 5129 etiam
1977 5093 2068 5130 se-

477 5173 704 5211 nescere
745 5176 808 5214 ac
837 5160 1074 5215 deficere
1124 5163 1353 5230 probare
1401 5162 1608 5227 volens,
1659 5163 1731 5216 ita
1787 5162 2067 5234 loquitur:

478 5245 712 5300 Mundus
732 5247 793 5301 in
805 5265 876 5302 an
888 5250 975 5302 nis
989 5249 1271 5318 prioribus
1295 5249 1445 5303 velut
1461 5251 1522 5302 in
1545 5251 1842 5317 iuventute
1867 5253 2066 5320 viguit,

2163 1409 2528 1464 testimonium
2551 1409 2770 1464 adduci.
2795 1408 2937 1463 Ossa
2953 1409 3254 1479 primorum
3274 1408 3492 1461 Palmm
3520 1423 3641 1461 cum
3663 1421 3761 1461 ve-

2163 1497 2445 1552 neratione
2467 1498 2520 1550 in
2545 1498 2775 1567 quodam
2803 1495 3026 1561 sacello,
3063 1497 3165 1550 sub
3197 1510 3304 1566 quo
3339 1501 3421 1548 est
3441 1509 3625 1560 cavea,
3650 1509 3772 1548 ser-

2162 1601 2371 1651 vamus,
2409 1601 2530 1655 quae
2561 1585 2605 1638 si
2635 1601 2758 1639 cum
2778 1584 2982 1638 nostris
3005 1590 3408 1654 comparentur,
3443 1597 3544 1636 nos
3564 1581 3760 1636 adole-

2163 1673 2449 1737 scentium,
2476 1672 2551 1725 illi
2582 1688 2709 1726 vero
2731 1673 2968 1726 virorum
2980 1670 3341 1741 perfectorum
3361 1683 3488 1724 ossa
3504 1668 3762 1724 habuisse

2164 1759 2387 1814 evidens
2409 1768 2510 1824 est,
2543 1759 2597 1812 in
2627 1759 3026 1830 comparatione
3067 1767 3396 1812 nostrorum.

2235 1846 2388 1902 Unde
2444 1862 2578 1917 ergo
2625 1847 2728 1900 ista
2776 1847 2972 1900 virium
3017 1845 3382 1916 corporalium
3438 1843 3754 1911 diminutio,

2164 1950 2282 2005 qua:
2313 1942 2470 1987 tanta:
2491 1941 2658 2001 erant,
2691 1942 2749 1988 ut
2776 1934 2937 2003 primi
2967 1935 3150 1988 Patres
3194 1934 3474 2004 sanguinis
3498 1933 3754 1988 emissio-

2163 2037 2287 2075 nem
2319 2021 2604 2092 quinquies
2649 2021 2702 2074 in
2733 2037 2873 2075 anno
2929 2021 3228 2076 faciendam
3278 2021 3381 2076 sibi
3438 2020 3757 2092 praescribe-

2165 2117 2300 2172 rent,
2334 2109 2542 2179 absque
2563 2108 2804 2178 periculo
2835 2108 3206 2162 diminutionis
3242 2108 3435 2164 virium
3466 2109 3494 2163 τ
3522 2109 3635 2162 Nos
3667 2122 3760 2161 ve-

2164 2211 2226 2250 ro
2247 2195 2334 2249 vix
2363 2195 2535 2250 semel
2564 2196 2616 2250 in
2647 2211 2787 2250 anno
2807 2195 2860 2249 id
2886 2195 3149 2250 audemus
3178 2197 3513 2266 permittere,
3545 2195 3756 2265 absque

2165 2298 2349 2348 causa,
2379 2283 2763 2354 experimentis
2785 2283 2963 2338 edocti
2991 2283 3059 2338 de
3089 2283 3412 2338 necessitate
3449 2281 3757 2337 abstinendi

2164 2387 2194 2424 a
2223 2371 2522 2424 minutione
2565 2370 2866 2442 sanguinis,
2926 2385 3034 2440 qua
3069 2371 3214 2425 vires
3247 2378 3566 2426 nostrorum
3597 2385 3755 2424 ener-

2165 2466 2379 2523 vantur,
2399 2458 2471 2510 ita
2500 2466 2575 2521 ut,
2607 2458 2652 2511 si
2682 2458 2736 2511 id
2766 2457 3117 2527 permittatur,
3143 2456 3412 2523 deficiant,
3437 2465 3489 2513 ct
3525 2457 3580 2511 in
3599 2455 3755 2511 inﬁr-

2165 2544 2379 2599 mitates
2408 2544 2714 2599 habituales
2743 2560 2851 2600 non
2871 2545 3276 2611 raroincidant,
3315 2545 3510 2616 quibus
3537 2543 3755 2598 tandem

2164 2632 2232 2686 ad
2254 2632 2628 2687 observantius
2649 2631 2856 2686 ordinis
2887 2631 3238 2697 inhabiles,et
3266 2631 3508 2686 nonnulli
3537 2632 3755 2686 inutiles

2163 2735 2415 2789 personae
2459 2718 2806 2774 efﬁciuntur?
2852 2720 2911 2772 Id
2969 2735 3035 2774 ex
3091 2719 3266 2774 tribus
3294 2719 3474 2775 causis
3503 2719 3754 2775 evenisse

2161 2823 2482 2877 persuasum
2505 2807 2718 2872 habeo;
2764 2822 2995 2878 quarum
3028 2822 3042 2862 :

2233 2894 2467 2948 Primam
2499 2911 2564 2948 ex
2594 2903 2783 2948 natura
2811 2893 2974 2949 simul
2999 2910 3122 2950 cum
3151 2893 3355 2950 mundo
3379 2893 3582 2950 sensim
3618 2891 3754 2949 defi-

2161 2981 2337 3036 ciente
2366 2982 2666 3052 procedere
2691 2982 2878 3037 credo.

2234 3069 2557 3134 Secundam,
2609 3084 2730 3140 qua:
2776 3069 3051 3140 praecipua
3100 3069 3232 3124 mihi
3277 3069 3506 3139 videtur,
3554 3085 3620 3124 ex
3650 3083 3753 3123 usu

2163 3155 2366 3210 sensim
2408 3155 2730 3223 introducto,
2763 3164 2939 3222 aucto,
2981 3165 3036 3212 et
3080 3157 3320 3228 quotidie
3352 3165 3628 3213 crescente
3649 3157 3753 3212 de-

2159 3242 2372 3299 licatius
2399 3243 2615 3298 vivendi
2657 3252 2710 3298 et
2742 3260 2943 3314 pueros
2965 3245 3233 3300 educandi
3262 3244 3315 3299 in
3337 3246 3536 3301 saeculo
3559 3286 3572 3313 ,
3619 3259 3754 3314 pro-

2161 3331 2377 3385 venisse
2399 3331 2636 3386 arbitror
2674 3349 2689 3397 ;
2723 3347 2790 3386 ex
2819 3347 2924 3402 qua
2953 3331 3256 3388 delicatiori
3283 3332 3500 3388 vivendi
3529 3339 3583 3387 et
3611 3347 3752 3402 pue-

2161 3433 2248 3471 ros
2271 3418 2540 3474 educandi
2567 3419 2959 3474 consuetudine
3005 3421 3169 3475 variae
3214 3420 3568 3476 necessitates
3615 3418 3754 3473 sub-

2161 3514 2294 3560 ortaa
2353 3514 2496 3560 sunt.
2546 3507 2738 3560 Modus
2793 3493 2937 3560 enim
3010 3507 3314 3563 enutriendi
3375 3522 3627 3578 corpora,
3685 3522 3754 3560 ex

2160 3593 2553 3648 consuetudine
2583 3593 2637 3646 in
2656 3593 2918 3662 habitum,
2968 3603 3022 3650 et
3075 3611 3142 3649 ex
3169 3594 3355 3649 habitu
3399 3594 3454 3648 in
3506 3593 3755 3650 necessi-

2161 3687 2324 3734 tatem
2355 3696 2544 3735 versus
2577 3687 2678 3745 est,
2712 3689 2764 3735 et
2785 3681 2911 3736 inde
2955 3681 3153 3736 factum
3184 3689 3268 3736 est
3296 3688 3351 3736 ut
3391 3696 3620 3752 corpora
3645 3696 3754 3736 no-

2161 3775 2287 3836 stra,
2319 3785 2458 3839 quae,
2496 3776 2784 3838 antequam
2817 3768 2886 3823 ad
2920 3768 3170 3824 ordinem
3225 3768 3638 3832 adduceremus,
3697 3767 3754 3822 in

2161 3855 2358 3910 saeculo
2378 3871 2476 3925 per
2505 3855 2698 3927 viginti
2735 3856 2807 3910 ad
2835 3855 3014 3910 minus
3062 3872 3233 3911 annos
3275 3855 3491 3911 fuerant
3546 3856 3756 3911 delica-

2161 3942 2264 3997 tius
2293 3943 2488 3996 nutrita
2517 3951 2569 3997 et
2598 3943 2716 3997 istis
2745 3943 3154 3998 necessitatibus
3185 3951 3424 4011 assueta,
3452 3943 3567 4012 jam
3597 3958 3755 3999 com-

2164 4030 2399 4084 muniter
2425 4045 2535 4084 non
2565 4029 2777 4085 valeant
2796 4045 2863 4086 ea
2888 4030 3034 4086 ferre
3089 4047 3208 4102 qua:
3237 4030 3582 4102 antiquorum
3609 4031 3752 4086 Car-

2164 4115 2538 4172 thusianorum
2589 4133 2822 4188 corpora
2870 4117 3017 4173 ferre
3067 4117 3224 4174 facile
3259 4117 3534 4185 valebant,
3593 4125 3758 4189 prout

2164 4212 2288 4258 sunt
2330 4204 2667 4259 abstinentia:
2713 4205 2820 4261 ille
2845 4205 2902 4259 in
2943 4221 3083 4276 pane
3129 4213 3184 4261 et
3231 4221 3392 4277 aqua,
3438 4205 3506 4261 de
3558 4206 3756 4276 quibus

2166 4292 2278 4346 suis
2303 4291 2441 4347 locis
2461 4292 2725 4347 dicemus.
2758 4293 2868 4346 Has
2903 4294 3106 4348 nedum
3154 4293 3462 4364 permittere
3501 4309 3646 4348 nunc
3665 4293 3755 4348 vix

2165 4379 2446 4445 audemus,
2481 4380 2576 4434 sed
2591 4380 2917 4451 quibusdam
2952 4381 3112 4435 etiam
3167 4381 3477 4452 petentibus
3525 4396 3756 4453 negare,

2166 4465 2274 4520 imo
2303 4467 2595 4536 prohibere
2625 4468 2891 4540 cegimur,
2921 4467 3060 4524 adeo
3091 4468 3427 4538 experientia
3456 4467 3633 4523 edocti
3655 4483 3755 4522 su-

2165 4569 2286 4608 mus
2303 4554 2431 4625 quid
2461 4554 2578 4610 ista:
2623 4555 2962 4610 abstinentia
2992 4553 3268 4611 efﬁcerent
3292 4555 3377 4610 his
3417 4555 3758 4626 temporibus

2167 4640 2222 4693 in
2251 4641 2634 4712 plerorumque
2652 4642 3018 4697 solitariorum
3040 4643 3379 4714 corporibus,
3405 4643 3517 4697 siin
3546 4658 3686 4713 pane
3704 4651 3760 4698 et

2167 4743 2308 4799 aqua
2329 4737 2692 4784 servarentur.
2753 4729 2909 4797 Quod
2942 4747 3106 4800 supra
3159 4730 3392 4785 diximus
3423 4730 3676 4800 probatur
3701 4730 3759 4785 in

2168 4815 2402 4883 rusticis,
2421 4832 2650 4886 quorum
2679 4817 2836 4886 pueri
2855 4818 2911 4871 in
2956 4833 3093 4888 pane
3123 4825 3174 4871 et
3203 4833 3340 4889 aqua
3363 4825 3414 4872 et
3442 4833 3605 4873 caseo
3626 4834 3760 4872 enu-

2169 4903 2276 4957 triti
2306 4902 2468 4974 longe
2505 4903 2837 4958 robustiores
2865 4912 2988 4958 sunt
3034 4920 3192 4976 quam
3229 4905 3576 4960 honestorum
3608 4905 3758 4959 urbi-

2168 5004 2355 5044 corum
2385 4988 2498 5054 ﬁlii,
2532 4998 2584 5044 et
2604 4989 2763 5060 plura
2790 4991 2967 5046 ferunt
3008 4999 3062 5045 et
3107 4991 3304 5046 faciunt
3327 5007 3488 5062 quam
3518 4992 3626 5046 isti.
3649 4992 3759 5046 Cur

2167 5084 2346 5131 autem
2374 5078 2624 5132 monachi
2675 5078 3020 5133 Carthusiani
3059 5078 3325 5146 juniores,
3382 5080 3452 5133 ad
3508 5079 3758 5134 eumdem

2168 5164 2384 5218 vivendi
2405 5165 2644 5232 modum,
2670 5166 2761 5236 qui
2785 5166 2996 5221 rusticis
3017 5166 3322 5221 ordinarius
3351 5176 3452 5233 est,
3505 5183 3605 5237 per
3647 5166 3758 5220 dis-

2169 5251 2508 5305 suetudinem
2540 5252 2754 5307 vivendi
2785 5261 2944 5324 prout
2974 5253 3029 5307 in
3067 5253 3268 5309 saeculo
3289 5253 3557 5319 vivebant,
3586 5255 3758 5330 devej-

476 5332 547 5385 ad
578 5336 996 5405 propaganda-1n.
1021 5336 1258 5398 humani
1296 5337 1518 5405 generis
1545 5338 1783 5392 sobolem
1813 5338 2070 5393 robustus
2100 5345 2150 5402 D
2171 5339 2289 5393 nire
2346 5340 2673 5409 nequeunt?
2702 5341 2785 5394 Ad
2838 5341 2944 5396 hoc
3001 5340 3398 5411 respondemus
3440 5341 3680 5396 medium
3708 5348 3762 5396 et

475 5419 818 5488 fuit;salute
838 5438 1132 5492 corporum
1169 5422 1382 5487 viridis,
1416 5424 1710 5492 opulentia
1739 5441 1929 5479 rerum
1938 5428 2068 5495 pin-

472 5511 616 5578 guis.
643 5513 877 5565 Atnune
894 5510 1017 5580 ipsa
1033 5526 1135 5564 sua
1147 5513 1437 5565 senectute
1461 5511 1822 5580 deprimitur,
1843 5514 2070 5584 etquasi

473 5598 803 5656 advicinnm
821 5601 1074 5665 mortem,
1095 5597 1368 5651 molestiis
1397 5597 1872 5655 crebrescentibus
1901 5616 2067 5672 urge-

2168 5425 2390 5479 modum
2436 5426 2688 5481 constitui
2741 5428 2940 5483 debere
2969 5428 3023 5482 in
3046 5429 3230 5494 rebus,
3275 5428 3414 5484 ultra
3453 5429 3598 5501 quod
3627 5444 3761 5500 pro-

2169 5513 2326 5582 gredi
2374 5513 2625 5568 vitiosum
2670 5523 2773 5570 est.

2238 5602 2474 5656 Juvenes
2503 5601 2572 5655 ad
2600 5615 2702 5656 nos
2767 5619 2833 5658 ex
2864 5603 3064 5658 saeculo
3101 5603 3381 5659 venientes
3423 5603 3476 5658 in
3507 5619 3764 5675 magnam
