3940 6432
73 353 163 407 717

1397 351 1813 408 CONSUETUD
1820 351 1979 406 INES
1992 390 2005 404 .

3273 345 3378 402 ’718

133 477 184 530 2.
217 471 509 544 Primaque
537 473 644 539 die,
696 489 765 528 ne
795 473 924 546 quid
955 473 1172 529 adversi
1204 489 1270 529 ex
1295 474 1610 530 minutionis
1639 472 1928 529 occasione
1960 471 2262 544 contingat,
2296 472 2368 526 ad
2398 469 2729 542 colloquium
2758 470 2950 528 refecti
2979 467 3370 536 convenimus;

77 578 187 642 post
215 569 506 641 prandium
536 570 699 626 etiam
729 570 914 626 vinum
945 571 1165 626 bibendi
1193 571 1472 626 licentiam
1501 572 1792 635 habemus,
1825 584 1934 624 non
1966 576 2148 624 tamen
2175 568 2229 622 in
2258 567 2480 622 alterius
2510 567 2669 622 cella.

141 670 190 720 3.
221 665 372 720 Nihil
403 666 545 721 enim
577 682 815 737 unquam
845 667 1224 722 alimentorum
1257 668 1312 722 in
1361 668 1542 722 aliena
1572 667 1775 723 licitum
1806 667 2074 721 habemus
2120 681 2337 720 sumere
2384 664 2546 719 cella.

144 763 193 816 4.
247 763 350 818 Per
394 763 496 818 hos
527 770 640 818 tres
685 763 805 818 dies
836 779 995 819 mane
1026 764 1268 818 redimus
1316 764 1384 819 ad
1414 765 1586 819 lectos
1611 805 1626 834 ,
1660 765 1966 821 necessaria
1997 763 2227 820 dicimus
2265 761 2585 833 coquinario
2605 805 2617 829 ,
2650 778 2680 816 a
2709 777 2814 834 quo
2841 762 3054 818 duobus
3097 760 3374 831 prioribus

82 859 266 916 diebus
294 859 458 915 etiam
489 858 585 914 tria
614 858 682 913 ad
709 859 1036 915 coenandum
1065 875 1170 917 ova
1226 859 1577 931 suscipimus.

1355 1025 1884 1081 CAPITULUM
1939 1025 2089 1081 XL.

1473 1140 1548 1195 De
1586 1141 1962 1196 ornamentis.

153 1271 201 1322 1.
236 1266 574 1323 Ornamenta
598 1279 764 1322 aurea
791 1265 879 1322 vel
908 1272 1192 1337 argentea,
1224 1269 1427 1336 praeter
1456 1262 1682 1318 calicem
1711 1271 1766 1318 et
1795 1263 2088 1333 calamum,
2125 1278 2231 1335 quo
2263 1264 2488 1337 sanguis
2519 1263 2734 1319 Domini
2785 1261 3031 1329 sumitur,
3061 1261 3115 1317 in
3146 1261 3376 1320 ecclesia

85 1377 187 1417 non
234 1362 516 1432 habemus,
547 1362 708 1434 pallia
735 1362 1040 1433 tapetiaque
1076 1359 1420 1431 reliquimus.

1463 1509 2035 1568 COMMENTARIUS.

87 1637 213 1693 satis
243 1636 487 1692 incidunt
510 1633 861 1690 mutationem
889 1649 988 1705 per
1013 1633 1232 1689 labores
1254 1675 1266 1699 ,
1308 1648 1410 1703 per
1437 1631 1672 1704 vigilias,
1697 1633 1751 1691 A
1780 1633 2011 1704 explicat
2056 1633 2304 1689 licentias
2333 1641 2388 1690 et
2435 1635 2835 1707 recreationes,
2877 1653 2997 1709 quae
3026 1644 3153 1694 tunc
3182 1638 3375 1694 diebus

86 1741 185 1796 per
198 1724 421 1794 jejunia,
455 1724 652 1795 quibus
682 1722 862 1777 statim
887 1721 944 1776 in
972 1721 1161 1776 ordine
1193 1720 1548 1785 addicuntur,
1583 1735 1682 1789 per

87 1812 304 1868 vivendi
349 1812 603 1877 modum,
653 1827 754 1882 per
799 1809 965 1863 animi
1019 1808 1469 1879 applicationem,
1529 1807 1682 1876 cujus

88 1900 240 1955 labor
267 1915 441 1970 Opera
469 1898 770 1968 corporalia
797 1897 960 1968 longe
989 1904 1234 1966 superat,
1284 1895 1478 1966 quibus
1509 1894 1684 1949 omni-

89 1989 210 2056 bus,
235 1987 281 2042 si
300 1987 404 2058 ipsi
426 1985 758 2041 robustiores
778 1985 968 2040 rustici
989 1984 1414 2054 applicarentur,
1439 1981 1685 2038 nonnulli

89 2077 269 2130 statim
311 2073 625 2130 deficerent.
673 2072 790 2142 Qua
837 2073 906 2128 de
953 2087 1121 2127 causa
1167 2072 1497 2126 discretione
1547 2085 1685 2140 opus

89 2180 209 2219 esse
234 2163 588 2235 perspicuum
619 2169 719 2227 est,
754 2178 822 2216 ne
853 2176 885 2216 a
907 2161 1059 2230 justo
1089 2159 1270 2215 medio
1301 2158 1590 2228 tolerabili,
1634 2166 1688 2213 et

88 2252 293 2323 absque
339 2249 638 2305 mutatione
680 2256 775 2304 aut
814 2247 1174 2315 relaxatione,
1227 2246 1487 2318 portabili.
1524 2253 1686 2317 atque

89 2339 352 2405 durabili,
385 2338 690 2392 aberretur.

159 2427 372 2483 Omnes
418 2425 534 2481 fere
562 2425 629 2479 ad
672 2424 921 2480 ordinem
951 2423 1198 2479 venimus
1227 2421 1283 2477 in
1321 2422 1688 2479 adolescentia

92 2516 238 2571 circa
267 2513 590 2570 vicesimum
611 2528 834 2578 annum,
872 2512 1002 2566 dum
1031 2519 1166 2566 aetas
1186 2511 1334 2582 viget
1363 2519 1413 2565 et
1434 2510 1689 2566 alimento

92 2601 442 2660 convenienti
455 2601 681 2673 indiget,
706 2600 852 2671 quod
873 2600 997 2654 ideo
1025 2599 1216 2654 saltem
1249 2615 1315 2654 ex
1336 2599 1515 2670 aliqua
1536 2605 1690 2668 parte

93 2692 265 2762 possit
298 2706 428 2747 cum
454 2689 690 2744 naturali
722 2704 822 2742 usu
850 2687 905 2742 in
925 2687 1123 2743 saeculo
1154 2695 1435 2757 assumpto
1463 2701 1692 2741 concor-

94 2779 250 2845 dare,
302 2777 560 2848 quodque
606 2776 653 2830 si
679 2776 915 2831 discrete
945 2790 1055 2830 non
1081 2775 1480 2829 ministraretur
1503 2774 1558 2828 in
1585 2789 1692 2828 no-

94 2875 206 2922 stro
235 2874 387 2921 statu
407 2863 651 2920 solitario
665 2906 678 2931 ,
701 2863 942 2918 maxima
964 2878 1094 2933 pars
1113 2870 1420 2918 nostrorum
1435 2862 1694 2931 juvenum

1780 1721 2140 1776 minutionum
2167 1723 2450 1777 dabantur.

1854 1809 1990 1864 Ibid.
2023 1811 2143 1864 Non
2169 1811 2445 1864 tamenin
2467 1812 2710 1866 alterius
2729 1813 2894 1867 cella.
2928 1813 3065 1868 Hinc
3095 1813 3378 1868 evidenter

1781 1904 2010 1966 apparet
2039 1898 2192 1967 quod
2245 1897 2460 1952 licentia
2492 1898 2652 1952 etiam
2683 1899 2904 1953 daretur
2931 1915 2963 1954 a
2993 1901 3176 1970 priore
3208 1917 3266 1956 se
3297 1901 3380 1954 in-

1783 1985 1958 2040 vicem
1988 1983 2242 2039 visitandi
2271 1985 2324 2038 in
2345 1985 2506 2052 cella,
2530 1986 2628 2041 sed
2649 2003 2925 2058 nunquam
2956 1987 3029 2041 ibi
3059 1989 3380 2044 comedendi

1784 2080 1873 2126 aut
1901 2072 2144 2138 bibendi,
2177 2081 2341 2142 prout
2371 2074 2532 2128 etiam
2563 2091 2706 2129 nunc
2736 2075 2921 2130 stricte
2951 2084 3232 2142 servatur;
3257 2093 3380 2130 nam

1785 2160 1989 2217 frustra
2026 2161 2359 2215 mentionem
2407 2160 2615 2217 faceret
2662 2163 2731 2217 R.
2788 2163 2848 2218 P.
2901 2163 3081 2235 Guigo
3130 2164 3200 2218 de
3256 2165 3382 2220 vino

1785 2265 2062 2320 nunquam
2093 2247 2149 2301 in
2171 2247 2396 2303 alterius
2417 2249 2557 2305 cella
2587 2249 2841 2316 bibendo,
2869 2251 2914 2304 si
2945 2250 3164 2306 alterius
3189 2251 3380 2307 cellam

1787 2336 2002 2408 ingredi
2033 2352 2154 2391 cum
2186 2335 2403 2390 licentia
2432 2352 2542 2391 non
2569 2337 2831 2392 licuisset.

1861 2426 2027 2479 Porro
2055 2431 2224 2478 totum
2255 2425 2358 2480 hoc
2390 2425 2681 2494 capitulum
2711 2425 2942 2480 relatum
2982 2427 3150 2482 habes
3192 2428 3247 2482 in
3277 2445 3380 2485 an-

1788 2512 1950 2583 tiquis
1981 2510 2192 2565 statutis
2240 2519 2388 2580 parte
2421 2527 2532 2566 sec.
2557 2553 2570 2582 ,
2599 2527 2720 2582 cap.
2757 2517 2850 2580 l5,
2885 2530 2977 2568 nn.
3013 2519 3071 2580 3,
3106 2519 3136 2570 6
3167 2524 3220 2571 et
3249 2519 3284 2571 ’7
3313 2559 3326 2572 .

1861 2600 1992 2654 CAP.
2026 2599 2142 2652 XL.
2172 2628 2242 2638 —
2270 2599 2430 2653 Num.
2480 2603 2530 2652 1.
2579 2602 2796 2655 Praeter
2841 2603 3077 2656 calicem
3125 2608 3182 2658 et
3231 2607 3386 2662 cala-

1790 2704 1967 2755 mum,
2002 2696 2107 2743 etc.
2158 2690 2237 2743 De
2267 2687 2370 2741 isto
2399 2686 2630 2753 calamo,
2665 2703 2772 2758 quo
2802 2689 3026 2760 sanguis
3056 2691 3256 2745 Christi
3287 2710 3384 2748 su-

1793 2777 2075 2836 mebatur.
2124 2776 2270 2830 nulla
2316 2774 2374 2828 fit
2403 2775 2605 2829 mentio
2656 2775 2711 2830 in
2759 2774 2995 2848 antiquis
3026 2780 3254 2846 statutis,
3289 2782 3387 2836 sed

1795 2871 1999 2918 tantum
2047 2865 2114 2918 de
2161 2863 2331 2918 calice
2365 2877 2378 2916 :
2409 2864 2553 2917 unde
2602 2863 2875 2934 colligitur
2918 2865 3096 2921 adhuc
3141 2875 3389 2939 tempore

91 2955 352 3009 inhabilis
382 2959 527 3008 esset
554 2951 622 3006 ad
651 2951 837 3022 plures
865 2951 1242 3006 observantias
1288 2949 1568 3022 regulares
1597 2965 1768 3037 ειη-Β
1798 2951 1860 3007 R.
1913 2954 1977 3005 P.
2035 2951 2304 3022 Guigonis
2350 2950 2593 3021 viguisse
2641 2952 3087 3007 consuetudinem
3133 2969 3391 3010 nonnun-

93 3051 324 3114 tequam
353 3040 696 3112 trigesimum
742 3055 944 3095 annum
991 3038 1302 3110 attingeret.
1349 3037 1489 3106 Quid
1517 3046 1697 3091 autem
1797 3055 1962 3111 quam
2009 3038 2445 3095 communicandi
2477 3039 2576 3093 sub
2607 3047 2836 3110 utraque
2868 3041 3081 3111 specie,
3133 3044 3277 3114 quod
3307 3052 3392 3098 ta-

95 3131 222 3186 inde
250 3129 521 3193 eveniret,
555 3136 608 3182 et
637 3143 744 3199 quo
773 3125 1056 3183 deveniret
1080 3133 1262 3181 nostra
1309 3125 1652 3181 observantia
1671 3124 1699 3178 ?

97 3233 260 3274 nemo
289 3232 405 3272 non
435 3215 600 3271 videt.

168 3305 281 3362 Sed
328 3303 568 3358 maxime
614 3302 687 3357 ad
734 3301 1076 3372 prudentiam
1121 3300 1347 3370 regimis
1403 3299 1699 3355 solitariam

97 3395 260 3450 vitam
305 3391 679 3464 profitentium
720 3389 775 3444 in
805 3405 1036 3462 genere,
1086 3396 1141 3442 et
1184 3388 1472 3443 discretam
1502 3387 1702 3458 agendi

99 3481 338 3536 formam
386 3478 726 3549 singulorum
773 3477 830 3531 in
859 3476 1041 3546 specie
1072 3477 1330 3545 pertinet,
1383 3483 1441 3530 ut
1481 3491 1569 3530 res
1597 3491 1702 3530 no-

101 3577 230 3624 stra:
261 3567 642 3624 Carthusianae
671 3565 726 3619 in
749 3580 814 3620 eo
844 3579 1060 3634 semper
1081 3564 1262 3618 medio
1291 3563 1700 3627 constituantur,

100 3656 169 3711 ad
221 3655 378 3727 quod
425 3653 604 3708 minus
649 3651 856 3708 robusti
899 3651 1112 3722 possint
1139 3651 1448 3722 pertingere
1478 3650 1615 3705 sicut
1651 3657 1706 3704 et

101 3743 451 3799 robustiores
472 3783 486 3808 ,
517 3748 576 3795 ut
603 3756 676 3796 ex
704 3739 848 3794 infra
875 3738 1121 3795 dicendis
1151 3753 1270 3809 cap.
1305 3739 1374 3793 54
1403 3737 1706 3793 evidentius

100 3832 350 3902 patebit,
405 3837 460 3885 et
496 3829 576 3885 sic
612 3829 670 3883 in
700 3827 951 3884 eamdem
982 3841 1292 3882 mensuram
1331 3825 1706 3882 conveniendo

103 3935 300 3974 omnes
346 3917 562 3989 possint
590 3917 705 3972 Deo
735 3915 989 3972 alacriter
1017 3915 1247 3980 servire,
1287 3914 1344 3968 in
1388 3914 1529 3969 bona
1552 3913 1707 3968 vale-

102 4006 295 4062 tudine
342 4019 730 4077 perseverare,
781 4003 836 4058 in
874 4003 1068 4058 eadem
1116 4018 1334 4072 semper
1362 4002 1710 4057 observantia

105 4109 474 4166 permanere,
541 4091 994 4164 frequentioribus
1049 4089 1546 4162 dispensationibus
1601 4104 1710 4144 non

108 4183 363 4256 indigere
382 4223 398 4248 ,
445 4180 516 4236 ad
545 4179 738 4235 solatia
765 4195 888 4251 quae
915 4178 972 4233 in
1001 4179 1193 4234 ordine
1221 4186 1410 4233 nostro
1441 4177 1712 4248 prohibita

108 4279 235 4324 sunt
281 4271 366 4341 (ut
409 4275 492 4323 est
538 4267 684 4323 exire
713 4283 744 4323 e
773 4266 1128 4336 monasterio)
1174 4281 1285 4321 non
1329 4265 1609 4336 aspirare,
1658 4271 1712 4319 et

106 4358 322 4430 absque
371 4355 744 4427 singularitate
783 4354 1069 4410 unanimes
1115 4353 1172 4408 in
1201 4353 1362 4408 domo
1391 4352 1492 4408 Dei
1522 4352 1712 4407 ambu-

106 4448 240 4502 lare.

179 4535 292 4589 Iste
321 4547 545 4603 semper
572 4530 669 4586 fuit
696 4545 896 4601 scopus
941 4528 1150 4585 ordinis
1197 4528 1253 4583 in
1299 4528 1465 4584 rebus
1511 4527 1714 4583 nostris

108 4621 477 4693 disponendis
491 4620 582 4691 qui
602 4635 801 4690 scopus
821 4634 854 4673 a
872 4619 937 4674 Β.
953 4619 1012 4672 Ρ.
1028 4616 1277 4688 Guigone
1294 4616 1389 4672 fuit
1395 4616 1716 4685 jamdudum

108 4710 273 4765 nobis
335 4707 677 4780 assignatus,
729 4722 764 4761 a
815 4705 1067 4776 capitulis
1104 4704 1456 4776 generalibus
1503 4719 1718 4774 semper

107 4798 382 4867 deinceps
413 4795 669 4860 intentus,
698 4793 754 4848 in
779 4793 994 4848 statutis
1024 4808 1345 4862 expressus,
1389 4807 1452 4847 ac
1481 4791 1718 4862 denique

109 4901 144 4941 a
172 4883 424 4956 posteris
451 4882 654 4937 nostris
684 4897 900 4952 semper
927 4880 1238 4946 intuendus,
1269 4888 1326 4934 ut
1347 4879 1590 4952 vestigiis
1619 4881 1718 4933 Pa-

109 4983 257 5028 trum
306 4981 422 5028 tam
467 4977 710 5025 veterum
755 4985 915 5040 quam
971 4968 1336 5024 recentiorum
1385 4969 1440 5022 in
1470 4967 1720 5022 omnibus

111 5061 474 5124 inhaerentes,
499 5073 570 5113 ne
590 5057 722 5130 quid
737 5057 911 5112 nimis
931 5059 1033 5112 aut
1052 5056 1264 5121 minus,
1284 5055 1533 5110 ordinem
1553 5055 1607 5108 in
1626 5071 1722 5109 sua

115 5147 440 5220 integritate
487 5153 830 5200 conservent.

187 5234 442 5290 Tertiam
471 5232 691 5287 tandem
715 5232 976 5287 rationem
1007 5230 1369 5286 enervationis
1389 5229 1582 5284 virium
1604 5245 1726 5284 cor-

118 5323 400 5396 poralium
466 5338 533 5375 ex
597 5320 790 5388 majori
835 5319 1181 5392 ingeniorum
1237 5317 1523 5373 vivacitate
1579 5317 1728 5387 ipsas

1795 3144 1922 3182 men
1951 3128 2052 3182 soli
2081 3127 2312 3183 diacono
2344 3142 2666 3182 concessum
2688 3126 2855 3182 fuisse
2887 3129 3180 3185 credimus.
3216 3130 3393 3199 Quam

1798 3215 2250 3270 consuetudinem
2298 3214 2441 3285 apud
2483 3230 2584 3269 nos
2627 3215 2738 3283 jam
2786 3215 3070 3271 extinctam
3104 3217 3270 3274 fuisse
3301 3236 3395 3274 ar-

1799 3303 2065 3358 bitramur
2096 3303 2431 3373 temporibus
2461 3304 2525 3356 R.
2560 3303 2733 3357 Patris
2764 3302 2970 3358 Rifi‘erii
2992 3346 3006 3372 ,
3058 3306 3148 3376 qui
3179 3315 3394 3362 centum

1801 3398 1854 3445 et
1912 3391 2102 3463 viginti
2151 3390 2367 3446 circiter
2416 3390 2574 3444 annis
2625 3398 2748 3460 post
2797 3392 3230 3448 Consuetudines
3258 3411 3288 3448 a
3328 3396 3394 3450 R.

1801 3479 1866 3534 Ρ.
1907 3478 2160 3550 Guigone
2191 3478 2423 3548 scriptas
2448 3520 2460 3542 ,
2521 3485 2719 3532 statuta
2764 3478 2859 3532 illa
2900 3479 3064 3533 edidit
3104 3497 3225 3552 quae
3254 3484 3397 3536 anti-

1803 3582 1912 3638 qua
1940 3581 2199 3621 vocamus
2225 3608 2238 3631 ,
2290 3566 2415 3636 quia
2462 3565 2531 3621 de
2574 3565 2666 3620 illo
2697 3566 2906 3622 calamo
2934 3567 3134 3622 nullam
3162 3569 3398 3642 amplius

1802 3653 2134 3709 mentionem
2164 3652 2308 3708 facit.

1876 3741 1973 3796 Hic
2002 3748 2227 3811 apparet
2256 3740 2574 3811 simplicitas
2603 3756 2765 3812 quam
2795 3741 2954 3796 etiam
2986 3741 3040 3797 in
3079 3743 3400 3813 supellectili

1806 3829 2172 3885 ecclesiastica
2203 3845 2426 3883 servare
2460 3829 2712 3884 volebant
2741 3829 2902 3899 primi
2934 3831 3141 3886 Patres.
3177 3833 3283 3888 Sed
3313 3849 3407 3889 no-

1807 3918 2030 3972 tandum
2059 3923 2143 3971 est
2173 3916 2318 3987 quod
2349 3916 2457 3970 illis
2489 3917 2846 3987 temporibus,
2898 3918 3116 3989 quando
3162 3921 3404 3976 nondum

1807 4005 2036 4060 detecta
2057 4011 2210 4059 erant
2239 4019 2272 4058 a
2302 4004 2504 4058 nostris
2525 4004 2692 4058 Indim
2723 4004 3031 4061 Orientales
3063 4014 3114 4061 et
3144 4007 3408 4065 Occiden.

1810 4093 1972 4161 tales,
2005 4108 2196 4146 aurum
2225 4100 2278 4145 et
2323 4099 2610 4163 argentum
2637 4100 2798 4163 atque
2829 4094 2990 4148 etiam
3020 4095 3404 4167 bombycinum

1811 4181 1925 4235 sive
1966 4179 2199 4234 sericum
2221 4223 2233 4244 ,
2269 4179 2428 4234 valde
2460 4195 2583 4234 rara
2614 4187 2768 4234 erant
2796 4181 2851 4234 in
2882 4181 2999 4236 istis
3027 4183 3300 4252 partibus,
3332 4186 3410 4242 ita

1811 4275 1868 4322 ut
1897 4284 1928 4321 a
1975 4266 2107 4322 solis
2137 4266 2361 4338 regibus
2391 4273 2445 4320 et
2482 4266 2817 4336 principibus
2857 4269 3175 4324 vestimenta
3208 4272 3404 4340 serica,

1813 4356 1900 4412 vel
1929 4369 2063 4408 auro
2093 4353 2396 4418 intertexta,
2419 4362 2810 4424 usurparentur
2834 4374 2847 4419 ;
2880 4356 3025 4410 unde
3057 4373 3143 4411 res
3173 4359 3306 4413 satis
3335 4360 3411 4414 in-

1815 4442 1970 4498 solita
1999 4440 2209 4508 fuisset,
2244 4441 2289 4493 si
2320 4456 2354 4495 a
2380 4441 2572 4510 primis
2601 4439 2854 4496 Patribus
2882 4441 2936 4495 id
2966 4458 3140 4512 genus
3174 4447 3408 4502 vestium

1816 4530 2117 4587 sericarum
2184 4528 2486 4583 admissum
2533 4528 2759 4598 fuisset,
2811 4545 3039 4600 quorum
3098 4532 3300 4589 divitiae
3352 4536 3406 4590 in

1814 4625 2133 4690 paupertate
2181 4623 2234 4671 et
2277 4616 2618 4687 simplicitate
2653 4615 2929 4684 jacebant.
2981 4619 3083 4673 Per
3127 4621 3315 4677 Pallia
3353 4628 3424 4679 et,

1820 4707 2039 4779 tapetia
2066 4703 2295 4759 forsitan
2338 4704 2588 4776 intelligit
2616 4704 2697 4760 vir
2722 4711 2938 4759 sanctus
2968 4706 3137 4761 aulaea
3163 4750 3175 4772 ,
3228 4717 3280 4764 et
3327 4710 3411 4765 his

1818 4794 2050 4858 similia,
2101 4793 2299 4864 quibus
2346 4792 2536 4846 nullibi
2582 4791 2637 4846 in
2683 4792 2932 4847 domibus
2961 4795 3161 4849 nostris
3189 4796 3408 4863 utimur,

1821 4881 2070 4954 quamvis
2098 4881 2151 4935 in
2183 4881 2534 4951 quibusdam,
2568 4879 2903 4935 solemnibus
2933 4889 3112 4937 tamen
3155 4883 3414 4940 duntaxat

1820 4971 2034 5035 diebus,
2068 4977 2243 5038 tapete
2272 4968 2546 5038 Operiatur
2578 4969 2806 5039 gradus,
2841 4969 2954 5024 sive
2986 4971 3314 5039 pedistitium
3346 4973 3418 5027 al-

1823 5057 1970 5111 taris.
2004 5058 2112 5112 Cur
2159 5064 2340 5111 autem
2391 5055 2724 5110 candelabra
2750 5099 2762 5121 ,
2797 5056 3080 5127 lampades
3125 5068 3178 5114 et
3224 5061 3417 5115 similis

1825 5144 2067 5214 supellex
2098 5151 2360 5214 argentea
2393 5143 2446 5196 in
2464 5143 2734 5214 plerisque
2763 5143 3014 5199 domibus
3036 5147 3244 5201 ordinis
3275 5165 3420 5204 nunc

1825 5231 2135 5285 habeatur?
2165 5231 2224 5284 Id
2252 5231 2429 5299 primo
2459 5231 2795 5300 processisse
2837 5249 2865 5285 a
2907 5232 3286 5289 fundatoribus
3316 5237 3420 5292 do-

1828 5334 2039 5374 morum
2069 5318 2402 5372 credendum
2431 5325 2512 5372 est
2535 5359 2549 5387 ,
2601 5318 2692 5389 qui
2723 5320 2848 5373 talia
2879 5321 3142 5375 dederunt
3179 5323 3231 5377 in
3264 5341 3422 5380 usum

118 5412 269 5466 vires
310 5409 567 5479 corporis
606 5407 960 5462 exhauriente
1015 5405 1318 5477 procedere
1371 5405 1554 5460 credo.
1603 5406 1730 5460 Haec

119 5506 308 5555 autem
339 5496 510 5569 paulo
551 5494 722 5548 fusius
750 5493 1086 5560 notavimus,
1133 5501 1190 5548 ut
1235 5492 1547 5547 indiscretis
1590 5507 1731 5563 quo-
1831 5490 2031 5548 vicinio
2063 5506 2376 5560 magnarum
2409 5492 2621 5545 urbium
2653 5501 2976 5549 constructae
3007 5503 3164 5565 sunt,
3194 5497 3263 5552 ad
3289 5514 3428 5568 quas

121 5588 359 5645 mndam
389 5582 730 5656 argumentis
758 5597 1128 5638 occurramus.
1834 5578 2080 5650 plerique
2108 5577 2396 5632 saeculares
2426 5579 2714 5634 veniebant
2742 5596 2809 5634 ex
2837 5581 3126 5638 devotione
3154 5593 3212 5638 ut
3255 5586 3430 5641 sacris

194 5676 370 5732 Num.
423 5675 481 5730 2.
513 5671 816 5744 Primaque
835 5670 923 5726 die
956 5685 1029 5726 ne
1066 5667 1199 5742 quid
1215 5666 1465 5735 adversi,
1497 5674 1601 5723 etc.
1635 5667 1734 5724 Hic
1753 5660 1806 5723 D
1839 5667 2198 5733 interessent,
2230 5679 2526 5736 congruum
2557 5665 2734 5722 visum
2761 5676 2842 5723 est
2869 5669 2939 5724 ad
2967 5669 3171 5726 cultum
3200 5671 3301 5726 Dei
3329 5671 3434 5728 de-

1829 5405 2130 5470 Ecclesia),
2180 5405 2377 5459 deinde
2424 5405 2548 5476 quia
2596 5405 2782 5475 plures
2831 5408 3076 5463 ecclesiae
3122 5411 3330 5464 ordinis
3370 5412 3425 5466 in
