3940 6416
545 328 647 379 719
1340 386 1361 406 ⁸
1380 330 1720 386 GUlGONlS
1760 331 1780 383 1
1820 329 2123 384 CARTIIUE

2228 367 2229 380 χ
2267 330 2560 385 MAIORIS
2600 331 2877 387 PRIORIS
2919 333 2980 387 V.

613 456 666 507 2.
702 452 1084 506 Feneratorum
1115 461 1165 506 et
1198 455 1782 510 excommunicatorum
1813 469 2042 508 munera
2071 469 2179 508 non
2207 453 2523 524 accipimus.

615 554 664 602 3.
698 550 1001 604 Chartulam
1037 566 1272 622 quoque,
1307 569 1468 624 quam
1497 554 1565 608 de
1599 532 1923 624 quibusdam
1955 551 2152 606 talibus
2183 551 2344 605 rebus
2375 551 2891 622 conscripseramus,
2924 552 3047 609 huic
3075 553 3350 626 scripturae
3407 556 3721 625 injecimus.

1903 691 2297 747 CAPITULUM
2328 692 2474 746 XLI.

1111 798 1176 854 Ut
1209 797 1373 851 nulla
1396 798 1531 850 exta
1557 807 1806 848 eremum
1826 790 2239 862 possideantur,
2267 794 2320 845 et
2350 790 2414 844 de
2447 791 2741 860 sepultura
2770 793 3220 863 peregrinorum.

3741 338 3843 391 720

615 913 663 962 1.
698 909 1017 979 Cupiditatis
1048 887 1364 967 occasiones
1396 908 1552 964 nobis
1584 915 1636 961 et
1693 904 1889 959 nostris
1921 903 2174 974 posteris,
2209 910 2468 972 quantum
2499 903 2612 957 Deo
2637 904 2862 972 juvante
2916 921 3226 976 possumus,
3260 909 3652 978 praecidentes,
3688 925 3846 979 prae-

542 1008 710 1061 sentis
739 1009 925 1078 scripti
957 1009 1237 1064 sanctione
1268 1007 1571 1070 statuimus,
1607 1012 1870 1075 quatenus
1898 1001 2002 1056 loci
2036 1001 2190 1069 hujus
2220 999 2566 1064 habitatores,
2602 1008 2752 1055 extra
2784 1017 2895 1056 suae
2925 1000 3186 1056 terminos
3232 1003 3400 1058 eremi
3445 1004 3576 1058 nihil
3610 1004 3845 1060 omnino

541 1105 877 1174 possideant,
910 1107 964 1160 id
1021 1114 1104 1160 est
1159 1122 1268 1160 non
1297 1121 1480 1177 agros,
1516 1119 1625 1157 non
1659 1101 1866 1168 vineas,
1899 1115 2008 1154 non
2037 1099 2243 1165 hortos,
2277 1113 2383 1151 non
2413 1097 2692 1165 ecclesias,
2725 1113 2833 1153 non
2862 1098 3194 1166 caemeteria,
3229 1115 3336 1156 non
3371 1100 3694 1172 oblationes,
3733 1117 3848 1156 non

540 1201 781 1256 decimas
812 1209 863 1255 et
885 1217 1222 1273 quacunque
1252 1199 1578 1269 hujusmodi.

1857 1319 2428 1375 COMMENTARIUS.

541 1446 752 1503 centius
800 1453 851 1500 et
897 1445 1338 1501 honorificentius
1388 1459 1572 1500 coram
1615 1442 1964 1498 szecularibus
2011 1441 2128 1494 istis
2148 1448 2197 1506 Α
2231 1439 2443 1510 possint
2473 1439 2527 1493 in
2558 1439 2693 1494 cella
2726 1440 2872 1509 (nam
2906 1439 2951 1494 si
2982 1457 3122 1495 unus
3151 1441 3218 1496 ad
3265 1442 3320 1497 id
3364 1459 3473 1498 non
3495 1443 3846 1501 consituere-

539 1534 975 1605 exsequendum,
1035 1534 1196 1604 paulo
1244 1532 1549 1603 pretiosiori
1580 1529 1913 1600 supellectile
1961 1529 2132 1583 eccle-

537 1622 755 1678 siastica
774 1663 788 1690 ,
839 1622 999 1676 etiam
1030 1622 1083 1674 in
1113 1621 1360 1676 ecclesiis
1390 1619 1590 1674 nostris
1622 1619 1715 1686 uti,
1749 1617 1978 1671 maxime
2008 1617 2133 1687 quia

540 1711 732 1765 serica:
779 1718 958 1764 vestes
1004 1717 1059 1764 et
1109 1724 1238 1763 vasa
1262 1717 1518 1780 argentea
1561 1707 1640 1761 sic
1684 1705 1989 1760 communia
2020 1709 2132 1772 jam

541 1806 728 1866 erant,
778 1804 835 1850 ut
866 1797 919 1850 in
948 1804 1315 1866 contemptum
1345 1795 1510 1848 divini
1542 1794 1714 1848 cultus
1748 1792 2071 1847 abstinentia
2101 1807 2132 1846 a

539 1885 782 1940 vestibus
814 1883 1006 1939 sericis
1051 1892 1103 1938 et
1133 1882 1453 1954 supellectili
1481 1890 1772 1953 argentea,
1805 1881 1991 1935 venire
2018 1895 2133 1934 me-

542 1973 645 2027 rito
675 1973 972 2026 timeretur.
1017 1972 1074 2025 In
1123 1970 1447 2042 quibusdam
1499 1970 1658 2024 etiam
1688 1969 2004 2038 regionibus
2041 1984 2130 2022 res

540 2076 641 2129 per
670 2059 1112 2114 consuetudinem
1142 2067 1448 2128 temporum
1478 2073 1544 2112 eo
1573 2057 1928 2122 devenerunt,
1953 2064 2009 2109 ut
2031 2073 2130 2110 sa:-

541 2147 754 2202 culares
785 2147 939 2200 valde
971 2145 1492 2210 scandalizarentur,
1547 2144 1650 2198 nisi
1677 2145 1924 2198 viderent
1953 2142 2131 2197 omnia

541 2242 770 2306 argento
815 2241 869 2288 et
918 2249 1049 2288 auro
1098 2232 1311 2304 fulgere
1357 2233 1412 2286 in
1461 2231 1660 2287 nostris
1709 2231 1966 2286 altaribus
1996 2239 2048 2284 et
2077 2229 2131 2283 in

540 2322 860 2392 supellectili
882 2321 1274 2376 ecclesiastica.

609 2410 842 2465 Nimiam
875 2408 1222 2464 nihilominus
1251 2408 1425 2462 inhoc
1449 2408 1917 2478 sumptuositatem
1949 2421 2130 2476 repro-

540 2499 752 2564 bamus,
784 2497 1017 2552 maxime
1049 2498 1178 2550 dum
1210 2504 1407 2567 urgent
1435 2497 1785 2550 necessitates
1807 2509 2126 2565 pauperum,

538 2602 636 2656 pro
685 2585 882 2656 quibus
912 2583 1260 2639 sublevandis
1290 2583 1472 2638 omnia
1519 2583 1620 2637 ista
1663 2583 1888 2637 distrahi
1929 2583 2130 2637 debent

540 2683 592 2728 et
636 2673 691 2726 in
741 2673 892 2728 cibos
941 2673 1156 2726 illorum
1187 2671 1427 2742 erogari.
1463 2671 1569 2726 Sed
1596 2671 1716 2724 illas
1763 2671 1953 2724 domos
1986 2669 2129 2723 mul-

539 2770 651 2816 tum
699 2761 1019 2825 laudamus,
1072 2777 1192 2831 quae
1242 2762 1480 2831 (servata
1537 2768 1713 2814 tamen
1769 2758 1825 2811 in
1879 2757 2129 2812 omnibus

537 2848 797 2919 religiosa
827 2847 1072 2903 decentia
1111 2856 1161 2902 et
1192 2848 1432 2902 locorum
1462 2846 1693 2915 ratione)
1732 2845 2129 2916 simplicitatem

536 2936 810 3007 antiquam
842 2937 1058 2990 student
1089 2951 1326 3005 semper,
1358 2935 1516 2990 etiam
1547 2935 1602 2988 in
1632 2933 1768 2999 istis,
1798 2933 2056 2989 aemulari.

613 3027 783 3079 Porro
829 3025 952 3093 plus
999 3022 1091 3077 vel
1137 3023 1315 3076 minus
1362 3023 1416 3076 in
1461 3024 1561 3077 hac
1593 3021 1819 3076 materia
1846 3021 2125 3087 adhibere,

537 3112 672 3166 nihil
722 3110 928 3166 confert
974 3111 1041 3164 ad
1099 3110 1438 3180 personalem
1489 3110 1888 3164 observantiam
1935 3124 2126 3163 mona-

536 3201 783 3266 chorum,
818 3198 911 3268 qui
940 3198 1072 3251 nihil
1101 3198 1227 3252 inde
1256 3197 1526 3252 commodi
1568 3197 1840 3251 hauriunt.

604 3288 767 3341 Num.
787 3291 840 3342 2.
869 3289 1287 3350 Feneratorum,
1321 3293 1425 3340 etc.
1452 3285 1530 3338 Ibi
1562 3285 1769 3339 videtur
1796 3299 1954 3354 quam
1977 3299 2130 3338 scru-

533 3375 726 3445 pulose
775 3372 905 3428 Boni
952 3374 1140 3429 Patres
1185 3373 1389 3428 nollent
1446 3372 1844 3428 communicare
1892 3369 2128 3441 peccatis

535 3461 750 3516 alienis.

606 3603 738 3657 CAP.
772 3601 912 3654 XLI.
944 3631 1012 3640 ——
1042 3603 1341 3671 Antequam
1391 3601 1461 3654 ad
1509 3598 1922 3669 explicationem
1969 3597 2126 3666 hujus

534 3689 751 3760 capituli
788 3687 1160 3753 deveniamus,
1186 3688 1434 3758 quaedam
1465 3687 1704 3740 notanda
1733 3685 1974 3751 veniunt,
2003 3685 2126 3756 qui-

534 3777 636 3830 bus
667 3776 737 3829 ad
765 3791 984 3829 sensum
1016 3776 1085 3830 ll.
1123 3775 1182 3828 P.
1219 3774 1485 3846 Guigonis
1514 3775 1719 3844 absque
1749 3774 1954 3828 erroris
1983 3773 2126 3843 peri-

534 3863 655 3918 culo
686 3862 1008 3932 capiendum
1040 3862 1212 3916 lector
1241 3862 1579 3930 disponatur,
1629 3869 1681 3915 et
1724 3861 1847 3915 ideo
1880 3877 2001 3932 qua:
2030 3877 2125 3916 su-

535 3949 720 4020 perius
743 3949 1038 4021 attigimus,
1064 3949 1152 4003 hic
1181 3949 1378 4003 iterum
1400 3955 1645 4018 repetere
1668 3964 1774 4003 non
1793 3949 2122 4004 dubitamus.

604 4054 822 4120 Primo,
875 4061 1082 4109 certum
1128 4062 1209 4109 est
1255 4053 1388 4107 nihil
1437 4069 1559 4109 esse
1601 4054 1778 4126 magis
1817 4054 2123 4125 oppositum

2237 1538 2322 1583 tur
2350 1544 2451 1597 pro
2482 1527 2763 1592 omnibus,
2798 1528 2997 1599 singuli
3027 1529 3130 1583 sibi
3161 1531 3446 1600 providere
3476 1543 3838 1604 cogerentur,

2233 1624 2287 1670 et
2318 1615 2394 1670 sic
2423 1631 2613 1670 omnes
2643 1631 2672 1668 a
2700 1615 2910 1670 cellulae
2942 1616 3120 1686 quiete
3149 1622 3485 1689 arcerentur)
3513 1638 3528 1685 ;
3563 1622 3687 1692 qui,
3745 1622 3841 1675 in-

2234 1718 2424 1773 quam,
2481 1703 2550 1757 ad
2599 1703 2906 1770 hujusmodi
2954 1703 3187 1759 ofﬁcium
3237 1707 3558 1777 assumitur,
3606 1709 3653 1762 si
3683 1709 3840 1764 laxet

2230 1792 2468 1845 habenas
2493 1791 2768 1860 cupiditati
2800 1791 3054 1860 habendi,
3087 1794 3403 1864 acquirendi
3425 1803 3478 1849 et
3507 1796 3838 1866 possidendi

2233 1877 2455 1949 quiquid
2485 1887 2658 1948 potest
2689 1886 2741 1932 et
2771 1879 2985 1933 obvium
3020 1880 3195 1945 venit,
3247 1897 3473 1936 necesse
3503 1891 3584 1938 est
3613 1891 3670 1938 ut
3709 1893 3837 1938 sta-

2232 1966 2326 2020 tim
2357 1983 2480 2021 sese
2508 1966 2791 2036 immergat
2819 1966 2874 2020 in
2904 1967 3286 2038 dissipationes
3308 2012 3320 2035 ,
3353 1970 3660 2040 discursus,
3697 1987 3839 2028 eva-

2232 2053 2476 2126 gationes
2523 2062 2576 2108 et
2624 2054 2818 2108 similia
2867 2071 2988 2126 qua:
3017 2072 3170 2127 atque
3200 2058 3471 2112 contraria
3506 2067 3630 2113 sunt
3656 2060 3836 2131 spiri-

2231 2142 2304 2196 tui
2336 2158 2448 2196 suae
2495 2142 2852 2212 professionis
2872 2183 2886 2211 ,
2917 2158 2982 2198 ac
3011 2144 3322 2214 strepitibus
3369 2145 3680 2202 forensibus
3733 2156 3834 2203 aut

2232 2230 2554 2283 militaribus
2605 2230 2876 2284 exercitiis
2922 2231 3036 2301 ipsa
3083 2231 3294 2288 cellulae
3339 2234 3604 2290 custodia.
3667 2236 3834 2291 Unde

2231 2317 2455 2372 evidens
2502 2325 2584 2372 est
2627 2317 2774 2370 illum
2806 2317 2997 2388 spiritu
3045 2319 3403 2376 Carthusiano
3444 2337 3568 2376 esse
3597 2321 3832 2378 destitu-

2231 2414 2362 2471 tum,
2413 2420 2477 2460 ac
2519 2405 2748 2475 proinde
2779 2421 2998 2460 cessare
3027 2422 3149 2461 esse
3180 2407 3610 2471 Carthusianum.
3644 2411 3832 2466 statim

2231 2502 2394 2563 atque
2444 2493 2499 2546 in
2546 2493 2705 2547 istam
2736 2493 3083 2563 cupiditatem
3111 2494 3340 2565 decidit,
3393 2511 3556 2567 quam
3584 2498 3831 2554 radicem

2230 2581 2472 2635 omnium
2523 2580 2794 2634 malorum
2846 2581 3038 2636 merito
3069 2590 3226 2637 vocat
3250 2584 3570 2654 Apostolus,
3621 2594 3673 2641 et
3703 2594 3834 2657 post

2229 2668 2379 2722 illum
2426 2668 2490 2723 R.
2543 2669 2600 2722 Ρ.
2649 2667 2846 2739 Guigo.
2897 2668 3004 2723 Sed
3034 2670 3174 2726 hanc
3222 2671 3459 2727 radicem
3501 2673 3831 2743 perditionis

2229 2771 2429 2812 vocare
2475 2771 2585 2810 non
2611 2756 2799 2812 dubito
2845 2771 2942 2826 pro
2988 2757 3267 2813 monachis
3291 2801 3304 2826 ,
3337 2760 3572 2816 maxime
3596 2762 3834 2817 Carthu-

2233 2843 2420 2910 sianis,
2452 2860 2576 2899 cum
2605 2860 2705 2914 per
2734 2844 3128 2914 professionem
3157 2847 3515 2903 monasticam
3542 2857 3594 2904 et
3621 2857 3830 2904 statum

2232 2946 2265 2986 a
2329 2948 2388 2986 se
2453 2931 2620 2986 libere
2669 2939 2981 3002 susceptum
3009 2931 3096 2988 isti
3123 2933 3509 2991 infelicissimae
3538 2937 3830 3008 cupiditati

2233 3019 2544 3074 renuntiare
2573 3021 2689 3074 Deo
2718 3020 3104 3089 promiserint,
3156 3037 3320 3094 quam
3365 3032 3559 3094 postea
3604 3025 3659 3079 in
3709 3041 3830 3081 suae

2231 3107 2583 3176 professionis
2639 3116 3004 3178 contemptum
3053 3110 3208 3180 sequi
3236 3110 3510 3178 volentes,
3544 3121 3834 3168 merentur

2230 3209 2263 3248 a
2292 3195 2406 3249 Deo
2437 3195 2575 3249 tradi
2603 3195 2658 3248 in
2690 3196 2982 3266 reprobum
3013 3213 3255 3251 sensum.

2299 3282 2494 3347 Tertio,
2526 3282 2596 3336 ad
2626 3283 3005 3352 temperandas
3053 3283 3443 3341 sollicitudines
3490 3302 3680 3342 eorum
3731 3289 3828 3360 qui

2229 3369 2298 3424 ad
2329 3369 2728 3438 providendum
2756 3371 3167 3426 necessitatibus
3195 3373 3357 3428 totius
3386 3383 3681 3431 conventus
3736 3392 3830 3432 so-

2229 3456 2526 3511 litariorum
2551 3500 2568 3523 ,
2605 3457 2695 3528 qui
2757 3473 2859 3513 nec
2918 3459 3300 3530 temporalium
3341 3477 3547 3532 rerum,
3604 3479 3709 3520 nec
3743 3465 3830 3519 sui

2228 3543 2471 3615 ipsorum
2519 3544 2684 3599 ullam
2714 3545 3134 3602 sollicitudinem
3183 3548 3385 3604 habere
3413 3550 3612 3606 debent
3640 3568 3707 3606 ex
3743 3552 3830 3607 sui

2226 3631 2450 3686 instituti
2479 3632 2828 3703 praescripto,
2860 3641 3019 3705 atque
3047 3635 3115 3689 ad
3143 3635 3568 3692 subveniendum
3600 3639 3828 3696 familia

2225 3720 2454 3792 integrae
2483 3735 2550 3776 ac
2579 3721 2836 3776 oneribus
2856 3729 2966 3776 tum
2996 3722 3156 3778 certis
3177 3731 3290 3778 tum
3318 3725 3628 3781 casualibus
3657 3729 3826 3783 totius

2227 3808 2568 3875 monasterii,
2617 3816 2826 3863 certum
2865 3817 2948 3865 est
2987 3810 3297 3866 habendam
3353 3829 3475 3868 esse
3530 3815 3824 3871 honestam

2225 3895 2598 3951 sufﬁcientiam
2626 3896 2889 3952 bonorum
2913 3898 3306 3968 temporalium.
3330 3901 3622 3957 Honestam
3653 3919 3822 3970 voco,

2227 4001 2347 4055 quae
2393 3983 2680 4054 quamdam
2733 3985 3109 4041 rationabilem
3154 3986 3452 4044 latudinem
3496 3990 3711 4058 habeat,
3750 3993 3825 4047 ita

2223 4080 2280 4126 ut
2311 4071 2529 4142 quando
2550 4113 2564 4138 ,
2611 4072 2726 4127 sive
2751 4089 2848 4143 per
2875 4072 3206 4129 calamitates
3236 4089 3554 4133 communes
3583 4078 3696 4133 sive
3719 4095 3823 4149 per

533 4143 788 4197 solitaria:
818 4142 938 4196 vitae
966 4142 1372 4212 professoribus
1391 4183 1406 4208 ,
1441 4159 1602 4214 quam
1631 4142 1896 4212 cupiditas
1934 4142 2123 4213 acqui-

2228 4158 2496 4214 defectum
2525 4158 2808 4215 solutionis
2838 4176 2871 4215 a
2898 4161 3319 4218 conductoribus
3369 4181 3552 4219 rerum
3597 4137 3819 4222 nostra-

534 4231 687 4285 rendi
720 4238 771 4284 et
817 4230 1132 4300 possidendi
1163 4230 1303 4284 bona
1333 4229 1670 4300 temporalia,
1705 4230 1837 4284 ultra
1885 4230 1939 4284 id
1979 4230 2123 4301 quod

530 4317 898 4373 necessarium
929 4325 1010 4371 est
1039 4317 1102 4370 ad
1131 4318 1357 4372 honeste
1402 4324 1455 4372 et
1505 4319 1680 4388 quiete
1732 4317 2021 4372 vivendum
2069 4318 2124 4371 in

533 4422 633 4460 suo
664 4413 798 4459 statu
824 4447 837 4470 ,
891 4405 1246 4460 consideratis
1278 4405 1696 4460 circumstantiis
1746 4421 2118 4475 personarum,

531 4502 837 4564 temporum
869 4501 921 4546 et
951 4492 1258 4564 regionum.
1289 4493 1369 4546 Ad
1401 4492 1530 4562 quid
1561 4492 1704 4547 enim
1736 4493 1882 4547 venit
1927 4508 2122 4547 mona-

532 4582 666 4637 chus
697 4581 764 4634 ad
792 4579 1064 4644 cellulam,
1092 4580 1137 4632 si
1169 4580 1241 4633 ibi
1270 4579 1532 4646 inclusus,
1556 4588 1735 4635 mente
1767 4588 1818 4634 et
1839 4579 2123 4634 desideriis

531 4669 600 4722 ad
618 4669 946 4738 possidenda
963 4667 1276 4738 temporalia
1291 4668 1543 4723 anhelet?
1566 4667 1850 4736 Quomodo
1873 4668 1941 4721 ad
1953 4667 2122 4738 pedes

531 4756 728 4811 Christi
782 4772 841 4810 se
899 4772 1021 4809 cum
1074 4756 1245 4809 Maria
1293 4756 1552 4826 recipiet,
1613 4764 1663 4810 et
1709 4756 1800 4826 pio
1849 4756 1964 4824 ejus
2012 4756 2122 4810 otio

529 4843 736 4897 fruetur
763 4843 1032 4896 audiendo
1055 4843 1218 4897 verba
1241 4843 1458 4908 Christi,
1484 4843 1528 4897 si
1559 4851 1738 4898 mente
1769 4851 1819 4898 et
1840 4843 2122 4898 desideriis

529 4946 628 5000 per
675 4931 934 4984 mundum
983 4929 1316 5000 divagctur?
1358 4932 1480 4984 Non
1529 4938 1738 4985 tantum
1767 4929 1989 4996 inutile,
2025 4930 2121 4984 sed

531 5017 689 5070 etiam
721 5017 940 5070 stultum
971 5033 1093 5072 esse
1123 5017 1411 5071 dicendum
1443 5025 1544 5082 est,
1577 5035 1635 5072 se
1679 5017 1732 5070 in
1781 5017 1915 5071 cella
1944 5017 2120 5072 inclu-

531 5104 669 5158 sisse
685 5145 700 5171 ,
736 5111 792 5157 ut
823 5106 900 5159 sic
931 5104 1386 5174 concupiscentiae
1416 5105 1571 5159 frena
1616 5105 1939 5159 laxarentur.

607 5209 878 5275 Secundo,
914 5225 1050 5280 quas
1083 5209 1493 5273 sollicitudines,
1529 5217 1658 5279 quot
1687 5209 1901 5263 labores
1927 5216 1979 5263 et
2009 5218 2120 5264 stu-

528 5297 614 5351 dia
647 5297 882 5368 requirat
912 5297 1287 5366 temporalium
1319 5312 1492 5350 rerum
1525 5312 1684 5364 cura,
1734 5305 1863 5366 quot
1902 5296 2118 5352 discur-

532 5402 623 5438 sus
671 5393 721 5438 et
759 5384 1092 5439 difﬁcultates
1153 5384 1324 5452 pariat
1371 5383 1738 5452 experimento
1808 5384 2118 5453 quotidiano

2228 4263 2375 4315 rum,
2425 4247 2634 4303 reditus
2662 4263 2873 4303 annuus
2903 4265 3012 4304 non
3041 4249 3252 4322 integre
3282 4252 3581 4323 percipitur
3599 4296 3612 4320 ,
3640 4255 3819 4324 possit

2223 4335 2574 4390 nihilominus
2619 4336 2996 4392 communibus
3044 4337 3359 4411 indigentiis
3405 4341 3598 4396 domus
3632 4343 3820 4413 provi-

2225 4422 2342 4477 deri
2363 4423 2570 4493 absque
2588 4424 2821 4496 vagandi
2842 4432 2894 4478 et
2910 4426 3188 4496 quaerendi
3208 4427 3627 4484 necessitudine.
3651 4429 3817 4496 Quod

2224 4526 2289 4564 eo
2338 4511 2537 4578 justius
2593 4511 2647 4564 in
2689 4511 2942 4566 domibus
2986 4513 3188 4568 nostris
3217 4515 3380 4571 debet
3406 4516 3652 4583 admitti,
3702 4533 3816 4589 quo

2224 4598 2522 4653 secundum
2544 4598 2792 4668 spiritum
2815 4599 3167 4669 professionis
3190 4611 3392 4658 nostra:
3418 4605 3662 4660 tenacius
3685 4605 3814 4661 hor-

2225 4702 2342 4739 rere
2371 4685 2634 4740 debemus
2661 4687 2729 4740 ab
2759 4687 3017 4744 exercitio
3046 4690 3303 4761 vagandi,
3333 4692 3614 4762 quaerendi
3643 4699 3694 4747 et
3726 4709 3816 4748 ex-

2222 4781 2499 4828 ternorum
2535 4773 2750 4829 favores
2779 4783 2833 4830 et
2863 4775 3009 4830 dona
3035 4777 3193 4832 nobis
3221 4778 3565 4847 conciliandi,
3597 4788 3655 4834 ut
3682 4796 3812 4850 pos-

2223 4861 2391 4914 simus
2413 4861 2708 4917 subsistere
2735 4881 2748 4930 ;
2782 4871 2833 4918 et
2853 4863 3046 4919 merito
3063 4904 3079 4932 ,
3112 4881 3238 4920 nam
3258 4865 3314 4921 id
3334 4866 3590 4923 solitaria:
3608 4876 3812 4924 nostrae

2221 4947 2549 5018 professioni
2578 4956 2631 5004 et
2659 4949 2900 5005 instituto
2930 4951 3296 5007 Carthusiensi
3337 4970 3561 5024 prorsus
3589 4964 3810 5010 contra-

2221 5035 2361 5090 rium
2399 5044 2500 5091 est.
2536 5037 2700 5092 Unde
2733 5037 2976 5107 sequitur
3001 5055 3168 5094 unum
3199 5056 3229 5095 e
3257 5041 3466 5096 duobus
3495 5042 3807 5115 eligendum

2222 5140 2376 5189 esse,
2409 5132 2498 5178 aut
2545 5124 2788 5180 instituto
2817 5125 3185 5183 Carthusiensi
3216 5130 3520 5184 renuntiare
3539 5173 3552 5197 ,
3585 5139 3678 5184 aut
3704 5132 3807 5185 ha-

2220 5211 2349 5266 bere
2378 5212 2755 5282 possessiones
2782 5228 2848 5268 ac
2878 5213 3084 5268 reditus
3116 5215 3208 5285 qui
3237 5217 3524 5282 sufﬁciant,
3554 5218 3717 5273 modo
3754 5218 3806 5272 in

2219 5299 2409 5353 morali
2439 5299 2719 5354 latitudine
2747 5301 3064 5368 constituta,
3089 5301 3157 5356 ad
3181 5305 3626 5360 sustentationem
3647 5306 3806 5361 totius

2221 5395 2518 5440 conventus
2549 5395 2602 5442 et
2631 5388 2702 5442 ad
2723 5403 2886 5443 onera
2915 5389 3055 5444 illius
3096 5392 3384 5461 portanda.

524 5473 754 5528 videtur.
807 5472 909 5539 Qui
954 5487 1084 5540 ergo
1129 5487 1194 5524 ex
1245 5470 1496 5524 solitariis
1545 5469 1762 5540 eligitur
1791 5471 1857 5524 ad
1887 5471 2190 5540 ofﬁciumD
2292 5474 2386 5527 His
2434 5475 2624 5544 positis
2659 5475 2948 5530 dicendum
2979 5485 3062 5532 est.
3107 5486 3345 5534 mentem
3393 5480 3449 5534 S.
3492 5480 3807 5537 institutoris

524 5559 756 5625 ordinis,
780 5559 866 5613 cui
897 5573 1110 5612 annexa
1139 5565 1222 5612 est
1250 5573 1375 5612 cura
1404 5557 1727 5627 providendi
1757 5557 1906 5626 aliis,
1939 5567 1996 5613 ut
2022 5577 2120 5630 per

524 5648 680 5702 unius
730 5645 1088 5702 ministerium
1137 5644 1317 5702 caeteri
1362 5645 1542 5700 Mariae
1599 5645 1858 5701 exercitio
1917 5662 2114 5702 vacare

2218 5560 2420 5624 nostri,
2466 5569 2518 5616 et
2545 5569 2668 5632 post
2697 5561 2849 5618 illum
2877 5563 2944 5619 Β.
2976 5564 3148 5619 Patris
3179 5565 3464 5638 Guigonis,
3495 5567 3552 5622 in
3577 5567 3686 5624 illis
3714 5569 3807 5625 tri-

2218 5650 2316 5702 bus
2363 5663 2530 5719 supra
2573 5648 2768 5705 notatis
2813 5651 3154 5721 consistere,
3206 5655 3353 5725 quod
3400 5671 3466 5712 ex
3505 5659 3622 5723 jam
3651 5656 3804 5714 dictis
