3940 6412
85 357 184 411 721
1437 354 2038 410 CONSUETUDINES-
3288 361 3392 414 7‘22

155 481 212 534 2.
245 477 423 534 Simili
453 479 615 533 etiam
646 487 833 534 tenore
864 478 1128 535 sancitum
1159 487 1260 546 est,
1293 487 1352 534 ut
1389 478 1660 533 neminem
1709 493 1954 549 prorsus,
2005 479 2118 533 sive
2162 480 2321 547 intra,
2361 481 2474 536 sive
2507 490 2660 537 extra
2708 500 2950 538 eremum
2997 483 3155 538 istam
3184 482 3372 538 defun-

92 582 237 629 ctum
269 591 370 630 suo
399 575 665 646 sepeliant
691 574 747 628 in
780 575 1114 642 coemeterio,
1147 577 1249 630 nisi
1281 576 1415 630 forte
1444 575 1679 646 aliquem
1711 575 1870 643 hujus
1903 575 2168 646 propositi
2198 577 2286 632 hic
2317 577 2466 632 obire
2497 579 2801 650 contigerit.

163 675 216 726 3.
249 671 360 726 Sed
389 679 441 726 et
472 679 791 726 caaterarum
823 671 1165 744 religionum,
1200 671 1246 726 si
1277 671 1397 743 quis
1427 670 1513 725 hic
1543 669 1830 726 defunctus
1860 669 2040 738 fuerit,
2075 688 2236 744 quem
2279 689 2375 726 sua
2413 675 2766 746 congregatio
2814 673 2942 730 hinc
2969 681 3268 745 asportare,
3304 680 3396 728 aut

95 767 420 839 nequiverit,
454 774 543 821 aut
571 767 893 839 neglexerit,
926 769 1071 823 hunc
1099 767 1382 838 sepelient.

168 867 218 920 4.
250 866 464 921 Nomen
494 881 625 920 vero
656 867 972 937 cujusquam
1007 865 1060 919 in
1092 881 1190 921 suo
1229 882 1338 921 non
1383 865 1622 921 scribent
1666 865 2076 938 Martyrologio,
2131 882 2234 922 nec
2281 868 2599 940 cujusquam
2650 869 3084 926 anniversarium
3131 887 3196 926 ex
3243 885 3399 928 more

96 957 316 1016 facient.
348 961 670 1016 Audivimus
698 960 864 1027 enim,
897 961 1044 1032 quod
1071 973 1182 1016 non
1210 962 1522 1032 probamus,
1555 961 1848 1033 plerosque
1880 962 2037 1016 toties
2070 962 2355 1032 splendide
2380 963 2674 1032 convivari,
2699 964 3002 1037 missasque
3034 965 3214 1021 facere
3241 981 3402 1036 para-

98 1065 200 1121 tos,
234 1056 447 1128 quoties
475 1056 638 1128 aliqui
665 1072 765 1128 pro
795 1057 906 1111 suis
936 1056 1015 1111 eis
1045 1057 1318 1112 voluerint
1347 1058 1606 1113 exhibere
1637 1058 1926 1113 defunctis.
1963 1057 2096 1126 Quae
2128 1060 2466 1115 consuetudo
2488 1069 2539 1114 et
2569 1061 2949 1115 abstinentiam
2980 1061 3116 1117 tollit
3146 1070 3199 1117 et
3228 1076 3398 1118 vena-

96 1147 176 1206 les
208 1151 338 1208 facit
365 1153 657 1218 orationes,
690 1153 819 1207 dum
850 1160 1046 1224 quotus
1074 1162 1327 1223 pastuum
1355 1169 1610 1208 numerus
1641 1161 1781 1208 totus
1813 1162 1894 1207 est
1924 1162 1973 1208 et
2006 1154 2294 1208 missarum
2317 1173 2332 1220 ;
2357 1170 2459 1210 nec
2476 1155 2642 1209 ullum
2661 1155 2735 1208 ibi
2763 1156 2847 1211 vel
2864 1157 3142 1224 jejunandi
3172 1167 3400 1224 certum,

99 1248 185 1303 vel
212 1249 542 1304 obsecrandi
574 1257 786 1304 constat
814 1249 1170 1320 prepositum,
1204 1250 1294 1304 ubi
1324 1266 1433 1304 non
1462 1250 1752 1305 devotione
1799 1249 2069 1316 facientis,
2123 1251 2220 1305 sed
2251 1252 2319 1306 de
2369 1253 2640 1322 pascentis
2663 1253 2866 1324 potius
2907 1255 3107 1324 pendet
3155 1255 3398 1311 arbitrio.

96 1343 258 1398 Nulla
289 1345 490 1416 quippe
518 1345 605 1400 die
635 1345 948 1400 convivium
976 1345 1061 1400 vel
1091 1345 1256 1399 missa
1287 1346 1480 1412 deerit,
1515 1346 1561 1400 si
1595 1346 1686 1417 qui
1714 1353 1903 1416 pascat
1933 1363 2206 1418 nunquam
2237 1347 2487 1403 defuerit.
2522 1348 2758 1417 Quod-si
2807 1350 2928 1421 quis
2971 1350 3134 1405 talem
3164 1367 3401 1407 consue-

97 1437 344 1496 tudinem
370 1443 706 1498 contentiose
729 1443 875 1512 jurat
905 1442 1251 1508 laudabilem,
1286 1459 1392 1498 non
1425 1444 1748 1510 resistimus,
1781 1451 1906 1512 agat
1939 1453 1992 1498 ut
2024 1445 2170 1511 libet,
2206 1446 2516 1500 redditurus
2563 1447 2637 1500 illi
2685 1448 2962 1513 rationem,
3017 1449 3106 1521 qui
3156 1457 3406 1506 scrutans

98 1540 267 1596 corda
301 1549 354 1595 et
382 1540 620 1611 probans
647 1555 808 1595 renes
839 1539 1031 1595 reddet
1059 1541 1350 1613 unicuique
1375 1542 1527 1610 juxta
1557 1541 1697 1596 viam
1732 1549 1785 1596 et
1807 1542 1958 1610 juxta
1989 1542 2219 1598 fructum
2250 1544 2694 1600 adinventionum
2725 1562 2968 1600 suarum.

1481 1689 2052 1747 COMMENTARIUS.

94 1817 314 1886 probari
343 1825 539 1888 potest,
570 1825 622 1873 et
656 1834 721 1873 ex
745 1817 880 1872 infra
908 1816 1154 1873 dicendis
1184 1813 1412 1886 amplius
1442 1815 1700 1886 probabi-
1721 1821 1774 1879 Α
1805 1824 1905 1883 est,
1941 1817 2120 1888 quoad
2154 1805 2294 1870 alias.
2319 1816 2512 1872 domos
2551 1817 2774 1886 ordinis,
2825 1818 2929 1872 nisi
2960 1819 3089 1874 talia
3120 1819 3254 1873 intra
3291 1828 3407 1876 ter-

94 1913 223 1971 tur;
260 1921 326 1960 ex
353 1906 466 1973 jam
497 1907 653 1962 dictis
682 1915 860 1961 autem
906 1913 1119 1961 constat
1153 1923 1166 1958 ε

172 1994 379 2062 Primo,
431 1995 573 2066 quod
610 1994 767 2064 primi
812 1996 998 2049 Patres
1049 1991 1453 2048 renuntiassent
1483 1991 1705 2047 odibili-

96 2082 221 2148 bus,
273 2090 330 2136 ut
378 2082 546 2149 aiunt,
591 2083 828 2155 vagandi
878 2090 930 2136 et
975 2081 1253 2154 quaerendi
1295 2081 1610 2146 exercitiis,
1637 2080 1707 2134 ad

96 2170 249 2240 quod
276 2185 506 2225 necesse
538 2178 651 2224 erat
683 2177 740 2223 ut
777 2170 1044 2224 haberent
1086 2171 1231 2223 unde
1279 2168 1333 2222 in
1364 2183 1464 2222 sua
1511 2167 1705 2222 solitu-

94 2257 247 2324 dine,
277 2258 486 2328 absque
515 2257 605 2312 illa
632 2257 1026 2324 vicissitudine,
1058 2255 1284 2328 pacifice
1313 2256 1595 2323 viverent;

168 2345 448 2411 Secundo,
514 2346 656 2417 quod
708 2345 908 2400 vellent
949 2352 1333 2415 procuratores
1377 2343 1585 2398 ordinis
1634 2343 1704 2397 ad

96 2432 256 2489 cellae
284 2433 523 2504 quietem
554 2441 606 2488 et
653 2441 924 2488 secretum
969 2449 1187 2503 semper
1233 2431 1477 2502 aspirare
1508 2438 1561 2486 et
1609 2447 1704 2486 re-

97 2536 363 2586 currere;
397 2521 562 2575 veluti
593 2521 663 2574 ad
694 2521 880 2574 salutis
913 2537 1024 2575 suae
1053 2528 1270 2590 portum
1305 2534 1317 2572 :

161 2609 374 2673 Tertio,
407 2609 552 2679 quod
582 2608 850 2662 haberent
871 2606 1250 2662 sufﬁcientiam
1273 2623 1456 2662 rerum
1488 2614 1704 2676 tempo-

97 2697 318 2764 ralium,
351 2712 413 2751 ea
443 2696 633 2751 morali
682 2696 960 2750 latitudine
999 2703 1289 2766 sumptam,
1331 2710 1494 2766 quam
1542 2710 1705 2764 supra

97 2784 483 2855 explicuimus.
504 2785 643 2838 Nam
664 2784 919 2839 habuisse
961 2784 1083 2838 illos
1122 2791 1336 2839 constat
1358 2782 1501 2839 unde
1525 2783 1626 2836 sibi
1651 2791 1704 2837 et

97 2872 411 2943 hospitibus
441 2881 492 2927 et
526 2872 742 2928 familiae
788 2872 1155 2943 providerent,
1181 2880 1344 2945 atque
1375 2870 1535 2926 etiam
1568 2871 1706 2925 elee-

97 2976 363 3031 mosynas
394 2960 727 3031 pauperibus
749 2967 1058 3031 erogarent.

164 3050 335 3103 Num.
371 3053 421 3102 1.
458 3049 795 3121 Cupiditatis
816 3050 1150 3115 occasiones,
1168 3055 1271 3102 etc.
1300 3047 1584 3116 locihujus
1613 3045 1707 3100 ha-

1807 1904 1982 1958 minos
2014 1904 2120 1958 sint
2155 1920 2167 1958 :
2200 1921 2324 1958 nam
2365 1905 2433 1959 de
2483 1905 2791 1974 hujusmodi
2838 1907 3002 1961 rebus
3041 1915 3192 1962 extra
3220 1907 3409 1963 termi-

1807 2009 1907 2046 nos
1939 2009 2046 2048 non
2076 1993 2446 2063 possidendis,
2481 1993 2567 2047 hic
2599 2001 2804 2047 tantum
2836 1995 3033 2066 agitur.

1879 2082 2013 2137 Ibid.
2030 2083 2183 2138 Nihil
2203 2084 2432 2138 omnino
2445 2083 2789 2154 possideant,
2804 2083 2861 2137 id
2873 2087 3087 2139 estnon
3101 2100 3280 2153 agros,
3302 2092 3408 2140 etc.

1806 2187 2149 2242 quiscunque
2172 2170 2516 2240 hujusmodi.
2550 2172 2693 2225 Inter
2721 2171 2822 2224 ista
2852 2170 3185 2241 speciticata,
3211 2172 3410 2242 quibus

1807 2255 2001 2308 domus
2060 2253 2361 2309 Carthusiae
2406 2254 2610 2310 incolas
2659 2271 2760 2324 pro
2807 2270 2866 2309 se
2923 2263 2975 2309 et
3021 2256 3132 2309 suis
3178 2255 3412 2326 posteris

1807 2343 2150 2397 renuntiasse
2181 2343 2375 2396 asserit
2407 2342 2490 2396 vir
2520 2350 2760 2409 sanctus,
2793 2358 2900 2396 non
2932 2343 3082 2412 ponit
3109 2359 3309 2413 pascua
3339 2343 3411 2398 ad

1806 2430 2060 2485 animalia
2109 2431 2417 2496 nutrienda,
2468 2446 2568 2486 nec
2606 2431 2768 2506 etiam
2821 2438 3002 2486 certos
3041 2431 3264 2494 reditus,
3316 2431 3410 2502 qui

1806 2519 2012 2588 absque
2035 2517 2184 2572 fundi
2214 2519 2546 2588 proprietate
2575 2527 2667 2572 aut
2705 2519 2812 2572 ulla
2842 2519 3192 2588 possessione
3223 2519 3412 2573 haberi

1803 2614 2050 2676 possunt,
2115 2613 2277 2675 prout
2324 2614 2404 2660 est
2447 2606 2744 2678 assignatio
2804 2607 2936 2662 certi
2983 2607 3145 2661 annui
3210 2623 3410 2662 census

1806 2710 1972 2763 super
2021 2694 2270 2764 quaedam
2329 2695 2445 2750 loca
2477 2703 2569 2749 aut
2617 2695 2819 2764 praedia
2867 2694 3186 2765 recipiendi,
3239 2704 3331 2749 aut
3377 2711 3412 2750 a

1806 2782 2041 2852 quadam
2073 2783 2372 2837 cathedrali
2404 2791 2495 2836 aut
2525 2782 2816 2853 collegiate
2861 2783 3089 2837 ecclesia
3136 2783 3405 2838 solvendi.

1807 2868 1941 2936 Quae
1999 2878 2124 2925 tunc
2175 2870 2514 2926 Carthusiam
2565 2871 2894 2940 possedisse,
2939 2887 3048 2925 non
3079 2879 3283 2925 tantum
3316 2887 3408 2925 ra-

1805 2957 1949 3012 tione
1979 2959 2075 3012 sed
2105 2958 2438 3028 experientia
2470 2959 2751 3029 probatur,
2787 2974 2909 3012 nam
2944 2959 3024 3029 (ut
3071 2975 3235 3028 supra
3264 2958 3407 3012 dixi-

1804 3062 1924 3100 mus
1980 3062 2100 3116 cap.
2156 3047 2242 3115 l9)
2293 3055 2535 3117 tempore
2578 3047 2642 3104 ll.
2721 3048 2778 3101 Ρ.
2828 3046 3115 3118 Guigonis,
3182 3047 3408 3102 domum

96 3138 390 3200 bitatores,
457 3145 561 3192 etc.
603 3137 701 3190 Hic
751 3152 852 3207 pro
897 3136 1061 3191 domo
1106 3134 1402 3189 Carthusiae
1450 3132 1777 3224 specificeB
1806 3135 2104 3189 Carthusia:
2135 3135 2388 3190 habuisse
2432 3143 2640 3191 certum
2691 3144 2772 3190 est
2818 3151 3023 3206 pascua
3068 3143 3120 3190 et
3163 3135 3287 3203 jura
3314 3151 3409 3206 pa-

95 3225 375 3296 loquitur;
427 3241 551 3278 nam
617 3223 732 3279 fere
800 3223 917 3278 sola
965 3231 1047 3278 est
1091 3223 1233 3278 inter
1279 3238 1470 3278 omnes
1514 3222 1706 3276 domos

98 3314 314 3369 ordinis
343 3313 399 3366 in
428 3321 580 3367 vasta
599 3327 784 3367 eremo
800 3311 1086 3368 constituta
1114 3329 1129 3377 ;
1161 3319 1212 3365 et
1233 3327 1352 3381 qua:
1383 3310 1504 3365 ideo
1535 3309 1708 3380 possit

99 3401 317 3472 amplos
350 3400 549 3455 habere
596 3400 876 3465 terminos,
920 3399 1060 3454 intra
1107 3413 1246 3470 quos
1295 3397 1425 3452 nulli
1454 3412 1705 3467 compos-

100 3505 355 3545 sessores
385 3487 746 3558 reperiantur,
780 3487 924 3558 quod
956 3494 1104 3542 certe
1133 3485 1384 3541 domibus
1413 3485 1536 3540 aliis
1567 3500 1704 3540 con-

96 3575 286 3632 venire
352 3591 464 3630 non
526 3575 716 3646 potuit.
767 3575 1164 3630 Fundatoribus
1228 3573 1373 3628 enim
1420 3573 1704 3628 domorum

95 3665 340 3721 liberum
368 3679 477 3719 non
509 3671 646 3730 erat,
675 3663 754 3718 sic
792 3663 847 3717 in
875 3679 1038 3717 unum
1085 3661 1253 3718 veluti
1299 3661 1542 3734 globum,
1577 3677 1704 3731 pos-

97 3753 381 3808 sessiones
409 3751 746 3807 necessarias
777 3751 846 3806 ad
867 3751 1062 3806 domus
1090 3749 1534 3804 sustentationem
1564 3765 1702 3804 con-

96 3855 334 3912 gregare
358 3859 372 3906 ;
405 3839 548 3894 unde
569 3839 638 3894 ad
668 3838 1013 3894 fundationes
1042 3839 1330 3893 domorum
1361 3837 1700 3892 constituen-

96 3931 194 3984 das
224 3929 360 3984 dare
388 3928 560 3983 coacti
592 3926 808 3982 fuerunt
836 3926 1038 3981 reditus
1067 3927 1170 3981 huc
1201 3925 1436 3997 illucque
1482 3925 1700 3995 disper-

98 4033 208 4073 sos.
256 4018 330 4071 Et
376 4017 494 4071 hinc
539 4024 620 4070 est
667 4015 845 4086 prima
889 4030 1052 4070 causa
1082 4030 1196 4080 cur,
1247 4013 1438 4084 primis
1485 4013 1699 4068 saeculis

97 4105 330 4168 ordinis,
363 4104 596 4160 licentiae
637 4103 904 4174 speciales
946 4103 1084 4158 datae
1130 4101 1326 4157 fuerint
1371 4101 1702 4173 quibusdam

97 4193 352 4248 domibus
382 4191 586 4248 ordinis
615 4191 818 4262 aliquid
849 4200 1002 4246 extra
1049 4190 1310 4246 terminos
1357 4189 1694 4260 possidendi,

101 4298 220 4352 qua:
251 4289 438 4336 tamen
476 4279 668 4333 similia
696 4280 842 4334 bona
886 4279 940 4332 in
989 4277 1403 4350 emphyteusim,
1440 4285 1696 4348 quantum

99 4377 368 4440 poterant,
401 4368 529 4422 dare
559 4366 825 4434 solebant,
858 4374 916 4421 ut
945 4367 1026 4422 sic
1072 4366 1216 4421 curis
1244 4381 1303 4419 se
1348 4365 1693 4420 extricarent.

101 4458 317 4512 Certum
346 4465 530 4510 tamen
560 4462 642 4509 est
671 4455 726 4508 in
757 4455 948 4510 ordine
996 4453 1163 4508 fuisse
1207 4453 1463 4525 religiose
1503 4468 1693 4507 serva-

1806 3238 2060 3277 scuorum
2093 3223 2160 3277 ad
2205 3223 2375 3292 pedes
2422 3224 2658 3294 rupium,
2692 3232 2745 3278 et
2789 3231 2936 3278 extra
2993 3223 3256 3278 terminos
3285 3223 3404 3288 sita,

1807 3319 1971 3381 atque
1999 3312 2260 3383 grangias
2307 3319 2665 3378 constructas,
2718 3313 2785 3367 ad
2833 3328 2968 3382 quas
3017 3327 3244 3366 necesse
3294 3319 3410 3366 erat

1807 3399 2081 3454 deducere
2111 3398 2366 3454 animalia
2394 3400 2462 3454 ad
2512 3400 2878 3464 hiemandum,
2928 3415 3049 3455 cum
3098 3400 3152 3452 in
3181 3399 3410 3469 rupibus

1805 3487 2105 3542 Carthusize
2125 3488 2194 3541 ab
2215 3487 2365 3543 initio
2395 3488 2600 3543 mensis
2621 3488 2946 3543 Novembris
2967 3503 3138 3559 usque
3159 3487 3226 3541 ad
3246 3485 3410 3542 finem

1804 3576 2008 3630 mensis
2040 3576 2162 3630 Maii
2191 3592 2298 3631 non
2329 3575 2675 3646 reperiantur
2723 3576 2923 3640 herba,
2973 3576 3167 3647 quibus
3195 3575 3408 3630 anima-

1803 3663 1872 3718 lia
1901 3663 2091 3718 nutriri
2118 3665 2347 3735 possint,
2399 3665 2542 3718 unde
2573 3680 2801 3719 necesse
2851 3671 2930 3718 est
2959 3662 3104 3718 foras
3137 3679 3406 3734 quaerere,

1802 3760 1860 3806 ut
1898 3753 2029 3806 satis
2059 3753 2291 3822 explicat
2326 3753 2444 3823 ipse
2473 3753 2538 3808 R.
2574 3754 2632 3807 P.
2671 3751 2872 3822 Guigo.

1873 3839 2062 3908 Quoad
2092 3841 2298 3895 reditus
2329 3841 2472 3907 illos,
2522 3841 2728 3912 absque
2779 3840 2930 3895 fundi
2971 3839 3306 3910 proprietate
3355 3847 3410 3895 et

1800 3929 2167 3999 possessione,
2203 3930 2256 3983 id
2287 3929 2447 3983 etiam
2502 3930 2876 4000 experimento
2926 3936 3138 3984 constat
3184 3945 3281 3999 per
3310 3944 3410 3983 eos

1800 4016 1993 4087 quibus
2023 4017 2198 4071 adhuc
2241 4018 2357 4072 haec
2387 4017 2580 4071 domus
2623 4017 2918 4071 Carthusize
2965 4016 3188 4086 gaudet,
3233 4023 3286 4070 et
3317 4015 3408 4087 qui

1796 4119 1825 4157 a
1855 4104 2101 4174 capitulis
2128 4112 2242 4157 turn
2272 4104 2602 4158 cathedralis
2634 4103 2900 4166 ecclesias,
2936 4112 3048 4157 tum
3080 4105 3136 4159 S.
3170 4104 3406 4159 Andreas

1798 4191 2307 4261 Gratianopolitanis
2349 4191 2402 4246 ei
2442 4192 2623 4246 adhuc
2667 4191 2958 4262 quotannis
3005 4191 3306 4245 solvuntur.
3342 4192 3411 4245 Et

1797 4288 1948 4334 certe
1979 4281 2069 4350 qui
2099 4287 2294 4333 statum
2324 4279 2493 4333 eremi
2543 4279 2846 4333 Carthusiae
2893 4285 3177 4341 noverunt,
3211 4295 3314 4348 pro
3343 4295 3402 4332 re

1796 4369 2103 4423 indubitata
2130 4367 2290 4422 facile
2322 4366 2600 4421 habebunt
2650 4367 2870 4420 domum
2921 4365 3218 4420 Carthasim
3259 4381 3404 4418 nun-

1799 4472 1963 4527 quam
1993 4455 2237 4525 potuisse
2265 4470 2389 4510 cum
2433 4454 2551 4507 istis
2594 4453 2852 4507 oneribus
2889 4453 3157 4522 hospitum
3188 4461 3241 4506 et
3269 4467 3408 4522 pau-

101 4553 229 4612 tum,
264 4553 323 4600 ut
349 4543 486 4600 certi
531 4543 743 4598 termini
789 4542 1198 4614 assignarentur
1245 4541 1474 4612 singulis
1522 4515 1770 4595 domi-C
1804 4561 1997 4615 perum
2029 4544 2346 4606 subsistere,
2391 4541 2497 4595 nisi
2535 4542 2639 4595 ista
2685 4540 2928 4595 subsidia
2959 4548 3109 4594 extra
3160 4556 3405 4595 eremum

102 4634 220 4699 bus,
253 4640 406 4688 extra
459 4647 595 4702 quos
641 4630 1021 4701 possessiones
1068 4645 1329 4701 agrorum
1376 4628 1562 4682 haberi
1594 4643 1701 4682 non

99 4729 344 4792 possent,
380 4728 439 4773 ut
463 4720 574 4789 jam
605 4733 722 4789 cap.
759 4721 844 4784 15,
877 4735 1026 4772 num.
1063 4719 1113 4784 4,
1146 4718 1407 4772 diximus.

165 4811 310 4864 Dum
341 4809 459 4862 hch
490 4806 752 4861 scriberet
780 4807 842 4862 R.
877 4807 937 4860 Ρ.
989 4805 1190 4878 Guigo,
1240 4806 1385 4860 bona
1415 4805 1521 4860 fide
1550 4805 1702 4860 illum

96 4905 320 4966 putasse
352 4894 706 4949 indubitatum
737 4901 839 4952 est.
873 4894 1020 4965 quod
1043 4909 1109 4948 ea
1140 4910 1260 4964 qua:
1291 4901 1420 4949 tunc
1448 4894 1691 4964 posside-

101 4986 224 5039 bant
246 4986 437 5038 Patres
459 4983 629 5037 nostri
650 4982 785 5035 intra
815 4997 1057 5036 eremum
1079 4982 1400 5047 Carthusiae,
1435 4981 1702 5049 adjunctis

99 5072 216 5127 aliis
246 5073 317 5128 de
350 5071 550 5142 quibus
580 5070 760 5124 statim
807 5069 1033 5135 dicetur,
1069 5068 1316 5125 sufficere
1356 5085 1573 5140 semper
1601 5069 1702 5124 de-

103 5160 348 5215 buissent
377 5159 445 5213 ad
476 5158 658 5229 quiete
689 5157 978 5212 vivendum
1018 5165 1072 5212 et
1118 5172 1288 5212 onera
1329 5157 1524 5212 domus
1569 5172 1703 5227 por-

103 5249 260 5302 tanda
305 5248 362 5301 in
406 5262 470 5301 ea
533 5245 925 5311 mediocritate,
976 5261 1138 5317 quam
1180 5245 1408 5300 inferius
1455 5245 1706 5315 exprimit

102 5337 366 5391 dicendo:
393 5336 658 5390 Nostrum
679 5335 1065 5406 qualecunque
1101 5335 1209 5388 vile
1229 5336 1581 5405 propositum
1601 5348 1704 5404 pe-

102 5427 354 5489 nuriam,
378 5424 487 5478 Deo
507 5423 748 5492 gratias,
772 5439 902 5476 raro
922 5423 1123 5490 sentit,
1149 5427 1250 5476 aut
1263 5421 1700 5476 abundantiam.

102 5513 165 5566 Et
192 5512 494 5567 notandum
526 5517 610 5564 est
640 5511 786 5581 quod
815 5510 916 5563 ista
946 5509 1273 5565 renuntiatio
1303 5516 1555 5563 versetur
1585 5516 1705 5562 tan-

104 5608 208 5654 tum
239 5600 386 5654 circa
417 5613 484 5652 ea
514 5614 636 5667 quae
663 5605 785 5650 sunt
825 5605 974 5652 extra
1021 5598 1279 5651 terminos
1313 5613 1324 5650 :
1359 5597 1500 5650 unde
1531 5595 1584 5647 in
1615 5611 1704 5648 re-

102 5689 199 5749 bus
237 5702 378 5760 quas
423 5685 605 5743 statim
645 5684 956 5742 nominatim
998 5685 1226 5756 explicat
1273 5682 1705 5741 subaudiendum

1804 4632 2102 4698 habuisset,
2137 4631 2282 4703 quod
2313 4630 2436 4684 ideo
2466 4630 2519 4683 in
2551 4629 2760 4683 statutis
2808 4627 3044 4700 antiquis
3074 4627 3273 4684 clarius
3303 4644 3404 4683 ex-

1805 4737 2055 4792 pressum
2087 4719 2204 4774 fuit.

1875 4810 2035 4863 Num.
2069 4812 2122 4864 2.
2153 4809 2444 4863 Neminem
2465 4822 2713 4878 prorsus,
2749 4813 2854 4860 etc.
2890 4804 3151 4875 Loquitur
3182 4803 3406 4859 relative

1806 4897 1875 4952 ad
1908 4913 2065 4950 usum
2095 4895 2355 4966 temporis
2376 4895 2537 4958 illius,
2565 4910 2691 4964 quo,
2722 4908 2822 4963 pro
2843 4892 3134 4962 sepulturis
3151 4892 3272 4960 jura
3303 4891 3430 4945 sibi.

1805 4985 2116 5055 specialiter
2146 4984 2400 5037 attributa
2430 4982 2616 5037 stricte
2648 4981 2875 5041 servari.
2911 4995 3011 5034 nec
3039 4980 3091 5033 in
3122 4980 3232 5033 ulla
3259 4987 3408 5050 parte

1805 5073 1927 5127 laedi
1958 5072 2214 5126 volebant
2244 5071 2429 5125 clerici
2461 5077 2513 5124 et
2543 5069 2784 5139 parochi,
2807 5085 2909 5139 qua
2941 5069 3010 5122 de
3038 5083 3203 5123 causa
3225 5065 3408 5139 jurgia

1806 5169 1856 5214 et
1886 5161 2008 5214 lites
2037 5167 2160 5214 tunc
2193 5158 2350 5212 facile
2369 5158 2730 5212 movebantur
2763 5174 2775 5210 :
2811 5165 2974 5227 atque
2997 5157 3158 5210 etiam
3182 5156 3408 5210 relative

1806 5249 1875 5301 ad
1906 5255 2104 5302 nostrae
2130 5247 2253 5302 vitae
2285 5245 2536 5300 solitariae
2567 5252 2781 5307 statum,
2831 5260 2992 5315 quem
3023 5243 3283 5298 nolebant
3309 5258 3410 5312 per

1807 5335 2114 5404 sepulturas
2172 5333 2512 5388 saecularium
2559 5331 2921 5386 interturbari.
2973 5331 3033 5384 Id
3081 5331 3159 5385 sic
3205 5329 3406 5385 intelli-

1805 5423 2046 5493 gendum
2077 5437 2199 5475 esse
2229 5420 2358 5474 satis
2387 5419 2625 5473 innuitur
2661 5435 2762 5488 per
2809 5419 3112 5472 libertatem
3159 5417 3247 5470 hic
3277 5417 3408 5470 reli-

1807 5518 1947 5564 ctam
1977 5507 2276 5578 sepeliendi
2315 5523 2423 5560 non
2471 5514 2677 5560 tantum
2707 5505 2944 5575 aliquem
2991 5504 3256 5574 propositi
3304 5519 3408 5558 no-

1808 5597 1924 5660 stri,
1960 5596 2013 5649 id
2046 5604 2127 5650 est
2151 5610 2529 5664 quamcunque
2567 5607 2858 5662 personam
2902 5592 3106 5645 ordinis
3136 5591 3280 5645 diem
3307 5607 3408 5644 ex-

1808 5693 2040 5741 tremum
2066 5683 2155 5736 hic
2185 5680 2544 5742 claudentem,
2591 5679 2688 5734 sed
2733 5679 2894 5734 etiam
2934 5678 3224 5748 religiosos
3271 5693 3407 5750 qua-
