3940 6410
516 330 622 386 ’723

1330 330 1674 395 GUIGONIS
1721 331 1744 385 I
1788 330 2196 388 CARTHUSIE
2238 332 2534 390 MAIORIS
2578 333 2856 391 PRIORIS
2901 335 2967 391 V.

3711 339 3817 394 724

587 453 641 507 5.
672 451 926 506 Nostrum
956 451 1327 524 qualecunque
1357 453 1464 510 vile
1493 454 1845 526 propositum,
1875 455 2174 525 penuriam,
2217 456 2334 511 Deo
2388 456 2608 527 gratias,
2657 472 2784 513 raro
2812 457 2976 514 sentit
3020 463 3114 511 aut
3157 455 3561 512 abundantiam.
3594 458 3741 513 Nam
3770 460 3818 514 si

517 546 808 618 quisquam
835 545 991 599 nobis
1020 547 1199 617 pisces
1227 557 1320 603 aut
1348 550 1658 619 hujusmodi
1689 550 1897 607 miserit
1925 550 2147 622 aliquid,
2179 566 2243 606 ea
2274 567 2551 621 mensura,
2584 561 2637 609 et
2666 554 2755 609 die
2784 552 3095 610 reﬁciendis
3120 551 3349 610 infertur
3375 552 3660 625 fratribus,
3706 573 3818 630 qua

516 642 851 716 propositum
880 642 1055 714 poscit
1081 652 1134 698 et
1174 645 1455 702 institutio.

1860 744 1944 799 CA
1954 745 2060 799 PIT
2063 745 2253 801 ULUM
2299 745 2465 800 XLII.

1595 842 1672 896 De
1698 842 1885 897 divino
1914 843 2092 912 oﬂicio
2119 845 2373 913 fratrum
2406 843 2699 899 laicorum.

585 936 635 987 1.
668 931 802 1001 Quae
830 932 898 987 ad
928 935 1318 989 monachorum
1367 936 1636 1005 pertinent
1684 935 2125 1002 consuetudines,
2180 945 2339 1008 prout
2385 938 2676 1009 potuimus,
2724 940 3025 1011 explicatis,
3076 956 3139 997 ea
3188 959 3309 1014 quae
3354 942 3614 999 laicorum
3664 951 3821 1009 sunt,

514 1045 651 1102 quos
678 1045 973 1085 conversos
1012 1046 1290 1098 vocamus,
1332 1033 1563 1088 Domino
1588 1033 1833 1101 juvante,
1868 1033 2131 1087 dicamus.
2165 1034 2393 1105 Semper
2420 1051 2543 1090 cum
2571 1035 2640 1090 ad
2670 1038 2959 1092 matutinas
3006 1039 3345 1110 surgendum
3391 1048 3493 1107 est,
3527 1041 3612 1095 bis
3639 1056 3825 1112 parvo

512 1128 831 1200 interposito
862 1128 1033 1198 spatio
1063 1129 1278 1201 signum
1304 1130 1567 1200 pulsatur.
1602 1129 1779 1185 Primo
1808 1138 2201 1200 praeparantur,
2235 1132 2478 1187 secundo
2508 1132 2577 1187 ad
2606 1133 2896 1189 ecclesiam
2916 1142 3131 1190 servata
3159 1137 3427 1207 gravitate
3444 1145 3819 1212 concurrunt.

510 1225 581 1279 Et
610 1224 656 1278 si
686 1223 906 1295 quidem
936 1226 1252 1289 monachus,
1288 1225 1380 1297 qui
1410 1225 1488 1280 eis
1516 1224 1843 1295 praepositus
1874 1233 1975 1291 est,
2008 1226 2163 1280 adest
2193 1243 2458 1297 praesens,
2480 1227 2723 1283 divinum
2752 1229 2831 1285 eis
2855 1228 3109 1297 ofﬁcium,
3128 1246 3270 1301 pene
3289 1239 3346 1287 ut
3365 1234 3826 1305 suprascriptum

507 1331 607 1393 est,
640 1321 978 1379 festinantius
1008 1329 1210 1390 tamen,
1241 1324 1523 1394 persolvit.
1557 1324 1732 1393 Quem
1761 1325 1865 1396 ipsi
1896 1341 2106 1382 summo
2137 1324 2336 1392 studio,
2368 1327 2650 1383 silentium
2680 1328 3024 1401 quietemque
3074 1339 3370 1399 servantes,
3402 1330 3473 1386 ad
3501 1329 3816 1387 inclinatio-

506 1436 605 1475 nes
626 1428 678 1474 et
698 1427 926 1475 caeteros
956 1418 1241 1490 religiosos
1259 1421 1505 1490 corporis
1518 1429 1695 1476 motus
1711 1422 1901 1479 sedulo
1920 1423 2214 1479 imitantur.

574 1522 629 1575 2.
660 1519 742 1573 Ex
773 1519 967 1589 quibus
995 1519 1052 1573 in
1082 1519 1280 1590 vigiliis
1311 1519 1733 1585 solemnitatum,
1783 1521 1837 1575 in
1881 1521 2080 1594 quibus
2130 1522 2424 1593 capitulum
2477 1531 2711 1591 tenetur,
2759 1525 3044 1596 medietas,
3092 1535 3255 1598 prout
3301 1543 3491 1583 eorum
3534 1527 3827 1599 patiuntur

511 1614 856 1682 obedientiae,
890 1617 961 1671 ad
992 1631 1284 1687 vesperum
1309 1631 1433 1671 cum
1463 1632 1497 1671 a
1526 1617 1640 1671 suis
1671 1617 2055 1689 disjunguntur
2082 1617 2382 1689 laboribus,
2417 1621 2487 1675 ad
2518 1622 2853 1692 superiorem
2884 1622 3256 1679 conscendunt
3284 1624 3593 1694 ecclesiam,
3625 1632 3822 1679 matu-

512 1712 657 1767 tinas
686 1720 739 1768 et
769 1721 1028 1769 caeterum
1057 1728 1272 1770 sacrum
1302 1713 1541 1770 ofﬁcium
1570 1714 1803 1770 audituri
1828 1734 1843 1783 ;
1877 1715 2059 1787 ibique
2087 1723 2209 1787 post
2237 1719 2632 1774 monachorum
2651 1719 2961 1790 capitulum,
2994 1720 3221 1777 verbum
3243 1719 3346 1777 Dei
3372 1735 3404 1774 a
3430 1718 3613 1792 priore
3642 1720 3735 1777 vel
3749 1719 3825 1775 ab

512 1824 579 1868 eo
611 1809 700 1866 cui
727 1810 832 1868 hoc
868 1811 987 1884 ipse
1008 1810 1299 1881 injunxerit
1325 1811 1569 1878 audiunt,
1602 1819 1657 1867 et
1677 1811 1724 1866 si
1751 1826 1887 1884 quas
1914 1812 2120 1868 habent
2145 1813 2475 1870 conﬁtentur
2502 1814 2760 1871 offensas.

1888 1961 2461 2020 COMMENTARIUS.

515 2098 854 2155 rumcunque
882 2083 1228 2155 religionum,
1261 2084 1307 2139 si
1327 2083 1451 2139 illos
1477 2085 1565 2141 hic
1593 2085 1745 2143 obire
1774 2085 2113 2159 contigisset.
2144 2088 2199 2147 Α
2289 2087 2597 2159 Capitulum
2627 2086 2771 2143 istud
2802 2087 3030 2143 relatum
3065 2085 3300 2143 habetur
3347 2086 3401 2141 in
3433 2085 3667 2157 antiquis
3697 2093 3825 2139 sta-

587 2173 751 2227 Num.
784 2174 837 2227 4.
870 2173 1082 2228 Nomen
1100 2188 1228 2228 vero
1258 2174 1616 2245 cujusquam,
1644 2181 1749 2228 etc.
1780 2190 1887 2230 nec
1915 2176 2114 2245 cujus-
2215 2175 2343 2229 tutis
2375 2176 2615 2232 secunda
2636 2183 2811 2246 parte,
2841 2191 2960 2246 cap.
2994 2178 3080 2241 19,
3101 2190 3252 2229 num.
3287 2177 3311 2228 1
3342 2191 3356 2240 ;
3389 2189 3515 2245 cap.
3546 2177 3613 2229 49
3629 2173 3828 2244 prima:

518 2276 685 2331 quam
707 2262 1168 2315 anniversarium
1188 2276 1262 2315 ea:
1282 2276 1435 2316 more
1472 2262 1710 2331 /acient,
1736 2269 1839 2316 etc.
1890 2261 2118 2317 Audivi—

520 2364 649 2403 mus
662 2348 816 2403 enim
828 2347 1110 2417 quosdam,
1139 2356 1241 2402 etc.
1273 2348 1372 2403 Hic
1386 2348 1649 2402 rationem
1663 2347 1820 2403 affert
1832 2349 1895 2403 R.
1912 2349 1970 2403 Ρ.
1988 2348 2119 2404 Gui-

518 2451 591 2507 go
615 2450 713 2491 cur
733 2434 836 2490 ista
855 2434 1222 2490 anniversaria
1243 2435 1571 2505 repudiaret.
1600 2436 1945 2491 Consuetudo
1975 2437 2121 2491 enim

516 2523 636 2578 istis
667 2522 1004 2592 temporibus
1031 2522 1269 2594 vigebat,
1322 2523 1390 2577 de
1420 2539 1528 2594 qua
1559 2524 1669 2592 jam
1719 2540 1836 2593 cap.
1873 2526 1938 2578 14
1983 2524 2119 2578 dixi-

2216 2264 2410 2334 partis,
2445 2280 2593 2319 num.
2624 2265 2712 2317 20.
2744 2266 2809 2320 21
2840 2271 2891 2318 et
2924 2265 3009 2329 17,
3024 2269 3078 2318 et
3106 2277 3225 2333 cap.
3252 2262 3319 2316 14
3350 2261 3601 2318 secundm
3619 2260 3823 2333 partis,

2218 2367 2371 2406 DUUL
2408 2367 2499 2406 Συ.

2290 2354 2615 2493 Editur.
2639 2469 2704 2480 —
2728 2440 2892 2494 Num.
2916 2441 2966 2493 1.
2990 2438 3058 2493 Et
3080 2438 3129 2493 si
3148 2437 3371 2510 quidem
3392 2436 3702 2493 monachus
3726 2437 3830 2509 qui

2222 2527 2302 2582 eis
2324 2528 2684 2598 prtepositus,
2702 2533 2806 2582 etc.
2832 2526 3096 2581 Divinum
3112 2526 3192 2581 eis
3204 2526 3464 2595 o/ﬁcium,
3478 2541 3622 2597 pene
3632 2529 3697 2580 ut
3721 2541 3826 2580 su.

517 2626 659 2676 mus,
702 2618 756 2664 et
801 2608 876 2663 ibi
927 2609 1283 2680 explicuimus
1333 2611 1561 2681 qualiter
1609 2610 1995 2680 intelligendus
2041 2618 2122 2666 est
2219 2630 2326 2686 pra
2347 2615 2624 2686 scriptum
2642 2618 2747 2679 est,
2772 2613 3151 2683 festinantius
3175 2616 3386 2678 tamen,
3408 2612 3690 2684 persolvit.
3715 2612 3830 2666 Per

522 2698 676 2755 locus
703 2697 815 2768 ille,
849 2715 978 2755 raro
996 2699 1085 2755 hic
1107 2700 1285 2755 missa
1306 2701 1555 2765 canitur,
1591 2700 1736 2770 quod
1757 2700 1845 2755 hic
1876 2708 2122 2770 repetere
2219 2702 2542 2757 monachum
2570 2709 2977 2772 procuratorem
3022 2699 3289 2771 intelligit,
3330 2706 3383 2755 et
3428 2716 3493 2754 ex
3538 2699 3638 2754 hoc
3688 2699 3825 2755 loco

523 2786 856 2857 superﬂuum
884 2793 1049 2841 esset.

593 2874 732 2930 Ibid.
759 2876 889 2943 Quae
909 2875 1251 2931 consuetudo
1273 2874 1683 2930 abstinentiam
1719 2875 1869 2930 tollit
1888 2878 1944 2930 et
1966 2889 2126 2929 vena-

525 2964 622 3027 les,
671 2969 777 3018 etc.
816 2962 954 3017 Hinc
1002 2969 1151 3033 patet
1198 2978 1307 3033 quo
1356 2979 1571 3033 semper
1628 2962 1745 3017 zelo
1776 2960 2127 3035 ﬂagraverint

527 3052 713 3105 Patres
744 3049 938 3115 nostri,
972 3065 1135 3120 quem
1183 3049 1344 3103 etiam
1391 3050 1447 3103 in
1494 3050 1725 3115 statutis,
1760 3057 1863 3103 tam
1896 3048 2129 3119 antiquis

526 3154 686 3209 quam
703 3136 982 3191 modernis
1005 3152 1322 3207 expressum
1356 3137 1623 3204 videmus,
1644 3138 1712 3191 ad
1741 3136 2130 3191 eliminandum

529 3240 562 3280 a
591 3224 750 3279 nobis
792 3223 1053 3295 quidquid
1099 3232 1319 3294 pactum
1364 3224 1573 3279 redolet
1602 3240 1704 3295 pro
1736 3222 2012 3279 beneficiis
2042 3224 2131 3282 de.

524 3312 852 3369 functorum.
900 3312 1002 3367 Hic
1046 3320 1230 3367 autem
1275 3312 1486 3367 videtur
1531 3298 1652 3384 quae
1684 3320 1736 3367 et
1784 3311 1960 3383 qualis
2010 3318 2128 3365 erat

2223 2789 2408 2861 colligi
2438 2797 2617 2860 potest
2647 2789 2791 2860 quod
2822 2788 2978 2858 primi
3010 2789 3197 2843 Patres
3244 2794 3394 2843 recto
3436 2795 3563 2843 tono
3607 2787 3828 2858 psalle-

2222 2884 2358 2932 rent.
2391 2877 2529 2931 Nam
2557 2892 2679 2932 cum
2712 2883 2920 2933 certum
2952 2875 3021 2929 sit
3067 2883 3471 2945 procuratorem
3503 2874 3677 2929 solum
3709 2891 3827 2930 non

2224 2964 2467 3035 potuisse
2495 2981 2617 3019 cum
2650 2963 2789 3018 notis
2819 2971 2986 3018 totum
3013 2961 3245 3018 ofﬁcium
3266 2962 3617 3034 persolvere;
3650 2970 3703 3017 et
3738 2963 3831 3017 hic

2228 3053 2438 3107 dicatur
2469 3052 2618 3122 quod
2653 3050 2891 3107 divinum
2920 3048 3156 3105 ofﬁcium
3187 3050 3267 3105 eis
3309 3049 3569 3121 persolvit
3598 3065 3744 3120 pene
3775 3058 3834 3104 ut

2231 3155 2397 3209 supra
2428 3139 2683 3210 scriptum
2714 3146 2796 3193 est
2825 3138 2892 3192 de
2921 3138 3222 3205 monachis,
3270 3153 3334 3192 ea
3361 3145 3571 3192 tantum
3609 3145 3834 3192 servata

2231 3221 2547 3287 differentia,
2580 3229 2638 3276 ut
2683 3220 3023 3276 festinantius
3068 3219 3307 3275 ofﬁcium
3352 3220 3664 3291 persolvat;
3693 3219 3833 3274 inde

2232 3310 2513 3366 evidenter
2539 3316 2765 3379 apparet
2785 3307 2931 3379 quod
2958 3315 3281 3378 procurator
3328 3315 3477 3363 recto
3523 3315 3647 3363 tono
3693 3322 3836 3362 can-

527 3400 864 3457 consuetudo
930 3407 1119 3456 contra
1177 3415 1342 3472 quam
1406 3400 1681 3456 invehitur
1735 3398 1821 3457 vir
1886 3406 2123 3465 sanctus,
2148 3434 2200 3495 B
2234 3405 2390 3464 taret,
2424 3397 2562 3453 sicut
2612 3397 2665 3450 in
2712 3396 2946 3467 antiquis
2994 3395 3205 3450 statutis
3252 3402 3437 3466 aperte
3483 3394 3830 3465 exprimitur.

526 3488 773 3544 modeste
802 3496 1003 3556 tamen,
1026 3503 1154 3542 nam
1176 3488 1358 3543 statim
1379 3487 1562 3542 subdit
1593 3503 1606 3542 :
1645 3487 1798 3556 Quod
1821 3488 2009 3558 siquis
2032 3491 2125 3541 ta-
2148 3482 2199 3495 “’
2227 3487 2419 3541 Exstat
2448 3492 2630 3539 tamen
2659 3484 2881 3556 quidam
2910 3483 3171 3555 prologus
3190 3482 3245 3537 in
3267 3482 3439 3554 capite
3469 3484 3837 3554 quorumdam

532 3578 642 3633 lem
680 3576 1152 3633 consuetudinem
1189 3577 1538 3632 sententiose
1561 3578 1729 3648 jurat
1765 3564 2125 3644 laudabilem,

529 3680 645 3720 non
664 3667 1009 3727 resistimus,
1031 3672 1139 3719 etc.
1166 3664 1275 3719 Sed
1294 3663 2005 3719 nihilominusintralimites
2026 3678 2129 3733 ge-

530 3752 711 3808 nerosi
741 3752 842 3807 zeli
873 3760 1021 3807 stare
1050 3767 1159 3806 non
1191 3751 1420 3817 desistit,
1455 3766 1760 3823 provocans
1789 3751 1971 3805 talium
2001 3766 2131 3806 con-

530 3839 872 3895 suetudinum
920 3846 1174 3894 auctores
1220 3846 1273 3893 et
1318 3837 1552 3894 fautores
1607 3838 1678 3893 ad
1721 3837 1985 3907 judicium
2030 3837 2130 3893 Dei

531 3926 1008 3982 considerandum.

604 4015 769 4070 Num.
803 4018 857 4069 5.
906 4016 1172 4071 Nostrum
1212 4014 1618 4086 qualecunque,
1669 4021 1772 4068 etc.
1802 4013 2128 4084 penuriam,

533 4105 643 4160 Deo
664 4104 902 4173 gratias,
927 4118 1055 4158 raro
1078 4104 1256 4158 sentit
1280 4106 1383 4157 aut
1402 4101 1834 4156 abundantiam.
1860 4100 1959 4156 Hic
1973 4100 2119 4155 vide-

534 4198 622 4245 tur
647 4204 810 4261 quam
837 4190 1084 4245 modeste
1114 4198 1168 4244 et
1189 4188 1463 4244 humiliter
1491 4189 1558 4243 de
1591 4204 1650 4243 se
1683 4188 1944 4243 sentirent
1973 4187 2133 4258 primi

535 4278 718 4333 Patres
747 4277 939 4344 nostri,
974 4277 1065 4348 qui
1094 4276 1318 4333 vilitatis
1374 4276 1674 4347 epithetum
1715 4292 1812 4331 suo
1853 4275 2132 4347 proposito

532 4372 808 4431 attexunt,
868 4373 923 4420 ut
970 4365 1320 4420 ostenderent
1347 4373 1604 4435 quantum
1635 4363 1893 4418 distarent
1945 4363 2015 4417 ab
2043 4363 2132 4417 iu-

529 4454 769 4510 tentione
793 4453 1104 4525 opinionem
1151 4452 1429 4507 hominum
1485 4451 1590 4505 sibi
1615 4450 1742 4505 inde
1786 4450 2129 4516 conciliandi,

533 4549 588 4598 et
635 4550 894 4613 quantum
956 4540 1254 4605 humilitas,
1311 4539 1545 4608 abjectio
1591 4546 1644 4593 et
1691 4539 1866 4593 vilitas
1913 4554 1947 4593 a
1987 4538 2134 4593 veris

534 4629 899 4684 Carthusianis
928 4637 1111 4684 essent
1158 4643 1376 4699 semper
1403 4627 1460 4681 in
1505 4626 1678 4697 pretio
1705 4626 1986 4682 habenda.
2017 4628 2133 4696 Ap-

535 4725 691 4789 paret
757 4717 920 4773 etiam
967 4717 1114 4789 quod
1160 4732 1247 4771 res
1285 4722 1497 4769 nostras
1544 4714 1601 4768 in
1649 4729 1716 4768 ea
1764 4713 2134 4769 mediocritate

2227 3572 2740 3644 Antiphonariorum
2770 3571 2998 3642 positus,
3031 3571 3124 3642 qui
3161 3570 3227 3625 R.
3260 3571 3325 3624 Ρ.
3364 3570 3598 3643 Guigoni
3629 3570 3836 3626 tribui-

2228 3670 2329 3716 tur.
2363 3661 2470 3715 Sed
2501 3676 2626 3716 cum
2655 3659 2730 3714 ibi
2766 3666 2972 3714 tantum
3024 3658 3093 3713 de
3138 3658 3508 3728 Antiphonarii
3555 3659 3837 3728 composi-

2229 3749 2373 3804 tione
2405 3756 2614 3819 agatur,
2649 3756 2702 3802 et
2742 3755 2929 3802 cantus
2975 3745 3213 3801 studium
3257 3746 3460 3801 ibidem
3506 3745 3834 3816 parvipendi

2229 3837 2495 3903 videatur,
2539 3834 2726 3890 fortior
2772 3833 2984 3891 videtur
3029 3832 3316 3904 praesentis
3362 3832 3466 3888 loci
3507 3833 3833 3899 auctoritas,

2230 3940 2386 3995 quam
2416 3922 2632 3995 prologi
2661 3922 2835 3987 istius,
2870 3921 2960 3992 qui
2988 3921 3057 3976 de
3098 3921 3217 3976 solo
3248 3920 3451 3976 selectu
3481 3927 3534 3975 et
3562 3920 3838 3990 composi-

2231 4012 2375 4066 tione
2404 4010 2600 4065 littera:
2626 4008 3002 4079 Antiphonarii
3029 4007 3258 4079 intelligi
3305 4016 3503 4079 potest,
3535 4007 3621 4062 vel
3650 4007 3697 4061 si
3724 4008 3835 4062 ali-

2233 4114 2392 4170 quem
2425 4105 2641 4154 cantum
2677 4096 2941 4164 admittat,
2990 4095 3267 4151 diversum
3292 4111 3322 4148 a
3351 4094 3687 4167 Gregoriano
3715 4111 3834 4166 quo

2232 4201 2375 4241 nunc
2395 4186 2611 4252 utimur,
2644 4192 2697 4241 et
2744 4198 2810 4240 eo
2856 4183 3271 4240 succinctiorem
3326 4181 3495 4239 fuisse
3523 4199 3631 4238 non
3659 4181 3833 4238 dubi-

2232 4281 2408 4328 tamus
2421 4314 2434 4328 .

2303 4361 2443 4415 Ibid.
2477 4361 2649 4428 Quem
2677 4361 2789 4432 ipsi
2817 4376 3034 4416 summo
3054 4359 3263 4417 studio.
3296 4360 3376 4414 Ex
3407 4360 3512 4415 hoc
3536 4358 3656 4414 loco
3684 4366 3737 4414 et
3761 4376 3830 4415 ex

2233 4448 2480 4519 sequenti
2518 4448 2754 4519 capitulo
2799 4455 3020 4518 apparet
3070 4447 3235 4518 quod,
3286 4455 3556 4517 praesente
3601 4446 3827 4513 clerico,

2236 4537 2328 4608 qui
2372 4536 2615 4591 divinum
2661 4534 2895 4591 officium
2936 4535 3016 4590 eis
3055 4535 3133 4590 sic
3175 4535 3532 4605 persolveret,
3583 4534 3714 4589 nihil
3764 4551 3833 4591 ex

2236 4641 2330 4679 sua
2358 4632 2510 4696 parte
2539 4624 2801 4689 dicerent,
2852 4622 2951 4678 sed
2997 4622 3115 4678 sola
3156 4623 3482 4689 assistentia,
3533 4622 3830 4679 attentione

2237 4720 2291 4767 et
2353 4712 2805 4768 caeremoniarum
2852 4710 3166 4779 imitatione,
3210 4726 3345 4782 quas
3389 4726 3489 4781 per
3544 4712 3832 4782 religiosos

537 4804 792 4860 constitui
828 4804 1050 4871 vellent,
1101 4818 1267 4873 quam
1294 4818 1323 4855 a
1353 4802 1468 4856 Deo
1515 4800 1731 4871 petebat
1757 4800 2016 4855 Salomon
2045 4800 2134 4854 di-
2165 4790 2211 4850 Ο
2231 4804 2418 4857 motus
2445 4799 2697 4869 exprimit
2726 4798 3061 4854 reverendus
3088 4797 3338 4869 scriptor,
3390 4797 3572 4854 officio
3614 4797 3829 4853 satisfa-

538 4908 671 4948 cens
696 4906 709 4945 :
730 4891 1153 4947 Mendicitatem
1174 4893 1231 4944 et
1251 4889 1478 4945 divitias
1500 4903 1570 4944 ne
1594 4887 1809 4944 dederis
1838 4888 2000 4955 mihi,
2026 4895 2130 4943 etc.

542 4980 726 5049 (Prov.
756 4992 899 5043 xxx,
933 4977 1008 5047 8).

533 5081 541 5090 '
614 5066 751 5120 Ibid.
766 5066 907 5120 Nam
927 5064 978 5118 si
992 5064 1116 5135 quis
1128 5063 1286 5118 nobis
1301 5065 1484 5134 pisces
1504 5068 1606 5119 aut
1626 5063 1946 5133 hujusmodi
1966 5064 2133 5118 mise-

540 5156 619 5211 rit
651 5152 886 5223 atiquid,
920 5158 1022 5206 etc.
1055 5150 1153 5206 Hic
1180 5150 1420 5222 loquitur
1446 5167 1546 5222 per
1574 5150 1970 5220 oppositionem
2001 5165 2135 5205 con-

543 5238 817 5296 suetudini
845 5238 923 5292 illi
951 5254 1109 5309 quam
1140 5254 1303 5308 supra
1352 5238 1703 5308 reprehendit
1738 5237 1793 5290 in
1824 5237 2020 5291 missas
2047 5237 2135 5292 fa-

543 5344 668 5386 cere
697 5326 894 5398 paratis
924 5326 1084 5381 toties
1111 5342 1310 5396 nempe
1340 5326 1624 5396 splendide
1644 5325 1895 5395 epulandi
1926 5324 2138 5395 quoties

543 5414 706 5486 aliqui
736 5430 833 5485 pro
884 5414 997 5468 suis
1038 5414 1117 5468 eis
1156 5412 1424 5469 voluerint
1452 5413 1707 5467 exhibere
1748 5411 2052 5478 defunctis;
2087 5420 2140 5466 et

545 5502 798 5581 exprimit
825 5501 1056 5573 qualiter
1085 5500 1345 5557 utendum
1388 5500 1546 5554 nobis
1588 5499 1657 5553 sit
1708 5499 2022 5553 muneribus
2071 5499 2140 5553 ad

545 5606 648 5646 nos
692 5588 877 5645 missis
920 5603 1021 5658 pro
1058 5594 1221 5658 pastu
1266 5594 1584 5654 conventus,
1632 5601 1752 5656 quae
1806 5585 1890 5639 his
1934 5593 2139 5642 tantum

524 5677 739 5751 diebus
767 5675 1156 5740 ministrentur,
1191 5671 1388 5751 quibus
1417 5689 1515 5753 per
1542 5680 1739 5735 statuta
1766 5672 1918 5729 licet.

2234 4896 2442 4945 cerent.

2274 4977 2445 5043 _Num.
2467 4979 2522 5032 2.
2542 4977 2629 5031 Ea:
2650 4976 2844 5048 quibus
2859 4975 2922 5029 in
2942 4974 3125 5046 vigilii
3172 4975 3598 5030 solemnitatum
3619 4976 3680 5029 in
3700 4977 3831 5046 qui-

2235 5065 2334 5120 bus
2363 5064 2682 5135 capitulum
2715 5066 2962 5127 tenetur,
2987 5070 3091 5117 etc.
3114 5062 3192 5115 Ex
3222 5061 3325 5116 hoc
3356 5062 3476 5117 loco
3505 5062 3727 5117 evidens
3748 5070 3831 5117 est

2236 5147 2383 5218 quod
2414 5148 2477 5203 Il.
2510 5148 2569 5201 P.
2594 5146 2772 5218 Guigo
2793 5145 3141 5218 quidcunque
3162 5144 3358 5200 festum
3381 5145 3598 5217 capituli
3625 5145 3830 5201 solem-

2236 5236 2460 5290 nitatem
2488 5243 2662 5290 vocat.

2308 5323 2446 5376 Ibid.
2475 5323 2779 5377 Matutinus
2801 5325 2861 5377 et
2878 5326 3147 5377 caeterum
3167 5337 3395 5376 sacrum
3414 5322 3657 5391 ofﬁcium
3674 5323 3833 5377 audi-

2241 5412 2378 5477 turi,
2411 5416 2514 5464 etc.
2545 5410 2626 5463 De
2657 5408 2840 5462 auditu
2872 5408 2988 5462 solo
3027 5407 3189 5463 officii
3238 5408 3326 5462 hic
3355 5406 3413 5461 ﬁt
3440 5409 3663 5475 mentio,
3719 5426 3826 5464 non

2241 5496 2556 5551 recitatione
2588 5496 2789 5566 aliqua.
2821 5495 2929 5549 Cur
2965 5503 3142 5549 autem
3196 5494 3251 5548 id
3280 5503 3541 5549 mutatum
3572 5495 3749 5562 fuerit,
3780 5506 3833 5552 et

2240 5598 2386 5638 nunc
2428 5583 2599 5638 nostri
2665 5583 2935 5638 conversi.
2981 5588 3211 5638 canente
3256 5591 3544 5648 conventu,
3594 5582 3831 5640 ofﬁcium

2243 5686 2397 5726 suum
2424 5670 2756 5741 persolvant,
2805 5677 2965 5741 prout
3017 5669 3243 5728 absente
3289 5669 3492 5730 clerico
3539 5670 3664 5729 illos
3710 5680 3831 5731 tunc
