3940 6418
195 361 306 420 725
1535 365 2120 426 CONSUETUDINES
2133 410 2146 423 .
3392 377 3498 430 ’726

273 495 327 546 3.
359 493 658 548 Ascensuri
684 498 883 561 autem,
913 493 982 548 ad
1012 495 1385 566 coquinarium
1414 495 1654 557 veniunt,
1689 499 1744 546 et
1770 508 1892 552 cum
1927 494 2043 562 ejus
2070 492 2309 558 licentia,
2341 499 2557 547 servato
2588 500 2819 564 pergent
2839 492 3072 560 silentio,
3107 496 3252 566 quod
3280 513 3489 567 praece-

203 587 346 656 perit
375 590 674 658 portaturi;
708 589 782 644 ibi
813 605 1048 661 quoque,
1078 591 1132 644 id
1161 600 1243 646 est
1274 591 1544 662 superius,
1575 589 1712 646 sicut
1730 589 1951 662 ubique,
1985 605 2015 642 a
2047 588 2401 661 completorio
2450 603 2625 660 usque
2654 597 2779 660 post
2809 589 3058 660 primam,
3091 599 3143 647 et
3173 609 3203 646 a
3250 595 3492 664 capitulo

206 699 380 755 usque
409 693 533 754 post
562 700 782 755 nonam,
815 686 869 740 in
917 686 1132 742 silentio
1160 696 1560 758 permanentes.

276 782 330 834 4.
363 779 694 852 Coquinario
722 788 904 838 tamen
934 790 987 838 et
1017 783 1266 852 adjutori,
1299 785 1413 840 sive
1443 785 1782 854 adjutoribus
1811 785 1947 852 ejus,
1979 784 2048 839 de
2091 783 2421 838 necessariis
2473 783 2621 855 loqui
2673 783 2818 840 licet.
2879 785 3014 840 Cum
3069 785 3283 842 silentio
3325 787 3487 844 etiam

203 875 564 945 descendunt,
588 877 734 950 quod
757 879 895 948 jussi
923 879 1124 935 fuerint
1153 888 1518 951 reportantes,
1549 895 1811 951 vesperae
1841 879 1896 934 in
1924 880 2135 950 capella
2162 896 2193 934 a
2222 881 2478 952 deputato
2509 880 2613 934 sibi
2640 882 2904 937 monacho
2947 881 3204 937 audituri.

1548 1003 1632 1058 CA
1641 1003 1946 1058 PITULUM
1973 1001 2143 1056 XLIII

1011 1100 1154 1154 Item
1183 1101 1250 1155 de
1278 1094 1472 1156 eadem
1503 1117 1582 1168 re,
1606 1105 1661 1155 et
1690 1115 1794 1172 quo
1828 1103 2075 1170 tempore
2107 1098 2178 1152 ad
2209 1098 2382 1155 lectos
2411 1099 2671 1155 redeant.

275 1193 324 1245 ι.
359 1190 584 1259 Quoties
613 1201 792 1248 autem
821 1202 944 1248 sunt
971 1194 1091 1250 sine
1122 1195 1344 1262 clerico,
1378 1195 1694 1250 Orationem
1728 1195 2066 1251 Dominicam
2094 1211 2193 1266 pro
2222 1195 2448 1266 psalmis
2469 1197 2692 1265 habent,
2726 1205 2779 1254 et
2807 1198 2876 1254 de
2906 1215 2969 1255 ea
2998 1200 3164 1255 horas
3193 1215 3407 1266 omnes,
3441 1208 3496 1256 et

201 1294 387 1354 totum,
419 1289 728 1361 ubicunque
758 1291 883 1360 sint,
929 1291 1204 1362 complent
1248 1291 1503 1348 ofﬁcium.

263 1388 316 1439 2.
352 1385 412 1439 In
441 1385 717 1440 matutinis
747 1386 933 1459 igitur,
964 1387 1011 1442 si
1039 1387 1326 1443 duodecim
1373 1389 1668 1444 lectionum
1699 1389 1894 1444 festum
1925 1397 2026 1456 est,
2063 1389 2304 1446 inclinati
2334 1398 2564 1457 tantum,
2595 1391 2729 1446 alias
2757 1391 2900 1448 enim
2932 1407 3099 1462 super
3129 1391 3334 1447 formas
3382 1408 3488 1447 se-

195 1480 320 1545 mel,
347 1483 518 1536 Pater
544 1487 737 1538 noster
755 1499 878 1540 cum
910 1499 1113 1557 magna
1141 1485 1326 1540 dicunt
1355 1487 1648 1541 attentione
1672 1506 1686 1552 ;
1719 1487 1916 1542 deinde
1947 1487 2117 1542 erecti
2147 1487 2395 1542 eamdem
2425 1488 2604 1543 sexies
2634 1496 2883 1558 repetunt
2911 1489 3230 1553 orationem,
3253 1505 3352 1560 per
3373 1490 3458 1545 sin

192 1574 356 1646 gulas
376 1577 760 1646 supplicantes,
794 1587 847 1634 et
882 1580 1069 1636 Gloria
1100 1582 1264 1638 Patri
1292 1583 1555 1638 dicentes.
1590 1583 1798 1638 Deinde
1847 1583 2136 1638 considunt
2180 1590 2234 1638 et
2282 1583 2527 1638 eamdem
2558 1585 2858 1639 orationem
2889 1583 2974 1638 bis
3012 1593 3064 1639 et
3094 1585 3269 1656 vigies
3327 1602 3490 1656 repe-

193 1675 332 1723 tunt.
364 1671 432 1724 Et
460 1679 652 1740 postea
683 1681 974 1744 surgentes
1003 1675 1250 1731 eamdem
1281 1691 1403 1731 cum
1435 1678 1850 1748 supplicatione,
1885 1686 1957 1744 et,
1986 1679 2175 1734 Gloria
2197 1681 2360 1734 Patri
2389 1679 2568 1734 sexies
2587 1681 2802 1746 iterant,
2825 1695 2888 1736 ac
2917 1681 3176 1752 deinceps
3208 1682 3263 1736 in
3293 1682 3488 1738 stando

190 1776 614 1836 perseverantes
643 1769 816 1840 ipsam
843 1771 1095 1827 eamdem
1133 1772 1251 1829 sine
1283 1773 1474 1830 Gloria
1505 1783 1558 1830 et
1597 1775 1993 1846 supplicatione
2020 1775 2212 1848 viginti
2242 1783 2294 1831 et
2350 1776 2560 1831 duabus
2590 1776 2802 1833 vicibus
2846 1777 3052 1834 dicunt.
3085 1777 3262 1848 Quam
3317 1778 3482 1835 etiam

191 1878 294 1933 pro
323 1864 550 1920 collecta
583 1866 752 1922 semel
787 1867 1141 1940 subjungunt.

263 1965 316 2016 3.
351 1963 477 2017 Post
505 1964 795 2019 matutinas
821 1965 890 2020 ad
909 1965 1211 2022 orationem
1253 1967 1599 2023 constitutam
1654 1967 1929 2023 festinant.
1964 1968 2143 2037 Quam
2171 1969 2296 2025 ideo
2352 1969 2596 2026 scribere
2643 1969 2917 2037 nolumus,
2959 1971 3105 2043 quia,
3169 1971 3490 2044 vulgaribus

187 2058 398 2128 verbis,
429 2060 548 2114 aliis
578 2061 646 2115 ab
676 2061 795 2134 aliis
825 2062 1142 2117 insinuatur.

263 2155 314 2209 ι.
350 2157 417 2210 Et
447 2156 576 2228 quia
604 2173 636 2212 a
663 2158 923 2213 Kalendis
954 2159 1206 2214 Octobris
1239 2173 1414 2229 usque
1442 2157 1511 2212 ad
1543 2157 1750 2212 Pascha
1798 2172 1907 2211 non
1936 2155 2144 2211 reditur
2170 2156 2240 2210 ad
2267 2155 2458 2220 lectos,
2487 2156 2541 2210 in
2572 2161 2747 2228 spatio
2779 2163 2924 2232 quod
2957 2179 3130 2234 usque
3160 2164 3230 2218 ad
3258 2165 3490 2236 primam

185 2261 450 2319 remanet,
481 2269 580 2323 pro
609 2255 904 2325 quantitate
933 2255 1172 2311 noctium
1203 2255 1428 2327 longum
1460 2253 1545 2308 vel
1577 2253 1759 2317 breve,
1794 2261 1974 2307 vestes
2004 2268 2127 2306 suas
2157 2259 2335 2320 suunt,
2370 2251 2453 2306 vel
2486 2254 2757 2310 sotulares
2810 2266 3038 2329 ungunt,
3071 2259 3158 2314 vel
3191 2276 3349 2330 rapas
3395 2277 3486 2315 ra-

185 2346 345 2413 dunt,
379 2349 465 2404 vel
497 2350 694 2422 siquid
721 2351 865 2435 aliud
895 2352 975 2406 eis
1004 2352 1304 2420 injunctum
1330 2357 1432 2415 est,
1466 2349 1583 2406 sine
1612 2349 1840 2420 strepitu
1870 2348 2144 2416 duntaxat,
2177 2355 2487 2420 operantur.
2537 2351 2594 2405 Si
2649 2352 2780 2406 nihil
2814 2354 2919 2410 tale
2958 2363 3136 2428 urget,
3195 2342 3492 2414 intendunt

187 2444 426 2500 orationi
470 2455 730 2518 quantum
777 2457 1023 2518 possunt.

261 2545 324 2596 5.
361 2545 408 2597 Α
439 2544 648 2599 Pascha
677 2561 850 2616 usque
880 2545 951 2600 ad
979 2545 1252 2600 Kalendas
1283 2543 1536 2600 Octobris
1567 2544 1634 2598 ad
1652 2544 1821 2599 lectos
1837 2543 2086 2609 redeunt,
2111 2542 2166 2597 in
2193 2558 2301 2614 quo
2330 2550 2440 2599 toto
2463 2546 2721 2614 temporis
2749 2548 2943 2618 spatio,
2977 2557 3097 2605 orto
3144 2549 3260 2606 sole
3311 2551 3490 2622 prima

185 2638 460 2708 pulsatur.
486 2641 544 2694 In
573 2657 752 2698 messe
783 2649 988 2712 tamen,
1019 2650 1178 2713 prout
1207 2641 1505 2696 necessitas
1533 2641 1790 2711 postulat,
1831 2639 2009 2694 citius.
2043 2639 2254 2694 Abinde
2283 2656 2455 2711 usque
2484 2642 2550 2696 ad
2582 2643 2788 2698 Pascha
2827 2661 3040 2701 summo
3069 2662 3226 2702 mane
3257 2648 3488 2718 primam

184 2736 263 2796 ita
294 2737 558 2809 incipiunt
589 2753 602 2791 :
635 2740 995 2812 Adjutorium
1027 2743 1286 2796 nostrum
1308 2740 1370 2793 in
1402 2739 1631 2793 nomine
1662 2737 1903 2801 Domini,
1929 2737 2023 2807 qui
2051 2739 2190 2806 fecit
2213 2737 2412 2792 caelum
2444 2744 2500 2793 et
2528 2743 2784 2808 terram,-
2821 2741 3039 2811 deinde,
3075 2745 3246 2800 Pater
3287 2750 3486 2802 nostra

187 2854 315 2895 cum
370 2836 559 2892 Gloria
593 2837 777 2903 Patri,
812 2842 864 2890 et
894 2835 1078 2902 venia,
1115 2835 1204 2892 vel
1234 2834 1626 2905 supplicatione
1658 2834 1956 2888 secundum
1980 2841 2212 2904 tempus,
2247 2833 2441 2900 tertio;
2470 2843 2660 2906 quarto
2687 2838 2850 2892 etiam
2870 2855 2970 2908 pro
3006 2839 3254 2896 collecta.
3280 2843 3340 2896 In
3370 2859 3483 2898 cae-

186 2933 324 2990 teris
352 2933 504 2988 horis
526 2931 794 3000 similiter,
819 2939 1046 3003 excepto
1077 2931 1222 3004 quod
1251 2931 1306 2986 in
1333 2931 1580 3002 vesperis
1607 2947 1773 2985 unum
1807 2929 2021 2984 additur
2051 2934 2221 2986 Pater
2240 2937 2455 2986 noster.
2482 2933 2607 2986 Post
2629 2935 3038 3005 completorium
3058 2936 3230 2994 lectos
3259 2939 3480 3010 adeunt,

181 3039 255 3097 et,
290 3038 348 3084 ut
377 3028 666 3095 dormiant,
701 3036 976 3102 satagunt,
1007 3044 1076 3084 ne
1107 3027 1267 3094 forte,
1293 3042 1418 3084 cum
1451 3027 1676 3100 vigilare
1717 3027 2024 3096 debuerint,
2082 3027 2320 3082 dormire
2350 3028 2764 3099 compellantur.

1554 3149 2126 3205 COMMENTARIUS.

178 3249 366 3305 facere
396 3246 652 3302 debuisse
697 3247 754 3301 in
798 3247 1044 3318 sequenti
1075 3246 1310 3318 capitulo
1339 3247 1685 3303 describitur.
1719 3247 1776 3300 Id
1799 3250 1852 3307 A
1949 3247 2112 3302 Num.
2134 3249 2186 3302 4.
2217 3249 2475 3319 Vesperas
2497 3251 2559 3304 in
2579 3251 2818 3321 capella,
2843 3258 2967 3317 etc.,
2985 3251 3260 3308 audituri.
3287 3254 3478 3314 Adhuc

178 3335 502 3409 provenisse
569 3335 898 3390 arbitramur
944 3351 1011 3390 ex
1050 3335 1424 3390 dissuetudine
1473 3335 1782 3389 introducta
1881 3336 1947 3389 de
1981 3335 2211 3405 simplici
2241 3335 2426 3389 auditu
2455 3337 2544 3391 hic
2574 3335 2631 3390 tit
2659 3338 2882 3392 mentio.

177 3423 487 3480 aedificandi
544 3422 600 3477 in
657 3423 856 3479 nostris
915 3423 1168 3478 domibus
1236 3423 1428 3478 domos
1473 3422 1775 3478 inferiores.

1951 3423 2144 3476 Totum
2176 3424 2279 3478 hoc
2326 3423 2621 3494 capitulum
2669 3425 2899 3480 relatum
2939 3426 3110 3482 habes
3147 3428 3204 3482 in
3241 3429 3475 3503 antiquis

176 3513 336 3569 Unde
367 3511 568 3566 factum
607 3519 688 3566 est
717 3519 775 3565 ut
803 3526 994 3566 omnes
1039 3511 1290 3567 conversi
1339 3511 1394 3565 in
1423 3512 1587 3566 domo
1619 3527 1781 3582 supe-
1879 3511 2092 3564 statutis
2122 3519 2275 3580 parte
2305 3526 2384 3576 III,
2420 3526 2542 3582 cap.
2580 3516 2629 3577 1,
2663 3529 2811 3568 num.
2847 3517 2869 3566 1
2907 3523 2960 3568 et
2987 3531 3142 3586 seqq.

179 3600 310 3656 riori
344 3599 638 3654 existentes
662 3598 737 3653 ibi
780 3599 1059 3654 nocturnis
1088 3597 1278 3654 ofﬁciis
1307 3599 1574 3654 interesse
1603 3599 1777 3654 debe-

176 3696 317 3753 rent,
362 3686 560 3758 quibus
617 3703 681 3742 ex
745 3694 905 3742 cantu
960 3687 1344 3757 prolixioribus
1402 3686 1629 3751 eﬂectis,
1677 3686 1778 3741 ista

175 3792 409 3847 precum
437 3775 706 3831 vocalium
736 3775 1020 3845 occupatio
1051 3775 1130 3829 eis
1163 3775 1438 3844 assignate
1468 3774 1583 3839 fuit,
1615 3791 1683 3829 ne
1719 3774 1776 3828 in

175 3865 369 3928 otium,
403 3873 494 3917 aut
524 3862 760 3929 taedium,
792 3870 879 3917 aut
909 3878 1180 3930 somnum,
1215 3862 1539 3917 durantibus
1567 3862 1778 3916 matuti-

177 3953 282 4015 nis,
317 3951 652 4006 deciderent.

245 4040 386 4094 Ibid.
410 4041 480 4093 Et
501 4039 550 4093 si
569 4055 704 4110 quas
726 4037 934 4094 habent
974 4039 1170 4108 culpas
1195 4037 1562 4105 conﬁtentur.
1589 4037 1648 4090 Id
1669 4052 1772 4106 po-

178 4136 284 4183 test
314 4126 542 4197 intelligi
589 4134 698 4180 tum
729 4125 797 4180 de
827 4124 1170 4180 confessione
1217 4125 1608 4190 sacramentali,
1661 4132 1772 4178 tum

173 4217 242 4271 de
264 4214 486 4286 publica
506 4213 878 4286 recognitione
907 4213 1208 4283 culparum,
1233 4229 1354 4267 nam
1376 4220 1603 4284 utraque
1635 4211 1772 4266 solet

176 4303 292 4364 fieri
320 4303 464 4372 apud
493 4317 592 4356 nos
619 4309 742 4372 post
771 4301 1086 4371 capitulum.
1129 4301 1366 4356 Sabbato
1400 4300 1618 4371 quidem
1648 4307 1773 4370 post

177 4390 581 4447 recordationes
609 4389 677 4444 ad
722 4389 1121 4444 confessionem
1154 4388 1598 4444 sacramentalem
1629 4396 1770 4440 tem-

169 4496 273 4549 pus
302 4477 582 4533 monachis
610 4477 925 4550 assignatur
955 4492 1120 4547 supra
1150 4492 1271 4547 cap.
1301 4480 1356 4542 7,
1388 4492 1536 4530 num.
1570 4479 1624 4531 2.
1661 4475 1770 4530 Sed

1949 3599 2083 3652 CAP.
2117 3598 2308 3652 XLIII.
2345 3629 2414 3638 —
2442 3599 2605 3654 Num.
2642 3603 2692 3654 1.
2725 3602 2943 3669 Quoties
2971 3607 3182 3660 autem.
3208 3604 3338 3660 Inde
3360 3607 3474 3661 evi-

1877 3686 2013 3740 dens
2040 3694 2121 3741 est
2154 3687 2299 3758 quod
2330 3687 2558 3743 absente
2586 3695 2790 3743 tantum
2820 3698 3177 3759 procuratore
3198 3699 3324 3747 tunc
3346 3693 3470 3764 ipsi-

1876 3783 1985 3828 met
2014 3774 2306 3828 matutinas
2344 3775 2739 3844 persolverent,
2783 3784 2834 3830 et
2864 3793 2964 3846 pro
2993 3779 3218 3846 psalmis
3247 3779 3464 3836 Oratio-

1875 3878 2000 3915 nem
2032 3862 2361 3917 dominicam
2411 3863 2705 3930 haberent,
2736 3863 2885 3918 illam
2917 3865 3200 3921 recitantes
3227 3868 3390 3922 modo
3420 3877 3474 3924 ct

1875 3965 2104 4004 numero
2152 3951 2246 4020 qui
2291 3950 2378 4005 hic
2421 3951 2755 4021 exprimitur.
2807 3953 2962 4008 Unde
2993 3961 3206 4009 constat
3235 3954 3469 4011 ofﬁcium

1873 4045 2184 4092 nostrorum
2233 4053 2625 4092 conversorum
2673 4047 2799 4094 tunc
2843 4039 3012 4095 fuisse
3070 4041 3234 4112 longe
3291 4043 3470 4099 minus

1872 4125 2140 4195 prolixum
2173 4141 2334 4196 quam
2363 4141 2507 4181 nunc
2538 4134 2638 4180 est.
2669 4127 2810 4180 Nam
2849 4135 2973 4182 tunc
3002 4132 3068 4181 58
3101 4129 3308 4184 vicibus
3335 4130 3468 4185 Ora-

1873 4213 2073 4267 tionem
2118 4213 2458 4268 Dominicam
2502 4214 2820 4283 repetebant
2860 4224 2912 4269 et
2943 4220 3007 4272 12
3039 4216 3246 4271 vicibus
3278 4219 3468 4273 Gloria

1873 4303 2034 4356 Patri
2063 4317 2163 4370 pro
2196 4308 2304 4355 toto
2333 4299 2508 4355 ofﬁcio
2530 4309 2832 4367 nocturno;
2864 4319 2965 4371 pro
2981 4303 3177 4359 diurno
3198 4313 3374 4359 autem
3396 4309 3464 4361 25

1871 4388 2080 4443 vicibus
2109 4387 2427 4442 Orationem
2457 4387 2817 4453 Dominicam,
2853 4397 2902 4443 et
2938 4393 3006 4445 24
3039 4391 3226 4446 Gloria
3256 4393 3420 4446 Patri
3448 4413 3466 4448 :

1870 4476 2001 4530 nihil
2033 4491 2160 4531 vero
2190 4475 2488 4530 reddebant
2518 4491 2615 4545 pro
2647 4475 2824 4531 oﬂicio
2853 4477 2921 4532 de
2950 4479 3008 4530 B.
3044 4479 3236 4534 Maria.

173 4567 298 4638 quia
327 4565 580 4622 conversi
609 4573 737 4621 tunc
767 4581 874 4619 non
905 4565 1125 4619 aderant
1156 4572 1210 4619 et
1239 4564 1382 4620 circa
1404 4563 1512 4618 alia
1532 4579 1765 4634 occupa-
1795 4597 1846 4655 Β
1939 4565 2102 4618 Num.
2135 4568 2188 4618 3.
2223 4566 2352 4618 Post
2380 4564 2703 4618 matutinas
2737 4564 2808 4618 ad
2830 4565 3147 4620 oratio-nem
3181 4567 3464 4622 constitu-

168 4656 382 4721 bantur,
428 4654 576 4708 aliud
617 4660 848 4724 tempus,
899 4669 1094 4723 nempe
1140 4661 1260 4723 post
1319 4652 1636 4723 capitulum,
1687 4652 1766 4706 eis

172 4743 505 4813 assignatur.

245 4831 408 4885 Num.
443 4834 495 4886 3.
531 4830 830 4885 Ascensuri
865 4835 1061 4884 autem
1100 4829 1172 4883 ad
1210 4829 1623 4900 coquinarium,
1658 4835 1760 4882 etc.

173 4919 294 4973 Jam
324 4919 557 4975 diximus
586 4918 732 4989 quod
761 4917 1104 4988 coquinarius
1135 4924 1251 4971 erat
1272 4916 1437 4970 veluti
1458 4916 1764 4986 praecipuus

176 5022 511 5072 oeconomus,
562 5005 653 5078 qui
682 5005 841 5061 etiam
881 5005 1029 5060 vices
1066 5004 1428 5075 procuratoris
1458 5003 1677 5074 agebat,
1711 5011 1764 5057 et

174 5096 226 5150 in
255 5095 441 5149 multis
470 5094 711 5150 licentias
741 5093 926 5148 dabat.

247 5183 384 5237 Ibid.
420 5183 498 5238 Ibi
525 5197 754 5254 quoque,
793 5182 850 5236 id
883 5185 966 5236 est
1003 5184 1283 5251 superius,
1324 5182 1470 5235 sicut
1511 5180 1708 5250 ubique
1730 5195 1764 5233 a

175 5271 554 5342 completorio,
579 5277 684 5324 etc.
716 5273 772 5324 et
790 5287 824 5324 a
843 5269 1113 5340 capitulo,
1138 5275 1241 5322 etc.
1268 5268 1473 5321 Sensus
1495 5266 1637 5320 illius
1657 5267 1762 5321 loci

175 5367 252 5411 est
283 5359 430 5428 quod
459 5357 651 5411 fratres
691 5356 745 5410 in
773 5357 936 5410 domo
967 5355 1236 5424 superiori
1267 5355 1580 5418 existentes,
1613 5369 1645 5406 a
1671 5370 1764 5408 ca-

171 5445 338 5514 pitulo
369 5461 544 5516 usque
583 5452 706 5514 post
731 5460 948 5508 nonam,
996 5443 1196 5496 debent
1225 5443 1415 5497 eodem
1446 5442 1608 5495 modo
1639 5458 1762 5495 ser-

175 5548 302 5587 vare
331 5532 627 5596 silentium,
669 5548 776 5603 quo
823 5531 1023 5602 ubique
1061 5537 1210 5584 extra
1249 5530 1467 5584 domum
1511 5529 1763 5598 superio-

172 5636 285 5674 rem
321 5621 638 5687 existentes,
690 5619 822 5673 illud
851 5633 1075 5674 servare
1111 5617 1310 5673 debent
1339 5632 1372 5674 a
1410 5615 1762 5688 completorio

173 5723 342 5781 usque
370 5715 497 5782 post
521 5706 777 5778 primam.

1870 4655 2008 4716 tam,
2053 4659 2156 4707 etc.
2206 4651 2303 4705 Hic
2350 4651 2523 4721 agitur
2569 4650 2637 4704 de
2685 4651 2923 4720 quadam
2977 4651 3212 4706 formula
3251 4653 3463 4709 devotae

1866 4740 2124 4794 orationis
2165 4755 2326 4810 quam
2355 4739 2530 4792 adhuc
2569 4742 2892 4793 maternam
2931 4748 3146 4805 vocant,
3181 4741 3307 4812 quia
3336 4757 3457 4795 ma-

1868 4835 2022 4882 terna
2053 4828 2240 4900 lingua
2271 4826 2346 4895 fit,
2378 4835 2429 4881 et
2459 4827 2527 4880 ab
2558 4825 2789 4880 invicem
2822 4826 2968 4880 illam
2997 4828 3304 4882 addiscunt.

1937 4917 2099 4970 Num.
2135 4918 2188 4970 4.
2222 4919 2289 4970 Et
2329 4917 2461 4986 quia
2491 4932 2524 4968 a
2562 4914 2828 4968 Kalendis
2871 4915 3136 4980 Octobris,
3185 4925 3288 4970 etc.
3336 4917 3460 4970 Non

1867 5019 2004 5073 Opus
2035 5011 2144 5058 erat
2172 5011 2297 5057 tunc
2318 5011 2374 5056 ut
2404 5001 2642 5056 redirent
2669 5001 2736 5054 ad
2764 5001 2950 5067 lectos,
2995 5002 3120 5072 quia
3149 5004 3309 5058 ritum
3339 5019 3462 5058 mo-

1864 5093 2167 5146 nachorum
2207 5091 2498 5156 imitantes,
2546 5089 2754 5159 absque
2793 5088 3183 5160 interruptione
3211 5094 3458 5153 dormie-

1865 5179 1994 5232 bant
2025 5188 2285 5249 quantum
2317 5179 2464 5232 satis.

1935 5267 2071 5321 Ibid.
2108 5267 2418 5322 lntendunl
2441 5265 2687 5321 orationi
2715 5269 2994 5334 quantum
3027 5274 3281 5337 possunt.
3311 5272 3458 5326 Nihil

1865 5355 1943 5410 eis
1973 5356 2026 5408 in
2054 5356 2157 5409 hac
2187 5363 2338 5424 parte
2369 5353 2533 5406 fixum
2582 5351 2914 5420 assignatur,
2948 5353 3075 5422 quia
3097 5354 3250 5421 juxta
3279 5375 3458 5427 quan-

1864 5443 2071 5495 titatem
2099 5457 2324 5511 Operum
2353 5440 2680 5494 manualium
2712 5445 2764 5490 et
2782 5440 3134 5493 necessitates
3165 5457 3465 5502 occurren-

1864 5538 1944 5583 tes
1974 5529 2096 5598 plus
2136 5529 2220 5582 vel
2253 5529 2430 5582 minus
2459 5527 2552 5582 otii
2584 5528 2875 5584 habebant.

1933 5617 2095 5669 Num.
2130 5619 2182 5669 5.
2214 5617 2253 5669 A
2286 5615 2504 5670 Pascha
2526 5630 2696 5684 usque
2725 5617 2797 5670 ad
2815 5615 3090 5670 Kalendas
3117 5615 3365 5672 Octobris
3387 5622 3461 5674 ad

1867 5705 2036 5759 lectos
2069 5702 2328 5767 redeunt,
2361 5709 2465 5756 etc.
2500 5702 2610 5756 Cur
2652 5701 2759 5756 illis
2786 5702 2840 5756 id
2871 5701 3279 5774 permitteretur
3308 5707 3455 5777 quod
