3940 6438
425 306 532 360 727
1246 299 1520 355 GUIGON
1529 302 1587 355 IS
1637 301 1657 353 I
1707 300 2024 356 CARTHUS

2161 297 2454 353 MAIORIS
2503 297 2778 353 PRIORIS
2817 298 2881 351 V.
3625 295 3767 348 728

499 428 551 478 6.
599 423 722 478 Sive
775 431 951 478 autem
999 421 1266 476 dormiant
1316 423 1429 477 sive
1475 423 1715 496 vigilent,
1769 423 1946 494 quiete
1995 437 2060 477 ac
2111 422 2226 475 sine
2275 421 2404 485 ullo,
2453 428 2709 491 quantum
2738 425 2915 489 potest
2946 417 3081 484 fieri,
3117 417 3342 488 strepitu
3375 431 3608 472 manere
3638 415 3756 484 ju—

431 522 640 576 bentur.

1749 588 2144 643 CAPITULUM
2170 587 2358 642 XLIV.

1524 685 1618 750 Qui
1642 685 1943 755 praesidere
1967 686 2049 740 vel
2079 685 2411 756 respondere
2433 684 2646 739 debeat.
3281 745 3285 751 Ι

503 787 554 836 1.
586 781 826 852 Cumque
857 781 1080 834 absente
1109 780 1200 851 qui
1234 780 1336 834 sibi
1366 779 1622 849 praelatus
1653 789 1735 834 est
1765 781 2053 849 monacho,
2083 781 2152 834 ad
2191 781 2475 835 ecclesiam
2507 778 2852 847 conveniunt,
2887 777 2932 831 is
2961 785 3160 849 praeest
3192 776 3367 832 officio
3397 775 3487 847 qui
3517 782 3761 846 praeest

427 879 639 935 ordine.
675 877 934 931 Similiter
963 885 1015 930 et
1048 877 1101 930 in
1132 877 1340 931 caeteris
1372 876 1506 930 locis
1537 876 1622 930 vel
1652 876 1928 946 operibus,
1977 876 2082 930 nisi
2114 876 2249 930 forte
2297 875 2625 943 obedientia,
2658 874 2712 927 in
2742 890 2844 945 qua
2876 873 3090 942 fuerint,
3121 872 3279 927 alicui
3308 871 3632 942 specialiter
3668 870 3756 923 sit

428 975 686 1043 injuncta.
719 974 870 1028 Tunc
899 971 1040 1027 enim
1073 971 1158 1026 cui
1187 971 1404 1043 proprie
1436 971 1672 1039 injuncta
1703 979 1785 1025 est
1813 973 2023 1026 czeteris
2051 972 2326 1044 praesidet,
2363 971 2771 1042 tacentibusque
2804 970 2925 1024 aliis
2948 969 3364 1024 adventantibus
3387 967 3470 1023 vel
3492 966 3756 1022 obviam-

431 1070 574 1124 tibus
606 1068 926 1138 respondet.
3250 1051 3256 1058 ’

500 1170 552 1221 2.
587 1166 707 1218 Non
738 1164 879 1218 enim
909 1165 1108 1233 passim
1140 1165 1224 1218 vel
1256 1165 1372 1217 sine
1401 1165 1633 1231 licentia,
1667 1166 1789 1221 licet
1819 1166 1914 1225 eis.
1955 1166 2119 1236 quod,
2154 1165 2239 1220 vel
2271 1181 2392 1220 cum
2423 1165 2636 1236 quibus,
2670 1163 2756 1219 vel
2787 1163 3020 1234 quandiu
3048 1161 3334 1228 voluerint,
3364 1161 3532 1232 loqui.

502 1262 555 1313 3.
589 1259 740 1313 Unde
771 1258 1051 1313 obviantes
1080 1258 1166 1312 vel
1197 1258 1637 1327 supervenientes
1668 1260 1920 1315 inclinato
1950 1268 2158 1314 tantum
2187 1261 2312 1316 licet
2341 1262 2516 1331 capite
2561 1261 2876 1325 resalutare,
2904 1259 3046 1315 viam
3097 1259 3404 1325 ostendere,
3434 1257 3501 1310 ad
3546 1256 3751 1310 inter-

429 1361 639 1426 rogata,
689 1361 774 1408 est
811 1354 895 1408 vel
941 1369 1070 1419 non,
1123 1355 1480 1426 respondere,
1533 1363 1585 1410 et
1636 1357 1780 1427 quod
1832 1356 2064 1427 amplius
2103 1357 2363 1428 loquendi
2401 1373 2525 1413 cum
2555 1357 2632 1412 eis
2660 1356 2931 1413 licentiam
2961 1371 3070 1411 non
3097 1355 3293 1410 habent
3323 1353 3422 1426 [αι.
3455 1350 3744 1424 habeant]

432 1466 718 1509 excusare.

1737 1522 2130 1579 CAPITULUM
2157 1525 2320 1581 XLV.

1436 1634 1584 1702 Quod
1613 1650 1744 1690 cum
1760 1638 1997 1706 praelato
2026 1653 2126 1695 suo
2154 1639 2428 1708 fratribus
2461 1639 2608 1710 loqui
2641 1639 2827 1694 liceat.

506 1766 556 1816 1.
590 1761 649 1814 In
679 1759 917 1831 qualibet
947 1765 1125 1812 autem
1155 1757 1428 1813 constituti
1459 1758 1788 1824 obedientia,
1823 1775 1945 1814 cum
1975 1758 2198 1829 praelato
2230 1758 2332 1813 sibi
2361 1765 2589 1828 possunt
2617 1758 2684 1812 de
2717 1756 3042 1813 necessariis
3072 1756 3222 1828 loqui
3250 1756 3447 1810 fratres
3477 1754 3578 1826 [αἱ.
3626 1753 3746 1808 fra-

436 1858 556 1929 tre],
601 1856 771 1927 petita
812 1871 910 1925 per
957 1854 1175 1924 signum
1228 1853 1461 1908 licentia.
1512 1854 1721 1908 Habent
1769 1855 1913 1909 enim
1961 1854 2118 1926 signa
2161 1856 2416 1925 pleraque
2456 1854 2751 1920 rusticana,
2803 1861 2855 1908 et
2885 1854 2952 1908 ab
2983 1852 3130 1908 omni
3160 1852 3352 1908 facetia
3381 1851 3467 1906 vel
3495 1849 3742 1904 lascivia

437 1955 636 2019 aliena,
685 1969 784 2024 per
827 1968 948 2024 quae
978 1952 1046 2006 de
1093 1952 1176 2005 his
1205 1967 1324 2022 qum
1354 1952 1422 2006 ad
1455 1967 1549 2005 sua
1580 1952 1853 2022 pertinent
1884 1951 2080 2018 ofﬁcia,
2113 1952 2277 2007 rebus
2309 1951 2393 2006 vel
2424 1951 2795 2006 instrumentis
2823 1958 3052 2021 possunt
3080 1949 3146 2004 ad
3175 1948 3408 2005 invicem
3436 1946 3554 2002 sine
3586 1961 3737 2001 voce

435 2048 868 2106 commemorari.

504 2151 558 2203 2.
591 2145 779 2202 Aliena
805 2151 985 2201 autem
1015 2144 1229 2200 discere
1256 2143 1429 2214 signa,
1465 2144 1551 2198 vel
1583 2160 1682 2199 sua
1711 2145 1912 2200 docere
1941 2145 2147 2201 alienos
2177 2145 2381 2202 licitum
2411 2161 2519 2201 non
2550 2153 2632 2200 est
2661 2145 2758 2200 eis.

1760 2269 2150 2325 CAPITULUIII
2187 2271 2372 2327 XLVI.

1852 2366 1928 2420 De
1959 2368 2217 2437 coquinm
2234 2369 2304 2422 io.

506 2471 555 2519 1.
590 2465 746 2518 Nunc
774 2478 871 2532 per
900 2459 1146 2532 singulas
1194 2474 1468 2514 curramus
1518 2459 1876 2515 obedientias.
1911 2463 2168 2534 Coquinae
2200 2464 2452 2534 praesidet
2481 2481 2619 2518 unus
2651 2481 2679 2519 e
2699 2464 2979 2528 fratribus,
3017 2462 3106 2534 qui
3138 2461 3324 2516 solitos
3353 2461 3523 2527 cibos,
3557 2461 3728 2534 legu-

435 2561 580 2615 mina
609 2558 813 2614 scilicet
858 2565 911 2612 et
956 2555 1284 2623 hujusmodi,
1334 2555 1590 2608 fratribus
1636 2566 1904 2626 przeparat
1950 2566 2002 2613 et
2044 2559 2342 2630 dispensat.
2395 2563 2554 2616 Horis
2602 2560 3029 2631 competentibus
3060 2559 3275 2631 signum
3307 2558 3502 2628 pulsat.
3538 2561 3584 2612 Α
3617 2575 3727 2630 quo

434 2657 595 2711 etiam
643 2670 855 2725 panem,
908 2652 1090 2707 vinum
1142 2651 1354 2705 statutis
1386 2651 1598 2719 diebus,
1635 2653 1734 2719 sal,
1767 2655 2038 2722 cochlear,
2070 2657 2344 2724 scutellas,
2379 2658 2662 2724 lumbaria,
2692 2673 2867 2723 acum,
2901 2655 3070 2721 filum,
3105 2670 3291 2710 ceram
3322 2655 3388 2708 ad
3419 2655 3723 2709 cerandum

434 2749 724 2822 accipiunt.
767 2750 926 2804 Aliud
976 2756 1157 2803 autem
1205 2749 1496 2819 quidquam
1540 2757 1733 2818 praeter
1774 2754 2144 2821 procuratoris
2185 2754 2456 2809 licentiam
2498 2753 2576 2808 eis
2607 2754 2740 2808 dare
2787 2769 2897 2806 non
2938 2758 3134 2824 potest.
3163 2749 3356 2818 Qualia
3385 2757 3565 2805 autem
3598 2751 3722 2807 aliis

435 2846 766 2919 generaliter
787 2845 1073 2909 ministrat,
1107 2844 1232 2898 talia
1258 2845 1419 2898 sumit
1444 2852 1495 2898 et
1526 2844 1647 2898 sibi.

503 2950 557 3002 2.
591 2946 729 2998 Dare
761 2943 844 2998 vel
875 2944 1120 3011 accipere
1151 2943 1218 2996 ab
1250 2942 1334 2994 his
1365 2942 1454 3012 qui
1483 2943 1676 2996 domus
1707 2941 1865 3008 hujus
1897 2955 2003 2993 non
2049 2947 2192 3003 sunt,
2243 2938 2360 2993 sine
2407 2939 2772 3008 procuratoris
2816 2949 3085 3011 praecepto
3133 2943 3264 2996 nihil
3307 2944 3490 2999 audet.
3541 2944 3643 3013 Qui
3674 2947 3721 3000 si

433 3041 574 3096 forte
603 3039 836 3094 abfuerit
875 3047 926 3092 et
956 3039 1132 3108 aliqua
1177 3038 1394 3091 interim
1445 3038 1742 3092 necessitas
1789 3035 2068 3100 acciderit,
2101 3035 2170 3087 ita
2202 3033 2359 3087 faciet
2386 3034 2836 3104 quemadmodum
2871 3035 3068 3105 ipsum,
3101 3038 3147 3090 si
3178 3039 3410 3103 adesset,
3451 3039 3720 3094 facturum

434 3134 602 3188 fuisse
651 3132 1049 3198 existimaverit,
1097 3132 1448 3200 redeuntique
1497 3132 1627 3201 quid
1673 3140 1722 3185 et
1771 3131 2043 3202 quomodo
2092 3131 2264 3202 egerit
2313 3129 2588 3184 indicabit.
2639 3132 2883 3185 Fratrum
2933 3133 3169 3203 aliquem
3193 3133 3246 3187 in
3278 3135 3581 3205 coquinam,
3617 3136 3718 3191 nisi

429 3231 587 3296 justie
618 3241 786 3281 causa
833 3225 1174 3280 necessitatis
1221 3225 1475 3279 inducere
1518 3240 1628 3278 non
1661 3232 1858 3295 potest,
1888 3224 2277 3296 inductumque
2307 3234 2577 3283 transacta
2607 3229 2928 3285 necessitate
2981 3231 3156 3285 statim
3203 3232 3411 3298 emittit,
3446 3232 3714 3304 inviolato,

438 3330 693 3396 quantum
727 3337 813 3377 res
847 3321 992 3387 sinit,
1025 3321 1258 3375 silentio.

1889 3391 2454 3449 COMMENTARIUS.

435 3499 559 3545 tunc
588 3488 866 3544 monachis
896 3504 1005 3542 non
1035 3496 1148 3543 erat
1177 3503 1495 3544 concessum
1515 3487 1698 3555 ?Quia
1720 3488 2020 3553 conversis,
2045 3490 2099 3548 Α
2203 3489 2332 3544 CAP.
2367 3491 2529 3546 XLV.
2565 3521 2632 3531 -—
2663 3493 2824 3547 Num.
2864 3497 2913 3548 1.
2949 3496 3159 3551 Habent
3207 3499 3362 3552 enim
3408 3499 3570 3569 signa
3599 3499 3716 3570 ple-

436 3577 714 3633 laboribus
763 3592 1020 3630 manuum
1066 3576 1336 3647 deputatis
1395 3575 1645 3630 dormitio
1693 3575 1881 3628 diurna
1920 3590 2029 3629 non
2129 3595 2301 3652 raque
2330 3582 2642 3647 rusticana,
2671 3591 2775 3638 etc.
2801 3583 2930 3636 Inde
2952 3583 3247 3638 notandum
3269 3592 3352 3639 est
3371 3586 3575 3655 primos
3596 3601 3719 3640 οοη-

438 3673 552 3722 erat
581 3665 870 3734 permissa,
904 3672 1011 3718 tota
1041 3665 1184 3718 enim
1212 3663 1300 3717 die
1321 3663 1491 3717 labori
1515 3663 1918 3718 incumbebant.

513 3753 650 3808 Ibid.
702 3754 835 3806 Post
874 3753 1306 3823 completorium
1355 3753 1544 3817 lectos,
1573 3759 1675 3805 etc.
1723 3750 1834 3804 Illis
1865 3751 2028 3804 etiam

437 3839 805 3911 praescribitur
834 3846 890 3892 ut
921 3847 1133 3907 tempus
1161 3838 1472 3892 dormitioni
1501 3839 1808 3908 deputatum
1842 3838 2030 3892 sedulo

438 3926 770 3996 impendant,
822 3933 872 3978 et
938 3925 1017 3980 sic
1063 3925 1244 3980 omnia
1286 3933 1339 3979 et
1381 3925 1596 3997 singula
1652 3941 1751 3980 suo
1804 3942 2031 3996 quaeque

441 4021 686 4083 tempore
717 4013 962 4067 ordinate
993 4012 1366 4083 perficiantur.

513 4101 659 4155 Idem
693 4100 984 4170 capitulum
1032 4101 1258 4155 relatum
1307 4101 1473 4155 habes
1504 4101 1556 4154 in
1587 4101 1820 4172 antiquis
1853 4109 2029 4156 statu-

440 4188 509 4243 tis
538 4195 677 4258 part.
711 4203 789 4255 m,
824 4203 943 4257 cap.
976 4193 1028 4252 2,
1065 4205 1118 4242 n.
1155 4193 1204 4243 1.

513 4276 644 4329 CAP.
679 4277 865 4335 XLIV.
899 4306 967 4316 —-
1005 4277 1166 4329 Num.
1202 4280 1251 4330 1.
1283 4276 1525 4348 Cumque
1551 4278 1776 4332 absente
1803 4279 1897 4348 qui
1928 4278 2033 4332 sibi

438 4365 734 4436 prrelatus,
787 4372 890 4418 etc.
940 4364 1170 4418 Nomine
1217 4380 1348 4434 ergo
1397 4365 1603 4433 praelati
1642 4367 1705 4420 It.
1761 4367 1814 4418 P.
1853 4365 2030 4436 Guigo

437 4451 687 4522 intelligit
716 4467 837 4504 eum
869 4451 959 4521 qui
991 4451 1110 4504 aliis
1158 4453 1481 4521 praepositus
1513 4461 1612 4518 est,
1649 4453 1762 4506 sive
1794 4469 2032 4507 conver-

439 4537 515 4592 sis
545 4540 599 4590 in
630 4539 833 4607 genere
860 4546 916 4590 ut
943 4545 1023 4592 est
1054 4547 1388 4608 procurator,
1423 4539 1535 4592 sive
1568 4541 1890 4610 quibusdam
1923 4548 2033 4593 tan-

439 4634 552 4679 tum
580 4633 636 4677 ut
667 4633 748 4677 est
795 4641 1108 4692 conversus,
1152 4627 1238 4681 cui
1287 4643 1383 4696 per
1411 4627 1772 4681 obedientiam
1804 4628 2032 4681 deman—

440 4713 626 4767 datum
658 4721 740 4766 est
774 4713 991 4782 aliquod
1020 4729 1178 4782 opus,
1211 4715 1280 4767 ad
1312 4715 1455 4784 quod
1486 4714 1875 4783 perficiendum
1905 4717 2034 4769 dan-

441 4803 524 4850 tur
553 4796 630 4850 illi
669 4797 963 4864 adjutores,
1000 4805 1125 4851 tunc
1153 4798 1199 4850 is
1246 4797 1332 4852 cui
1379 4798 1498 4850 talis
1537 4799 1858 4854 obedientiae
1886 4801 2034 4854 dire-

441 4882 548 4937 ctio
579 4890 660 4935 est
699 4883 953 4950 injuncta,
1005 4883 1340 4950 adjutoribus
1385 4885 1487 4938 sibi
1531 4887 1807 4940 concessis
1837 4887 2032 4942 dicitur

437 4969 694 5038 praelatus
723 4970 778 5023 in
807 4970 899 5025 illo
929 4987 1114 5040 Opere.

511 5057 646 5110 Ibid.
681 5059 1111 5129 Tacentibusque
1132 5061 1262 5114 aliis
1282 5061 1722 5116 adventantibus
1739 5067 1796 5116 et
1815 5063 2034 5117 obuiau-

443 5144 590 5197 tibus
623 5145 938 5214 respondet.
977 5146 1258 5200 Silentium
1295 5148 1431 5200 illud
1467 5157 1591 5202 tunc
1618 5150 1942 5204 servandum
1963 5151 2028 5204 ad

439 5229 788 5285 advenientes
809 5231 893 5285 vel
909 5243 1259 5288 occurrentes
1283 5242 1506 5304 spectat,
1527 5251 1633 5289 non
1651 5244 1831 5290 autem
1849 5239 1918 5292 ad
1931 5238 2032 5292 fra-

440 5325 550 5371 tres
581 5317 740 5371 simul
784 5319 1113 5387 laborantes,
1157 5337 1281 5374 nam
1309 5329 1434 5375 tunc
1461 5322 1607 5392 loqui
1638 5323 1778 5377 inter
1807 5341 1866 5378 se
1899 5341 2028 5394 pos-

441 5411 584 5467 sunt,
619 5413 837 5459 servato
867 5407 1252 5470 moderamine,
1287 5409 1354 5461 de
1385 5423 1489 5477 quo
1521 5410 1574 5462 in
1614 5412 1859 5480 sequenti
1881 5413 2028 5482 capi-

437 5491 571 5545 tulo.
600 5493 655 5544 In
688 5494 792 5546 hoc
824 5501 1005 5547 autem
1036 5495 1270 5562 capitulo
1303 5503 1353 5548 et
1384 5496 1437 5548 in
1457 5499 1701 5567 sequenti
1720 5500 2028 5569 assignatur

439 5580 718 5632 conversis
747 5581 942 5634 modus
972 5581 1228 5649 loquendi
1259 5591 1311 5635 et
1338 5585 1572 5650 tacendi,
1607 5594 1659 5639 et
1690 5586 1908 5640 relatum
1933 5590 2027 5642 ha-

437 5663 594 5722 betur
623 5666 676 5719 in
707 5666 942 5741 antiquis
968 5668 1178 5722 statutis
1208 5678 1359 5741 parte
1392 5687 1469 5737 ιιι,
1495 5687 1612 5743 cap.
1647 5677 1696 5739 3,
1731 5691 1783 5728 n.
1822 5679 1876 5732 1.

2130 3690 2320 3729 versos
2364 3673 2559 3728 domus
2608 3671 2908 3726 Carthusize
2945 3670 3114 3726 fuisse
3157 3680 3213 3726 ut
3262 3673 3556 3742 plurimum
3599 3673 3716 3743 pios

2128 3763 2361 3816 rusticos
2391 3777 2456 3815 ex
2487 3761 2680 3815 eadem
2710 3759 2975 3831 regione;
3011 3759 3155 3831 quod
3184 3760 3270 3815 hic
3301 3769 3618 3814 annotamus
3647 3762 3715 3815 ad

2130 3849 2429 3905 faciliorem
2469 3848 2878 3920 intelligentiam
2924 3864 3042 3918 cap.
3089 3851 3155 3904 53
3213 3849 3436 3903 istarum
3483 3865 3714 3905 consue-

2131 3937 2370 3992 tudinum
2383 3978 2396 3991 .

2201 4045 2362 4097 Num.
2396 4047 2448 4098 2.
2477 4043 2675 4096 Aliena.
2692 4047 2885 4097 autem
2906 4043 3117 4099 discere
3140 4045 3319 4114 signa,
3347 4053 3451 4100 etc.
3473 4046 3529 4100 Id
3552 4045 3707 4101 refer-

2131 4140 2216 4185 tur
2244 4131 2312 4184 ad
2345 4147 2406 4184 ea
2437 4147 2576 4201 quae,
2610 4146 2727 4200 cap.
2763 4134 2850 4197 31,
2877 4131 2991 4198 jam
3024 4147 3284 4202 expressa
3314 4141 3437 4186 sunt
3466 4149 3564 4204 pro
3593 4150 3710 4188 mo-

2130 4220 2335 4273 nachis.
2370 4219 2425 4272 Si
2467 4219 2610 4271 enim
2654 4219 2811 4289 signa
2851 4219 3100 4289 quaedam
3129 4235 3159 4274 a
3190 4237 3248 4274 se
3277 4221 3510 4276 invicem
3539 4222 3708 4277 disce~

2131 4315 2268 4375 rent,
2301 4315 2524 4376 possent
2566 4306 2645 4360 sic
2674 4307 2775 4360 sibi
2807 4314 2992 4361 mutuo
3030 4307 3177 4379 loqui
3223 4325 3287 4362 ex
3331 4309 3502 4380 signis
3532 4310 3708 4365 condi-

2131 4396 2252 4461 ctis,
2287 4397 2423 4450 sicut
2453 4411 2574 4450 cum
2605 4394 2764 4448 mutis
2801 4394 2919 4449 ﬁeri
2948 4395 3104 4462 solet,
3140 4397 3284 4468 quod
3312 4406 3458 4453 esset
3487 4413 3519 4452 a
3547 4398 3706 4452 silen-

2131 4484 2189 4537 tii
2219 4483 2323 4536 fine
2352 4491 2404 4538 et
2434 4484 2713 4553 proposito
2745 4485 3002 4538 alienum.

2202 4607 2335 4660 CAP.
2370 4607 2803 4662 XLVI.—Num.
2839 4611 2889 4660 1.
2919 4609 3022 4674 Qui
3052 4609 3247 4662 solitos
3266 4609 3432 4676 cibos,
3457 4617 3579 4675 etc.,
3602 4613 3708 4680 fra-

2135 4695 2314 4749 tribus
2341 4698 2627 4765 prwparat
2661 4686 2716 4749 et
2747 4696 3057 4766 dispensat,
3095 4703 3198 4750 etc.
3224 4698 3519 4752 Monachos
3536 4698 3706 4768 coqui-

2133 4798 2256 4836 nam
2283 4782 2386 4835 sibi
2430 4782 2608 4836 facere
2640 4782 2694 4836 in
2725 4783 2859 4837 cella
2907 4783 3157 4852 superius
3201 4783 3449 4849 vidimus,
3484 4786 3577 4838 sed
3607 4801 3707 4841 non

2135 4870 2212 4925 sic
2241 4886 2363 4925 cum
2395 4870 2674 4924 conversis
2713 4871 2910 4941 agitur,
2959 4871 3084 4940 quia
3130 4872 3199 4924 ad
3228 4871 3466 4927 laborem
3501 4889 3704 4926 manua-

2133 4958 2238 5012 lem
2286 4960 2393 5013 huc
2440 4959 2674 5028 illucque
2715 4958 2949 5027 dispersi
2997 4975 3103 5012 non
3151 4968 3394 5029 poterant
3438 4961 3702 5030 coquinum

2134 5047 2237 5099 sibi
2266 5046 2462 5112 facere,
2496 5047 2549 5100 id
2579 5061 2710 5117 ergo
2741 5045 2864 5100 facit
2908 5062 3005 5116 pro
3048 5047 3298 5101 omnibus
3329 5046 3500 5102 frater
3529 5049 3698 5118 coqui-

2133 5149 2338 5188 uarius.

2201 5240 2364 5293 Num.
2397 5243 2450 5294 2.
2485 5241 2627 5295 Dare
2657 5242 2740 5294 vel
2760 5243 3036 5312 accipere,
3061 5249 3165 5296 etc.
3190 5241 3418 5311 Semper
3446 5250 3498 5296 et
3528 5242 3579 5295 in
3601 5257 3706 5296 om-

2133 5327 2288 5380 nibus
2346 5328 2719 5396 praescribitur
2771 5329 2972 5382 nostris
3034 5329 3210 5382 forma
3256 5330 3565 5397 obedicndi,
3611 5347 3705 5384 non

2131 5422 2334 5468 tantum
2384 5415 2566 5469 dando
2614 5416 2708 5469 sed
2753 5424 2805 5469 et
2849 5417 3187 5485 accipiendo,
3247 5418 3374 5488 quia
3417 5418 3701 5472 obedientia

2129 5503 2294 5556 veluti
2323 5503 2545 5555 instituti
2590 5504 2993 5558 Carthusiensis
3043 5505 3382 5574 principium,
3436 5514 3520 5559 est
3547 5514 3700 5558 atten-

2129 5591 2308 5644 denda
2338 5599 2389 5643 et
2432 5591 2851 5656 consideranda,
2887 5600 2943 5646 ut
2972 5593 3174 5647 diserte
3205 5593 3457 5664 exprimit
3489 5593 3598 5667 ipse
3626 5594 3687 5652 R.

2131 5678 2188 5731 P.
2222 5677 2400 5747 Guigo
2431 5694 2594 5747 supra
2625 5693 2745 5748 cap.
2781 5683 2868 5734 35.
