3940 6412
128 307 236 362 ’729
1511 307 2122 364 CONSUETUDINES.
3355 313 3460 366 730

215 434 268 484 3.
298 428 610 486 Ecclesiam
641 429 895 496 custodit,
927 437 1100 501 porta:
1128 438 1348 502 praeest,
1380 430 1796 487 advenientibus
1825 433 2140 503 respondet,
2191 431 2520 488 ferramenta
2549 432 2858 488 communia
2905 440 3122 499 servat;
3156 434 3352 490 domus
3403 435 3458 490 et

149 527 424 583 universae
453 527 758 582 communis
789 527 1144 598 supellectitis
1172 544 1356 584 curam
1383 529 1546 601 gerit.
1592 530 1674 583 Ex
1714 529 1911 600 quibus
1957 529 2228 595 omnibus,
2276 530 2321 582 si
2368 529 2572 601 aliquid
2619 529 2933 600 deperierit,
2979 538 3254 601 postratus
3299 533 3450 588 humi

146 640 301 680 reum
332 640 390 679 se
422 624 859 696 culpabilemque
888 625 1159 681 clamabit.
1192 627 1320 682 Haec
1351 627 1546 681 eadem
1580 635 1759 682 servat
1787 627 2095 698 quicunque
2124 627 2271 682 vices
2303 627 2438 695 ejus,
2490 627 2821 698 exsequitur.

218 723 274 776 4.
307 721 367 775 In
395 720 590 775 diebus
618 721 952 776 solemnibus
980 722 1066 778 vel
1093 721 1232 793 ipse,
1263 723 1350 778 vel
1380 722 1472 794 qui
1501 722 1715 793 supplet
1740 723 1920 779 locum
1951 724 2086 793 ejus,
2118 723 2530 779 advenientibus
2567 724 2635 778 de
2665 723 2789 778 villa
2827 723 3074 794 proxima
3115 723 3248 779 nihil
3282 725 3449 780 habet

145 817 282 872 dare
313 816 400 872 vel
427 817 799 883 commodare,
831 818 929 873 sed
959 825 1166 873 tantum
1192 826 1251 874 ut
1280 819 1562 885 recedant,
1587 819 1806 888 jubetur
1831 819 2187 889 respondere,
2220 835 2289 874 ne
2318 835 2419 890 per
2448 819 2584 874 tales
2613 819 2730 874 dies
2761 827 3079 876 assuescant
3109 807 3442 892 inquietudi-

148 930 274 970 nem
298 922 350 970 et
379 915 683 971 molestiam
714 914 915 972 facere.

1497 984 1893 1040 CAPITULUM
1925 985 2136 1040 XLVII.

1627 1083 1702 1136 De
1728 1083 1941 1152 pistore
1954 1121 1968 1136 .
2419 1137 2424 1142 .

220 1180 396 1235 Pistor
423 1193 697 1234 annonam
726 1178 938 1250 recipit,
971 1177 1158 1244 siccat,
1189 1176 1441 1242 custodit,
1477 1176 1718 1246 ventilat,
1753 1177 1924 1243 molit,
1956 1194 2124 1250 panes
2154 1179 2367 1236 conficit
2399 1188 2452 1236 et
2482 1181 2608 1235 dato
2639 1179 2906 1249 adjutorio
2937 1179 3138 1252 coquit,
3171 1187 3222 1234 et
3252 1180 3448 1251 coqui-

153 1276 308 1332 nario
339 1276 395 1331 in
423 1276 656 1347 pistrino
686 1275 878 1331 reddit.

1446 1343 1842 1400 CAPITULUM
1869 1345 2108 1402 XLVIII.

1638 1441 1714 1496 De
1736 1445 1947 1498 sutore.

222 1559 384 1615 Sutor
411 1558 557 1616 coria
587 1565 753 1626 tenet,
783 1557 989 1624 incidit,
1023 1557 1290 1613 sotulares
1319 1555 1445 1612 facit
1476 1571 1541 1610 ac
1572 1555 1763 1610 reiicit.

1493 1697 1890 1752 CAPITULUM
1928 1697 2123 1752 XLIX.

1377 1796 1453 1852 De
1477 1797 1780 1867 praeposito
1806 1796 2198 1866 agricultura.

225 1913 332 1982 Qui
379 1921 578 1985 praeest
625 1913 990 1986 agriculturae,
1039 1887 1284 1987 grangiae
1330 1919 1383 1968 et
1430 1911 1615 1977 boum,
1685 1917 1739 1964 et
1799 1916 2137 1977 cunctorum,
2202 1924 2322 1979 quae
2379 1908 2445 1962 ad
2518 1908 2667 1964 illam
2731 1908 3006 1980 pertinent
3071 1910 3456 1982 obedientiam,

153 2011 495 2084 diligentiam
525 2013 707 2070 habet.
1573 2079 1971 2135 CAPITULU“
2003 2079 2043 2133 ι

1430 2179 1506 2236 De
1545 2177 1816 2246 magistro
1860 2178 2179 2248 pastorum.

224 2299 282 2350 1.
326 2295 604 2349 Pastorum
632 2293 896 2364 magister
925 2300 1147 2349 cunctas
1177 2292 1323 2347 illius
1353 2293 1679 2350 obedientiae
1704 2307 1798 2346 res
1845 2298 1898 2344 et
1943 2288 2307 2344 instrumenta
2359 2288 2610 2345 custodit.
2656 2290 2727 2343 Et
2770 2290 3021 2356 emendo,
3074 2299 3127 2346 et
3173 2293 3461 2350 vendendo

151 2393 219 2448 ad
250 2408 410 2448 suum
447 2391 769 2462 pertinentia
814 2390 1194 2456 ministerium,
1257 2406 1381 2446 cum
1429 2389 1704 2446 extraneis
1746 2385 2133 2443 commercium
2181 2385 2326 2440 facit.
2378 2385 2458 2440 De
2513 2385 2678 2440 rebus
2726 2386 2844 2440 aliis
2892 2386 3161 2443 fabulandi
3213 2405 3335 2446 cum
3383 2392 3463 2446 eis

150 2489 429 2547 licentiam
449 2505 558 2544 non
590 2489 773 2544 habet.
807 2487 904 2543 Cui
931 2487 1152 2559 negotio
1182 2487 1267 2542 vel
1299 2488 1499 2558 verbis,
1533 2487 1826 2551 sociorum,
1860 2482 1966 2537 nisi
1997 2496 2158 2552 quem
2191 2480 2559 2550 advocaverit,
2612 2481 2792 2536 nullus
2821 2498 2881 2537 se
2928 2482 3299 2540 intermisceat
3346 2485 3452 2558 [αι.

151 2585 532 2659 intermiscet].
1749 2649 1751 2652 ,
1879 2573 1881 2576 i

220 2686 275 2739 2.
311 2684 430 2754 Ipse
469 2698 603 2739 vero
657 2682 984 2752 juramenta,
1029 2679 1332 2750 mendacia,
1382 2681 1604 2736 fraudes
1634 2689 1687 2736 et
1736 2686 1935 2736 caetera
1997 2693 2118 2750 quae
2167 2676 2364 2732 talibus
2427 2677 2691 2734 interesse
2757 2681 2932 2737 solent
2974 2681 3228 2752 negotiis,
3286 2683 3459 2739 vitare

152 2776 470 2847 praecipitur
497 2777 661 2843 mala,
696 2776 1195 2848 sempiternumque
1224 2776 1418 2832 animae
1461 2793 1572 2832 suae
1617 2777 1849 2832 salutem
1893 2773 2280 2845 temporalibus
2328 2773 2493 2828 rebus
2537 2782 2590 2830 et
2644 2778 2948 2832 commodis
2994 2777 3287 2833 anteferre.
3338 2780 3462 2850 Ipse

153 2870 318 2925 etiam
347 2879 400 2925 et
423 2871 555 2926 socii
587 2872 702 2940 ejus
731 2871 1018 2944 grangiam
1049 2886 1248 2940 magna
1270 2888 1335 2927 ex
1356 2880 1507 2942 parte
1538 2872 1868 2928 custodiunt.
1902 2871 2109 2925 Domus
2134 2871 2190 2924 in
2211 2870 2463 2942 quatiunt
2493 2871 2660 2938 casei,
2690 2889 2856 2943 quam
2893 2890 3150 2930 vocamus
3179 2875 3455 2945 arcellam,

154 2968 220 3022 ad
250 2983 444 3023 eorum
474 2968 690 3038 proprie
721 2983 910 3024 curam
935 2967 1233 3037 pertinens,
1265 2969 1402 3024 sicut
1427 2969 1603 3040 aliqua
1637 2970 1704 3024 de
1734 2969 1887 3024 cellis
1918 2969 2186 3024 servanda
2209 2969 2540 3038 praecipitur.
2573 2969 2919 3027 Generaliter
2944 2981 3124 3027 autem
3153 2973 3209 3027 in
3237 2973 3462 3029 alterius

159 3063 351 3120 cellam
371 3064 554 3118 nullus
596 3064 701 3119 nisi
743 3064 930 3134 jussus
975 3063 1292 3136 ingreditur.
1338 3064 1472 3119 Cum
1511 3066 1580 3119 ad
1623 3065 1975 3120 hiemandum
2022 3065 2170 3121 foras
2235 3072 2452 3130 exeunt,
2522 3064 2657 3120 nihil
2699 3068 2786 3122 vel
2850 3068 3100 3138 accipere
3173 3069 3261 3124 vel
3325 3071 3460 3127 dare

156 3168 485 3231 praeceptum
517 3161 736 3215 habent.
771 3163 814 3214 A
837 3175 1008 3230 puero
1036 3160 1376 3216 mercenario
1407 3161 1496 3232 qui
1528 3171 1612 3216 est
1639 3177 1763 3217 cum
1793 3161 1872 3215 eis
1903 3162 1972 3216 ad
2001 3161 2514 3227 molendinumitur,
2547 3162 2702 3232 panis
2724 3162 2994 3233 coquitur,
3028 3165 3212 3219 vinum
3245 3166 3456 3231 emitur,

156 3272 224 3311 ne
244 3257 369 3328 ipsi,
402 3267 546 3329 quod
575 3256 945 3328 periculosum
983 3264 1083 3319 est,
1119 3257 1187 3311 ad
1220 3257 1484 3322 villas,‘in
1503 3265 1764 3330 quantum
1807 3258 1966 3312 vitari
1994 3265 2194 3328 potest,
2244 3257 2324 3312 ire
2374 3265 2660 3327 cogantur.
2713 3259 2890 3314 Tertia
2945 3259 3078 3314 feria
3126 3269 3180 3316 et
3221 3261 3459 3318 Sabbato

157 3353 295 3414 ultra.
359 3370 701 3410 communem
761 3353 989 3408 fratrum
1051 3369 1260 3409 morem
1308 3354 1493 3408 vinum
1541 3355 1760 3420 habent,
1800 3355 1882 3408 Ea
1933 3369 2149 3426 quoque
2211 3353 2300 3407 die
2346 3368 2455 3424 qua
2499 3353 2677 3408 locum
2713 3362 2938 3421 mutant,
2989 3355 3114 3426 quia
3157 3356 3312 3411 cibos
3355 3358 3459 3413 sibi

154 3467 462 3527 praaparare
492 3466 600 3506 non
631 3457 877 3521 possunt,
903 3448 1080 3506 vinum
1115 3449 1405 3520 accipiunt.
1438 3449 1566 3505 Haec
1597 3457 1776 3505 autem
1805 3449 2185 3506 misericordia
2213 3457 2440 3520 propter
2485 3450 2769 3506 continuos
2815 3450 3031 3507 labores
3059 3458 3112 3507 et
3139 3453 3310 3508 multa
3336 3471 3457 3525 qua:

154 3553 226 3607 ibi
253 3550 529 3624 patiuntur
557 3546 920 3612 incommoda,
957 3546 1035 3602 eis
1065 3545 1411 3618 impenditur.

1514 3642 2091 3700 COMMENTARIUS.

225 3766 388 3820 Num.
413 3765 466 3817 4.
503 3761 942 3818 Advenientibus
970 3760 1036 3817 de
1065 3761 1200 3816 villa
1228 3760 1514 3831 proxima,
1549 3766 1653 3815 etc.
1688 3759 1747 3813 Id
1768 3763 1822 3819 Α
1851 3759 1969 3831 agri
1999 3759 2075 3813 illi
2102 3774 2330 3814 avenam
2361 3765 2570 3812 tantum
2606 3758 2798 3825 ferunt,
2853 3767 2906 3814 et
2955 3760 3252 3832 aliquando
3298 3761 3456 3819 favas

157 3860 236 3908 est
265 3853 334 3908 de
363 3866 512 3923 pago
539 3849 856 3914 Carthusize,
905 3848 1046 3903 inter
1086 3865 1253 3919 rupes
1301 3847 1602 3903 Carthusiae
1652 3847 1754 3902 sito

161 3957 346 3995 versus
376 3936 832 4008 Gratianopolim,
884 3937 975 4008 qui
1019 3936 1181 3990 hodie
1228 3935 1448 3990 nomine
1479 3934 1755 4005 parochiat

161 4027 458 4083 Carthusiaa
487 4033 730 4090 vocatur,
765 4025 832 4079 ad
863 4023 1266 4079 distinctionem
1293 4024 1489 4078 domus
1519 4023 1753 4078 Carthu-

161 4115 270 4171 size.
336 4117 452 4170 Hoc
511 4113 799 4184 capitulum
849 4111 1086 4167 refertur
1132 4111 1184 4165 in
1242 4110 1478 4184 antiquis
1543 4110 1754 4165 statutis

159 4211 296 4272 part.
331 4219 412 4272 ur,
446 4217 569 4272 cap.
604 4203 690 4270 11,
725 4217 818 4255 nn.
853 4203 903 4266 1,
937 4203 991 4265 2,
1020 4201 1050 4253 4
1080 4207 1132 4255 et
1161 4203 1213 4255 5.

228 4291 356 4347 CAP.
389 4291 694 4346 XLVII.—-
722 4289 836 4344 Hoc
880 4287 1176 4359 capitulum
1224 4287 1453 4343 relatum
1500 4287 1671 4342 habes
1698 4286 1755 4340 in

164 4379 394 4450 antiquis
426 4377 638 4432 statutis
661 4384 803 4447 part.
837 4392 918 4442 tu,
948 4391 1070 4446 cap.
1125 4381 1212 4444 t2,
1245 4393 1300 4431 n.
1333 4379 1385 4430 1.
1422 4375 1545 4430 Istis
1576 4384 1754 4430 autem

162 4465 525 4538 singularibus
553 4464 750 4520 officiis
781 4480 1080 4520 conversus
1120 4464 1498 4535 deputabatur,
1533 4463 1625 4534 qui
1655 4479 1754 4533 per

162 4569 218 4607 se
247 4571 382 4625 opus
411 4553 740 4624 complebat,
772 4553 897 4607 dato
928 4561 1107 4607 tamen
1151 4552 1253 4606 sibi
1300 4551 1588 4622 adjutorio,
1630 4567 1753 4607 cum

164 4641 308 4696 solus
344 4659 508 4713 Opera
532 4640 798 4712 perficere
825 4656 935 4695 non
965 4647 1200 4710 poterat.

232 4730 359 4784 CAP.
382 4731 624 4786 XLVIII.
646 4760 712 4769 —
735 4731 838 4783 Per
852 4728 1374 4800 sotularesintellige
1397 4728 1632 4783 calceos.
1657 4728 1753 4782 His

106 4816 122 4828 ‘
163 4816 340 4872 verbis
359 4819 608 4875 utebatur
624 4817 705 4872 vir
715 4817 850 4872 alias
873 4817 1290 4883 eruditissimus,
1307 4817 1434 4888 quia
1450 4833 1515 4872 ex
1539 4815 1748 4889 vulgari

162 4919 258 4958 usu
288 4905 594 4962 introducta
624 4914 797 4970 erant,
833 4913 885 4960 et
933 4904 1141 4960 Gallico
1190 4905 1435 4960 idiomati
1465 4904 1750 4969 similiora,

162 4988 263 5044 illis
292 4994 625 5064 temporibus
672 4992 888 5048 facilius
935 4992 1399 5064 intelligebantur.
1445 4993 1560 5047 Nec
1590 5008 1752 5047 vere-

1857 3856 1910 3902 et
1938 3847 2155 3914 similia,
2189 3847 2428 3902 triticum
2458 3862 2590 3902 vero
2619 3863 2916 3919 nunquam.

1926 3936 2058 3991 CAP.
2091 3937 2150 3990 L.
2183 3966 2252 3976 —-
2283 3937 2343 3989 In
2375 3935 2492 3990 istis
2525 3944 2750 4007 apparet
2780 3938 3148 3994 oeconomicus
3177 3935 3375 4009 agendi
3404 3947 3458 3994 et

1856 4040 1946 4077 res
1988 4023 2315 4094 disponendi
2379 4024 2595 4093 modus,
2647 4041 2809 4095 quem
2855 4025 2899 4080 R
2945 4026 3005 4080 Ρ.
3054 4025 3232 4098 Guigo
3278 4036 3332 4081 et
3374 4027 3455 4082 sui

1855 4112 2290 4182 praedecessores
2320 4112 2722 4178 ordinaverant,
2756 4121 2811 4166 ut
2843 4129 2961 4167 rem
2989 4113 3305 4169 familiarem
3335 4132 3460 4186 pro-

1855 4207 2140 4255 moverent
2171 4208 2223 4255 et
2249 4216 2279 4252 a
2311 4200 2703 4276 disperditione
2735 4210 3035 4267 servarent,
3087 4211 3299 4258 servato
3329 4203 3459 4259 reli-

1854 4288 2011 4359 gioso
2041 4295 2093 4342 et
2129 4287 2350 4343 innoxio
2395 4288 2595 4360 agendi
2623 4287 2806 4354 modo,
2841 4289 2930 4359 qui
2978 4289 3067 4344 hic
3105 4290 3452 4358 describitur,

1855 4383 1906 4431 et
1927 4392 1992 4431 ex
2023 4375 2383 4446 simplicitatis
2414 4375 2677 4448 fragranti
2714 4375 2881 4432 odore
2928 4377 3139 4448 piorum
3185 4378 3458 4439 lectorum

1855 4464 2067 4519 animos
2097 4479 2206 4519 non
2237 4463 2451 4519 modice
2490 4463 2760 4518 recreabit

1926 4552 2087 4606 Num.
2113 4556 2162 4605 1.
2190 4551 2327 4607 Cum
2347 4554 2644 4608 extraneis
2656 4555 3057 4608 commercium
3077 4555 3239 4625 facit.
3264 4557 3338 4610 De
3360 4573 3454 4612 re-

1854 4640 1954 4694 bus
1983 4641 2115 4695 aliis
2144 4640 2462 4710 fabulandi,
2488 4649 2591 4694 etc.
2626 4639 2802 4707 Quam
2832 4641 3114 4712 pulchrum
3137 4651 3282 4697 esset
3313 4659 3455 4700 nunc

1855 4728 2042 4783 videre
2072 4728 2209 4783 tales
2239 4736 2590 4795 mercatores,
2614 4728 2707 4799 qui
2727 4729 2886 4783 etiam
2907 4729 2962 4782 in
2992 4745 3092 4785 suo
3122 4731 3453 4787 commercio

1853 4832 1882 4871 a
1913 4817 2097 4872 verbis
2127 4817 2196 4872 ad
2228 4833 2340 4871 rem
2363 4833 2472 4871 non
2500 4817 2899 4886 pertinentibus
2928 4818 3286 4874 abstinebant.

1924 4906 2086 4959 Num.
2118 4909 2172 4961 2.
2208 4907 2330 4977 Ipse
2360 4922 2485 4962 vero
2506 4907 2845 4977 juramenta
2875 4910 2930 4961 et
2950 4907 3120 4962 mend
3140 4909 3284 4973 acia,
3318 4915 3447 4976 ctc.,

1854 5011 1976 5065 qua:
1999 4995 2203 5049 talibus
2222 4995 2496 5049 interesse
2517 4995 2701 5049 solent
2715 4995 2974 5063 negotiis,
3000 5003 3104 5050 etc.
3125 4996 3265 5050 Ecce
3286 5010 3456 5066 quam

165 5075 317 5133 batur
345 5081 412 5136 de
440 5089 692 5151 corrupta
721 5081 980 5135 latinitate
1026 5081 1205 5152 argui,
1239 5081 1376 5137 sicut
1404 5095 1506 5136 nec
1535 5081 1603 5135 de
1635 5097 1751 5135 ser-
1772 5114 1822 5172 B
1855 5083 2066 5137 sincere
2097 5082 2153 5135 in
2181 5081 2294 5136 suis
2325 5082 2560 5137 innoxiis
2607 5082 2950 5136 commerciis
2989 5091 3207 5137 nostros
3255 5084 3457 5139 vellent

163 5167 332 5220 monis
363 5169 633 5241 elegantia
661 5169 912 5239 cupiebat
951 5169 1187 5223 laudari.

235 5252 379 5308 Idem
479 5257 709 5314 refertur
776 5257 830 5311 in
887 5256 1126 5327 antiquis
1184 5257 1393 5312 statutis
1455 5264 1598 5328 part.
1664 5272 1744 5327 ιιι,

164 5350 278 5407 cap.
313 5345 395 5396 13.

233 5427 358 5482 CAP.
407 5432 602 5488 XLIX.
635 5463 702 5472 —-
749 5432 1093 5505 Agricultura
1141 5433 1233 5488 illa
1289 5433 1641 5489 exercebatur
1695 5433 1750 5487 in

162 5509 278 5567 loco
335 5519 424 5588 qui
477 5529 700 5575 vocatur
751 5523 1222 5586 Chartroussette,
1265 5522 1355 5575 ubi
1421 5521 1597 5578 adhuc
1645 5529 1748 5576 stat

163 5604 388 5674 grangia
419 5607 599 5676 boum,
624 5616 782 5680 atque
801 5609 962 5664 etiam
985 5609 1038 5663 in
1061 5609 1258 5665 montis
1281 5609 1606 5675 declivitate,
1630 5627 1749 5680 quae

163 5700 191 5742 a
219 5687 468 5750 Correria
497 5713 664 5770 usque
711 5697 779 5751 ad
821 5697 1193 5754 molendinum
1239 5697 1598 5773 protenditur.
1640 5697 1748 5756 Sed

1852 5186 2036 5243 agere,
2071 5179 2123 5225 et
2153 5186 2186 5224 a
2225 5171 2572 5226 saecularibus
2621 5170 2821 5243 agendi
2870 5179 2922 5225 et
2968 5170 3227 5243 loquendi
3277 5173 3456 5228 modis

1857 5259 2078 5313 omnino
2106 5259 2398 5314 abstinere.

1922 5346 2060 5401 Ibid.
2098 5346 2233 5402 Cum
2264 5349 2335 5402 ad
2366 5346 2735 5403 hiemandum
2755 5349 2909 5416 foras
2931 5352 3169 5411 exeunt,
3203 5349 3352 5404 nihil
3370 5349 3456 5404 vel

1858 5438 2130 5505 accipere,
2165 5443 2270 5490 etc.
2305 5436 2403 5490 Hic
2433 5434 2714 5490 evidenter
2733 5443 2958 5505 apparet
2993 5435 3138 5506 quod
3153 5437 3268 5504 jam
3299 5453 3458 5507 supra

1859 5523 2136 5595 attigimus
2166 5539 2286 5594 cap.
2324 5527 2410 5578 41.
2448 5523 2615 5577 Foras
2669 5523 2903 5592 exibant,
2938 5523 2991 5577 id
3023 5532 3123 5585 est,
3153 5533 3312 5590 extra
3343 5533 3457 5579 ter-

1858 5611 2033 5666 minos
2064 5611 2231 5666 cremi
2263 5620 2315 5665 et
2342 5627 2542 5681 pecora
2573 5611 2639 5664 ad
2672 5612 2905 5665 hiemem
2955 5611 3360 5682 transigendam
3388 5613 3458 5666 ad

1859 5699 2032 5756 vicina
2061 5699 2184 5754 loca
2215 5699 2574 5755 deducebant.
2611 5701 2690 5755 Ex
2738 5698 3100 5772 prohibitione
3141 5707 3324 5754 autem
3352 5699 3456 5754 ali-
