3940 6416
437 409 536 461 ’731

1274 402 1616 461 GUIGONIS
1655 405 1675 458 Ι
1713 400 2122 458 (ΞΑΒΤΗΟΞΙίΕ
2160 398 2453 454 MAJORIS
2490 399 2767 456 PRIORIS
2805 401 2869 454 V.

3622 402 3732 456 732

1812 551 2206 607 CAPITULUM
2245 549 2329 602 LI.

1508 674 1620 740 Quo
1649 677 1894 745 tempore
1926 675 2120 729 vinum
2148 677 2359 744 fratres
2386 675 2647 731 habeant.

509 802 558 850 1.
593 796 782 852 Caeteri
811 804 988 852 autem
1019 796 1209 852 fratres
1241 795 1331 867 qui
1352 795 1498 850 domi
1529 802 1672 862 sunt,
1706 794 1892 866 quinta
1921 802 2128 849 tantum
2160 795 2314 863 feria,
2351 804 2403 850 et
2432 797 2485 850 in
2516 796 2946 851 solemnitatibus
2985 811 3105 866 quae
3151 795 3443 866 capitulum
3501 797 3726 863 habent,

437 893 604 947 semel
644 893 696 946 in
744 893 831 947 die
883 894 1067 948 vinum
1133 893 1422 963 accipiunt.
1475 893 1532 946 In
1576 891 1753 945 Natali
1803 899 1981 944 tamen
2039 891 2252 944 Domini
2313 892 2506 946 diebus
2555 901 2806 963 quatuor,
2858 891 3298 958 Circumcisione,
3346 893 3724 962 Apparitione,

440 989 832 1054 Puriticatione,
867 989 1307 1053 Annuntiatione,
1342 989 1388 1042 si
1418 987 1698 1042 Dominica
1729 987 1815 1042 die
1859 987 2171 1060 contigerit,
2202 989 2425 1043 Pascha;
2450 989 2642 1042 diebus
2671 996 2916 1058 quatuor,
2966 988 3322 1052 Ascensione,
3375 989 3726 1044 Pentecostes

435 1086 625 1141 diebus
657 1086 843 1150 tribus,
879 1085 1221 1140 solemnitate
1252 1086 1308 1139 S.
1339 1084 1580 1148 Joannis,
1615 1084 1980 1154 apostolorum
2032 1084 2172 1138 Petri
2203 1092 2255 1138 et
2305 1084 2473 1148 Pauli,
2509 1083 2924 1154 Assumptionis,
2976 1081 3362 1149 Dedicationis,
3415 1083 3729 1139 Nativitatis

436 1184 495 1237 B.
530 1182 728 1248 Mariae,
763 1182 945 1236 Sancti
974 1181 1268 1247 Michaelis,
1303 1180 1556 1236 Omnium
1587 1181 1926 1247 Sanctorum,
1960 1179 2042 1233 bis
2072 1181 2272 1234 habent
2303 1180 2507 1234 vinum.

511 1283 564 1334 2.
598 1279 1035 1334 Ascendentibus
1083 1279 1245 1332 etiam
1294 1285 1514 1348 propter
1553 1277 1774 1346 aliquod
1820 1276 2016 1329 festum
2065 1276 2116 1329 in
2167 1277 2400 1331 crastino
2435 1275 2845 1340 celebrandum,
2896 1275 2941 1328 si
2991 1277 3284 1330 monachos
3332 1276 3386 1330 in
3432 1275 3726 1333 refectorio

439 1391 656 1430 coenare
687 1375 994 1446 contigerit,
1025 1375 1207 1430 vinum
1239 1374 1414 1429 datur.
1448 1375 1561 1429 Hoc
1590 1381 1770 1428 autem
1800 1387 1908 1428 non
1940 1373 2117 1428 evenit
2149 1373 2251 1426 nisi
2283 1373 2388 1427 duo
2418 1372 2574 1437 festa,
2598 1371 2795 1444 quibus
2839 1371 2893 1426 in
2935 1371 3218 1427 refectorio
3264 1373 3586 1442 comeditur,
3621 1374 3728 1430 sibi

438 1471 780 1528 cohmserint.

1789 1619 2360 1675 COMMENTARIUS.

445 1767 574 1840 quid
602 1768 674 1822 ibi
702 1767 1006 1838 accipiendi
1034 1775 1124 1822 aut
1145 1767 1309 1823 dandi
1338 1769 1495 1824 nobis
1519 1769 1801 1838 indicatur,
1834 1773 2100 1841 quantaA
2134 1777 2296 1824 cretae
2351 1767 2721 1839 intelligentia:
2784 1768 2987 1838 regulis
3047 1785 3326 1840 nunquam
3368 1772 3724 1828 recedebant.

444 1871 578 1912 cura
606 1855 766 1926 primi
797 1856 985 1910 Patres
1015 1856 1216 1911 vellent
1246 1865 1463 1912 nostros
1493 1859 1794 1926 retrahere,
1826 1866 1878 1912 et
1909 1875 2032 1912 ser-

445 1960 573 1998 vare
619 1959 653 1998 a
713 1943 1075 1999 familiaritate
1141 1945 1481 2000 saecularium
1555 1946 1871 2000 attrahenda
1936 1963 2035 2016 per

445 2031 767 2086 munuscula
813 2031 937 2085 data
986 2039 1078 2085 aut
1123 2040 1366 2102 accepta.
1418 2033 1674 2088 Sciebant
1713 2033 1857 2086 enim
1907 2033 2036 2103 quid

445 2118 674 2189 periculi
703 2119 816 2173 suis
862 2119 1140 2174 conversis
1178 2135 1243 2173 ex
1289 2120 1389 2173 ista
1427 2119 1786 2175 familiaritate
1833 2120 2035 2174 sensim

448 2205 628 2260 enasci
654 2214 856 2275 posset,
891 2206 981 2276 qui
1009 2222 1074 2260 ex
1119 2206 1223 2261 loci
1267 2207 1428 2276 paulo
1473 2207 1754 2262 amoeniori
1798 2207 1920 2272 situ,
1971 2225 2035 2262 ex

447 2293 666 2356 relictis,
699 2293 824 2347 licet
853 2293 1104 2364 exigente
1144 2293 1486 2362 necessitate,
1535 2295 1849 2349 monasterii
1883 2311 2036 2350 com-

449 2380 699 2434 munibus
729 2380 1017 2447 exercitiis,
1049 2380 1094 2434 si
1143 2381 1227 2433 his
1273 2389 1551 2436 contracta
1597 2397 1719 2437 cum
1767 2383 2037 2437 extraneis

452 2466 792 2522 familiaritas
845 2467 1246 2539 adjungeretur,
1296 2467 1452 2523 facile
1499 2478 1720 2539 possent
1761 2471 1936 2540 primo
1983 2471 2038 2524 in

450 2563 656 2609 natura}
705 2555 931 2626 laqueos
987 2554 1230 2610 laborem
1305 2555 1560 2627 fugientis
1623 2565 1675 2632 et
1737 2559 2038 2628 appetentis

449 2641 837 2697 relaxationem
888 2643 1144 2712 incidere,
1178 2651 1229 2698 et
1274 2652 1463 2714 postea
1492 2644 1546 2698 in
1584 2645 1786 2700 diaboli
1813 2646 2038 2718 laqueos

451 2729 609 2784 etiam
641 2731 912 2785 decidere.

522 2818 737 2874 Utinam
769 2834 986 2888 semper
1016 2835 1126 2888 prae
1155 2819 1326 2874 oculis
1373 2820 1669 2875 habeamus
1699 2821 1801 2876 hoc
1829 2821 2037 2891 primo-

451 2922 571 2960 rum
602 2907 816 2960 Patrum
847 2906 1151 2976 exemplum
1212 2916 1264 2962 et
1294 2907 1362 2960 ab
1404 2907 1495 2962 illo
1536 2925 1812 2979 nunquam
1864 2909 2038 2964 delle-

453 3002 601 3049 ctere
634 3002 963 3066 satagamus,
995 2994 1222 3049 sollicite
1239 3003 1511 3060 curantes,
1544 3003 1601 3048 ut
1630 2997 1700 3050 ad
1731 2997 2038 3067 exemplum

453 3081 666 3136 illorum
699 3081 968 3135 neminem
1001 3097 1030 3135 e
1061 3081 1260 3135 nostris
1307 3090 1460 3136 extra
1502 3085 1897 3138 monasterium
1938 3085 2038 3139 de-

453 3183 586 3240 gere
616 3168 1008 3238 permittamus,
1059 3168 1163 3222 nisi
1212 3177 1462 3239 quantum
1493 3178 1546 3224 et
1595 3171 1828 3241 quandiu
1875 3172 2041 3242 exigit

453 3255 780 3312 inevitabilis
827 3256 1140 3321 necessitas,
1210 3256 1338 3328 quia
1384 3257 1508 3312 inde
1557 3259 1809 3328 graviora
1861 3260 2042 3314 ordini

452 3344 650 3398 damna
680 3344 735 3398 in
763 3351 994 3414 utroque
1024 3351 1166 3400 statu
1210 3344 1494 3415 temporali
1543 3354 1596 3400 et
1627 3346 1885 3417 spirituali
1915 3363 2040 3403 eve-

452 3431 572 3487 nire
602 3447 764 3502 posse
793 3431 1150 3487 indubitatum
1180 3441 1283 3488 est.

520 3519 661 3585 Dixi,
723 3519 1087 3576 inevitabilem
1143 3522 1544 3592 necessitatem,
1597 3523 1742 3595 quia,
1801 3524 2042 3594 quandiu

450 3608 610 3664 vitari
638 3615 834 3678 potest,
867 3616 954 3662 aut
983 3625 1082 3678 per
1131 3609 1366 3681 aliquam
1415 3611 1732 3666 industriam
1781 3606 2039 3682 suppleri,

451 3696 504 3750 id
544 3711 640 3766 pro
662 3696 896 3751 maximo
944 3696 1112 3766 lucro,
1149 3697 1222 3762 id,
1249 3698 1467 3768 inquam
1499 3715 1601 3769 pro
1630 3699 1865 3753 maximo
1894 3700 2043 3754 lucro

452 3779 830 3839 mstimandum
864 3793 960 3838 est.
997 3783 1239 3838 Sufﬁciat
1284 3786 1372 3840 hic
1418 3803 1577 3839 unam
1609 3803 1709 3856 pro
1739 3787 1920 3840 multis
1949 3803 2042 3841 ra-

450 3872 652 3926 tionem
675 3872 787 3940 jam
825 3872 880 3924 in
909 3872 1280 3941 superioribus
1326 3873 1543 3928 allatam
1573 3875 1763 3928 iterum
1793 3883 2038 3948 tangere.

451 3958 712 4013 Homines
777 3959 1086 4013 monasterii
1135 3961 1406 4015 exercitiis
1455 3962 1675 4030 assueti,
1725 3971 1777 4017 et
1825 3965 1892 4016 ab
1938 3964 2042 4017 ob-

444 4047 604 4116 jectis
634 4046 983 4102 saecularibus
1011 4047 1260 4102 videndis
1289 4065 1352 4102 ex
1386 4049 1634 4103 solitariae
1677 4051 1793 4104 vitae
1831 4051 2043 4121 profes-

453 4134 606 4189 sione
624 4135 818 4189 remoti
838 4141 890 4189 et
910 4135 1156 4200 dissueti,
1181 4137 1250 4190 ab
1273 4136 1402 4206 ipsis
1423 4145 1610 4207 postea
1633 4140 2043 4194 occurrentibus

454 4222 695 4278 vivacius
727 4231 779 4276 et
825 4223 1196 4278 vehementius
1244 4232 1562 4296 tanguntur,
1614 4243 1774 4297 quam
1817 4228 1905 4298 qui
1937 4227 2044 4282 illis

455 4310 701 4364 videndis
731 4318 854 4364 sunt
882 4310 1122 4376 assueti;
1152 4311 1220 4364 ab
1278 4312 1508 4366 assuetis
1564 4313 1726 4377 enim,
1759 4321 1816 4367 ut
1859 4314 2046 4369 dicunt

453 4397 778 4468 philosophi,
811 4415 917 4453 non
951 4397 1008 4452 fit
1038 4399 1240 4468 passio,
1275 4407 1327 4453 et
1370 4400 1492 4455 ideo
1523 4401 1592 4454 ab
1622 4400 1727 4454 illis
1758 4409 1883 4455 sunt
1912 4418 2044 4456 rau-

455 4485 559 4539 tius
587 4486 822 4553 vitanda,
855 4487 1070 4554 rejectis
1116 4487 1264 4541 mille
1295 4485 1569 4560 figmentis
1598 4489 1801 4544 amoris
1831 4489 2041 4559 privati,

455 4572 648 4644 quibus
679 4575 1036 4629 necessitates
1085 4573 1294 4646 tingere
1340 4576 1507 4642 novit,
1557 4577 1648 4631 ubi
1680 4593 1868 4632 revera
1899 4577 2044 4631 nulla

452 4661 682 4718 occurrit

524 4746 659 4802 Ibid.
686 4751 721 4804 Α
743 4766 915 4821 puero
938 4751 1305 4815 mercenaria,
1341 4759 1443 4807 etc.
1467 4752 1702 4806 Turbam
1724 4753 2046 4808 famulorum

451 4843 578 4892 tunc
625 4846 746 4908 post
795 4854 853 4892 se
901 4854 1010 4892 non
1055 4839 1339 4893 trahebant
1387 4839 1575 4908 optimi
1624 4841 1892 4911 opiliones
1937 4841 2042 4906 isti,

455 4924 552 4978 sed
583 4941 682 4993 per
712 4942 769 4979 se
799 4926 980 4980 omnia
1026 4925 1308 4981 faciebant.
1371 4927 1624 4998 Alioquin
1685 4937 1897 4982 tenuem
1931 4945 2047 4982 rem

457 5011 796 5078 familiarem,
831 5013 1101 5085 integram
1134 5031 1232 5083 per
1251 5015 1615 5069 mercenarios
1645 5015 1750 5069 cito
1779 5017 2046 5069 devoras-

454 5107 594 5153 sent.
629 5101 711 5153 Ad
741 5101 844 5156 hoc
863 5107 1067 5155 tantum
1088 5117 1256 5170 opera
1277 5103 1429 5172 pueri
1451 5103 1773 5156 mercenarii
1794 5103 2043 5169 dabatur,

456 5203 528 5241 ne
550 5187 674 5258 ipsi,
701 5189 842 5260 quod
857 5190 1240 5261 periculosum
1265 5195 1366 5254 est,
1391 5191 1462 5244 ad
1480 5192 1664 5254 villas,
1690 5193 1750 5244 in
1769 5195 2047 5262 quantum

452 5277 621 5331 vitari
651 5280 856 5347 potest,
891 5279 972 5332 ire
1002 5282 1296 5346 angantur.
1350 5277 1716 5332 Periculosum
1764 5279 2049 5333 videbatur

458 5363 575 5416 istis
607 5363 804 5418 sanctis
845 5364 976 5418 viris
1031 5365 1306 5434 piissimos
1365 5380 1662 5418 conversos
1717 5374 1844 5421 tunc
1898 5374 2048 5421 extra

458 5451 844 5505 monasterium
892 5453 958 5504 ad
1001 5460 1230 5521 tempus,
1281 5452 1432 5522 quasi
1481 5461 1660 5508 tamen
1707 5454 2050 5510 habitualiter

455 5538 621 5608 (quod
648 5539 963 5608 notandum)
993 5541 1274 5611 degentes,
1301 5540 1476 5595 sinere
1493 5541 1562 5595 ad
1591 5542 1867 5611 proximas
1896 5544 2048 5598 villas

457 5624 556 5694 ire,
588 5627 649 5680 in
679 5631 976 5697 quantum,
1002 5635 1061 5681 ut
1089 5626 1254 5697 aiunt,
1280 5629 1448 5683 vitari
1467 5634 1647 5707 potest
1682 5647 1694 5684 :
1727 5646 1851 5686 nam
1883 5647 1916 5686 a
1944 5631 2047 5687 dis-

2135 1857 2430 1910 Videamus
2459 1871 2619 1921 nunc,
2654 1855 2698 1909 si
2748 1856 2906 1910 tantis
2963 1856 3095 1910 viris
3147 1873 3248 1911 nos
3303 1850 3557 1914 meliores
3603 1877 3729 1916 esse

2137 1945 2446 2008 credamus,
2479 1953 2536 1997 ut
2574 1944 2869 1998 timendum
2920 1944 3034 2012 jam
3079 1945 3238 1999 nobis
3284 1961 3393 2000 non
3449 1947 3537 2011 sit,
3583 1948 3730 2018 quod

2135 2039 2260 2086 tunc
2289 2031 2363 2084 illi
2393 2031 2672 2098 timebant,
2706 2039 2757 2085 et
2786 2038 2936 2085 tanta
2989 2047 3119 2086 cura
3165 2033 3426 2087 cavebant
3485 2050 3586 2104 pro
3616 2035 3731 2089 suis

2137 2127 2283 2173 extra
2312 2119 2717 2183 monasterium,
2752 2119 2904 2188 quasi
2951 2119 3310 2184 habitualiter,
3361 2121 3541 2192 aliquo
3585 2130 3729 2176 tem-

2136 2223 2266 2277 pore
2295 2206 2637 2277 degentibus.
2671 2205 2812 2260 Alibi
2842 2206 3091 2276 loquetur
3138 2208 3201 2262 Β.
3239 2208 3300 2260 Ρ.
3341 2208 3520 2278 Guigo
3549 2209 3617 2265 de
3648 2211 3734 2264 his

2138 2294 2228 2364 qui
2263 2293 2313 2347 in
2335 2295 2452 2348 solo
2483 2294 2730 2358 transitu,
2763 2302 2916 2348 extra
2943 2293 3141 2348 limites
3171 2294 3272 2349 iter
3297 2296 3556 2366 agebant.

2210 2399 2344 2452 Ibid.
2370 2400 2553 2454 Tertia
2574 2401 2720 2468 feria
2745 2403 2799 2453 et
2823 2399 3052 2454 Sabbato
3069 2401 3223 2454 ultra
3245 2416 3598 2456 communem
3615 2406 3733 2473 fra-

2141 2491 2294 2541 trum
2326 2503 2556 2549 morem,
2591 2495 2694 2540 etc.
2730 2487 2808 2540 De
2837 2486 2940 2540 hoc
2971 2502 3123 2540 more
3153 2486 3364 2541 dicetur
3391 2487 3445 2541 in
3477 2489 3730 2559 sequenti

2141 2573 2398 2644 capitulo.
2453 2574 2840 2628 Misericordia:
2907 2583 3086 2628 autem
3142 2575 3359 2630 nomine
3414 2575 3734 2647 intelligitur

2139 2661 2476 2731 indulgentia
2502 2661 2703 2731 aliqua,
2739 2677 2858 2731 quae
2885 2677 2949 2715 ex
2972 2669 3150 2716 mente
3181 2662 3482 2731 primorum
3511 2664 3731 2719 Patrum

2139 2749 2374 2804 discrete
2403 2749 2733 2811 conceditur,
2787 2755 2945 2818 prout
3000 2749 3088 2804 hic
3144 2749 3375 2814 videtur,
3430 2751 3641 2822 quoties
3673 2751 3729 2806 id

2140 2837 2371 2906 postulat
2404 2835 2734 2890 rationabilis
2763 2851 2945 2901 causa,
3005 2836 3073 2888 ab
3127 2837 3383 2891 extremis
3431 2837 3573 2892 enim
3605 2853 3729 2892 om-

2141 2925 2300 2977 nibus
2330 2923 2614 2991 cavebant,
2647 2931 2698 2976 et
2721 2923 2927 2991 justum
2957 2922 3194 2978 medium
3219 2925 3602 2995 sequebantur.

2213 3047 2344 3101 CAP.
2379 3047 2462 3100 LI.
2494 3077 2564 3086 —
2592 3047 2754 3102 Num.
2790 3051 2839 3101 1.
2879 3049 3087 3116 Quinta
3119 3051 3346 3103 tantum
3375 3051 3546 3118 feria,
3577 3054 3633 3105 et
3665 3051 3729 3106 in

2141 3135 2591 3190 solemnitatibus
2612 3152 2733 3206 qua:
2759 3137 3076 3206 capitulum
3109 3135 3314 3190 habent
3333 3138 3505 3192 semel
3524 3138 3585 3192 in
3616 3138 3728 3203 die,

2141 3231 2244 3278 etc.
2278 3222 2508 3276 Nomine
2530 3222 2946 3288 solemnitatum,
2971 3231 3028 3276 ut
3051 3223 3164 3291 jam
3195 3224 3519 3290 notavimus,
3551 3225 3733 3280 omnia

2142 3309 2274 3364 festa
2291 3309 2856 3379 capituliintelligebat
2886 3311 2949 3365 R.
2974 3310 3032 3364 Ρ.
3059 3309 3259 3382 Guigo.
3291 3312 3414 3366 Non
3444 3319 3527 3366 est
3552 3321 3731 3368 autem

2140 3398 2437 3468 putandum
2473 3397 2619 3468 quod
2658 3397 2840 3451 vinum
2883 3398 2971 3454 hic
3025 3399 3192 3452 semel
3222 3398 3276 3452 in
3331 3399 3418 3453 die
3471 3399 3732 3456 fratribus

2141 3485 2557 3540 ministrandum
2589 3501 2653 3538 ea
2683 3493 2887 3539 tantum
2915 3502 3168 3540 mensura
3213 3485 3436 3540 daretur
3465 3503 3586 3558 qua;
3617 3486 3732 3541 suf-

2143 3574 2323 3628 ticeret
2353 3573 2444 3627 uni
2473 3572 2774 3635 refectioni,
2833 3573 2932 3627 sed
2989 3589 3110 3643 quae
3167 3575 3396 3643 prandio
3453 3582 3506 3629 et
3563 3591 3734 3630 cmnaa

2144 3661 2432 3725 sufficeret,
2467 3669 2525 3714 ut
2555 3677 2616 3715 ex
2642 3660 2783 3714 infra
2811 3661 3054 3715 dicendis
3084 3662 3307 3731 patebit,
3341 3670 3392 3716 et
3421 3677 3487 3717 ex
3515 3662 3732 3734 antiqua

2143 3749 2532 3804 consuetudine
2578 3749 2737 3816 hujus
2785 3749 2979 3803 domus
3025 3749 3322 3803 Carthusiaa
3369 3750 3548 3805 adhuc
3595 3765 3729 3820 pro-

2143 3837 2314 3901 batur,
2348 3852 2453 3906 qua
2479 3836 2736 3890 fratribus
2783 3836 3185 3890 ministrabatur
3230 3837 3414 3891 vinum
3445 3854 3546 3907 pro
3577 3846 3730 3892 utra-

2143 3941 2247 3996 que
2276 3924 2590 3988 refectione,
2624 3925 2768 3994 quod
2799 3925 2851 3977 in
2883 3924 3020 3979 cella
3052 3925 3193 3994 apud
3225 3941 3284 3979 se
3314 3925 3623 3980 servabant.

2214 4013 2320 4067 Cur
2348 4020 2524 4065 autem
2557 4011 2811 4066 fratribus
2839 4012 3102 4081 gravibus
3158 4027 3418 4066 manuum
3475 4013 3734 4082 operibus

2142 4100 2390 4166 addictis,
2425 4116 2532 4154 non
2566 4108 2671 4152 tam
2696 4099 3008 4169 frequenter
3029 4099 3212 4154 vinum
3241 4100 3547 4171 assignetur
3574 4117 3732 4171 quam

2142 4188 2471 4242 monachis?
2503 4187 2642 4256 Quia
2699 4187 2854 4242 labor
2907 4187 3102 4240 mentis
3158 4187 3320 4258 longe
3377 4187 3598 4259 gravior
3653 4196 3734 4242 est

2143 4291 2302 4346 quam
2334 4275 2592 4344 corporis,
2629 4283 2681 4329 et
2735 4275 2918 4330 vinum
2977 4274 3302 4345 reparationi
3345 4277 3731 4330 exhaustorum

2145 4364 2430 4434 spirituum
2461 4363 2684 4416 multum
2725 4362 2954 4418 confert.

2216 4468 2350 4522 Ibid.
2388 4470 2449 4522 In
2479 4469 2669 4523 Natali
2684 4473 2876 4522 tamen
2891 4469 3132 4532 Domini,
3161 4476 3269 4522 etc.
3287 4510 3300 4533 ,
3321 4465 3401 4522 bis
3418 4469 3610 4523 vinum
3633 4470 3732 4524 ha-

2149 4556 2300 4611 bent.
2318 4555 2414 4611 Hic
2425 4564 2640 4610 enarrat
2655 4556 2714 4610 R.
2736 4557 2791 4610 P.
2808 4555 2984 4625 Guigo
2997 4556 3266 4626 praecipua
3289 4555 3441 4622 festa,
3459 4573 3578 4625 qua;
3590 4571 3734 4614 nunc

2148 4644 2516 4698 solemnitates
2539 4659 2813 4709 vocamus,
2849 4643 2916 4696 ad
2935 4642 3290 4697 differentiam
3321 4643 3583 4697 festorum
3615 4661 3736 4714 quae

2149 4741 2271 4785 sunt
2301 4740 2504 4785 tantum
2537 4731 2774 4801 capituli.
2836 4731 2930 4784 His
2987 4746 3122 4802 ergo
3169 4731 3379 4797 diebus,
3413 4747 3534 4785 cum
3567 4731 3651 4785 bis
3680 4731 3733 4785 in

2149 4819 2438 4874 refectorio
2467 4818 2861 4882 comederetur,
2893 4833 3053 4872 mane
3100 4817 3353 4874 videlicet
3383 4826 3436 4872 et
3483 4834 3731 4889 vespere,

2149 4907 2230 4960 bis
2262 4907 2421 4960 etiam
2453 4906 2705 4959 fratribus
2726 4905 2910 4959 vinum
2939 4905 3366 4959 ministrabatur.

2218 5013 2378 5066 Num.
2402 5016 2454 5066 2.
2472 5012 2909 5066 Aseendentibus
2923 5014 3118 5075 etiam,
3139 5019 3265 5074 etc.,
3287 5012 3655 5067 Simonaehos
3674 5015 3734 5068 in

2148 5103 2462 5171 refcctorio,
2485 5108 2587 5154 etc.
2610 5100 2667 5153 Id
2681 5115 2802 5154 cum
2826 5099 3258 5170 praecedentibus
3271 5099 3583 5164 concordat,
3608 5117 3731 5154 nam

2148 5189 2274 5259 quia
2302 5195 2426 5242 tunc
2455 5187 2704 5242 monachi
2734 5187 2789 5239 in
2846 5186 3134 5242 refectorio
3182 5187 3490 5255 comedunt,
3551 5187 3732 5241 vinum

2148 5277 2303 5330 etiam
2335 5276 2670 5330 ministratur
2717 5274 2966 5328 fratribus
2999 5275 3069 5328 ad
3123 5275 3342 5329 domum
3401 5273 3733 5345 superiorem

2149 5363 2587 5426 ascendentibus,
2621 5371 2678 5416 ut
2733 5362 2811 5418 sic
2853 5362 2942 5416 fiat
2997 5362 3243 5434 quadam
3299 5361 3654 5417 observantize
3683 5363 3732 5416 in

2148 5452 2386 5522 utrisque
2415 5450 2793 5506 conformatio.

2220 5559 2333 5611 lIoc
2364 5565 2543 5610 autem
2576 5555 2871 5625 capitulum
2916 5557 3144 5612 relatum
3196 5557 3368 5612 habes
3397 5556 3452 5609 in
3505 5555 3736 5629 antiquis

2150 5644 2380 5709 statutis,
2413 5661 2467 5719 p.
2501 5659 2580 5710 ιιι,
2614 5660 2733 5715 cap.
2770 5647 2856 5700 19.
