3940 6410
267 355 372 408 ’733

1628 345 2238 403 CONSUETUDINES.

3488 343 3594 401 73E

1560 494 2094 550 CAPITULUM
2159 496 2322 550 LII.

1631 619 1707 672 De
1731 617 1954 688 jejunio
1991 620 2265 688 fratrum.

350 752 400 802 1.
434 747 599 802 Sexta
630 758 847 817 semper
873 744 1012 801 feria
1040 759 1182 815 pane
1211 751 1265 798 et
1292 757 1434 815 aqua
1463 749 1514 797 et
1540 741 1652 796 sale
1682 739 1920 796 contenti
1949 747 2092 807 sunt,
2127 741 2368 812 exceptis
2398 743 2850 801 solemnitatibus.
2903 747 2962 800 In
3011 747 3248 803 adventu
3279 761 3497 819 quoque
3527 755 3582 802 et

279 843 748 916 Quinquagesima
777 849 830 898 et
853 841 1072 911 jejuniis
1102 841 1343 910 Quatuor
1398 841 1748 910 Temporum,
1809 845 1998 908 quarta
2027 836 2189 893 etiam
2223 836 2357 891 feria
2385 839 2637 894 eamdem
2667 840 3048 897 abstinentiam
3080 841 3302 898 faciunt.
3363 842 3580 914 Vigiliis

279 940 518 1004 Paschae,
573 937 924 994 Ascensionis
949 980 961 1003 ,
1014 939 1363 993 Pentecostes
1388 978 1400 1002 ,
1443 934 1616 990 sancti
1670 933 1927 998 Joannis,
1971 933 2114 989 Petri
2145 941 2198 988 et
2245 934 2426 1001 Pauli,
2460 937 2898 1006 Assumptionis,
2944 937 3196 994 Omnium
3230 939 3574 1006 Sanctorum,

279 1035 488 1089 Natalis
517 1033 733 1088 Domini
762 1033 1012 1088 similiter
1040 1033 1246 1088 vivunt.

350 1136 401 1188 2.
435 1133 497 1185 In
545 1131 746 1203 vigiliis
778 1146 910 1185 vero
939 1129 1308 1200 apostolorum
1355 1126 1562 1194 Jacobi,
1595 1125 2002 1191 Bartholomaei,
2036 1125 2270 1179 Matthaei
2297 1168 2308 1191 ,
2344 1125 2581 1181 Simonis
2613 1133 2665 1181 et
2693 1127 2844 1184 Iuda:
2870 1171 2883 1195 ,
2916 1129 3181 1195 Andrem,
3216 1131 3272 1186 S.
3304 1130 3581 1186 Laurentii

282 1226 560 1298 martyris,
588 1226 761 1282 semel
791 1226 1011 1298 quidem
1044 1227 1354 1292 comedunt,
1374 1226 1472 1281 sed
1502 1225 1840 1296 pulmentum
1869 1223 2088 1278 habent.
2113 1223 2334 1278 Caeteris
2363 1231 2545 1278 autem
2575 1225 2788 1293 diebus,
2807 1242 2876 1282 ne
2901 1226 3069 1282 nimio
3097 1227 3286 1282 labore
3317 1227 3580 1300 frangan-

281 1333 384 1391 tur,
419 1325 504 1378 bis
532 1324 845 1389 comedunt,
877 1324 976 1379 sed
1008 1322 1179 1378 semel
1208 1330 1416 1376 tantum
1447 1323 1784 1393 pulmentum
1814 1321 2112 1392 accipiunt.

348 1423 399 1474 3.
435 1419 776 1475 Generaliter
805 1427 988 1475 autem
1017 1434 1334 1475 communes
1364 1419 1524 1486 hujus
1553 1418 1748 1472 domus
1779 1417 1886 1473 cibi
1913 1418 2024 1472 sale
2054 1425 2261 1472 tantum
2291 1417 2632 1474 condiuntur.
2667 1419 2863 1488 Quinta
2892 1420 3027 1475 feria
3058 1429 3112 1477 et
3141 1420 3577 1477 solemnitatibus

279 1516 514 1586 capituli,
574 1515 712 1570 ultra
742 1523 1060 1571 consuetum
1083 1558 1096 1581 ,
1129 1514 1330 1586 aliquid
1375 1513 1618 1569 melioris
1667 1529 1808 1570 esca
1836 1513 2155 1584 suscipiunt.
2191 1515 2413 1570 Pascha:
2442 1523 2622 1570 tamen
2652 1525 2705 1571 et
2735 1518 3084 1574 Pentecostes
3129 1517 3260 1573 feria
3291 1518 3493 1589 quinta,
3526 1525 3581 1572 et

280 1611 451 1666 altera
478 1618 602 1682 post
632 1611 829 1666 festum
858 1612 1210 1668 Innocentum
1239 1610 1347 1677 die,
1379 1609 1424 1663 si
1455 1611 1582 1677 hac,
1615 1609 1670 1665 id
1699 1617 1780 1664 est
1809 1609 1993 1681 quinta
2040 1610 2193 1677 feria,
2228 1611 2302 1665 ibi
2357 1611 2677 1684 contigerit,
2711 1614 2894 1670 vinum
2933 1615 3052 1671 sine
3099 1615 3278 1687 aliqua
3305 1613 3403 1687 [αἱ.
3447 1611 3575 1686 alia]

279 1709 504 1782 pitantia
534 1718 770 1766 sumunt.

1633 1777 2205 1834 COMMENTARIUS.

350 1904 480 1960 CAP.
531 1903 644 1959 LII.
675 1934 744 1944 —
773 1904 937 1958 Num.
975 1907 1024 1958 1.
1057 1903 1236 1958 Sexta
1278 1917 1499 1975 semper
1543 1903 1710 1973 feria,
1745 1909 1874 1968 etc.,
1904 1901 2166 1962 Aherbis
2195 1902 2408 1968 crudis,
2460 1901 2722 1958 fructibus
2753 1910 2846 1958 aut
2887 1903 3160 1959 radicibus
3205 1912 3578 1976 pascerentur,

279 1995 530 2064 exceptis
550 1991 1029 2060 solemnitatibus,
1063 1999 1173 2046 etc.
1215 1989 1395 2046 Semel
1425 2005 1561 2062 ergo
1592 1997 1798 2044 tantum
1820 1989 1875 2042 in

278 2080 623 2136 hebdomada
643 2080 1026 2134 abstinentiam
1047 2078 1337 2145 faciebant,
1357 2079 1520 2150 idque
1542 2077 1678 2133 feria
1700 2086 1872 2143 sexta,

276 2168 380 2222 nisi
410 2168 608 2224 festum
658 2167 877 2238 capituli
907 2175 1256 2232 occurreret,
1309 2174 1435 2221 tunc
1482 2165 1627 2220 enim
1673 2165 1744 2220 ab
1782 2165 1878 2220 illa

279 2256 603 2311 abstinentia
634 2251 1027 2322 eximebantur,
1053 2255 1198 2326 quod
1229 2254 1389 2309 etiam
1409 2254 1553 2309 circa
1581 2254 1876 2308 monachos

280 2344 620 2400 observatum
650 2342 817 2397 fuisse
847 2343 1205 2397 indubitatum
1235 2350 1336 2396 est.
1371 2342 1478 2396 Cur
1505 2341 1649 2396 enim
1679 2357 1876 2396 mona-

279 2433 366 2488 chi
396 2448 503 2487 non
533 2431 764 2486 fuissent
791 2431 984 2486 eadem
1016 2431 1227 2485 ratione
1258 2430 1511 2500 exempti,
1547 2431 1639 2501 qui
1670 2437 1780 2483 tres
1822 2429 1877 2483 in

279 2520 624 2575 hebdomada
686 2519 957 2574 faciebant
1021 2518 1411 2586 abstinentias,
1470 2534 1594 2573 cum
1656 2517 1873 2583 fratres,

280 2607 371 2679 qui
398 2623 563 2662 unam
583 2615 790 2662 tantum
811 2607 1202 2673 observabant,
1237 2607 1305 2660 ab
1337 2621 1432 2673 ea,
1469 2605 1671 2660 ratione
1695 2621 1879 2675 super-

278 2696 547 2752 venienlis
611 2696 733 2750 festi
789 2694 1011 2765 capituli
1059 2694 1147 2750 hic
1196 2694 1548 2748 eximantur?
1603 2694 1765 2747 Nulla
1819 2692 1879 2747 ﬁt

278 2785 483 2839 mentio
535 2783 904 2838 translationis
957 2782 1326 2847 abstinentiae,
1358 2783 1501 2836 unde
1529 2782 1877 2852 perspicuum

280 2880 362 2927 est
392 2872 537 2943 quod
582 2887 648 2928 eo
697 2887 826 2927 casu
857 2871 1202 2926 inobservata
1234 2870 1520 2936 transiret;
1571 2886 1715 2925 nunc
1745 2885 1876 2924 vero

279 2976 387 3014 non
417 2961 495 3015 sic
518 3003 530 3025 ,
583 2975 706 3013 nam
740 2959 956 3030 quando
986 2958 1185 3014 festum
1213 2958 1432 3028 capituli
1478 2957 1716 3013 occurrit
1744 2957 1878 3012 feria

281 3057 452 3113 sexta,
485 3048 811 3102 abstinentia
840 3047 908 3101 ad
953 3047 1115 3102 aliam
1147 3047 1291 3101 diem
1321 3046 1659 3101 transfertur.

351 3136 488 3190 Ibid.
513 3137 578 3190 In
599 3136 855 3191 Adventu
874 3151 1102 3208 quoque,
1125 3143 1252 3201 etc.,
1278 3138 1479 3207 quarta
1501 3135 1676 3189 etiam
1706 3137 1874 3205 feria.

280 3225 337 3278 Id
368 3224 524 3279 etiam
557 3239 698 3279 nunc
727 3224 1080 3289 observatur,
1128 3223 1430 3293 iisdemque
1460 3222 1654 3276 diebus
1703 3223 1877 3276 absti-

1978 2007 2101 2046 cum
2149 1990 2256 2045 illis
2299 1991 2494 2046 eadem
2524 1991 2811 2046 laborandi
2858 1992 3076 2048 adesset
3123 1994 3421 2049 necessitas
3461 2010 3582 2065 quae

1978 2079 2100 2134 aliis
2128 2079 2339 2134 diebus.

2048 2169 2210 2223 Num.
2243 2172 2295 2221 3.
2332 2169 2686 2224 Generaliter
2705 2173 2898 2224 autem
2932 2185 3257 2226 communes
3289 2170 3458 2240 hujus
3485 2171 3581 2228 do-

1977 2272 2103 2311 mus
2119 2256 2230 2311 cibi
2249 2257 2365 2311 sale
2387 2261 2618 2312 tantum
2637 2258 3004 2313 condiuntur.
3039 2259 3162 2311 Erat
3191 2273 3396 2330 magna
3425 2257 3580 2314 diﬁ'e-

1977 2344 2152 2398 rentia
2199 2343 2341 2398 inter
2387 2344 2607 2399 modum
2637 2345 2916 2400 esculenta
2945 2345 3235 2400 condiendi
3283 2346 3390 2400 illis
3438 2354 3576 2401 tem-

1976 2431 2223 2502 poribus,
2249 2439 2300 2486 et
2322 2448 2444 2486 eum
2480 2448 2643 2502 quem
2663 2448 2807 2488 nunc
2828 2433 3028 2503 ubique
3059 2432 3269 2488 servari
3297 2433 3574 2500 videmus;

1977 2536 2086 2574 non
2130 2519 2275 2574 enim
2323 2528 2447 2575 tunc
2492 2521 2830 2576 habebantur
2881 2521 3093 2591 species
3141 2529 3478 2587 aromatum,
3525 2529 3579 2578 et

1977 2608 2231 2678 butyrum
2280 2609 2370 2661 vix
2417 2617 2535 2662 erat
2588 2609 2641 2662 in
2685 2625 2807 2663 usu.
2843 2610 2994 2664 Tunc
3023 2609 3185 2663 etiam
3213 2617 3360 2676 erat,
3411 2617 3574 2680 prout

1976 2712 2120 2751 nunc
2164 2696 2442 2764 videmus,
2493 2696 2547 2749 in
2595 2697 2758 2752 variis
2789 2697 3135 2767 regionibus,
3180 2713 3384 2768 magna
3426 2697 3575 2754 circa

1977 2800 2094 2838 rem
2125 2784 2284 2838 istam
2326 2784 2642 2850 diversitas,
2693 2784 2992 2840 secundum
3023 2785 3446 2840 consuetudines
3475 2801 3575 2842 va-

1977 2872 2084 2925 rias
2113 2871 2266 2927 cibos
2296 2871 2613 2937 condiendi,
2647 2888 2712 2926 ex
2741 2888 2972 2943 quarum
3002 2889 3102 2927 usu
3132 2889 3239 2944 quo
3271 2873 3442 2928 semel
3475 2889 3576 2928 na-

1977 2967 2100 3014 tura
2129 2959 2337 3013 imbuta
2367 2967 2482 3025 est,
2535 2959 2778 3014 nascitur
2805 2975 3004 3015 nausea
3053 2960 3200 3016 circa
3241 2961 3393 3017 cibos
3423 2961 3578 3016 aliter

1975 3055 2342 3118 praeparatos,
2395 3055 2450 3102 et
2497 3047 2620 3101 talis
2649 3063 2854 3102 nausea
2883 3063 3006 3118 quae
3054 3048 3140 3102 vix
3186 3049 3331 3104 vinci
3379 3048 3571 3119 possit.

1978 3134 2134 3202 Quod
2165 3135 2219 3188 in
2249 3135 2351 3190 hac
2400 3142 2586 3190 nostra
2630 3135 2794 3190 domo
2840 3136 3214 3205 experimento
3256 3151 3365 3190 non
3405 3136 3577 3191 semel

1976 3223 2327 3294 probavimus
2357 3231 2603 3294 tempore
2634 3223 2853 3294 capituli
2880 3225 3182 3296 generalis,
3232 3241 3357 3279 cum
3388 3226 3578 3280 Patres

278 3311 461 3366 nentia
490 3311 547 3365 tit
574 3328 605 3365 a
637 3311 914 3376 fratribus,
950 3327 1015 3366 eo
1044 3310 1207 3366 modo
1239 3325 1346 3381 quo
1375 3326 1520 3366 nunc
1549 3311 1650 3366 iste
1700 3310 1872 3365 absti-
1903 3303 1955 3363 B
1980 3311 2262 3377 Germani,
2295 3312 2436 3378 Itali,
2470 3311 2712 3382 Hispani,
2747 3312 2945 3382 Belga;
2980 3312 3189 3378 Poloni,
3225 3312 3384 3378 Galli,
3418 3313 3580 3367 simul

278 3400 584 3455 nentiarum
614 3399 746 3454 ritus
776 3407 1020 3454 servatur
1067 3399 1210 3469 apud
1254 3415 1375 3453 nos.

348 3489 511 3542 Num.
544 3492 598 3544 2.
622 3489 687 3542 In
710 3488 921 3558 vigiliis
966 3489 1344 3558 apostolorum
1387 3485 1595 3552 Jacobi,
1621 3494 1723 3542 etc.
1771 3487 1875 3542 Sed

275 3578 640 3648 pulmentum
671 3575 906 3639 habent,
958 3583 1058 3630 etc.
1113 3574 1377 3629 Pulmenti
1407 3574 1624 3629 nomine
1652 3575 1874 3645 pitantia

274 3663 613 3734 intelligitur,
641 3679 766 3718 nam
789 3663 946 3734 quasi
975 3679 1276 3734 synonyma
1305 3658 1406 3716 ista
1433 3679 1557 3718 esse
1587 3679 1653 3718 ex
1679 3664 1873 3718 eodem

275 3752 512 3822 capitulo
561 3752 859 3807 innotescet
884 3770 899 3817 ;
945 3759 996 3806 et
1025 3751 1152 3806 inde
1183 3751 1360 3823 magis
1389 3751 1673 3821 probatum
1701 3752 1875 3806 habe-

277 3841 361 3894 bis
408 3840 554 3911 quod
598 3855 766 3910 supra
812 3839 1074 3904 diximus,
1129 3839 1231 3893 sub
1273 3855 1392 3909 cap.
1423 3843 1518 3904 33,
1563 3847 1616 3894 et
1648 3840 1875 3910 qualiter

271 3926 622 4000 intelligenda
653 3928 760 3981 sint
790 3927 893 3981 ista
913 3927 1083 3983 verba
1104 3929 1168 3983 R.
1194 3929 1251 3982 Ρ.
1278 3927 1562 3998 Guigonis,
1588 3944 1642 3981 n.
1668 3930 1700 3980 5
1731 3929 1874 3997 ejus-

273 4017 398 4072 dem
419 4015 655 4087 capituli,
679 4016 750 4070 ad
771 4032 1011 4081 caenam,
1026 4018 1114 4071 vel
1135 4017 1206 4071 ad
1224 4015 1535 4087 prandium
1547 4033 1675 4071 cum
1697 4018 1872 4071 semel

277 4105 512 4168 edimus,
554 4104 750 4159 herbas
780 4104 986 4158 crudas
1007 4105 1091 4159 vel
1111 4106 1364 4174 fructus,
1389 4105 1440 4158 si
1462 4103 1683 4169 adsint,
1717 4106 1867 4159 acci-

276 4194 481 4264 pimus.
530 4191 741 4246 Herbas
770 4191 968 4246 crudas
999 4199 1156 4246 vocat
1187 4191 1256 4245 ad
1288 4190 1647 4246 differentiam
1682 4199 1871 4247 cocta-

275 4296 416 4334 rum.
448 4279 754 4334 Absurdum
803 4287 984 4334 autem
1027 4287 1171 4334 esset
1219 4280 1447 4334 credere
1498 4279 1641 4350 quod
1669 4279 1870 4334 herbas

273 4368 404 4421 istas
437 4368 635 4422 crudas
672 4368 1026 4424 comederent
1076 4368 1284 4439 absque
1331 4367 1442 4421 ullo
1499 4367 1866 4431 condimento,

276 4463 437 4525 prout
466 4471 498 4510 a
530 4456 719 4511 bestiis
765 4456 1152 4522 comeduntur,
1204 4471 1331 4509 nam
1361 4455 1604 4526 quaedam
1657 4455 1874 4510 illorum

269 4543 482 4598 sanitati
514 4543 737 4598 multum
768 4543 1088 4598 obfuissent.

345 4631 481 4685 Ibid.
517 4632 744 4687 (laeteris
779 4637 973 4686 autem
1007 4631 1221 4698 diebus,
1265 4639 1392 4697 etc.,
1433 4632 1515 4687 bis
1544 4633 1864 4697 comedunt,

273 4720 368 4775 sed
386 4721 557 4774 semel
581 4724 812 4774 tantum
842 4721 1202 4791 pulmentum
1219 4721 1528 4791 accipiunt.
1553 4721 1758 4775 Sensus
1789 4728 1870 4775 est

275 4807 419 4879 quod
431 4807 630 4876 jejunia
647 4807 874 4874 ordinis,
891 4824 1011 4879 quae
1028 4815 1315 4864 servantur
1330 4824 1362 4862 a
1380 4809 1664 4864 monachis
1685 4825 1714 4862 a
1731 4809 1869 4864 festo

270 4895 628 4950 Exaltationis
657 4895 714 4949 S.
740 4897 938 4961 crucis,
972 4897 1223 4951 conversi
1253 4913 1361 4950 non
1383 4905 1618 4962 servant,
1644 4907 1869 4968 excepto

273 4983 551 5039 Adventus
597 4991 874 5053 tempore,
933 4985 1103 5040 semel
1150 4992 1331 5039 tamen
1384 4985 1490 5039 illis
1537 4985 1870 5041 ministratur

273 5071 517 5141 pitantia,
551 5078 604 5125 et
633 5070 854 5141 insuper
884 5072 1111 5140 herbas,
1143 5082 1234 5126 aut
1263 5072 1484 5140 fructus,
1538 5081 1630 5128 aut
1660 5073 1872 5129 radices

271 5158 542 5228 accipiunt
572 5174 670 5229 pro
715 5174 899 5226 ccena,
937 5176 1057 5230 quae
1088 5159 1249 5214 etiam
1291 5161 1569 5230 pulmento
1617 5160 1670 5214 in
1701 5177 1870 5230 pran-

273 5246 362 5300 dio
405 5247 675 5300 adduntur
701 5246 892 5300 diebus
915 5248 1139 5316 jejunii,
1187 5249 1401 5319 quando
1448 5257 1650 5303 tantum
1699 5250 1871 5304 semel

273 5335 597 5398 comedunt,
650 5335 793 5405 quod
840 5334 946 5388 illis
998 5335 1180 5390 verbis
1223 5336 1633 5406 intelligendum
1667 5345 1776 5403 est,
1809 5339 1872 5392 in

267 5422 511 5494 prandio
533 5424 582 5476 si
609 5424 782 5477 semel
811 5423 1132 5479 comedunt.
1167 5424 1300 5478 Cum
1331 5424 1474 5477 enim
1510 5441 1538 5477 a
1561 5425 1766 5493 jejunio
1788 5441 1875 5478 or-

268 5511 410 5565 dinis
441 5526 509 5565 ex
539 5509 787 5580 professo
815 5512 1210 5578 eximerentur,
1257 5528 1326 5567 ne
1354 5512 1519 5566 nimio
1551 5513 1739 5567 labore
1768 5513 1870 5567 de-

266 5597 630 5664 bilitarentur,
663 5597 1022 5670 incongruum
1054 5608 1198 5654 esset
1226 5600 1452 5655 credere
1483 5601 1629 5672 quod
1676 5600 1870 5655 diebus

258 5687 480 5760 jejunii,
532 5685 730 5759 quibus
776 5687 948 5744 semel
978 5688 1268 5744 comedere
1317 5688 1524 5747 licitum
1570 5695 1684 5756 est,
1736 5687 1869 5748 solis

1977 3400 2340 3466 conveniunt;
2375 3399 2467 3470 qui
2496 3408 2678 3454 tamen
2709 3399 2933 3454 Gallicae
2961 3400 3341 3455 consuetudini
3369 3400 3426 3454 in
3471 3401 3578 3457 hoc

1975 3486 2184 3542 facilius
2211 3495 2530 3542 assuescunt
2551 3529 2564 3553 ,
2600 3502 2763 3558 quam
2793 3487 3021 3542 aliarum
3053 3487 3360 3558 regionum.
3412 3490 3476 3542 Et
3520 3495 3580 3543 ut

1975 3576 2205 3630 vicinius
2227 3591 2343 3630 rem
2369 3582 2678 3646 tangamus,
2703 3575 2830 3630 boni
2859 3577 3046 3630 Patres
3065 3575 3292 3645 Hispani
3319 3575 3578 3645 butyrum

1975 3663 2029 3717 in
2076 3663 2436 3718 condimentis
2484 3664 2572 3718 vix
2620 3663 2766 3718 ferre
2813 3671 3072 3734 possunt,
3119 3664 3409 3734 piscesque
3453 3680 3574 3718 cum

1975 3767 2120 3822 aqua
2139 3793 2152 3817 ,
2187 3752 2297 3806 sale
2319 3795 2331 3817 ,
2364 3751 2549 3806 herbis
2578 3759 2630 3806 et
2651 3751 2917 3806 similibus
2938 3751 3075 3806 cocti
3105 3752 3185 3806 eis
3217 3752 3452 3822 sapiunt,
3477 3752 3576 3808 sed

1975 3855 2100 3895 cum
2131 3840 2258 3896 vino
2279 3847 2465 3895 coctos
2485 3840 2766 3894 mirantur.
2792 3839 2926 3908 Quae
2955 3839 3044 3895 hic
3073 3848 3281 3894 tantum
3301 3847 3575 3907 notamus,

1976 3936 2032 3981 ut
2063 3928 2380 3983 advertatur
2428 3927 2830 3983 distinctionem
2878 3927 2932 3982 in
2972 3927 3244 3982 similibus
3272 3927 3578 3983 faciendam

1975 4032 2099 4070 esse
2121 4017 2278 4085 juxta
2306 4015 2643 4071 differentias
2671 4023 2999 4086 temporum,
3036 4016 3319 4087 regionum
3348 4024 3402 4071 et
3445 4032 3577 4072 con-

1975 4104 2345 4158 suetudinum.
2418 4104 2590 4158 Porro
2646 4104 2734 4159 hic
2792 4103 3028 4174 loquitur
3070 4104 3140 4159 de
3197 4104 3578 4160 communibus

1975 4190 2142 4258 cibis,
2193 4207 2295 4246 nec
2338 4191 2464 4246 inde
2493 4199 2672 4261 potest
2696 4191 2946 4246 concludi
2971 4232 2985 4260 ,
3038 4191 3185 4262 quod
3236 4191 3292 4244 in
3322 4191 3576 4246 omnibus

1973 4294 2076 4334 nec
2122 4279 2276 4346 oleo,
2323 4295 2425 4334 nec
2468 4279 2654 4334 herbis
2680 4279 2749 4333 ad
2777 4279 3112 4334 condiendus
3156 4279 3408 4350 pitantias
3449 4287 3574 4334 ute-

1973 4375 2173 4422 rentur.
2223 4366 2346 4422 Sale
2391 4374 2600 4422 tantum
2629 4366 2916 4421 utebantur
2961 4374 3014 4421 et
3061 4382 3170 4422 non
3197 4367 3317 4420 aliis
3354 4382 3576 4422 aroma-

1973 4463 2087 4509 tum
2114 4453 2434 4525 speciebus,
2487 4471 2609 4525 quae
2638 4461 2763 4508 tunc
2793 4470 2932 4508 rarae
2963 4461 3114 4508 erant
3139 4496 3152 4519 ,
3206 4453 3315 4508 imo
3345 4453 3575 4508 forsitan

1975 4559 2003 4596 a
2033 4543 2316 4614 splendide
2347 4550 2399 4597 et
2427 4542 2658 4598 delicate
2687 4541 3105 4597 convivantibus
3135 4549 3341 4596 tantum
3371 4541 3578 4612 impen-

1975 4632 2263 4686 debentur.

2043 4720 2178 4774 Ibid.
2215 4719 2422 4786 Quinta
2440 4720 2589 4790 feria
2605 4722 2660 4773 et
2679 4718 3134 4774 solemnitatibus
3153 4719 3395 4790 capituli
3413 4761 3430 4784 ,
3463 4725 3570 4774 etc.

1971 4810 2051 4863 De
2081 4807 2369 4878 pulmentis
2419 4807 2584 4861 etiam
2612 4796 2803 4860 diebus
2826 4805 3017 4874 jejunii
3064 4805 3355 4859 ministrari
3397 4805 3572 4860 solitis

1970 4913 2134 4967 supra
2181 4894 2240 4950 fit
2285 4895 2516 4960 mentio,
2567 4903 2617 4949 et
2665 4895 2753 4950 hic
2782 4894 2944 4949 etiam
2973 4893 3110 4948 feria
3147 4894 3334 4965 quinta
3365 4893 3574 4964 aliquid

1972 4985 2114 5039 ultra
2163 4992 2479 5039 consuetum
2525 4984 2643 5037 dari
2687 4982 3016 5053 perhibetur.
3070 4981 3213 5050 Quid
3258 4983 3363 5037 hoc
3425 4989 3571 5036 esset

1975 5073 2294 5144 ignoramus
2329 5087 2339 5124 :
2373 5072 2469 5127 sed
2498 5079 2709 5126 certum
2737 5079 2820 5125 est
2868 5070 3013 5142 quod
3060 5070 3203 5124 ultra
3249 5077 3570 5125 consuetum

1973 5161 2176 5232 aliquid
2205 5159 2442 5215 melioris
2473 5176 2614 5214 eseze
2643 5159 2996 5228 susciperent.
3165 5158 3171 5165 '

2047 5249 2181 5303 lbid.
2206 5247 2437 5304 Pascha:
2454 5253 2646 5303 tamen
2669 5252 2727 5302 et
2746 5249 3124 5312 Pentecostes,
3149 5254 3275 5311 etc.,
3291 5248 3435 5310 sine,
3459 5254 3566 5303 etc.

1974 5337 2086 5392 Illis
2134 5336 2516 5392 festivitatibus
2543 5336 2598 5390 in
2630 5336 2793 5390 domo
2825 5335 3088 5405 superiori
3117 5343 3268 5389 erant
3294 5343 3347 5389 et
3377 5334 3570 5389 diebus

1975 5425 2060 5480 hic
2092 5425 2291 5480 notatis
2321 5424 2445 5478 inde
2477 5423 2842 5491 recedebant,
2893 5430 2952 5476 ut
2997 5422 3065 5476 ad
3095 5422 3317 5476 domum
3347 5421 3570 5476 inferio-

1972 5529 2082 5567 rem
2119 5512 2395 5575 redirent,
2438 5511 2530 5565 ubi
2560 5511 2638 5565 eis
2686 5517 2948 5566 consueta
2995 5509 3464 5572 ministrabantur,
3516 5517 3572 5563 et

1968 5601 2087 5656 haec
2118 5607 2199 5654 est
2229 5599 2364 5653 ratio
2412 5615 2512 5654 cur
2551 5599 2733 5655 vinum
2767 5605 2973 5655 tantum
3003 5605 3056 5658 et
3085 5597 3218 5655 nihil
3247 5596 3391 5654 aliud
3420 5595 3567 5652 reci-

1968 5695 2162 5763 perent
2188 5688 2273 5742 his
2302 5686 2514 5742 diebus.
