3940 6440
327 344 432 400 ⁸735

1167 341 1510 399 GUIGONIS
1551 342 1571 395 Ι
1611 340 2019 396 CARTHUSLE
2059 343 2353 398 MAIORIS
2391 343 2665 399 PRIORIS
2706 345 2775 398 V.

3517 347 3626 400 736

401 470 454 523 4.
487 468 697 524 Herbas
723 468 937 533 crudas,
969 467 1175 522 fructus
1203 473 1294 520 aut
1321 464 1556 528 radices,
1591 478 1716 518 cum
1744 464 1959 528 adsunt,
1993 463 2047 516 in
2077 479 2233 519 amna
2262 473 2488 533 tantum,
2522 467 2608 522 vel
2637 467 2692 520 in
2722 466 2970 537 prandio,
3023 466 3069 519 si
3097 466 3268 520 semel
3307 467 3621 530 comedunt,

335 563 622 634 accipiunt.
657 564 922 618 Pulmenti
952 563 1037 618 vel
1059 561 1295 634 pitantiaa
1322 559 1582 632 quidquid
1613 559 1704 614 uni
1734 559 1966 629 prandio
1996 561 2324 630 superfuerit
2353 563 2625 617 reddunt:
2652 563 2833 618 vinum
2881 563 3067 617 datum
3098 578 3208 616 non
3236 563 3340 617 nisi
3370 563 3423 617 in
3464 579 3627 633 pran-

335 660 427 715 dio
460 661 545 716 vel
589 676 746 717 ccena
777 661 985 716 bibunt.

408 759 461 810 5.
495 755 769 827 Quidquid
799 773 864 811 ex
894 757 1133 826 pitantiis
1172 761 1456 818 remanet,
1489 751 1576 806 vel
1605 751 1895 822 pulmentis
1918 794 1931 817 ,
1983 751 2129 822 quod
2177 754 2298 808 usui
2343 763 2528 826 aptum
2559 757 2656 822 sit,
2702 756 3022 828 coquinario
3060 757 3336 822 redditur,
3384 773 3452 812 ne
3501 757 3624 828 quis

335 851 475 909 forte
503 868 612 908 non
642 868 961 908 concessam
992 853 1201 909 occulte
1230 851 1393 907 faciat
1449 848 1850 903 abstinentiam.

1711 965 2106 1020 CAPITULUM
2137 964 2269 1018 LIII.

1441 1066 1553 1134 Quo
1585 1069 1833 1135 tempore
1857 1063 2158 1115 vescantur
2177 1063 2441 1116 avenario
2467 1079 2636 1134 pane.

408 1160 454 1212 A
481 1158 740 1213 Kalendis
771 1159 1097 1214 Novembris
1127 1175 1299 1232 usque
1329 1161 1395 1214 ad
1425 1162 1634 1216 Pascha
1665 1174 1852 1215 avenae
1882 1163 2177 1210 vescuntur
2203 1174 2369 1228 pane.
2411 1161 2470 1212 In
2501 1162 2747 1216 Adventu
2777 1168 2958 1215 tamen
2988 1169 3037 1216 et
3070 1160 3500 1232 Quadragesima
3528 1177 3626 1232 per

337 1253 578 1327 singulas
609 1255 997 1321 hebdomadas,
1032 1256 1276 1328 singulas
1305 1258 1540 1314 triticeas
1572 1275 1635 1312 ex
1667 1254 1893 1328 pitantia
1921 1251 2187 1322 recipiunt
2215 1262 2407 1311 tortas.

1689 1373 2258 1434 COMMENTARIUS.

410 1475 572 1528 Num.
597 1475 649 1529 ι.
683 1475 888 1530 Herba:
915 1475 1142 1542 crucias,
1162 1479 1392 1547 fruetus
1419 1481 1520 1532 aut
1545 1477 1779 1541 radices,
1803 1492 1932 1530 cum
1952 1473 2006 1530 A
2107 1473 2411 1544 Capitulum
2441 1475 2585 1530 istud
2616 1476 2844 1531 relatum
2874 1476 3045 1532 habes
3093 1476 3147 1531 in
3187 1477 3424 1548 antiquis
3462 1484 3625 1532 statu-

341 1561 570 1628 adsunt,
602 1563 665 1617 in
701 1579 861 1617 cazna
901 1567 1129 1620 tantum
1151 1607 1164 1630 ,
1196 1565 1283 1619 vel
1323 1566 1385 1619 in
1410 1565 1650 1636 prandio
1682 1565 1731 1619 si
1760 1564 1934 1618 semel

339 1650 662 1714 comedunt,
688 1657 792 1705 etc.
818 1650 1132 1710 Hicclarius
1164 1652 1384 1721 exponit
1412 1652 1475 1707 R.
1501 1653 1559 1706 P.
1585 1651 1765 1721 Guigo
1789 1650 1935 1722 quod

341 1737 670 1792 succinctius
718 1747 770 1792 et
823 1738 946 1792 ideo
986 1739 1274 1794 obscurius
1304 1740 1550 1807 dixerat,
1583 1754 1702 1810 cap.
1738 1743 1832 1803 33,
1866 1739 1935 1792 de

341 1825 623 1879 monachis
653 1825 902 1896 loquens.
937 1827 1035 1880 Hic
1065 1827 1208 1880 enim
1252 1827 1399 1882 clare
1436 1827 1650 1882 videtur
1677 1825 1934 1881 differen-

344 1910 414 1964 tia
442 1911 582 1966 iuter
619 1927 708 1966 res
738 1913 1103 1967 comestibiles
1135 1929 1267 1984 quas
1299 1914 1445 1984 apud
1478 1930 1537 1968 se
1589 1929 1808 1967 servare
1838 1929 1935 1982 po-

344 2005 522 2052 terant
550 2000 801 2053 monachi
833 2008 887 2054 et
915 2001 1166 2055 conversi
1196 2002 1430 2072 quandiu
1462 2001 1751 2066 durabant,
1777 2016 1937 2070 quas-

346 2101 450 2156 que
500 2087 748 2141 monachi
797 2087 852 2140 in
899 2087 1052 2142 cellis
1084 2087 1187 2142 sibi
1217 2089 1479 2158 parabant
1526 2096 1580 2142 et
1610 2089 1934 2158 coquebant,

345 2180 400 2227 et
428 2172 765 2242 pulmentum
796 2174 910 2229 sive
941 2175 1226 2245 pitantiam
1273 2192 1395 2247 qum
1443 2193 1509 2231 ex
1552 2176 1787 2246 coquina
1832 2176 1938 2229 illis

345 2260 770 2316 ministrabatur.
819 2262 998 2334 Junge
1048 2264 1188 2319 hunc
1218 2264 1398 2318 locum
1428 2279 1550 2320 curn
1577 2264 1661 2316 his
1702 2279 1821 2334 quae
1852 2263 1940 2318 hic

347 2347 628 2415 dicuntur,
661 2365 714 2403 n.
747 2353 810 2414 2,
843 2358 896 2404 et
925 2351 1135 2405 videbis
1165 2352 1306 2422 quod
1339 2353 1499 2405 etiam
1532 2351 1724 2404 diebus
1749 2351 1939 2418 jejunii

347 2435 700 2490 ecclesiastici
731 2437 1130 2492 ministraretur
1157 2439 1236 2492 eis
1256 2439 1590 2508 pulmentum
1622 2439 1736 2492 sive
1767 2439 1940 2508 pitan-

343 2522 416 2577 tia
435 2563 448 2590 ,
483 2539 807 2596 quacunque
837 2524 1092 2596 specifica
1121 2526 1208 2580 die
1238 2527 1398 2580 unius
1426 2527 1786 2581 hebdomadas
1815 2542 1940 2580 eve-

345 2611 590 2676 nissent,
642 2613 881 2682 exceptis
929 2615 1302 2668 tantummodo
1352 2614 1544 2668 diebus
1603 2614 1940 2668 abstinentia;

346 2698 644 2768 deputatis,
698 2708 751 2754 et
797 2701 924 2756 inde
954 2702 1218 2758 conclude
1247 2717 1276 2755 a
1306 2701 1511 2756 fortiori
1551 2702 1740 2756 eadem
1775 2701 1939 2756 fuisse

347 2786 634 2841 observata
662 2804 758 2858 pro
788 2790 1064 2844 monachis
1093 2806 1214 2860 qum
1245 2805 1345 2859 pro
1389 2791 1685 2844 conversis.

417 2874 555 2930 Ibid.
596 2877 795 2931 Vinum
833 2877 1030 2932 datum
1064 2894 1180 2932 non
1204 2879 1320 2932 nisi
1356 2879 1419 2932 in
1439 2877 1710 2948 prandio,
1747 2884 1850 2931 etc.
1883 2876 1939 2930 Si

346 2961 551 3017 licitum
590 2963 696 3017 illis
735 2973 851 3018 erat
891 2965 1072 3019 bibere
1103 2965 1287 3019 vinum
1339 2965 1393 3017 in
1437 2979 1590 3019 cmna
1633 2965 1770 3018 sicut
1801 2972 1854 3018 et
1884 2963 1936 3017 in

347 3050 573 3120 prandio
595 3092 608 3116 ,
655 3059 710 3105 et
755 3060 932 3106 tamen
964 3052 1134 3106 semel
1163 3053 1218 3105 in
1247 3052 1335 3106 die
1367 3051 1725 3106 communiter
1755 3051 1938 3105 vinum

349 3137 690 3207 reciperent;
722 3139 848 3194 inde
878 3147 1055 3208 potest
1085 3139 1278 3207 conjici
1310 3139 1455 3208 quod
1502 3139 1685 3192 vinum
1738 3139 1816 3192 eis
1847 3139 1940 3192 da-

348 3232 502 3280 retur
529 3225 586 3279 in
613 3240 680 3279 ea
708 3242 994 3291 mensura,
1047 3243 1166 3296 quae
1213 3226 1426 3296 utrique
1454 3225 1735 3280 refectioni
1787 3225 1938 3279 suﬂi-

349 3328 472 3368 cere
500 3321 686 3383 posset
719 3331 732 3368 :
767 3322 816 3368 et
845 3313 975 3367 illud
1008 3315 1092 3369 vel
1128 3329 1237 3368 non
1266 3313 1591 3381 disjunctive
1628 3313 1726 3367 sed
1767 3329 1938 3383 copu-

349 3400 510 3456 lative
565 3400 940 3471 accipiendum
988 3410 1070 3456 est
1130 3409 1188 3456 ut
1245 3417 1439 3456 sensus
1469 3401 1564 3466 sit,
1613 3401 1758 3472 quod
1787 3410 1941 3456 extra

349 3488 635 3558 prandium
659 3496 711 3543 et
729 3504 939 3545 acnuam
956 3489 1140 3543 vinum
1157 3503 1266 3544 non
1286 3489 1550 3544 deberent
1569 3488 1772 3553 bibere,
1795 3490 1941 3560 quod

350 3577 630 3632 monachis
659 3577 819 3631 etiam
850 3577 1229 3648 praescriptum
1274 3585 1404 3632 erat.

418 3664 582 3718 Num.
615 3668 668 3719 5.
707 3665 984 3737 Quidquid
1015 3682 1089 3720 ex
1112 3665 1379 3736 pitantiis
1400 3669 1678 3730 remanet,
1709 3671 1837 3728 etc.,
1869 3680 1942 3719 ne

351 3753 473 3823 quis
511 3769 628 3806 non
655 3769 978 3809 concessam
1016 3757 1163 3822 forte
1184 3753 1364 3822 faciat
1391 3794 1404 3817 ,
1439 3759 1545 3806 etc.
1576 3752 1657 3804 Ex
1687 3753 1790 3807 hoc
1819 3752 1940 3807 loco

351 3847 578 3909 apparet
644 3848 842 3910 quanta
891 3848 942 3894 et
991 3855 1152 3910 quam
1211 3839 1393 3893 subtili
1457 3839 1942 3909 circumspectione

348 3926 547 3982 vellent
567 3926 728 3996 primi
742 3928 921 3980 Patres
943 3927 1010 3980 ab
1035 3927 1339 3981 indiscretis
1361 3927 1702 3980 abstinentiis
1724 3935 1942 3982 nostros

351 4031 559 4078 arcere,
581 4014 888 4085 nihilquein
909 4015 996 4068 illa
1014 4023 1168 4084 parte
1182 4015 1382 4069 vellent
1402 4014 1622 4068 omnino
1639 4015 1937 4079 admittere,

352 4102 492 4173 quod
525 4101 881 4169 obedientiaz,
917 4102 1198 4156 directioni
1229 4111 1281 4156 et
1303 4103 1618 4157 discretioni
1645 4119 1750 4157 non
1783 4103 1940 4172 plene

351 4189 676 4257 subjaceret,
731 4191 858 4243 tanti
888 4190 1145 4245 momenti
1177 4198 1294 4244 erat
1323 4190 1466 4260 apud
1495 4189 1616 4244 illos
1638 4235 1653 4256 ,
1688 4190 1944 4245 solitariae

352 4284 404 4332 et
434 4277 802 4333 Carthusiana:
831 4279 955 4333 vitae
984 4277 1326 4348 professores
1356 4293 1388 4331 a
1419 4277 1734 4332 voluntariis
1765 4287 1818 4332 et
1846 4294 1942 4332 ar-

350 4364 585 4419 bitrariis
642 4365 1113 4420 exercitationibus
1171 4366 1477 4436 repellere,
1509 4382 1577 4419 ne
1635 4374 1793 4435 caput
1851 4374 1943 4419 aut

352 4468 550 4523 corpus
581 4453 684 4507 sibi
716 4453 1009 4519 laederent,
1062 4461 1115 4508 et
1144 4468 1244 4523 pro
1273 4453 1599 4514 obedientia,
1638 4454 1738 4507 sub
1769 4454 1942 4507 absti-

351 4541 656 4595 nentiarum
687 4550 976 4610 praetextu,
1009 4542 1464 4611 singularitatem,
1494 4541 1757 4611 privatum
1787 4557 1943 4595 amo-

351 4644 466 4682 rem
486 4671 499 4698 ,
533 4629 783 4684 subtilem
807 4630 1094 4684 vanitatem
1119 4637 1170 4684 et
1193 4629 1244 4682 in
1268 4645 1364 4684 suo
1382 4646 1547 4682 sensu
1570 4629 1940 4699 pertinaciam,

350 4732 472 4786 quae
503 4732 694 4771 revera
725 4725 847 4770 sunt
881 4717 1002 4770 vitae
1034 4717 1288 4771 solitariae
1317 4717 1710 4784 carcinomata,
1745 4716 1946 4770 substi-

350 4811 562 4858 tuerent
609 4812 660 4858 et
703 4805 1015 4859 enutrirent.

423 4891 620 4946 Volunt
649 4908 783 4964 ergo
814 4892 1054 4962 quotidie
1082 4893 1261 4946 omnia
1293 4892 1446 4946 reddi
1481 4892 1800 4962 coquinario
1824 4935 1836 4957 ,
1887 4901 1945 4947 ut

354 4979 602 5034 videlicet
651 4981 853 5034 scirent
901 4996 968 5032 an
1016 4980 1404 5035 convenienter
1433 4996 1497 5035 ex
1537 4980 1826 5050 pulmentis
1855 4988 1946 5034 aut

353 5066 592 5136 pitantiis
625 5067 855 5137 quisque
885 5068 1233 5132 comedisset,
1266 5069 1557 5138 statimque
1587 5067 1731 5137 exigi
1760 5076 1945 5136 posset

353 5154 489 5208 ratio
520 5169 552 5206 a
590 5154 848 5209 reddente
886 5155 1186 5224 pitantiam,
1220 5173 1323 5226 qua
1353 5155 1422 5210 de
1452 5170 1618 5210 causa
1648 5171 1757 5207 non
1789 5170 1943 5209 com-

352 5242 573 5307 edisset,
598 5257 665 5294 an
695 5251 1016 5314 aegrotaret,
1051 5251 1213 5314 atque
1246 5244 1313 5297 de
1342 5243 1442 5297 hac
1469 5258 1524 5296 re
1555 5243 1729 5296 statim
1759 5250 1946 5311 posset

353 5330 600 5398 superior
646 5331 876 5384 moneri.
911 5331 1010 5384 llic
1047 5331 1198 5385 locus
1237 5330 1395 5384 valde
1441 5329 1695 5383 notabilis
1725 5337 1840 5395 est,
1893 5338 1946 5384 et

353 5418 688 5472 demonstrat
719 5419 1000 5472 evidenter
1026 5418 1201 5488 qualis
1248 5433 1464 5487 semper
1513 5417 1670 5472 fuerit
1727 5417 1945 5488 spiritus

2035 1559 2122 1628 tis,
2158 1577 2217 1614 Ill
2248 1570 2422 1632 part.,
2457 1579 2580 1634 cap.
2612 1567 2713 1629 20,
2748 1581 2804 1619 n.
2841 1569 2889 1618 l.

2105 1648 2237 1702 CAP.
2263 1650 2397 1704 LIII.
2422 1679 2492 1691 -—
2510 1652 2674 1706 Num.
2701 1655 2750 1706 l.
2775 1653 2975 1708 Avente
2992 1656 3301 1708 vescuntur
3324 1669 3494 1724 pane,
3518 1659 3625 1708 etc.

2036 1735 2134 1790 Hic
2182 1737 2333 1792 locus
2374 1738 2486 1794 fere
2530 1739 2926 1794 intolerabilem
2957 1740 3328 1795 austeritatem
3359 1747 3514 1796 sonat
3543 1740 3631 1794 his

2036 1823 2129 1892 qui
2156 1840 2312 1878 usum
2344 1825 2498 1880 istius
2525 1827 2714 1896 patria
2743 1843 2852 1881 non
2881 1835 3079 1882 norunt
3099 1870 3112 1889 ,
3145 1843 3272 1881 nam
3301 1828 3357 1882 in
3385 1828 3501 1881 aliis
3532 1843 3628 1882 re-

2036 1911 2292 1980 gionibus
2340 1914 2433 1966 ubi
2458 1914 2694 1968 triticum
2729 1915 3072 1970 abundanter
3099 1916 3326 1983 crescit,
3375 1915 3463 1969 vix
3493 1923 3630 1970 tem-

2037 2014 2170 2068 pore
2204 1998 2362 2054 famis
2393 2010 2622 2071 possunt
2648 2002 2831 2056 rustici
2861 2018 2926 2057 ex
2957 2003 3262 2071 hujusmodi
3288 2018 3430 2072 pane
3473 2019 3627 2058 com-

2037 2091 2232 2154 edere,
2263 2088 2385 2159 quia
2417 2105 2524 2143 non
2557 2098 2680 2144 sunt
2711 2089 2945 2155 assueti,
2996 2098 3049 2144 et
3095 2106 3202 2144 non
3234 2091 3436 2145 habent
3465 2091 3628 2146 indu-

2038 2177 2225 2230 striam
2255 2175 2393 2230 bene
2423 2175 2746 2231 conficiendi
2775 2191 2970 2246 panem
3001 2191 3067 2232 ex
3099 2191 3290 2231 avena.
3325 2177 3434 2231 Sed
3477 2177 3629 2232 desi-

2037 2272 2166 2319 nent
2194 2264 2411 2331 mirari,
2463 2264 2683 2334 quando
2714 2264 2886 2320 scient
2932 2264 2987 2318 in
3030 2265 3134 2319 hac
3181 2264 3404 2337 regione
3435 2280 3629 2336 panem

2037 2368 2222 2407 avenae
2251 2367 2374 2406 esse
2405 2359 2724 2407 consuetum
2771 2352 3085 2407 alimentum
3133 2353 3490 2420 rusticorum,
3522 2353 3631 2408 imo

2037 2442 2392 2495 honestorum
2423 2438 2622 2494 civium
2652 2439 2897 2494 vicorum
2947 2447 3000 2493 et
3047 2439 3295 2493 villarum
3336 2440 3631 2495 circumvi-

2037 2528 2281 2583 cinarum
2301 2567 2315 2595 ,
2341 2527 2428 2582 cui
2457 2527 2775 2582 comestioni
2805 2534 2926 2581 sunt
2947 2527 3149 2582 assueti
3180 2528 3250 2581 ab
3269 2528 3390 2597 ipso
3419 2543 3450 2582 e
3476 2529 3631 2582 cunis

2039 2631 2288 2688 egressu,
2323 2623 2374 2669 et
2395 2615 2523 2669 inde
2551 2613 2686 2668 ﬁunt
2714 2615 2924 2669 robusti
2945 2617 3004 2668 'et
3033 2615 3233 2686 vegeti,
3256 2615 3394 2670 adeo
3423 2623 3480 2669 ut
3507 2630 3630 2686 pos-

2039 2703 2146 2756 sint
2174 2703 2262 2756 vix
2293 2702 2520 2772 reperiri
2549 2701 2604 2755 in
2635 2702 2905 2771 opulentis
2937 2702 3251 2773 regionibus
3274 2743 3287 2768 ,
3321 2703 3414 2773 qui
3444 2703 3632 2756 sanius

1958 2811 2010 2870 Β
2041 2799 2093 2844 et
2121 2789 2323 2843 diutius
2352 2789 2553 2852 vivant,
2588 2796 2641 2844 et
2669 2804 2898 2858 quorum
2921 2789 3103 2859 proles
3143 2789 3322 2861 magis
3363 2790 3629 2860 multipli—

2039 2886 2207 2932 cetur.
2257 2877 2413 2932 Unde
2459 2876 2560 2931 iste
2611 2892 2743 2930 usus
2784 2877 3104 2932 comedendi
3152 2892 3345 2947 panem
3402 2877 3630 2932 avena?

2040 2965 2174 3033 Quia
2205 2965 2438 3019 triticum
2468 2964 2628 3019 valde
2657 2980 2840 3018 rarum
2873 2972 2954 3018 est
2985 2964 3039 3018 in
3069 2965 3185 3018 istis
3214 2964 3457 3034 rupibus,
3483 2965 3630 3035 quod

2038 3052 2226 3108 rustici
2289 3059 2505 3106 servant
2551 3052 2622 3105 ad
2670 3050 2803 3106 offas
2848 3051 3140 3123 aliquando
3201 3053 3625 3122 componendas,

2039 3155 2211 3194 avena
2241 3155 2370 3195 vero
2402 3155 2504 3209 pro
2534 3138 2876 3194 conficiendo
2904 3155 3046 3210 pane
3075 3147 3318 3204 utuntur,
3349 3154 3470 3210 qua:
3500 3138 3634 3193 satis

2039 3227 2253 3282 abunde
2282 3227 2338 3282 in
2367 3227 2486 3281 istis
2515 3227 2789 3282 montibus
2822 3227 3050 3293 crescit,
3082 3235 3136 3281 et
3157 3225 3412 3297 pmcellit
3443 3226 3630 3281 avenis

2040 3331 2160 3386 quae
2189 3314 2315 3368 alibi
2345 3322 2617 3369 crescunt.
2652 3315 2880 3384 Insuper
2908 3314 3230 3383 necessitas,
3251 3313 3492 3368 omnium
3521 3328 3636 3368 ma-

2039 3403 2236 3474 gistra,
2268 3417 2364 3457 eos
2391 3401 2573 3457 docuit
2601 3402 2834 3473 qualiter
2862 3417 3057 3472 panem
3085 3401 3219 3456 satis
3263 3402 3464 3456 bonum
3503 3401 3630 3456 inde

2039 3489 2408 3553 conﬁcerent;
2455 3504 2584 3544 nam
2628 3489 2949 3560 priusquam
2997 3488 3062 3543 ad
3110 3488 3310 3544 molam
3365 3488 3630 3557 deferant,

2040 3591 2270 3634 avenam
2301 3577 2509 3633 siccant
2555 3577 2610 3631 in
2639 3576 2854 3631 clibano
2883 3577 3097 3648 tepido,
3147 3576 3291 3631 unde
3319 3575 3376 3630 fit
3412 3585 3467 3630 ut
3497 3593 3631 3648 per-

2041 3665 2178 3722 fecte
2209 3665 2439 3721 molatur
2467 3673 2521 3720 et
2551 3666 2854 3720 extrahatur
2880 3665 3269 3720 candidissima
3299 3663 3493 3731 farina,
3523 3680 3632 3737 qua

2041 3761 2231 3823 postea
2260 3768 2457 3824 panem
2488 3752 2801 3808 conﬁciunt.
2835 3751 2980 3806 Talis
3025 3760 3108 3807 est
3145 3751 3449 3807 communis
3475 3753 3633 3823 panis

2039 3841 2244 3912 patrias.
2293 3843 2415 3896 Non
2464 3856 2598 3911 ergo
2648 3848 2933 3910 tantopere
2961 3840 3268 3894 mirandum
3297 3847 3380 3894 est
3424 3840 3469 3894 si
3516 3841 3633 3894 fra-

2035 3937 2145 3984 tres
2174 3929 2458 3995 conversi,
2491 3929 2585 4000 qui
2614 3944 2714 3999 pro
2745 3929 2976 3983 maxima
3006 3937 3160 3998 parte
3189 3936 3344 3983 erant
3375 3944 3439 3982 ex
3475 3928 3636 3984 inco—

2037 4016 2105 4070 lis
2134 4017 2351 4087 patriae,
2397 4024 2455 4072 ut
2496 4016 2605 4084 jam
2632 4057 2646 4083 ,
2697 4031 2816 4086 cap.
2866 4018 2968 4084 45,
3002 4015 3337 4080 notavimus,
3382 4023 3508 4072 tunc
3536 4031 3636 4085 per

2040 4105 2276 4174 quinque
2325 4119 2543 4160 menses
2595 4111 2953 4159 vescerentur
2997 4119 3134 4174 pane
3182 4103 3466 4170 avenario,
3511 4119 3636 4158 cum

2043 4191 2361 4247 convicanei
2390 4191 2603 4246 illorum
2636 4199 2746 4246 toto
2777 4206 2920 4246 anno
2949 4191 3114 4245 simili
3143 4207 3285 4261 pane
3325 4199 3638 4246 vescantur.

2044 4279 2151 4334 Sed
2181 4287 2427 4350 tempore
2456 4280 2521 4335 li.
2573 4279 2742 4334 Patris
2772 4279 3070 4350 Guigonis,
3115 4279 3396 4334 conversis
3435 4294 3501 4333 ex
3531 4277 3635 4332 alia

2043 4367 2210 4438 patria
2259 4367 2504 4422 oriundis
2525 4407 2538 4434 ,
2589 4367 2679 4438 qui
2724 4366 2884 4421 simili
2915 4366 3120 4430 speciei
3149 4366 3307 4436 panis
3337 4381 3446 4421 non
3483 4373 3636 4420 erant

2044 4455 2246 4510 assueti
2275 4471 2375 4510 nec
2403 4463 2648 4526 poterant
2677 4470 2996 4510 assuescere
3017 4499 3030 4519 ,
3077 4455 3308 4509 dabatur
3349 4471 3415 4508 ex
3443 4455 3634 4510 eodem

2045 4559 2185 4613 pane
2228 4558 2335 4613 quo
2375 4543 2627 4598 monachi
2658 4543 2960 4599 alebantur.

2109 4631 2178 4684 'In
2216 4632 2491 4695 Adventu,
2532 4639 2660 4696 etc.,
2699 4631 2954 4702 singulas
2987 4631 3244 4685 triticeas
3276 4645 3351 4684 ex
3385 4630 3637 4702 pitantia

2045 4721 2363 4790 rccipiunt,
2415 4727 2519 4773 etc.
2566 4718 2791 4772 Multum
2839 4725 3086 4773 errarent
3131 4716 3223 4788 qui
3269 4733 3335 4771 ex
3384 4718 3487 4772 hoc
3515 4715 3635 4772 loco

2046 4807 2326 4862 crederent
2355 4806 2438 4860 his
2468 4807 2594 4860 anni
2625 4805 2960 4876 temporibus
2986 4812 3184 4859 tortam
3231 4805 3390 4875 panis
3438 4803 3633 4860 triticei

2045 4911 2143 4964 pro
2203 4902 2314 4948 tota
2374 4894 2603 4948 materia
2653 4893 2894 4964 pitantiaa
2934 4892 3164 4965 singulis
3202 4892 3636 4947 hebdomadibus

2046 4982 2213 5037 fuisse
2261 4990 2471 5036 tantum
2508 4982 2738 5052 singulis
2781 4980 3175 5046 ministratam,
3204 4996 3271 5034 ex
3313 4979 3634 5050 supradictis

2046 5071 2189 5125 enim
2211 5077 2431 5141 apparet
2453 5071 2599 5141 quod
2619 5069 3015 5123 ministraretur
3036 5068 3141 5122 illis
3161 5067 3495 5137 pulmentum
3518 5067 3632 5121 sive

2045 5159 2271 5229 pitantia
2295 5177 2308 5224 ;
2333 5158 2432 5213 sed
2452 5174 2646 5213 sensus
2677 5157 2918 5228 estquod
2948 5156 3003 5210 in
3035 5157 3282 5210 Adventu
3313 5163 3366 5209 et
3397 5154 3640 5222 Quadra-

2046 5246 2254 5317 gesima
2301 5246 2458 5316 panis
2507 5245 2750 5300 triticeus
2798 5245 2878 5298 eis
2922 5243 3150 5298 daretur
3188 5242 3339 5312 quasi
3389 5258 3490 5313 pro
3536 5258 3637 5295 au-

2047 5342 2269 5404 gmento
2297 5333 2552 5404 pitantiae,
2589 5341 2641 5388 et
2669 5332 2840 5402 prima
2865 5331 2954 5385 die
2973 5331 3331 5385 hebdomadas
3361 5330 3636 5399 recipien—

2046 5422 2118 5475 do
2146 5421 2423 5491 pitantiam
2444 5435 2545 5491 pro
2569 5420 2825 5489 prandio,
2847 5418 3008 5472 simul
3037 5419 3342 5489 reciperent
3373 5426 3424 5472 et
3444 5424 3638 5471 tortam

353 5504 561 5558 ordinis
624 5505 769 5560 circa
809 5505 1167 5559 abstinentias
1210 5515 1262 5558 et
1311 5505 1447 5559 alias
1502 5499 2014 5568 exercitationes,D
2046 5508 2192 5562 illam
2243 5508 2506 5563 triticeam
2555 5523 2651 5577 pro
2682 5516 2788 5560 tota
2820 5506 3176 5560 hebdomada.
3229 5505 3311 5560 Ad
3358 5505 3511 5572 cujus
3558 5504 3638 5558 rei

355 5608 490 5660 quas
519 5607 585 5646 ex
614 5591 860 5661 professo
890 5599 1037 5644 notat
1068 5593 1131 5646 Il.
1168 5594 1224 5646 P.
1259 5593 1476 5666 Guigo,
1511 5593 1687 5667 capite
1721 5597 1806 5660 35,
1842 5610 1946 5649 no-

357 5687 480 5733 strae
509 5677 856 5733 institutionis
888 5695 997 5732 non
1027 5695 1169 5736 esse.

2039 5592 2354 5648 mermoriam
2402 5593 2582 5646 adhuc
2628 5592 2772 5660 apud
2822 5606 2922 5644 nos
2970 5597 3217 5644 servatur
3264 5589 3318 5642 in
3365 5589 3638 5660 plerisque

2041 5681 2294 5736 domibus
2323 5680 2548 5748 ordinis,
2573 5687 2627 5733 ut
2645 5678 2906 5752 tempore
2937 5679 3213 5734 Adventus
3244 5685 3297 5732 et
3319 5676 3637 5750 Quadrage-
