3940 6402
301 315 408 369 737

1644 308 2246 389 CONSUETUDINES.

3517 355 3620 408 738

1563 453 2094 512 CAPITULUM
2161 459 2328 514 LIV.

1607 550 1688 605 De
1725 553 2050 608 minutione
2081 569 2296 610 eorum.

374 634 424 684 1.
461 629 668 700 Quater
694 633 750 688 in
780 649 924 690 anno
937 636 1272 710 minuuntur,
1304 642 1451 698 circa
1463 643 1738 700 Kalendas
1768 646 1910 712 Maii,
1927 646 2072 703 circa
2093 649 2218 703 ldus
2248 650 2390 716 Julii,
2415 650 2560 708 circa
2573 653 2849 711 Kalendas
2869 657 3143 725 Octobris,
3165 661 3308 718 circa
3330 664 3603 720 Kalendas

300 727 596 785 Februarii.
619 731 834 786 Minutis
857 734 1031 789 tribus
1051 736 1243 792 diebus
1259 739 1484 809 pitantia
1501 757 1679 808 mane,
1700 741 1886 798 vinum
1911 753 2091 799 autem
2116 745 2198 800 bis
2211 745 2389 801 datur.
2406 747 2628 804 Duobus
2651 751 2920 822 prioribus
2932 755 3144 823 diebus,
3162 757 3288 826 tria,
3315 757 3361 812 si
3381 759 3601 829 adsunt,

301 839 405 880 ova
423 825 694 884 adduntur
724 845 914 886 coenae.

370 925 423 977 2.
460 923 516 978 Si
546 924 776 980 sitierint
803 935 926 998 post
952 931 1262 1000 prandium,
1295 933 1478 989 vinum
1510 935 1719 1003 bibunt,
1755 953 1863 992 non
1894 945 2076 994 tamen
2104 940 2158 996 in
2189 941 2413 998 alterius
2451 944 2608 1000 cella.
2643 947 2756 1002 Hoc
2799 949 2942 1003 enim
3001 967 3344 1023 nequaquam
3403 967 3602 1010 conce-

297 1016 463 1085 ditur,
489 1028 546 1074 ut
577 1022 804 1094 quilibet
827 1023 881 1079 in
911 1027 1200 1096 cujuslibet
1231 1031 1366 1086 cella
1397 1032 1696 1104 quidquam
1727 1034 1812 1090 vel
1841 1035 1990 1090 bibat
2019 1036 2103 1092 vel
2125 1038 2390 1092 comedat.
2423 1043 2469 1095 A
2498 1039 2779 1098 laboribus
2809 1055 3020 1114 vacant,
3053 1016 3120 1102 ad
3150 1016 3320 1104 lectos
3348 1051 3598 1117 redeunt,

297 1131 330 1169 a
355 1125 479 1187 post
507 1120 795 1189 prandium
824 1141 997 1197 usque
1026 1127 1095 1182 ad
1123 1145 1380 1200 vesperas
1416 1129 1745 1202 colloquium
1785 1133 1854 1188 de
1884 1133 2040 1189 bonis
2071 1133 2289 1189 faciunt.
2354 1134 2460 1203 Qui
2506 1155 2639 1196 vero
2691 1157 2799 1198 non
2853 1144 3114 1200 minuitur
3141 1146 3391 1202 eamdem
3435 1163 3600 1220 quam

297 1212 485 1269 minuti
512 1218 858 1289 compellitur
887 1223 1139 1295 accipere
1170 1225 1547 1283 refectionem.

1671 1296 2067 1354 CAPITULUM
2113 1297 2223 1353 LV.

1578 1393 1653 1447 De
1665 1393 1894 1449 silentio
1906 1395 1978 1449 ad
1997 1393 2322 1465 prandium.

369 1472 418 1523 1.
451 1469 709 1539 Edentes,
739 1473 1050 1548 ubicunque
1076 1477 1201 1546 sint,
1227 1479 1499 1538 silentium
1532 1493 1752 1554 tenent;
1785 1489 1931 1560 quod
1961 1489 2087 1544 licet
2143 1497 2194 1543 et
2234 1487 2402 1559 prius,
2461 1495 2645 1543 tamen
2673 1495 2798 1558 post
2833 1488 3140 1560 exemplum
3198 1490 3596 1546 reverendissi-

293 1579 505 1620 morum
534 1582 599 1622 ac
627 1568 744 1624 Deo
774 1570 1098 1628 dilectarum
1131 1575 1571 1636 Cisterciensium
1600 1583 1697 1655 [αἱ.
1734 1585 1848 1640 Deo
1877 1585 2355 1642 dilectissimorum
2401 1583 2821 1655 Cistellensium]
2877 1585 3299 1654 monachorum,
3356 1602 3494 1656 quos
3543 1597 3598 1644 et

296 1661 566 1737 roligione
597 1673 650 1720 et
679 1683 910 1724 numero
939 1669 993 1724 in
1025 1670 1178 1727 brevi
1207 1675 1437 1730 multum
1466 1679 1708 1737 crevisse
1721 1683 2046 1754 gaudemus,
2101 1680 2395 1752 perfectius
2451 1680 2806 1736 custodimus.
2858 1681 3102 1752 Ipsorum
3135 1682 3278 1738 enim
3304 1682 3426 1739 laici
3481 1684 3597 1740 sive

295 1762 545 1818 monachi
571 1777 683 1817 non
709 1761 1006 1834 loquuntur
1035 1767 1089 1819 in
1119 1768 1374 1838 prandio.

365 1863 419 1916 2.
474 1859 661 1915 Nostri
715 1859 899 1927 etiam,
955 1861 1011 1916 in
1058 1878 1380 1937 quacunque
1423 1865 1733 1922 obedientia
1811 1867 2105 1936 constituti,
2168 1882 2294 1924 cum
2349 1869 2570 1926 alterius
2603 1868 2927 1927 obedientias
2973 1870 3232 1928 fratribus
3284 1874 3434 1948 loqui
3489 1892 3598 1933 non

296 1955 514 2011 habent.

1644 2031 2040 2090 CAPITULUM
2070 2035 2205 2090 LVI.

1453 2125 1594 2192 Quid
1637 2137 1914 2200 agendum
1932 2132 2011 2185 sit
2040 2131 2104 2186 in
2133 2131 2425 2202 periculis.

366 2211 424 2267 Si
452 2211 649 2268 alicubi
676 2211 763 2269 vel
789 2212 968 2268 morbi
1022 2213 1312 2286 subitanei,
1366 2219 1454 2276 vel
1484 2221 1644 2294 ignis,
1680 2225 1767 2282 vel
1797 2226 2026 2296 alicujus
2063 2226 2184 2282 talis
2230 2226 2454 2299 periculi
2499 2227 2801 2283 necessitas
2853 2228 3137 2302 ingruerit,
3195 2230 3372 2288 soluto
3427 2233 3594 2291 silen-

292 2308 389 2380 tio,
422 2308 513 2380 qui
530 2308 677 2381 prius
688 2315 868 2381 potest
887 2311 1173 2368 succurrit.

1678 2391 2075 2450 CAPITULUM
2104 2394 2263 2450 LVII.

1277 2485 1355 2540 De
1383 2489 1593 2543 vestitu
1621 2491 1878 2559 fratrum
1918 2496 1976 2547 et
2013 2492 2358 2548 utensilibus
2401 2494 2578 2549 cella.

363 2574 414 2625 1.
474 2568 558 2625 Ad
603 2569 858 2627 vestitum
903 2570 1106 2630 habent
1143 2578 1358 2635 tunicas
1413 2589 1546 2652 tres,
1599 2584 1902 2656 caligarum
1955 2588 2109 2658 paria
2163 2589 2279 2655 tria,
2339 2589 2614 2660 pedulium
2684 2589 2821 2657 duo,
2882 2588 3152 2645 solutares
3189 2597 3483 2648 nocturnos
3539 2601 3591 2649 et

1666 2707 2239 2765 COMMENTARIUS.

285 2783 441 2841 simae
468 2786 798 2846 ministretur
828 2791 1086 2850 fratribus
1122 2795 1254 2852 feria
1292 2800 1536 2857 secunda
1575 2801 1630 2857 in
1659 2806 1890 2876 prandio
1909 2812 1964 2870 Α
1992 2823 2118 2862 nem
2139 2823 2204 2862 ex
2218 2807 2368 2875 justa
2395 2817 2560 2860 causa
2598 2800 2747 2867 abiit,
2769 2807 2822 2856 et
2851 2808 2996 2855 esset
3033 2799 3235 2872 aliquid
3284 2799 3584 2873 singulare,

282 2873 588 2944 placentula
640 2878 846 2935 triticea
881 2925 894 2949 ,
954 2884 1172 2940 modico
1227 2890 1348 2942 oleo
1409 2896 1461 2943 et
1512 2891 1625 2946 sale
1660 2873 1884 2962 _mista,

283 2963 354 3017 dc
385 2980 490 3035 qua
536 2968 825 3024 comedere
865 2980 1095 3041 possunt
1135 2989 1236 3044 per
1264 2982 1430 3030 totam
1466 2978 1885 3050 hebdomadam,

283 3066 416 3106 nam
445 3051 592 3108 illam
612 3055 756 3126 apud
779 3072 840 3112 se
869 3067 1091 3115 servant
1141 3062 1280 3118 sicut
1309 3071 1362 3120 et
1395 3081 1613 3136 panem.
1646 3069 1729 3124 Ex
1770 3069 1888 3125 istis

278 3138 436 3194 tortis
465 3140 672 3211 pluries
712 3146 1072 3203 comedimus.

353 3228 506 3283 Idem
535 3230 762 3287 relatum
791 3233 962 3291 habes
993 3235 1049 3291 in
1075 3238 1312 3312 antiquis
1356 3243 1587 3312 statutis,
1620 3253 1759 3316 part.
1801 3261 1882 3314 ιιι,

280 3330 409 3386 cap.
439 3321 529 3384 20,
559 3335 707 3375 num.
745 3325 832 3378 12.

355 3403 490 3460 CAP.
513 3406 724 3464 LIV.—
752 3410 917 3466 Num.
954 3416 1006 3466 1.
1034 3413 1244 3480 Quater
1270 3417 1335 3472 in
1363 3434 1538 3486 anno,
1579 3415 1690 3476 etc.
1708 3422 1885 3489 Quin-

279 3493 438 3563 quies
482 3495 863 3553 minuebantur
901 3503 1175 3569 monachi,
1235 3507 1486 3562 conversi
1520 3517 1716 3579 quater
1764 3518 1884 3565 tan-

277 3587 415 3650 tum,
451 3597 518 3638 ea
549 3582 775 3640 forsitan
821 3588 1049 3656 ratione,
1089 3591 1217 3662 quia
1245 3609 1346 3663 per
1392 3594 1636 3652 laborem
1679 3598 1885 3654 violen-

279 3676 392 3723 tum
410 3686 471 3726 se
501 3670 711 3730 facilius
759 3676 828 3731 ab
869 3677 1186 3734 humoribus
1225 3683 1516 3752 superﬂuis
1559 3687 1880 3742 vacuabant.

278 3757 381 3814 Hic
409 3775 540 3815 vero
571 3763 948 3834 exprimuntur
977 3767 1217 3823 subsidia
1246 3772 1550 3841 corporalia
1579 3781 1633 3829 et
1669 3790 1886 3832 recrea-

277 3844 475 3916 tiones,
511 3866 632 3921 quae
679 3851 786 3907 illis
831 3855 1285 3924 concedebantur,
1337 3859 1416 3915 eis
1452 3877 1563 3917 non
1605 3862 1883 3920 absimiles

277 3949 414 4004 quas
435 3939 723 3995 monachis
751 3955 1044 3999 concessas
1073 3944 1241 4002 fuisse
1265 3947 1520 4016 vidimus,
1564 3967 1684 4023 cap.
1719 3956 1808 4007 39.

344 4025 512 4080 Num.
544 4029 599 4084 2.
657 4028 762 4096 Qui
784 4047 911 4088 vero
942 4049 1059 4088 non
1099 4037 1389 4093 minuitur
1427 4040 1680 4095 eamdem
1717 4058 1884 4113 quam

274 4112 491 4169 minuti
507 4118 888 4188 compellitur,
915 4127 1018 4218 etc.
1042 4121 1125 4176 Ex
1145 4123 1250 4179 hoc
1268 4123 1391 4180 loco
1421 4126 1704 4183 evidenter
1723 4145 1880 4221 appa-
1899 4161 1951 4221 B

277 4207 357 4255 ret
415 4210 673 4273 quantum
706 4221 864 4260 mens
920 4207 1218 4278 primorum
1263 4213 1502 4280 Patrum,
1561 4222 1613 4270 et
1657 4216 1878 4286 spiritus

275 4286 508 4346 instituti
533 4292 703 4347 nostri
749 4294 912 4349 distet
967 4311 1001 4352 a
1049 4299 1374 4370 scrupulosa
1402 4309 1456 4357 et
1483 4301 1755 4360 obstinata
1784 4321 1881 4360 au-

275 4377 580 4433 steritatum
647 4383 1021 4452 corporalium
1093 4385 1557 4459 interpretatione,
1599 4407 1634 4446 a
1690 4393 1880 4464 spiritu

272 4465 593 4534 coactionis,
625 4476 681 4524 et
709 4469 1119 4542 singularitatis,
1172 4483 1224 4530 et
1252 4492 1282 4531 e
1310 4485 1504 4532 contra
1549 4479 1679 4535 velit
1711 4495 1744 4534 a
1773 4497 1878 4537 no-

272 4549 355 4606 bis
377 4554 666 4610 observari
701 4557 843 4626 piam
874 4567 928 4614 et
963 4560 1258 4617 discretam
1287 4565 1510 4635 spiritus
1550 4567 1874 4639 libertatem,

271 4639 438 4695 animi
465 4641 874 4711 ﬂexibilitatem,
907 4655 961 4702 et
980 4648 1436 4722 singularitatum,
1489 4653 1653 4710 etiam
1681 4656 1737 4710 in
1785 4673 1877 4713 re-

271 4725 373 4783 bus
402 4729 584 4797 bonis,
631 4730 1073 4792 eliminationem.
1122 4739 1266 4794 Ecce
1310 4740 1455 4796 enim
1484 4741 1573 4799 hic
1630 4743 1876 4800 videmus

271 4813 497 4873 fratrem
525 4833 851 4876 conversum
900 4823 1045 4880 bene
1101 4827 1376 4883 valentem
1423 4846 1532 4886 non
1583 4831 1871 4901 minutum,

272 4918 372 4960 nec
391 4905 517 4961 ideo
546 4906 663 4962 istis
689 4909 945 4966 subsidiis
975 4921 1028 4968 et
1048 4915 1475 4972 recreationibus
1514 4919 1870 4992 indigentem.

273 4992 339 5044 At
368 4993 719 5051 nihilominus
749 4997 877 5053 boni
921 5000 1110 5057 Patres
1143 5003 1350 5070 volunt,
1398 5005 1508 5062 imo
1550 5008 1596 5062 si
1641 5017 1871 5080 recuset,

274 5082 606 5169 compellunt
633 5084 787 5141 illum
807 5087 877 5142 ad
898 5091 1158 5145 utendum
1186 5091 1385 5148 iisdem
1427 5094 1706 5153 beneficiis
1755 5099 1874 5169 qui-

271 5164 369 5222 bus
387 5170 478 5225 alii
507 5179 750 5229 utuntur.
781 5174 959 5243 Quare
988 5179 1090 5233 hoc
1111 5179 1140 5234 ?
1160 5179 1265 5235 nisi
1293 5189 1352 5236 ut
1395 5182 1631 5240 doceant
1663 5164 1788 5254 nos,
1817 5195 1874 5241 ut

272 5253 534 5325 diximus,
583 5261 816 5331 qualiter
885 5262 1100 5335 priores
1159 5267 1544 5326 Carthusianos
1601 5273 1874 5329 solitarios

273 5340 503 5416 dirigere
548 5347 813 5416 debeant,
846 5359 899 5406 et
947 5353 1184 5424 qualiter
1222 5359 1474 5415 monachi
1533 5361 1874 5416 Carthusiani

1991 2895 2135 2966 quod
2163 2909 2265 2949 nec
2297 2894 2367 2948 ab
2406 2891 2526 2946 aliis
2566 2897 2812 2945 servatur
2866 2904 2968 2943 nec
3007 2889 3213 2943 servari
3269 2897 3473 2960 posset,
3507 2889 3585 2946 sic

1988 2983 2132 3038 enim
2146 2983 2298 3051 juxta
2327 2981 2415 3035 hic
2443 2993 2701 3050 expressa
2731 2976 3130 3047 compelluntur
3158 2977 3407 3033 eamdem
3424 2994 3588 3050 quam

1988 3071 2079 3125 alii
2135 3070 2382 3141 accipere
2428 3066 2799 3122 refectionem.
2855 3065 3034 3120 Credo
3064 3065 3226 3119 etiam
3275 3066 3332 3120 S.
3369 3067 3584 3122 Patrem

1987 3160 2315 3224 Brunonem,
2353 3157 2529 3212 virum
2566 3170 2721 3225 asque
2777 3153 3062 3209 sanctitate
3093 3169 3157 3208 ac
3211 3154 3499 3224 prudentia
3531 3163 3584 3210 et

1986 3247 2231 3302 doctrina
2247 3244 2549 3317 praeditum,
2586 3243 2729 3296 hunc
2758 3241 3006 3312 spiritum
3036 3249 3089 3296 et
3115 3242 3314 3313 agendi
3360 3243 3584 3298 modum

1987 3333 2397 3390 successoribus
2414 3331 2528 3386 suis
2571 3330 2873 3384 insinuasse
2903 3330 3007 3385 hac
3036 3329 3271 3384 maxime
3299 3329 3368 3384 de
3397 3345 3582 3399 causa,

1987 3422 2115 3494 quia
2161 3421 2364 3478 sciebat
2438 3417 2683 3490 spiritum
2727 3425 2928 3473 sanctas
3001 3417 3262 3472 libertatis
3331 3418 3584 3474 solitariis

1985 3510 2126 3565 bene
2153 3507 2457 3582 dirigendis
2479 3521 2602 3562 esse
2617 3505 2991 3561 necessarium
3019 3513 3079 3559 ut
3115 3506 3170 3560 in
3214 3506 3500 3576 scrupulos
3530 3515 3583 3562 et

1985 3597 2154 3653 animi
2203 3597 2503 3652 anxietates
2534 3611 2644 3650 non
2697 3593 2968 3656 decidant,
3010 3593 3080 3647 ab
3127 3593 3487 3649 obstinatione
3523 3593 3581 3648 in

1987 3702 2085 3741 suo
2115 3702 2281 3740 sensu
2309 3692 2612 3749 servantur,
2643 3682 2780 3737 etab
2808 3681 2892 3735 his
2940 3681 3118 3747 rebus,
3153 3697 3274 3752 qua:
3311 3682 3578 3738 occultam

1984 3773 2433 3845 complacentiam
2479 3786 2700 3828 movere
2727 3776 2820 3824 aut
2851 3769 3060 3824 nutrire
3097 3777 3343 3840 possunt,
3395 3785 3580 3826 remo-

1986 3871 2233 3918 veantur.

2055 3951 2185 4006 CAP.
2211 3950 2320 4005 LV.
2349 3949 2583 4004 —Num.
2617 3951 2668 4002 1.
2691 3947 2999 4003 Edentes...
3023 3946 3324 4002 silentium
3359 3951 3579 4004 tenent.

1982 4039 2126 4094 Ecce
2157 4037 2334 4108 qualis
2362 4046 2445 4094 est
2473 4039 2561 4094 lex
2591 4036 2790 4092 silentii
2821 4035 2888 4090 ab
2911 4035 2991 4090 eis
3012 4035 3268 4110 servandi
3297 4035 3576 4104 inmensa,

1982 4128 2079 4182 sed
2109 4126 2164 4180 id
2193 4142 2303 4182 non
2331 4134 2535 4198 spectat
2563 4126 2630 4180 ad
2662 4125 2768 4180 alia
2810 4132 3060 4195 tempora
3091 4132 3144 4180 et
3190 4125 3464 4192 exercitia,
3523 4126 3582 4181 in

1981 4214 2179 4286 quibus
2208 4214 2423 4270 silentio
2472 4215 2594 4269 illos
2649 4229 2760 4269 non
2809 4213 2889 4268 sic
2945 4213 3172 4285 astringi
3226 4214 3579 4286 perspicuum

1980 4311 2081 4358 est.

2051 4389 2186 4445 Ibid.
2225 4389 2378 4459 Quod
2399 4391 2531 4447 licet
2560 4393 2617 4445 et
2636 4392 2816 4461 prius,
2847 4393 3041 4445 tamen
3071 4394 3198 4462 post
3223 4393 3571 4463 exemplum,

1978 4485 2082 4534 etc.
2114 4479 2229 4534 Hoc
2259 4479 2508 4548 exemplo
2536 4477 2648 4534 vult
2676 4477 2905 4533 incitare
2934 4477 3134 4533 fratres
3178 4493 3472 4534 conversos
3502 4480 3576 4536 ad

1977 4567 2216 4623 strictius
2245 4567 2572 4623 servandum
2602 4565 2751 4636 quod
2772 4566 2887 4634 jam
2916 4566 2988 4620 ab
3003 4565 3136 4637 ipsis
3165 4582 3230 4622 ex
3246 4567 3458 4622 ordinis
3484 4567 3576 4624 in-

1976 4656 2161 4711 stituto
2192 4656 2511 4711 servabatur

2045 4746 2210 4800 Num.
2242 4748 2302 4800 2.
2345 4745 2533 4800 Nostri
2562 4744 2737 4799 etiam
2762 4743 2826 4798 in
2866 4759 3196 4816 quacunque
3251 4743 3572 4804 obedientia

1975 4834 2299 4899 constituti,
2332 4849 2463 4890 cum
2492 4833 2732 4888 alterius
2761 4833 3089 4888 obedientite
3119 4833 3418 4902 fratribus,
3453 4842 3566 4892 etc.

1977 4921 2086 4976 Sed
2116 4922 2257 4976 inter
2285 4938 2344 4976 se
2373 4921 2502 4976 dum
2533 4920 2693 4976 simul
2721 4920 2972 4976 laborant
3001 4920 3056 4974 in
3084 4921 3275 4976 eadem
3313 4921 3573 4978 obedien-

1973 5009 2050 5066 tia
2078 5009 2226 5081 loqui
2257 5017 2507 5080 possunt,
2538 5016 2596 5064 ut
2627 5025 2695 5065 ex
2736 5008 2986 5080 capitulis
3043 5010 3108 5063 44
3138 5018 3192 5066 et
3223 5011 3308 5079 45,
3343 5019 3396 5066 et
3449 5011 3572 5068 aliis

1974 5098 2109 5154 locis
2148 5098 2373 5154 evidens
2429 5105 2536 5153 est.

2047 5186 2197 5240 Idem
2228 5185 2462 5242 refertur
2491 5186 2546 5242 in
2582 5181 2796 5242 statutis
2827 5186 3084 5259 antiquis.
3140 5195 3278 5259 part.
3311 5204 3392 5257 ιιι,
3443 5205 3567 5263 cap.

1975 5277 2027 5342 3,
2061 5290 2213 5329 num.
2249 5278 2279 5328 8
2310 5282 2363 5330 et
2391 5279 2444 5329 3.

2046 5362 2177 5417 CAP.
2210 5363 2346 5418 LVI.
2378 5392 2447 5402 —
2478 5363 2629 5418 Idem
2672 5364 2908 5420 refertur
2952 5363 3007 5417 in
3064 5365 3299 5437 antiquis
3329 5367 3565 5433 statutis,

274 5428 450 5489 sinere
479 5435 716 5490 debeant
754 5454 814 5494 se
841 5455 871 5493 a
924 5442 1293 5512 superioribus
1339 5445 1500 5517 dirigi
1528 5447 1556 5501 Ὺ
1582 5449 1714 5504 Inde
1763 5466 1871 5506 non
1898 5511 1938 5522 Α
1974 5464 2035 5503 ιιι
2064 5459 2230 5520 part.,
2263 5466 2382 5522 cap.
2416 5456 2505 5517 22,
2529 5468 2677 5507 num.
2712 5454 2761 5506 1.

271 5525 352 5571 est
378 5522 680 5578 mirandum
712 5525 758 5579 si
785 5511 1082 5597 prudentes
1111 5532 1418 5602 superiores
1445 5511 1590 5590 nunc
1620 5537 1868 5608 aliquan-
1891 5511 1938 5570 Ο
2040 5511 2171 5591 dar.
2202 5511 2362 5592 LVII.
2395 5569 2464 5578 —
2492 5540 2656 5594 Num.
2705 5543 2764 5594 3.
2803 5539 2870 5593 In
2897 5539 3174 5612 superiori
3213 5541 3564 5611 dormitorio,

271 5601 340 5658 do
358 5618 562 5681 negent
591 5611 915 5682 quibusdam
960 5601 1246 5674 monachis
1288 5619 1564 5678 licentiam
1613 5601 1866 5680 servandi
1967 5632 2072 5680 etc.
2106 5625 2284 5680 Cellas
2315 5626 2563 5699 singulas
2593 5626 2879 5683 distinctas
2908 5601 3166 5682 habuisse
3214 5635 3340 5685 tunc
3368 5629 3570 5686 fratres
3589 5662 3610 5667 υ

270 5690 652 5754 abstinentiam
679 5699 734 5756 in
752 5717 895 5772 pane
923 5711 973 5759 et
1005 5719 1165 5776 aqua,
1204 5706 1330 5778 quia
1359 5707 1414 5763 id
1444 5709 1501 5764 in
1530 5709 1864 5767 dissuetudi-
1964 5728 2260 5770 conversos
2290 5729 2356 5770 ex
2385 5690 2505 5785 ipso
2535 5713 2690 5770 titulo
2719 5713 2906 5785 liquet.
2941 5717 3009 5769 At
3037 5714 3386 5771 nihilominus
3442 5718 3568 5774 dor-
