3940 6420
371 325 476 378 ’739
1213 323 1553 380 GUIGONIS
1595 325 1615 378 I
1652 321 2060 379 CARTHUSIE
2113 321 2405 378 MAIORIS
2445 321 2722 378 PRIORIS
2763 321 2826 376 V.
3561 321 3674 377 ’740

367 455 612 521 diurnos,
644 450 932 522 pelliciam,
990 443 1200 520 pelles,’
1230 447 1566 512 mantellum,
1624 447 1921 518 caputium,
1979 445 2208 500 mitanas
2263 443 2362 517 [al.
2422 443 2707 516 mitaneas]
2765 443 2947 498 laneas
2999 439 3156 508 duas,
3215 439 3483 495 lumbaria
3525 439 3662 505 duo,

367 551 588 624 cingula
615 550 742 614 duo,
779 547 1050 603 sotulares
1080 563 1270 602 eorum
1299 547 1368 602 de
1398 547 1596 601 bovina
1625 546 1767 617 pelle
1810 545 1968 600 ﬁunt.

438 653 492 706 2.
551 650 596 702 Α
657 645 915 700 Kalendis
961 644 1288 700 Novembris
1344 659 1509 699 unam
1566 643 1804 698 tunicam
1854 651 2095 698 veterem
2151 642 2421 710 reddunt,
2480 654 2755 710 unamque
2810 651 3010 692 novam
3066 635 3340 706 accipiunt
3373 649 3386 689 :
3419 634 3670 690 similiter

371 760 472 817 par
499 744 799 816 caligarum
829 743 1099 809 reddunt,
1136 751 1189 798 et
1213 758 1316 814 par
1343 743 1647 815 caligarum
1676 757 1882 814 parque
1923 740 2201 811 pedulium
2245 745 2483 792 sumunt.
2526 736 2702 791 Pelles
2743 742 2796 790 et
2841 733 3082 805 pellicias
3129 731 3400 802 accipiunt
3429 740 3666 801 veteres,

371 856 467 896 eas
496 838 748 894 videlicet
776 853 912 909 quas
943 838 1170 893 reddunt
1200 838 1492 904 monachi,
1525 853 1647 894 cum
1675 853 1848 893 novas
1877 835 2166 908 accipiunt.
2208 835 2421 890 Habent
2450 833 2628 888 adhuc
2656 831 2724 886 ad
2760 831 2959 886 lectum
2996 829 3234 901 paleam,
3266 826 3485 895 ﬁltrum,
3535 829 3667 900 pul-

370 937 544 1005 vinar,
576 942 780 990 cotum.

445 1037 498 1087 3.
530 1034 576 1086 Α
605 1031 812 1087 Pascha
838 1044 1010 1101 usque
1037 1029 1104 1083 ad
1145 1027 1342 1083 festum
1401 1029 1459 1084 S.
1518 1028 1792 1084 Michaelis
1836 1041 1870 1081 a
1927 1025 2102 1098 prima
2155 1040 2331 1096 usque
2383 1023 2454 1078 ad
2517 1021 2930 1094 completorium
2986 1021 3266 1078 nocturnis
3331 1021 3668 1078 sotularibus

369 1145 478 1186 non
505 1136 750 1184 utuntur.
812 1129 873 1182 In
924 1125 1190 1198 superiori
1244 1126 1404 1180 etiam
1459 1124 1780 1180 dormitorio
1837 1138 2156 1180 communes
2214 1121 2421 1187 lectos,
2471 1119 2716 1190 pellicias
2742 1161 2756 1185 ,
2805 1117 3181 1190 sotularesque
3235 1126 3528 1175 nocturnos
3558 1121 3666 1174 ha-

370 1226 523 1282 bent.
588 1225 649 1280 In
702 1223 956 1280 omnibus
1013 1222 1319 1293 bujusmodi
1373 1221 1518 1276 aliud
1574 1221 1707 1275 nihil
1763 1227 2002 1289 curatur,
2070 1218 2174 1272 nisi
2231 1227 2290 1272 ut
2343 1217 2518 1288 frigus
2554 1223 2807 1272 arceatur
2862 1223 2913 1271 et
2970 1215 3188 1270 nuditas
3235 1223 3473 1289 tegatur.
3520 1217 3668 1272 Nam

370 1331 422 1377 et
441 1322 704 1393 ligaturas
734 1320 1049 1377 sotularium
1079 1327 1132 1374 et
1161 1334 1350 1373 renum
1381 1317 1598 1389 cingula
1627 1317 1695 1371 de
1726 1316 1889 1372 cruda
1919 1323 2118 1387 gerunt
2137 1313 2342 1369 canabe
2371 1312 2742 1383 lumbariaque
2765 1311 2879 1383 ipsa
2900 1313 3165 1366 canabina
3193 1319 3338 1366 sunt.
3372 1313 3523 1368 Adeo
3553 1327 3668 1368 non

371 1419 499 1490 quid
527 1418 733 1474 vanitas
760 1424 850 1471 aut
880 1417 1146 1486 voluptas,
1178 1415 1274 1469 sed
1303 1415 1448 1486 quod
1479 1413 1578 1485 [αι.
1613 1412 1786 1485 quid.]
1808 1412 1925 1467 sola
1952 1410 2250 1466 necessitas
2279 1417 2366 1464 aut
2393 1409 2591 1464 utilitas
2620 1408 2856 1479 postulet
2877 1409 3164 1479 cogitatur.

445 1516 496 1568 ll.
523 1514 736 1569 Habent
767 1521 819 1568 et
847 1513 1102 1569 scutellas
1132 1512 1267 1566 duas
1296 1511 1364 1565 ad
1395 1510 1567 1577 cibos,
1604 1510 1673 1564 ad
1701 1525 1900 1580 panem
1941 1523 2101 1562 unam
2133 1506 2372 1560 mantilis
2404 1503 2525 1560 loco
2549 1547 2562 1570 ,
2621 1503 2691 1558 ad
2738 1505 3030 1559 munditias
3076 1519 3241 1558 unam
3287 1505 3666 1576 grandiorem,

365 1611 586 1682 justam,
621 1611 906 1681 scyphum,
941 1608 1214 1674 salariam,
1240 1607 1495 1664 cochlear
1523 1614 1576 1662 et
1606 1605 1907 1670 cultellum,
1937 1619 2033 1660 vas
2075 1605 2377 1674 aquarium,
2427 1603 2754 1658 ferramenta
2809 1602 2995 1671 etiam,
3030 1603 3261 1658 securim
3286 1645 3299 1669 ,
3349 1601 3666 1668 fossorium,

369 1708 678 1773 dolabrum,
712 1706 980 1773 subulam,
1033 1705 1353 1771 falciculam,
1401 1721 1530 1760 acus
1577 1703 1734 1768 duas,
1784 1701 1936 1756 filum
1984 1700 2201 1756 forfices
2247 1700 2540 1756 terebrum.
2592 1700 2720 1754 Haec
2759 1698 3067 1770 quicunque
3124 1699 3320 1770 legerit
3374 1697 3550 1754 ridere
3576 1697 3668 1753 vel

371 1805 775 1877 reprehendere
804 1819 914 1859 non
942 1801 1176 1870 festinet,
1209 1801 1314 1856 nisi
1343 1801 1491 1872 prius
1521 1800 1684 1856 vitam
1713 1798 2021 1868 bujusmodi
2043 1797 2096 1850 in
2122 1797 2215 1850 tali
2233 1795 2524 1850 solitudine
2554 1802 2607 1849 et
2635 1793 2774 1849 inter
2794 1801 2937 1848 tanta
2967 1793 3177 1850 duxerit
3216 1794 3443 1866 frigora.

1705 1922 2097 1978 CAPITULUM
2127 1920 2311 1974 LVIII.

1161 2023 1310 2090 Quod
1343 2021 1602 2093 loquendi
1632 2036 1760 2076 cum
1789 2021 2086 2074 extraneis
2125 2017 2420 2071 licentiam
2449 2031 2563 2070 non
2591 2023 2876 2088 quwrunt.

448 2146 499 2198 1.
528 2138 887 2210 Colloquendi
918 2138 1079 2193 simul
1109 2153 1230 2192 cum
1262 2137 1346 2190 his
1375 2137 1466 2208 qui
1497 2136 1692 2190 domus
1721 2135 1877 2204 hujus
1906 2149 2018 2188 non
2049 2138 2172 2187 sunt
2200 2130 2476 2185 licentiam
2503 2145 2611 2185 non
2643 2136 2917 2201 quaerunt,
2948 2143 3052 2184 nec
3092 2126 3190 2199 [al.
3236 2125 3350 2198 ne.]
3379 2141 3499 2182 cum
3527 2143 3666 2199 ger-

373 2254 534 2294 mano
562 2237 802 2308 quidem.

442 2339 496 2390 2.
520 2333 666 2388 Nihil
693 2330 934 2398 omnino,
969 2329 1076 2383 nisi
1106 2345 1227 2383 cum
1257 2327 1476 2383 licentia
1506 2327 1650 2398 apud
1682 2344 1740 2382 se
1771 2335 1971 2382 tenent.

441 2435 493 2486 3.
526 2428 796 2494 Accusati,
831 2427 948 2482 sine
979 2442 1129 2482 mora
1161 2425 1416 2496 prostrati
1447 2424 1659 2480 veniam
1692 2432 1900 2494 petunt.
1933 2425 2404 2494 Reprehensorem
2436 2422 2489 2477 in
2520 2423 2710 2478 eadem
2739 2422 2826 2478 die
2857 2437 2968 2477 non
2998 2418 3425 2492 reprehendunt.

1736 2547 2132 2602 CAPITMUM
2169 2547 2307 2600 LIX.

1431 2644 1584 2711 Quod
1611 2645 1715 2714 ﬁat
1747 2647 1812 2699 de
1835 2660 1895 2699 rc
1925 2645 2102 2699 alicui
2120 2647 2380 2700 nostrum
2437 2641 2630 2695 missa.

445 2740 502 2798 Si
557 2741 717 2797 alicui
773 2747 1019 2796 nostrum
1067 2740 1185 2796 sive
1212 2740 1354 2796 laico
1381 2741 1497 2795 sive
1526 2740 1811 2808 monacho,
1844 2740 1913 2794 ab
1940 2739 2141 2811 aliquo,
2175 2741 2259 2796 vel
2291 2738 2466 2794 amico
2530 2737 2616 2792 vel
2663 2734 2984 2807 propinquo,
3015 2733 3101 2788 vel
3147 2731 3314 2789 vestis
3341 2730 3430 2787 vel
3458 2729 3664 2802 aliquid

372 2837 678 2907 bujusmodi
705 2839 933 2893 missum
963 2837 1138 2904 fuerit,
1171 2853 1279 2892 non
1308 2837 1358 2892 ei
1389 2836 1486 2892 sed
1517 2837 1607 2891 alii
1638 2837 1816 2906 potius
1847 2836 2022 2904 datur,
2056 2854 2126 2892 ne
2153 2835 2307 2908 quasi
2338 2833 2622 2905 proprium
2670 2831 2871 2887 habere
2911 2830 3182 2885 videatur.

1738 2960 2313 3016 COMMENTARIUS.

369 3060 638 3115 mitorium
670 3065 782 3112 erat
811 3057 866 3112 in
896 3055 1160 3126 superiori
1216 3055 1398 3121 domo,
1430 3055 1485 3110 id
1515 3065 1596 3111 est
1638 3057 1819 3128 ampla
1871 3072 1962 3112 ca-
1981 3062 2033 3118 Α
2064 3076 2179 3116 non
2199 3064 2338 3114 sunt
2361 3061 2655 3116 licentiam
2672 3076 2786 3115 non
2807 3063 3207 3131 quieruntmcc
3227 3056 3659 3124 cum,etc.Idem

369 3163 520 3203 mera
551 3145 812 3216 separatis
841 3145 909 3198 ab
940 3143 1168 3198 invicem
1198 3143 1408 3198 lectulis
1437 3145 1659 3213 repleta,
1706 3145 1772 3198 ad
1802 3159 1966 3215 quam
2059 3150 2171 3216 jam
2203 3148 2334 3202 dixit
2374 3163 2472 3218 pro
2529 3147 2812 3202 monachis
2870 3149 2934 3202 R.
2971 3148 3028 3200 Ρ.
3065 3146 3265 3218 Guigo,
3317 3161 3434 3216 cap.
3466 3149 3518 3200 3.
3578 3145 3663 3200 Ad

371 3235 712 3292 divertebant
740 3232 935 3286 fratres
965 3247 994 3284 θ
1023 3232 1186 3285 domo
1233 3230 1473 3285 inferiori
1503 3233 1574 3286 ad
1628 3233 1966 3303 Superiorem
2067 3252 2390 3292 conversum
2419 3252 2529 3291 non
2557 3236 2791 3306 pertinet
2817 3251 3057 3306 quaerere
3087 3235 3352 3290 licentiam
3394 3233 3532 3288 sicut
3563 3247 3664 3289 nec
3745 3263 3758 3273 -

374 3324 569 3378 diebus
600 3321 750 3375 festis
771 3319 1146 3375 ascendentes.
1188 3319 1528 3388 Impossibile
1565 3320 1710 3375 enim
1739 3329 1857 3374 erat
1910 3329 1968 3374 ut
2065 3325 2137 3378 ad
2157 3325 2501 3389 monachum,
2535 3332 2592 3378 ut
2620 3324 2870 3395 loquatur
2899 3323 3059 3378 etiam
3088 3337 3209 3378 cum
3258 3335 3524 3392 germano
3553 3321 3663 3374 fra-

373 3411 619 3481 duplices
649 3409 816 3464 cellas
845 3407 1043 3477 singuli
1073 3407 1356 3476 haberent,
1407 3424 1568 3462 unam
1596 3409 1650 3462 in
1706 3408 1963 3476 inferiori,
2069 3419 2149 3466 tre
2183 3431 2196 3476 ;
2229 3412 2326 3466 sed
2356 3412 2704 3467 nihilominus
2726 3420 2836 3464 tum
2867 3426 3162 3481 germanus
3203 3409 3391 3475 frater,
3430 3417 3542 3462 tum
3571 3407 3660 3461 alii

373 3507 427 3555 et
453 3499 671 3553 alteram
701 3497 756 3550 in
785 3495 1049 3566 superiori
1079 3495 1260 3550 domo.
1297 3496 1400 3550 Per
1428 3513 1752 3552 communes
1798 3497 1967 3552 lecto:
2065 3509 2294 3570 possunt
2321 3499 2593 3555 licentiam
2625 3499 2772 3554 illam
2820 3507 3003 3569 petere
3037 3513 3070 3553 a
3099 3497 3421 3568 praesidente
3479 3503 3532 3551 et
3557 3496 3661 3550 ob-

373 3586 640 3658 intelligit,
675 3585 767 3656 qui
795 3583 1202 3653 occupabantur
1229 3598 1263 3637 a
1291 3583 1521 3656 singulis
1537 3584 1792 3638 fratribus
1809 3593 1970 3655 prout
2067 3587 2259 3654 tinere,
2291 3596 2448 3659 prout
2478 3604 2544 3643 ex
2573 3605 2692 3658 cap.
2726 3591 2792 3642 10
2823 3595 2874 3642 et
2890 3590 2956 3641 30
2985 3587 3266 3641 evidenter
3287 3591 3515 3639 constat.
3536 3583 3660 3638 Non

369 3674 704 3741 occurrebat,
739 3673 813 3726 ita
838 3680 895 3725 ut
923 3671 1087 3726 alicui
1115 3670 1374 3740 singulari
1401 3673 1657 3742 proprius
1685 3688 1795 3726 non
1826 3673 1969 3726 assi-
2069 3676 2148 3732 sic
2177 3678 2245 3731 de
2276 3677 2361 3732 his
2389 3676 2480 3748 qui
2524 3677 2718 3731 domus
2771 3684 2895 3730 sunt
2927 3693 2940 3729 :
2972 3690 3097 3729 nam
3148 3673 3417 3728 licentiam
3473 3679 3660 3742 petere

371 3768 650 3834 gnaretur,
685 3760 774 3832 qui
806 3775 872 3814 eo
900 3759 1126 3813 absente
1161 3764 1230 3812 ab
1271 3759 1379 3813 alio
1407 3775 1516 3814 non
1558 3768 1744 3830 posset
1801 3776 1970 3816 occu-
2067 3781 2192 3820 cum
2223 3765 2307 3818 his
2337 3763 2700 3836 colloquendi,
2749 3778 2852 3819 nec
2903 3763 2990 3818 hic
3031 3776 3134 3818 nec
3161 3761 3287 3815 alibi
3327 3758 3658 3831 prohibitum

367 3849 506 3919 Pari-
2071 3869 2195 3908 esse
2225 3853 2604 3924 comperimus.

441 3937 607 3991 Num.
640 3939 692 3989 3.
726 3936 792 3989 In
811 3934 1068 3990 omnibus
1103 3933 1422 4005 hujusmodi
1453 3935 1612 3990 aliud
1631 3935 1780 3992 nihil
1797 3953 1968 3992 cura-
2138 3943 2366 3996 Num.3.
2391 3941 2658 3996 Accusati
2684 3941 2809 3996 sine
2823 3955 3002 4006 mora,
3025 3946 3128 3994 etc.
3161 3937 3656 4009 Reprehensorem,

373 4029 467 4080 tur
496 4024 705 4078 nisiut
737 4023 938 4094 frigus,
963 4031 1066 4078 etc.
1101 4023 1202 4077 Hic
1228 4023 1484 4077 haberent
1505 4024 1970 4090 judiciumcontra
2069 4037 2175 4085 etc.
2235 4029 2332 4084 Hic
2373 4028 2602 4084 formam
2649 4028 2913 4082 habemus
2953 4024 3382 4081 mortiﬁcationis
3433 4024 3657 4090 intimae,

373 4128 434 4167 se
465 4111 831 4180 conscriptum
866 4110 955 4181 qui
986 4110 1128 4180 apud
1161 4125 1261 4164 nos
1317 4110 1517 4165 vellent
1547 4111 1662 4166 sive
1691 4112 1746 4166 in
1788 4128 1969 4183 panno
2069 4133 2233 4188 quam
2261 4115 2654 4187 proﬁtebantur
2681 4116 2840 4186 primi
2868 4115 3052 4170 Patres
3092 4113 3284 4180 nostri,
3316 4113 3371 4166 in
3415 4127 3523 4184 qua
3543 4127 3660 4167 ser-

373 4215 481 4271 quo
510 4205 692 4254 vestes
721 4207 1134 4269 componuntur,
1167 4199 1280 4254 sive
1310 4199 1365 4252 in
1393 4199 1513 4268 ipsa
1542 4200 1706 4255 vestis
1749 4216 1970 4272 compo-
2069 4205 2245 4260 vanda
2264 4205 2483 4259 modum
2514 4221 2623 4259 non
2680 4203 3024 4274 apponebant
3055 4203 3194 4258 sicut
3229 4201 3283 4255 in
3338 4200 3660 4255 austeritati-

372 4286 569 4341 sitione
599 4285 800 4358 aliquid
827 4287 1042 4341 curiose
1065 4302 1333 4358 qumrere,
1367 4289 1511 4358 quod
1543 4289 1774 4343 nitorem
1805 4305 1972 4344 saecuo
2068 4293 2170 4348 bus
2198 4292 2572 4363 corporalibus
2627 4291 2748 4346 illos
2805 4292 3044 4346 studiose
3074 4289 3392 4360 apposuisse
3430 4295 3658 4354 constat,

367 4375 546 4466 larem
572 4375 868 4466 redolere-t.
898 4373 1042 4466 “Sed,
1090 4381 1152 4466 ut
1201 4376 1495 4445 prudenter
1550 4377 1730 4466 statim
1790 4378 1969 4431 subdit
1994 4405 2044 4466 B
2066 4382 2164 4436 sed
2193 4380 2448 4436 volebant
2475 4379 2647 4435 amori
2689 4379 2902 4451 privato
2931 4379 2987 4433 in
3043 4377 3480 4433 excusationibus
3515 4391 3658 4429 nun-

368 4465 434 4520 R.
468 4465 527 4519 P.
562 4463 760 4533 Guigo,
794 4463 838 4517 si
865 4462 1206 4517 eliminandaa
1255 4471 1378 4517 sunt
1407 4479 1441 4518 a
1469 4465 1670 4519 nostris
1724 4465 1966 4520 vestibus
1995 4462 2038 4466 _
2065 4469 2196 4523 tium
2224 4468 2470 4524 absolute
2500 4467 2712 4523 remitti.
2764 4467 2922 4535 Quod
2977 4474 3121 4522 certe
3149 4481 3322 4536 genus
3368 4462 3658 4518 mortiﬁca-

369 4551 576 4608 vanitas
606 4559 658 4606 et
685 4551 950 4622 voluptas,
983 4551 1284 4606 necessitas
1312 4559 1405 4607 aut
1451 4551 1650 4606 utilitas
1705 4569 1815 4608 non
1841 4560 1968 4608 sunt
2064 4557 2225 4613 tionis
2252 4572 2444 4612 omnes
2471 4555 2814 4610 austeritates
2842 4554 3159 4626 corporales
3200 4553 3365 4623 longe
3420 4557 3654 4622 superat,

369 4639 740 4711 rePudiandae,
2064 4653 2117 4700 et
2144 4645 2213 4699 ad
2241 4645 2477 4699 studium
2519 4643 2890 4700 conversionis
2946 4658 3189 4701 morum.
3223 4641 3291 4695 de
3321 4655 3424 4711 qua
3478 4646 3658 4694 votum

439 4730 600 4784 Num.
637 4729 687 4782 4.
719 4730 842 4783 Haec
866 4728 1180 4800 quicunque
1213 4729 1429 4800 legerit,
1480 4737 1583 4785 etc.
1619 4729 1716 4784 Hic
1771 4730 1966 4800 repetit
2065 4733 2375 4800 emittimus,
2405 4740 2627 4802 spectat,
2661 4731 2845 4802 sicque
2872 4730 2944 4785 ad
2972 4729 3266 4785 medullam
3294 4744 3435 4783 vera:
3462 4726 3657 4781 morti-

369 4817 510 4872 circa
539 4816 731 4871 fratres
761 4816 905 4886 quod
929 4817 1044 4884 jam
1072 4817 1282 4870 dixerat
1310 4817 1455 4872 circa
1475 4819 1789 4884 monachos,
1840 4833 1962 4888 cap.
2065 4820 2331 4877 ﬁcationis
2359 4828 2412 4875 et
2443 4820 2525 4874 sui
2554 4819 2724 4889 ipsius
2764 4818 3140 4890 abnegationis
3168 4817 3225 4872 in
3270 4816 3490 4870 homine
3518 4814 3659 4868 inte-

367 4907 458 4961 28.
519 4903 734 4960 Sciebat
781 4904 925 4958 enim
980 4904 1064 4959 vir
1098 4902 1316 4959 sanctus
1372 4906 1632 4960 mundum
1689 4907 1966 4961 abundare
2066 4909 2212 4975 riori,
2245 4908 2339 4962 ubi
2368 4909 2513 4962 Deus
2534 4907 2823 4971 invenitur,
2852 4922 2954 4960 nos
2983 4906 3228 4976 aspirare
3258 4904 3458 4959 debere
3479 4918 3660 4957 exem-

371 4993 691 5047 censoribus
720 4991 1048 5059 indiscretis,
1080 4992 1172 5063 qui
1201 4993 1410 5063 seipsos
1440 4994 1967 5065 negligentes,judi-
2067 4997 2160 5066 plo
2204 4996 2298 5050 illo
2351 4995 2642 5061 docebant,
2689 4995 2835 5066 quod
2890 4994 2945 5048 in
2997 4994 3228 5064 prologo
3275 4990 3658 5047 modernorum

367 5080 466 5135 ciis
495 5079 864 5145 nihilominus,
897 5081 1162 5147 censuris,
1201 5089 1360 5152 atque
1416 5081 1570 5136 factis
1623 5081 1850 5135 aliorum
1877 5081 1966 5135 in-
2069 5091 2406 5148 statutorum,
2447 5083 2539 5137 ubi
2567 5083 2636 5137 de
2664 5083 2779 5137 Deo
2836 5081 2892 5135 in
2945 5081 3190 5136 interiori
3243 5079 3462 5135 homine
3517 5093 3660 5148 qum-

372 5167 783 5222 discriminatim
829 5168 1146 5238 arguendis,
1195 5169 1310 5223 fere
1365 5177 1536 5224 totum
1592 5169 1714 5224 vitae
1757 5177 1966 5238 tempus
2069 5172 2238 5226 rendo
2268 5171 2464 5242 agitur,
2495 5171 2699 5225 diserte
2727 5169 3039 5240 explicatur.

370 5255 706 5325 impendunt,
751 5263 806 5310 et
832 5271 900 5309 ne
931 5256 1055 5310 inde
1111 5255 1283 5310 nostri
1339 5257 1406 5310 ad
1451 5256 1736 5327 scrupulos
1793 5272 1970 5311 move-
2142 5259 2290 5314 Idem
2319 5258 2551 5314 relatum
2606 5257 2852 5314 invenies
2881 5257 2935 5310 in
2965 5256 3202 5328 antiquis
3242 5256 3470 5324 statutis,
3517 5261 3651 5324 part.

370 5351 553 5398 rentur
578 5343 841 5414 praevenit
871 5359 985 5408 eos,
1019 5351 1072 5397 et
1100 5343 1175 5397 ita
1205 5343 1292 5398 hic
1322 5359 1388 5398 ex
1415 5343 1665 5414 professo
1712 5344 1966 5415 loquitur.
2071 5361 2151 5412 ιιι,
2193 5363 2313 5417 cap.
2352 5351 2414 5411 3,
2448 5363 2598 5400 num.
2631 5348 2683 5400 4.
2716 5347 2848 5400 Item
2878 5360 3002 5415 cap.
3039 5348 3128 5411 23,
3159 5360 3306 5398 num.
3339 5347 3392 5410 ὅ,
3425 5343 3657 5413 itemque

443 5431 637 5485 Totum
666 5432 770 5486 hoc
799 5430 1090 5500 capitulum
1143 5431 1374 5485 relatum
1404 5432 1574 5486 habes
1632 5432 1685 5486 in
1739 5433 1972 5504 antiquis
2072 5451 2192 5505 cap.
2235 5439 2300 5491 l2
2331 5450 2368 5488 ιι
2398 5435 2588 5504 partis,
2621 5449 2768 5488 num.
2804 5437 2890 5486 13.

375 5518 616 5584 Statutis,
648 5527 786 5589 part.
821 5533 902 5572 ut.
935 5533 1054 5588 cap.
1088 5521 1178 5584 23,
1211 5534 1266 5572 n.
1302 5523 1352 5585 1,
1385 5521 1416 5574 4
1443 5527 1496 5574 et
1537 5523 1589 5574 5.
2145 5523 2276 5576 CAP.
2310 5523 2449 5576 LIX.
2480 5550 2550 5561 —
2580 5523 2699 5576 Non
2729 5522 2782 5576 ei
2801 5521 2896 5576 sed
2948 5520 3053 5574 alii
3102 5521 3291 5590 potius
3321 5518 3514 5584 datur,
3555 5523 3654 5571 etc.

443 5605 577 5662 CAP.
609 5607 792 5662 LVIII.
812 5635 881 5646 —
909 5606 1073 5661 Num.
1109 5609 1160 5661 1.
1195 5607 1332 5664 Cum
1353 5607 1440 5665 his
1459 5609 1555 5682 qui
1583 5609 1776 5665 domus
1807 5609 1975 5680 hujus
2075 5609 2207 5665 Inde
2237 5615 2468 5680 apparet
2524 5623 2688 5680 quam
2745 5608 2930 5664 stricte
2950 5605 3153 5664 vellent
3169 5622 3386 5662 omnem
3415 5604 3659 5676 proprie-
