3940 6438
182 331 284 384 741

1557 325 2163 383 CONSUETUDINES.

3392 321 3497 376 742

1578 449 1975 504 CAPITULUM
2007 448 2118 502 LX.

1293 547 1434 614 Quid
1461 547 1526 602 de
1557 563 1620 602 re
1645 548 1884 601 inventa
1913 545 2242 616 faciendum
2267 546 2363 599 sit.
2489 611 2492 613 Α

269 646 321 697 1.
357 642 414 698 Si
442 642 585 697 intra
613 641 712 714 [αἱ.
741 639 903 713 infra]
934 641 1192 696 terminos
1221 650 1436 697 nostros
1464 641 1665 713 aliquid
1694 642 1974 696 inventum
2005 640 2182 706 fuerit,
2214 640 2264 695 ei
2290 639 2537 710 protinus
2566 637 2719 706 cujus
2749 647 2851 706 est,
2885 639 2932 693 si
2962 638 3138 705 adest,
3170 637 3255 692 sin
3285 647 3484 702 autem,

193 741 539 814 procuratori
568 740 832 796 redditur.
868 740 924 795 Si
955 747 1136 794 autem
1166 746 1317 794 extra
1343 738 1605 794 terminos
1635 738 1840 809 aliquid
1869 753 1902 792 a
1929 737 2127 792 nostris
2154 738 2431 792 inventum
2479 736 2655 802 fuerit,
2706 735 2980 802 fratribus,
3014 743 3106 789 aut
3137 748 3237 788 suo
3265 733 3488 788 domino

195 839 398 904 statim,
432 838 478 891 si
506 836 626 892 fieri
655 843 852 908 potest,
885 835 1147 904 redditur,
1178 844 1270 891 aut
1297 835 1366 905 ei,
1398 852 1498 907 per
1538 852 1698 906 quem
1738 835 1932 891 melius
1979 843 2033 890 et
2079 834 2291 889 fidelius
2339 833 2495 889 reddi
2540 848 2704 904 posse
2751 830 3486 904 putatur,'commendatur;

194 934 336 990 alias
365 934 626 989 intactum
655 932 956 988 dimittitur.

267 1034 324 1087 2.
356 1029 546 1087 Vestiti
575 1029 806 1100 singulis
835 1027 1031 1084 tunicis
1058 1035 1112 1084 et
1134 1027 1294 1084 cincti
1318 1028 1502 1098 jacent
1532 1029 1588 1082 in
1618 1027 1770 1084 cellis
1800 1034 1853 1084 et
1883 1026 2219 1083 dormitorio.

1561 1151 1957 1207 CAPITULUM
1985 1150 2126 1206 LXI.

1238 1249 1316 1305 De
1343 1247 1564 1304 brachis
1594 1252 1651 1304 et
1677 1250 1870 1319 parvi:
1906 1247 2153 1320 pelliciis
2180 1248 2453 1318 fratrum.

273 1349 328 1402 1.
377 1347 626 1403 Pastores
677 1352 857 1401 autem
909 1343 1112 1400 habent
1158 1344 1395 1400 brachas
1442 1344 1758 1412 canabinas,
1817 1360 1955 1416 quas
1984 1351 2110 1399 tunc
2162 1342 2390 1398 induunt
2445 1358 2566 1398 eum
2623 1357 2817 1398 caseos
2843 1340 3086 1408 faciunt;
3119 1339 3275 1396 aliter
3328 1341 3487 1397 lineis

197 1445 424 1500 omnino
452 1459 560 1498 non
590 1449 807 1497 utuntur
833 1440 932 1513 [αἱ.
963 1440 1186 1513 utimur]
1216 1441 1477 1508 vestibus,
1508 1456 1578 1495 ne
1609 1440 1953 1496 feminalibus
1983 1441 2222 1512 quidem.

267 1543 325 1597 2.
355 1538 738 1595 Concessimus
766 1536 942 1592 adhuc
969 1536 1280 1607 pastoribus
1309 1535 1555 1606 pellicias
1582 1535 1860 1606 parvulas,
1904 1553 2026 1608 quae
2069 1538 2278 1594 duabus
2307 1538 2419 1595 fere
2470 1539 2773 1596 vervecinis
2819 1539 3050 1610 pellibus
3092 1543 3303 1612 possint
3349 1543 3487 1613 fieri,

200 1637 421 1709 quibus,
454 1636 559 1690 nisi
587 1650 710 1692 cum
739 1635 1033 1689 hiematum
1062 1634 1212 1689 foras
1241 1641 1456 1700 exeunt,
1492 1649 1601 1688 non
1629 1642 1867 1688 utuntur.

234 1737 288 1788 3.
307 1734 367 1788 In
379 1731 692 1804 mulgendo,
708 1730 1015 1803 ubicunque
1031 1731 1158 1798 sint,
1180 1745 1400 1802 semper
1412 1729 1682 1784 silentium
1695 1737 1898 1785 tenent.

1552 1851 1949 1909 CAPITULUM
1976 1854 2142 1908 LXII.

1372 1949 1450 2006 De
1487 1951 1675 2020 fratre
1703 1951 1800 2020 qui
1827 1951 2135 2021 sagmaria:
2163 1956 2348 2008 curat.

275 2053 329 2104 1.
363 2049 549 2104 Frater
577 2047 670 2120 qui
696 2046 998 2119 sagmarios
1027 2053 1198 2115 curat,
1232 2045 1452 2117 quando
1481 2045 1629 2100 foras
1671 2045 1969 2116 egreditur,
2016 2048 2070 2102 in
2127 2047 2347 2103 culcitra
2393 2063 2503 2104 non
2551 2049 2712 2118 jacet,
2762 2048 3006 2121 nihilque
3052 2049 3159 2105 nisi
3202 2049 3494 2122 hospitium

205 2145 420 2218 quaerit,
451 2145 558 2201 nisi
587 2145 674 2202 vel
702 2145 855 2216 prior
883 2144 971 2200 vel
999 2150 1327 2216 procurator
1355 2142 1558 2213 aliquid
1588 2142 1639 2196 ei
1665 2142 1972 2213 specialiter
2017 2145 2327 2213 injunxerit.

1607 2263 2185 2322 COMMENTARIUS.

204 2368 331 2422 tatis
362 2364 605 2438 speciem
635 2379 668 2419 a
698 2379 758 2419 se
787 2361 1100 2419 excludere.
1151 2360 1209 2417 Si
1237 2369 1417 2416 autem
1456 2359 1804 2433 quisquam'a
1823 2366 1879 2424 Α
1906 2363 2333 2432 perseverantia
2361 2365 2524 2420 totius
2553 2366 2762 2421 ordinis
2790 2367 2846 2421 in
2894 2383 3120 2440 genere,
3151 2383 3217 2423 ex
3247 2367 3359 2422 suis
3388 2375 3500 2424 sta-

203 2473 294 2512 me
326 2461 600 2527 quareret
627 2453 682 2507 in
713 2452 912 2523 quibus
939 2450 1242 2507 consistere
1274 2449 1560 2506 crederem
1585 2449 1809 2504 austeri-

205 2551 379 2600 tatem
408 2543 704 2613 primorum
732 2539 1234 2604 Carthusianorum,
1267 2537 1474 2609 absque
1505 2536 1618 2591 ulla
1646 2537 1808 2592 basi-

207 2631 416 2687 tatione
447 2628 835 2699 responderem
868 2626 1016 2681 illam
1046 2625 1392 2682 constitutam
1421 2624 1590 2679 fuisse
1622 2639 1636 2678 :

281 2718 485 2785 Primo,
524 2717 582 2771 in
624 2714 916 2772 voluntatis
962 2714 1201 2784 pr0pria
1241 2711 1624 2784 abnegatione,
1673 2725 1809 2783 qua-

210 2809 319 2864 lem
347 2803 572 2876 requirit
600 2803 666 2858 Β.
698 2805 758 2858 Ρ.
788 2802 1008 2874 Guigo;

283 2893 559 2958 Secundo,
591 2891 647 2946 in
675 2890 874 2946 amoris
911 2889 1132 2960 privati,
1188 2897 1247 2944 ut
1273 2888 1345 2943 ita
1405 2887 1602 2958 dicam,
1636 2886 1810 2943 suffo-

214 2983 449 3049 catione,
483 2979 700 3052 qualem
737 2977 1000 3035 describit
1053 2977 1110 3032 in
1153 2977 1486 3048 pracedenti
1531 2976 1808 3047 capitulo;

283 3069 501 3135 Tertio,
533 3069 588 3122 in
616 3067 794 3123 omnis
846 3065 1190 3138 preprietatis
1247 3064 1610 3132 abdicatione,
1670 3079 1811 3135 qua-

211 3159 320 3215 lem
348 3158 438 3213 hic
474 3163 652 3221 notat;

284 3249 354 3303 Et
385 3253 597 3318 quarto,
640 3244 695 3297 in
749 3240 1055 3297 solitudinis
1086 3240 1279 3296 devota
1330 3239 1696 3306 observantia,
1728 3239 1815 3295 cui

217 3335 399 3391 adsint
428 3332 666 3388 studium
696 3329 956 3386 orationis
979 3328 1182 3384 intima
1209 3336 1263 3384 et
1287 3345 1319 3383 a
1372 3345 1550 3384 rerum
1599 3336 1814 3398 tempo-

213 3424 408 3478 ralium
433 3404 713 3475 inutilibus
741 3417 888 3474 curis
918 3425 972 3472 et
1018 3416 1470 3488 concupiscentiis
1517 3415 1812 3488 elongatio,

214 3526 341 3566 nam
371 3510 419 3564 si
447 3509 540 3562 illa
567 3505 840 3572 deficiant,
873 3504 1109 3560 solitudo
1128 3520 1230 3560 nec
1259 3512 1440 3576 potest
1466 3520 1589 3560 esse
1620 3504 1818 3560 devota

218 3614 322 3655 nec
352 3598 556 3670 quieta.

1906 2451 2032 2504 tutis
2105 2459 2156 2506 et
2241 2453 2672 2508 ordinationibus
2729 2455 3084 2525 capitulorum
3159 2456 3500 2527 generalium

1909 2537 2108 2593 debent
2137 2539 2341 2612 colligi,
2375 2541 2498 2612 quia
2527 2541 2652 2597 inde
2683 2558 2750 2598 ea
2779 2551 2988 2597 tantum
3042 2551 3165 2598 sunt
3195 2543 3500 2600 haurienda

1909 2642 2032 2696 qua
2059 2627 2154 2681 toti
2183 2627 2360 2682 ordini
2408 2637 2640 2698 possunt
2693 2629 2966 2700 imputari,
3027 2646 3137 2686 non
3192 2639 3377 2686 autem
3431 2648 3498 2687 ex

1909 2713 2266 2784 quarumdam
2297 2715 2646 2786 Singularium
2673 2732 3030 2788 personarum
3057 2719 3286 2774 actibus.

1981 2802 2111 2857 Hac
2170 2809 2398 2873 quatuor
2425 2812 2759 2874 componunt
2803 2820 3048 2876 scopum,
3083 2806 3153 2860 ad
3183 2822 3346 2877 quem
3385 2814 3502 2862 ten-

1912 2888 2044 2943 dere
2073 2889 2354 2958 debemus,
2388 2907 2659 2963 quemque
2685 2893 2865 2959 nobis,
2915 2893 3052 2949 sicut
3077 2901 3130 2948 et
3159 2894 3261 2948 sibi
3290 2895 3503 2949 consti—

1911 2984 2137 3036 tuerunt.
2159 2977 2216 3032 S.
2248 2979 2307 3032 P.
2340 2979 2521 3034 Bruno
2542 2988 2595 3034 et
2623 2981 2741 3050 ejus
2757 2995 3125 3048 successores,
3161 2989 3214 3036 et
3241 2981 3312 3036 ad
3341 2998 3505 3053 quem

1914 3064 2214 3119 studiorum
2244 3082 2465 3121 suorum
2498 3075 2551 3121 et
2596 3067 2888 3124 affectuum
2937 3068 3118 3136 jacula
3171 3071 3502 3137 emittebant,

1916 3169 2220 3222 proponere
2249 3154 2531 3209 debemus.
2564 3157 2635 3210 At
2663 3164 2786 3211 cum
2835 3165 3043 3212 certum
3074 3157 3142 3210 sit
3170 3157 3290 3212 illos
3317 3165 3374 3211 ut
3402 3159 3508 3213 ho-

1915 3241 2091 3295 mines
2119 3240 2469 3297 nihilominus
2527 3243 2820 3314 aliquando
2877 3252 3004 3301 tunc
3056 3260 3342 3316 peccasse,
3397 3261 3508 3301 non

1916 3328 2178 3384 debemus
2208 3331 2372 3384 etiam
2401 3347 2545 3387 nunc
2571 3348 2659 3386 res
2707 3333 3005 3399 aestimare,
3034 3347 3101 3388 ac
3130 3333 3176 3386 si
3222 3349 3511 3403 possemus

1917 3425 1970 3472 et
1990 3417 2320 3474 deberemus
2349 3435 2471 3474 esse
2516 3419 2923 3490 impeccabiles.
2957 3421 3015 3477 Si
3059 3436 3192 3492 ergo
3238 3421 3512 3476 interdum

1917 3520 2164 3560 erramus
2217 3513 2274 3560 ut
2328 3507 2613 3576 homines,
2700 3524 2976 3579 nunquam
3049 3509 3120 3563 ab
3184 3509 3290 3563 hoc
3346 3524 3514 3579 sc0po

1916 3593 2256 3664 recedamus,
2287 3595 2387 3651 sed
2414 3611 2634 3666 semper
2659 3596 2716 3650 in
2734 3597 3013 3667 preposito
3029 3604 3083 3652 et
3109 3596 3288 3652 studio
3303 3596 3512 3652 habea-

290 3687 374 3742 Ad
402 3687 522 3741 hac
548 3682 796 3756 pondera
823 3681 986 3737 debet
1026 3680 1256 3753 quisque
1297 3688 1542 3736 nostrum
1569 3679 1818 3736 volunta-
1846 3706 1900 3766 Β
1919 3697 2040 3737 mus
2073 3699 2086 3736 :

221 3775 290 3831 tis
317 3790 434 3830 sua
461 3771 820 3844 propositum,
853 3776 1012 3825 actus
1057 3783 1188 3824 suos
1241 3775 1295 3824 et
1322 3767 1653 3824 voluntarios
1683 3766 1820 3822 aﬂ‘e-

221 3871 339 3919 ctus
397 3860 693 3926 adducere,
751 3857 1053 3912 secundum
1107 3855 1252 3927 quod
1297 3855 1420 3926 plus
1475 3855 1722 3911 minusve
1751 3855 1821 3909 ab

216 3950 302 4004 his
329 3947 664 4021 ponderibus
693 3944 982 4015 aberrabit,
1044 3959 1234 4000 secure
1289 3943 1647 4014 pronuntiare
1701 3943 1824 4014 plus

223 4037 310 4095 vel
337 4037 522 4092 minus
552 4035 622 4090 ad
650 4033 896 4105 spiritum
945 4032 1118 4088 nostri
1174 4031 1403 4086 instituti
1432 4038 1486 4086 et
1519 4030 1822 4101 primorum

225 4127 447 4181 Patrum
474 4123 707 4180 vicinius
735 4121 1000 4177 accedere
1030 4127 1122 4176 aut
1149 4119 1367 4191 longius
1397 4119 1468 4174 ab
1498 4135 1564 4174 eo
1594 4119 1820 4173 distare.

225 4215 422 4270 Parum
471 4210 859 4267 attendendum
911 4215 996 4264 est
1036 4207 1379 4263 diminutioni
1419 4205 1499 4261 illi
1542 4206 1824 4261 abstinen-

226 4302 420 4356 tiarum
450 4301 508 4356 in
534 4315 676 4370 pane
708 4306 762 4353 et
791 4313 949 4368 aqua,
993 4296 1118 4368 quia
1147 4296 1203 4350 id
1249 4295 1410 4366 primi
1441 4296 1628 4350 Patres
1656 4293 1827 4349 nostri

230 4390 328 4445 sub
356 4386 684 4444 obedientia
739 4384 1006 4457 regimine
1061 4383 1476 4449 constituerunt,
1506 4389 1558 4437 et
1584 4382 1687 4437 sub
1724 4382 1826 4437 hac

227 4485 432 4533 tantum
460 4474 770 4532 conditione
796 4473 1152 4538 admiserunt,
1183 4487 1255 4528 ne
1298 4471 1464 4528 veluti
1493 4487 1584 4525 res
1611 4477 1827 4525 nostras

231 4565 287 4620 in
314 4565 432 4620 istis
491 4563 794 4620 consistere
847 4569 1185 4633 putaremus,
1244 4576 1378 4631 quas
1433 4558 1546 4615 fere
1599 4573 1702 4629 pro
1737 4557 1827 4612 ni-

233 4654 340 4709 hilo
367 4655 434 4709 R.
494 4653 555 4707 Ρ.
614 4651 927 4722 Guigonem
981 4649 1240 4704 habuisse
1293 4654 1524 4714 constat,
1583 4663 1649 4702 ex
1704 4662 1824 4717 cap.

233 4743 320 4806 35,
351 4741 405 4795 in
437 4739 841 4810 comparatione
871 4737 1214 4793 obedientia.
1258 4735 1414 4792 Unde
1446 4752 1512 4790 ex
1541 4735 1646 4790 hac
1676 4742 1828 4804 parte

234 4829 377 4882 nulla
405 4827 666 4884 relaxatio
694 4833 874 4897 potest
923 4825 1068 4894 juste
1122 4823 1298 4880 ordini
1326 4822 1600 4894 imputari,
1633 4828 1689 4876 ut
1717 4821 1830 4876 suis

235 4914 369 4971 locis
397 4915 737 4986 probabitur.
769 4914 886 4968 Nec
923 4911 1086 4968 etiam
1133 4920 1217 4966 est
1261 4911 1648 4966 attendendum
1695 4917 1832 4965 tem-

238 5004 500 5074 poralium
529 5018 716 5058 rerum
765 5009 819 5056 et
865 5015 1123 5056 curarum
1165 5007 1480 5071 augmento,
1533 4997 1831 5053 dummodo

240 5089 375 5145 intra
406 5098 578 5146 metas
603 5105 701 5160 per
729 5088 995 5144 moderna
1026 5095 1227 5142 statuta
1254 5086 1504 5158 praefixas
1533 5094 1586 5141 et
1615 5102 1833 5156 expres-

242 5193 331 5232 sas
359 5178 717 5245 contineatur,
750 5176 874 5249 quia
903 5175 956 5230 id
986 5184 1295 5246 temporum
1323 5174 1524 5231 rationi
1554 5183 1608 5229 et
1635 5190 1834 5230 neces-

243 5265 382 5320 sitati
410 5266 782 5338 imputandum
813 5272 914 5320 est.
933 5265 1002 5318 Et
1028 5264 1256 5334 insuper
1285 5279 1376 5319 res
1403 5263 1508 5317 ista
1535 5263 1604 5316 ad
1632 5277 1836 5332 paucos

243 5352 500 5409 officiales
530 5361 758 5424 spectat,
791 5368 900 5408 non
929 5351 1000 5406 ad
1055 5351 1399 5418 claustrales,
1459 5351 1656 5422 quibus
1699 5366 1836 5405 con-

246 5450 433 5496 ventus
462 5441 730 5514 regularis
767 5448 822 5496 et
865 5456 1066 5511 corpus
1121 5440 1326 5494 ordinis
1380 5439 1664 5494 conflatur.
1728 5437 1834 5492 Sed

247 5543 309 5582 ex
338 5537 566 5601 quatuor
591 5528 870 5599 principiis
899 5543 1060 5598 supra
1099 5527 1297 5582 notatis
1343 5526 1530 5582 omnia
1558 5539 1845 5597 argumen-

245 5622 299 5670 ta
323 5625 522 5673 nostra
551 5615 894 5689 singulorum
948 5614 1369 5687 perseverantia
1425 5613 1482 5667 in
1508 5613 1685 5683 primo
1715 5612 1843 5666 Car-

246 5704 506 5761 thusiensi
532 5704 777 5760 instituto
803 5703 1006 5760 debent
1031 5701 1249 5759 deduci.
1299 5703 1635 5774 Argumenta
1662 5707 1842 5754 autem

1250 5914 1278 5934 Ω

1992 3769 2192 3836 Primo,
2221 3770 2639 3842 ahnegationem
2667 3771 2898 3845 propria
2925 3771 3215 3830 voluntatis
3239 3791 3254 3840 ;

1993 3858 2263 3925 Secundo,
2295 3875 2539 3917 amorem
2568 3862 2927 3933 correptionis
2955 3879 3019 3920 ac
3064 3865 3302 3920 studium
3346 3865 3516 3923 conti-

1921 3963 2045 4003 nua
2074 3948 2488 4017 emendationis,
2544 3967 2642 4022 per
2676 3951 2997 4009 relationem
3043 3955 3110 4010 ad
3152 3963 3338 4013 votum
3379 3973 3518 4013 con-

1923 4035 2188 4092 versionis
2217 4052 2429 4093 morum
2459 4039 2606 4110 quod
2643 4040 2960 4108 emisimus;

1994 4124 2194 4194 Tertio,
2224 4125 2624 4182 abdicationem
2654 4129 3001 4199 proprietatis
3031 4149 3046 4196 ;

1994 4211 2061 4266 Et
2089 4219 2297 4281 quarto,
2328 4213 2732 4269 observantiam
2751 4216 2964 4272 devotae
2982 4218 3288 4276 solitudinis
3317 4237 3350 4277 a
3381 4229 3521 4278 tem-

1921 4298 2194 4368 poralium
2223 4315 2408 4355 rerum
2437 4316 2568 4356 cura
2594 4310 2648 4357 et
2675 4305 3117 4374 concupiscentia
3144 4309 3369 4365 dissita.

1999 4386 2151 4441 Idem
2195 4387 2419 4444 relatum
2468 4390 2639 4446 habes
2681 4391 2735 4445 in
2779 4392 3012 4465 antiquis
3043 4397 3254 4452 statutis
3281 4405 3424 4469 part.
3457 4414 3518 4466 η,

1927 4490 2046 4546 cap.
2077 4478 2168 4544 22,
2202 4491 2258 4531 n.
2291 4475 2388 4530 ult.

1997 4602 2132 4657 CAP.
2147 4599 2261 4655 LX.
2275 4600 2518 4656 —Num.
2535 4603 2586 4656 1.
2601 4602 2758 4658 Alias
2769 4605 3056 4661 intactum
3069 4604 3405 4665 dimittitur.
3421 4610 3523 4669 Hic

1927 4699 2148 4761 apparet
2178 4697 2378 4761 quanta
2397 4689 2645 4759 puritatis
2665 4691 3009 4749 conscientia
3036 4694 3525 4767 circumspectione

1926 4779 2132 4834 nollent
2159 4778 2331 4833 nostri
2356 4794 2471 4833 rem
2500 4778 2730 4834 alienam
2758 4780 2978 4847 habere,
3021 4799 3142 4838 cum
3191 4801 3292 4840 nec
3336 4787 3390 4840 in
3417 4786 3526 4844 hoc

1929 4883 2062 4922 casu
2091 4882 2123 4922 a
2152 4866 2265 4921 suis
2293 4866 2445 4937 tangi
2474 4866 2619 4922 illam
2647 4867 2870 4924 vellent.
2921 4870 2990 4924 Et
3016 4871 3121 4927 hoc
3149 4872 3400 4944 exemplo
3433 4874 3530 4929 de.

1927 4963 2232 5010 monstrant
2261 4963 2516 5026 quantum
2548 4971 2578 5009 a
2619 4972 2799 5010 rerum
2868 4965 3203 5015 terrenarum
3261 4961 3526 5034 concupi-

1857 5055 1903 5115 ο
1933 5044 2140 5100 scentia
2169 5043 2327 5098 liberi
2357 5060 2481 5098 esse
2511 5043 2832 5100 debeamus.

2008 5133 2158 5187 Idem
2190 5131 2422 5187 relatum
2450 5132 2642 5188 habes"
2672 5133 2730 5188 in
2771 5135 3003 5208 antiquis
3043 5137 3251 5193 statutis
3292 5145 3434 5210 part.
3469 5154 3529 5211 ιι,

1936 5235 2058 5292 cap.
2092 5224 2182 5288 22,
2213 5236 2268 5275 n.
2302 5223 2354 5276 2.

2009 5345 2140 5398 CAP.
2197 5344 2338 5398 LXI.
2379 5373 2450 5384 --
2501 5345 2687 5398 Linum
2745 5346 3137 5419 distinguunta
3194 5350 3418 5420 canabe,
3482 5358 3538 5407 et

1936 5431 2099 5502 primi
2151 5447 2310 5485 usum
2364 5431 2651 5500 rejiciunt,
2711 5434 2841 5504 quia
2915 5444 2998 5490 est
3051 5438 3353 5494 delicatius.
3437 5439 3538 5494 Hic

1943 5527 2125 5574 autem
2151 5518 2457 5588 exprimunt
2485 5519 2748 5590 quidquid
2791 5521 2860 5576 ad
2899 5521 3074 5594 frigus
3122 5526 3438 5590 arcendum,
3486 5533 3540 5581 et

1941 5606 2269 5662 modestiam
2296 5606 2354 5661 in
2380 5622 2550 5678 opere
2577 5605 2648 5662 de
2679 5623 2788 5679 quo
2829 5608 3009 5680 agitur
3049 5613 3370 5669 servandam
3396 5627 3537 5669 con-

1942 5693 2107 5752 ducit.
