3940 6420
473 357 577 412 ’743

1279 357 1616 414 GUIGONIS
1673 359 1692 412 Ι
1743 358 2149 415 CARTHUSLE
2205 360 2498 416 MAIORIS
2555 360 2832 416 PRIORIS
2888 360 2952 413 V.

3669 360 3788 414 ’744

542 483 596 536 2.
631 478 847 534 Nullius
875 486 1120 534 nostrum
1150 480 1236 536 vel
1264 481 1430 536 verba
1461 481 1545 536 vel
1567 481 1767 537 salutes
1794 482 1862 537 ad
1879 483 2115 554 aliquem
2137 484 2480 550 exteriorem,
2505 483 2814 556 nulliusque
2832 480 3114 537 exterioris
3135 479 3205 534 ad
3234 477 3472 550 aliquem
3491 488 3779 550 nostrum,

469 576 573 632 nisi
605 576 786 648 priore
818 577 901 633 vel
932 585 1288 648 procuratore
1313 579 1558 648 jubente,
1594 579 1697 635 fert
1725 588 1816 635 aut
1843 580 2028 636 refert.
2065 580 2370 637 Saeculares
2397 597 2651 638 rumores
2681 581 2774 636 ubi
2805 579 2976 646 audit,
3008 575 3083 632 ibi
3104 575 3328 646 jubetur
3356 573 3658 630 dimittere.

1837 701 2235 758 CAPITULUM
2266 703 2454 757 LXIII.

2020 793 2094 844 De
2127 789 2305 845 horto.

536 883 736 938 Hortus
765 893 820 939 et
846 899 966 956 quae
989 883 1057 938 ad
1089 899 1212 938 eum
1242 883 1506 953 pertinent
1533 884 1624 939 uni
1655 884 1940 956 deputatur
1969 903 1998 940 e
2028 885 2307 952 fratribus,
2370 885 2461 958 qui
2515 887 2584 942 de
2639 885 2890 942 omnibus
2921 885 2990 940 ad
3036 891 3448 956 procuratorem
3504 883 3776 952 recurrit,

469 979 626 1051 eique
657 979 724 1034 de
755 983 964 1038 cunctis
993 979 1258 1035 rationem
1293 979 1491 1034 reddit.

1695 1051 2227 1108 CAPITULUM
2288 1053 2546 1108 LXIV.

1835 1143 1909 1195 De
1939 1141 2168 1197 custode
2195 1143 2403 1211 pontis.

534 1239 584 1288 1.
620 1233 802 1288 Pontis
831 1242 1012 1288 custos
1045 1249 1166 1289 cum
1196 1234 1343 1289 nullo
1373 1251 1620 1305 prorsus,
1654 1235 1758 1290 nisi
1789 1236 2098 1307 specialiter
2137 1237 2340 1306 jussus,
2387 1235 2661 1291 fabulandi
2709 1235 2979 1292 licentiam
3029 1235 3226 1301 habet;
3261 1234 3481 1289 nutibus
3528 1241 3769 1300 tantum,

458 1327 564 1395 vel,
598 1328 643 1382 si
674 1343 783 1383 non
827 1327 1165 1400 intelligitur,
1224 1329 1388 1384 etiam
1446 1332 1626 1387 verbis
1685 1348 1780 1388 eos
1813 1333 1903 1404 qui
1932 1349 2041 1387 non
2098 1333 2298 1388 debent
2356 1332 2608 1403 transire,
2668 1332 2904 1403 repellit.
2943 1331 3186 1405 Idipsum
3243 1348 3466 1388 servare
3515 1332 3770 1402 jubetur,

465 1424 773 1496 quicunque
802 1422 950 1478 vices
979 1423 1096 1491 ejus
1124 1425 1454 1496 exsequitur.

528 1525 583 1578 2.
617 1521 684 1575 Et
718 1519 938 1575 omnino
966 1518 1276 1592 quicunque
1306 1522 1361 1576 in
1391 1538 1711 1595 quacunque
1737 1525 2046 1581 obedientia
2074 1528 2362 1597 cujuslibet
2391 1528 2505 1600 agit
2546 1531 2714 1592 vices,
2773 1527 2906 1582 nihil
2937 1525 3156 1581 omnino
3216 1525 3270 1579 in
3303 1540 3369 1580 ea
3398 1524 3514 1580 sine
3544 1524 3773 1580 licentia

461 1623 675 1671 mutare
701 1614 1042 1686 permittitur.
1078 1615 1136 1668 In
1167 1617 1317 1672 cellis
1349 1636 1566 1690 quoque
1596 1621 1730 1692 ipsis
1760 1622 1874 1676 sive
1906 1625 2153 1694 superius
2184 1626 2298 1680 sive
2324 1623 2568 1689 inferius,
2627 1623 2759 1678 nihil
2813 1623 2917 1677 nisi
2947 1623 3102 1694 prius
3158 1629 3435 1677 ostensum
3466 1628 3518 1675 et
3542 1621 3770 1690 jussum

460 1711 658 1766 mutari
687 1709 870 1766 fierive
899 1710 1109 1777 sinitur,
1143 1727 1212 1766 ne
1241 1713 1436 1768 domus
1466 1713 1738 1770 laboriose
1771 1715 1926 1771 facta:
1950 1718 2262 1774 curiositate
2294 1721 2691 1777 deteriorentur
2719 1720 2818 1792 [αι.
2844 1718 3181 1791 deterantur]
3212 1717 3298 1774 vel
3326 1717 3709 1774 destruantur.

1837 1843 2233 1898 CAPITULUM
2259 1844 2420 1899 LXV.

1744 1931 1818 1986 De
1857 1931 2178 2001 disciplinis
2207 1933 2481 2000 fratrum.

535 2027 586 2079 1.
621 2024 680 2078 In
709 2023 961 2079 Adventu
990 2031 1043 2080 et
1074 2024 1532 2097 Quinquagesima
1560 2041 1660 2097 per
1689 2025 1935 2099 singulas
1962 2025 2334 2081 hebdomadas
2365 2027 2564 2099 singuli
2592 2027 2840 2101 singulas
2867 2027 3138 2098 accipiunt
3177 2024 3507 2098 disciplinas.

531 2123 585 2176 2.
619 2119 779 2188 Quod
808 2120 853 2176 si
882 2120 1030 2176 domi
1054 2137 1162 2177 non
1192 2122 1406 2189 fuerint,
1441 2123 1642 2194 septies
1671 2138 1769 2194 pro
1798 2122 2089 2193 disciplina
2118 2125 2289 2178 Pater
2317 2127 2511 2180 noster
2538 2140 2663 2179 cum
2692 2124 2864 2179 veniis
2890 2123 3094 2180 dicunt.

1831 2245 2225 2300 CAPITULUM
2256 2245 2443 2301 LXVI.

1987 2334 2062 2388 De
2091 2333 2301 2390 cinere.

531 2424 782 2481 Cinerem
812 2426 905 2498 qui
933 2427 1130 2482 adsunt
1156 2427 1212 2482 in
1242 2427 1483 2484 inferiori
1539 2428 1747 2500 capella
1775 2429 1845 2484 de
1873 2444 2036 2484 manu
2089 2429 2454 2499 procuratoris
2511 2429 2800 2502 accipiunt.
2859 2429 2966 2498 Qui
2995 2444 3104 2486 non
3159 2427 3371 2493 adsunt,
3433 2434 3519 2482 ter
3577 2426 3761 2481 Pater

459 2526 652 2580 noster
681 2538 805 2579 cum
835 2523 1010 2580 veniis
1050 2524 1253 2580 dicunt.

1805 2591 2200 2647 CAPITULUM
2229 2591 2440 2646 LXVII.

1743 2680 1885 2748 Quid
1921 2679 2144 2750 faciant
2179 2695 2280 2751 pro
2314 2680 2512 2735 missa.

530 2777 662 2833 Item
693 2785 772 2834 ter
800 2779 971 2834 Pater
1000 2782 1196 2834 noster
1222 2793 1253 2832 a
1283 2776 1472 2848 Capite
1497 2775 1686 2848 jejunii
1713 2791 1887 2847 usque
1920 2776 1987 2830 ad
2018 2777 2244 2842 Pascha,
2278 2784 2401 2846 post
2430 2791 2630 2832 nonam
2659 2776 2916 2847 prostrati
2945 2791 3046 2848 pro
3077 2774 3242 2831 missa
3273 2773 3508 2831 solvunt.

1777 2899 2173 2954 CAPITULUM
2203 2900 2440 2954 LXVIII.

1846 2987 1921 3042 De
1955 2987 2120 3041 Cana
2147 2989 2388 3042 Domini.

531 3084 591 3138 In
618 3083 782 3139 Caena
812 3083 1046 3148 Domini,
1082 3083 1175 3155 qui
1204 3082 1428 3138 inferius
1465 3089 1764 3151 remanent,
1829 3081 2050 3136 veniunt
2103 3088 2228 3152 post
2281 3081 2569 3152 prandium
2617 3081 2687 3146 ad
2742 3081 3064 3154 coquinam,
3096 3089 3146 3137 et
3175 3080 3242 3135 ab
3271 3095 3336 3136 eo
3363 3081 3452 3153 qui
3481 3080 3635 3152 prior
3666 3089 3754 3137 est

458 3177 650 3234 ordine
681 3177 929 3233 lavantur
959 3177 1168 3233 ceteris
1199 3177 1388 3249 pedes,
1417 3176 1749 3248 oﬂ‘erturque
1779 3173 2008 3245 singulis
2030 3175 2232 3241 vinum,
2265 3186 2318 3232 et
2349 3177 2596 3234 bibentes
2628 3178 2905 3234 recedunt.

1825 3295 2396 3355 COMMENTARIUS.
3349 3369 3352 3372 ,

533 3397 683 3452 Idem
712 3397 942 3452 habetur
970 3397 1024 3451 in
1046 3397 1278 3468 antiquis
1299 3396 1511 3451 statutis
1539 3402 1681 3466 part.
1714 3409 1794 3461 ιιι,
1821 3409 1940 3465 cap.
1967 3398 2051 3460 18,
2076 3399 2131 3457 Α
2231 3397 2378 3451 Idem
2409 3397 2634 3451 habetur
2660 3396 2714 3450 in
2743 3395 2978 3468 antiquis
3025 3395 3239 3451 statutis
3287 3403 3424 3467 part.
3483 3410 3562 3462 ιιι,
3623 3411 3745 3468 cap.

458 3501 520 3539 ιι.
561 3487 664 3550 17;
699 3500 817 3556 cap.
852 3489 904 3551 3,
939 3502 993 3540 ιι.
1029 3490 1094 3552 2;
1128 3501 1251 3556 cap.
1288 3489 1373 3550 18,
1406 3501 1462 3538 n.
1496 3488 1583 3538 18.

525 3573 664 3627 CAP.
694 3573 858 3628 LXII.
892 3603 962 3614 —
990 3573 1072 3627 Ex
1101 3574 1206 3628 hoc
1235 3571 1473 3642 capitulo
1498 3571 1780 3627 evidenter
1805 3577 2046 3642 apparet,

455 3660 600 3732 quod
631 3677 792 3731 supra
829 3660 1084 3729 diximus,
1148 3659 1546 3731 sagmariorum
1602 3658 1821 3712 nomine
1874 3658 2051 3712 mulos

455 3745 773 3818 signiﬁcari,
809 3755 862 3801 et
891 3755 1151 3817 quantum
1172 3755 1388 3800 nostros
1405 3761 1602 3800 cavere
1631 3745 1829 3800 vellent
1857 3761 1886 3799 a
1914 3763 2050 3816 pru-

451 3835 555 3888 ritu
614 3834 828 3889 curiose
882 3834 1127 3888 discendi
1184 3833 1314 3904 quid
1368 3832 1423 3887 in
1479 3832 1677 3888 saeculo
1717 3841 1928 3904 agatur,
1961 3842 2051 3888 aut

453 3921 767 3977 rumoribus
797 3921 1030 3991 publicis
1059 3920 1395 3976 attendendi.

521 4009 670 4065 Idem
699 4007 933 4064 refertur
961 4008 1017 4063 in
1045 4009 1279 4080 antiquis
1323 4008 1536 4063 statutis
1574 4017 1719 4080 part.
1757 4025 1844 4077 ιιι,
1873 4024 1920 4066 c.
1953 4011 2044 4077 26,

455 4113 511 4152 ιι.
547 4101 599 4152 1.

522 4185 634 4239 CAP
691 4183 882 4238 LXIII.
913 4213 983 4224 —
1011 4185 1093 4238 Ex
1119 4185 1225 4240 hoc
1273 4184 1508 4256 capitulo
1538 4192 1591 4240 et
1635 4185 1770 4250 aliis,
1832 4185 1926 4240 ubi
1979 4185 2048 4239 de

451 4272 531 4327 rei
560 4271 844 4326 familiaris
874 4271 1338 4328 administratione
1385 4273 1574 4343 agitur,
1626 4281 1848 4343 apparet
1886 4288 2048 4344 quam

399 4405 408 4411 .
450 4360 700 4416 ordinate
729 4367 921 4415 cuncta
954 4360 1170 4431 disponi
1227 4367 1281 4416 et
1335 4361 1438 4415 sub
1475 4360 1800 4416 obedientia:
1851 4360 2046 4416 merito

449 4447 704 4501 constitui
735 4447 961 4502 vellent.

519 4535 669 4591 Idem
698 4535 934 4590 refertur
961 4535 1019 4590 in
1045 4534 1278 4608 antiquis
1308 4535 1525 4591 statutis
1552 4552 1602 4593 c.
1656 4539 1740 4602 15,
1791 4543 1928 4607 part.
1962 4550 2044 4604 ιιι,

447 4639 502 4679 n.
538 4627 587 4678 1.

518 4711 648 4766 CAP.
684 4711 960 4802 LXIV._—
987 4712 1132 4766 Pons
1161 4711 1263 4766 iste
1293 4711 1429 4767 situs
1449 4720 1533 4802 est
1557 4712 1702 4802 inter
1727 4711 1864 4802 duas
1894 4726 2041 4802 praa-
2061 4741 2114 4802 B

444 4807 632 4870 ruptas
661 4807 715 4853 et
742 4799 989 4854 excelsas
1019 4815 1181 4870 rupes
1211 4815 1276 4854 ex
1307 4808 1465 4870 parte
1513 4799 1723 4854 itineris
1754 4799 2043 4854 Gratiano-

444 4886 686 4958 politani,
718 4887 862 4942 inter
892 4903 1024 4957 quas
1053 4887 1371 4957 praeterﬂuit
1400 4895 1617 4943 torrens
1659 4903 1926 4958 aquarum
1973 4903 2040 4942 ex

443 4974 714 5029 montibus
767 4982 821 5028 et
879 4973 1117 5028 fontibus
1175 4975 1575 5030 circumvicinis
1631 4975 2036 5030 confluentium.

443 5061 549 5129 Qui
577 5069 810 5129 torrens,
851 5061 1067 5132 quando
1095 5078 1161 5118 ex
1190 5062 1496 5133 pluviarum
1527 5062 1613 5118 vel
1643 5062 1843 5116 nivium
1874 5062 2043 5132 lique-

443 5149 706 5205 scentium
736 5149 1065 5205 abundantia
1092 5151 1332 5218 inﬂatur,
1367 5159 1514 5206 tanto
1562 5149 1766 5220 impetu
1796 5157 1849 5205 et
1878 5150 2040 5205 boatu

439 5237 581 5292 inter
609 5251 738 5291 saxa
766 5237 970 5294 decidit
1016 5247 1069 5293 et
1117 5239 1374 5304 excurrit,
1409 5245 1468 5292 ut
1522 5236 1768 5308 fragores
1822 5238 2042 5314 tonitrui

440 5325 749 5380 aemuletur.

509 5414 569 5467 In
599 5414 703 5469 hoc
723 5420 905 5469 autem
938 5412 1175 5484 capitulo
1205 5412 1340 5465 nihil
1401 5413 1549 5467 aliud
1605 5413 1894 5467 notandum
1939 5427 2039 5468 oc-

436 5501 623 5565 currit,
655 5509 855 5572 praeter
884 5501 1136 5556 eamdem
1159 5499 1358 5554 silentii
1375 5508 1429 5554 et
1458 5500 1781 5556 obedientia;
1811 5500 2038 5556 formam

435 5589 784 5655 servandam,
828 5603 949 5659 quze
996 5587 1052 5642 in
1099 5587 1354 5643 omnibus
1398 5604 1498 5659 per
1540 5588 1674 5644 istas
1705 5589 1770 5644 R.
1806 5589 1862 5644 Ρ.
1896 5587 2037 5644 Gui-

432 5675 592 5746 gonis
623 5675 1055 5732 Consuetudines
1085 5675 1418 5748 assignatur.

2151 3485 2240 3551 27,
2273 3501 2328 3538 ιι.
2365 3488 2387 3538 1
2418 3503 2432 3550 ;
2464 3499 2583 3554 cap.
2613 3488 2702 3550 28,
2735 3499 2791 3538 ιι.
2825 3487 2914 3538 30.

2222 3607 2352 3662 CAP.
2385 3606 2548 3662 LXV.
2577 3637 2646 3647 —
2677 3606 2825 3662 Idem
2854 3606 2911 3660 in
2957 3605 3192 3678 antiquis
3223 3606 3456 3678 statutis,
3486 3615 3624 3678 part.
3657 3622 3739 3671 ιιι,

2151 3709 2271 3765 cap.
2304 3696 2356 3762 4,
2381 3710 2435 3750 ιι.
2471 3698 2522 3761 1,
2573 3693 2825 3761 refertur,
2888 3701 2942 3749 et
2991 3695 3184 3750 eodem
3234 3695 3398 3751 modo
3452 3696 3744 3751 etiamnum

2152 3791 2414 3838 servatur.

2221 3889 2354 3944 CAP.
2405 3887 2594 3943 LXVI.
2627 3887 2977 3959 —Loquitur
3033 3888 3098 3944 R.
3132 3889 3191 3943 Ρ.
3249 3887 3429 3961 Guigo
3484 3888 3554 3944 de
3608 3888 3742 3944 feria

2150 3984 2342 4049 quarta
2369 3985 2494 4031 ante
2523 3975 3029 4047 Quadragesimam,
3053 3992 3176 4048 qua:
3208 3975 3473 4032 Cinerum
3502 3984 3740 4047 vocatur,

2150 4081 2214 4120 eo
2244 4065 2387 4136 quod
2416 4080 2480 4120 ea
2507 4064 2594 4119 die
2621 4065 2758 4120 cinis
2788 4064 3052 4135 capitibus
3096 4064 3422 4134 imponatur.

2215 4152 2364 4206 Idem
2411 4150 2647 4208 refertur
2696 4151 2752 4206 in
2809 4151 3044 4222 antiquis
3096 4151 3326 4207 statutis.
3362 4167 3444 4219 ιιι,
3502 4167 3624 4223 cap.
3683 4154 3736 4218 5,

2149 4243 2293 4294 n.l.

2219 4345 2357 4400 CAP.
2415 4344 2626 4400 LXVII.
2659 4374 2728 4384 —
2783 4343 2884 4399 Hic
2942 4343 3193 4398 statuitur
3237 4342 3452 4414 pietatis
3489 4359 3736 4414 pensum,

2147 4433 2293 4504 quod
2322 4448 2424 4502 pro
2449 4426 2619 4487 missa
2647 4431 3118 4504 Quadragesimali
3166 4431 3399 4497 solvant,
3451 4447 3570 4502 quae
3599 4446 3737 4502 quo-

2147 4519 2279 4575 tidie
2307 4519 2363 4572 in
2393 4519 2663 4589 superiori
2693 4519 2856 4574 domo
2887 4518 3314 4574 oonventualiter
3342 4517 3734 4574 celebrabatur.

2219 4607 2369 4662 Idem
2397 4606 2634 4662 refertur
2661 4607 2718 4661 in
2747 4606 2986 4677 antiquis
3016 4606 3231 4662 statutis
3252 4620 3375 4677 cap.
3408 4608 3460 4672 6,
3487 4613 3626 4676 part.
3653 4619 3732 4672 ιιι,

2147 4711 2203 4750 ιι.
2239 4699 2290 4749 1.

2219 4801 2352 4856 CAP.
2384 4800 2624 4855 LXVIII.
2655 4829 2725 4841 —
2755 4800 2962 4855 Domus
3018 4798 3247 4855 inferior
3274 4814 3386 4854 non
3433 4805 3645 4870 poterat
3669 4798 3734 4852 ab

2149 4888 2402 4943 omnibus
2431 4889 2646 4954 deseri;
2681 4887 2914 4942 maxima
2961 4903 3093 4958 ergo
3124 4895 3280 4958 parte
3305 4886 3376 4940 ad
3402 4885 3622 4940 domum
3651 4902 3738 4940 su-

2148 4976 2420 5046 periorem
2448 4975 2798 5040 ascendente,
2859 4974 2952 5046 qui
2991 4975 3139 5030 domi
3182 4973 3540 5029 remanebant
3577 4988 3737 5028 caere-

2149 5064 2389 5118 moniam
2416 5063 2632 5119 lotionis
2661 5064 2862 5134 pedum
2884 5062 3338 5133 exsequebantur,
3362 5075 3525 5132 quam
3538 5068 3734 5114 tantum

2150 5151 2240 5206 hic
2267 5151 2492 5206 innuere
2521 5151 2756 5216 videtur,
2790 5150 2928 5206 adeo
2950 5150 3226 5206 succincte
3255 5150 3324 5204 de
3355 5149 3448 5203 illa
3467 5147 3654 5202 scribit
3668 5148 3729 5202 R.

2143 5239 2202 5292 P.
2237 5238 2438 5310 Guigo,
2472 5239 2617 5309 quod
2649 5247 2702 5292 et
2732 5239 2785 5291 in
2815 5237 3062 5308 pluribus
3091 5237 3214 5292 aliis
3245 5235 3494 5291 similiter
3520 5235 3660 5291 fecit.

2217 5326 2568 5397 Offerturque
2595 5327 2838 5396 singulis
2858 5326 3073 5394 vinum,
3107 5329 3162 5380 et
3180 5325 3426 5380 bibentes
3449 5323 3726 5378 recedunt.

2143 5413 2504 5467 Imitabantur
2532 5413 2589 5466 in
2645 5413 2751 5468 hoc
2781 5413 2941 5467 ritum
2999 5413 3155 5483 quia
3206 5410 3489 5466 monachis
3539 5409 3728 5465 servari

2141 5501 2519 5571 prescribitur
2549 5516 2714 5571 supra
2743 5515 2866 5572 cap.
2903 5501 2952 5568 ι,
2989 5517 3044 5555 ιι.
3079 5503 3167 5557 23.

2212 5589 2362 5643 Idem
2391 5587 2623 5644 refertur
2677 5587 2732 5641 in
2788 5587 3024 5659 antiquis
3079 5585 3288 5642 statutis
3317 5594 3456 5655 part.
3490 5599 3571 5653 ιιι,
3603 5597 3650 5641 c.
3678 5586 3728 5653 7,

2140 5691 2196 5729 n.
2230 5679 2282 5729 3.
3565 5677 3570 5682 '
