3940 6412
121 347 252 402 Ἷ45

1539 359 2152 418 CONSUETUDINES.

3392 375 3498 431 ’746

1417 481 1956 542 CAPITULUM
2005 487 2271 543 LXIX.

1649 582 1726 638 De
1754 586 2085 640 Parasccve.

221 671 246 722 1
269 710 285 723 .
326 669 398 724 In
432 670 693 737 crastino,
727 671 834 727 hoc
865 677 949 726 est
978 670 1032 725 in
1062 671 1385 741 Parasceve,
1421 674 1512 746 qui
1542 675 1764 747 ibidem,
1797 679 1902 736 hoc
1946 689 2028 737 est
2058 682 2305 749 inferius,
2339 691 2480 751 sunt,
2533 691 2655 755 post
2708 701 2928 756 nonam,
2963 704 3084 760 quae
3113 689 3236 761 plus
3292 705 3360 748 ea
3416 693 3506 750 die

139 781 335 836 quam
374 768 602 823 caeteris
631 766 894 833 differtur,
929 768 1152 824 veniunt
1181 770 1248 824 ad
1279 770 1588 842 ecclesiam,
1621 773 1804 846 ibique
1834 779 2008 834 Pater
2053 766 2258 838 noster.
2296 782 2475 837 semel
2523 798 2624 852 pro
2674 783 2944 853 Ecclesia,
2978 786 3150 842 semel
3177 803 3278 858 pro
3337 805 3500 862 papa,

141 877 263 932 pro
301 864 596 935 episcOpis
622 872 675 920 et
719 865 932 921 cunctis
961 865 1137 922 sacris
1175 867 1471 935 ordinibus,
1504 884 1606 939 pro
1636 870 1985 942 imperatore,
2019 892 2118 946 pro
2175 877 2599 947 catechumenis,
2631 895 2733 950 pro
2763 881 2970 937 cunctis
3025 883 3406 941 afﬂictionibus
3452 896 3507 943 et

143 960 465 1030 periculis,
497 979 600 1033 pro
628 963 918 1033 haereticis,
949 979 1050 1035 pro
1077 963 1298 1031 Judzeis,
1331 980 1434 1036 pro
1463 968 1712 1039 paganis,
1746 971 1936 1038 veniis,
1971 974 2210 1046 exceptis
2238 975 2460 1041 Iudaeis,
2493 975 2562 1030 ad
2592 976 2804 1050 singula
2835 979 3151 1049 subjunctis,
3185 982 3393 1039 dicunt.

225 1060 300 1114 2.
347 1058 570 1116 Deinde
599 1059 837 1116 oblatam
867 1076 900 1116 a
930 1061 1251 1133 coquinaria
1280 1076 1495 1118 crucem
1525 1066 1906 1124 venerabiliter
1930 1070 2264 1138 osculantur,
2295 1072 2541 1128 dicentes
2588 1073 2727 1128 intra
2757 1089 2818 1130 se
2851 1092 2864 1129 :
2895 1075 3208 1134 Aderamus
3237 1083 3310 1148 te,
3341 1079 3504 1137 Chri-

143 1157 268 1220 ste,
320 1161 390 1210 et
422 1157 804 1215 benedicimus
830 1158 948 1226 tibi,
982 1160 1114 1231 quia
1140 1176 1244 1232 per
1271 1165 1531 1216 sanctam
1559 1179 1786 1220 crucem
1818 1171 1979 1223 tuam
2011 1168 2301 1225 redemisti
2329 1170 2629 1226 mundum.
2663 1170 2769 1241 Qui
2793 1171 2897 1229 hoc
2927 1188 3037 1228 non
3085 1173 3205 1242 scit,
3257 1175 3388 1232 dicit
3415 1193 3505 1235 se-

140 1250 290 1318 mel,
332 1253 520 1309 Pater
556 1258 769 1312 noster.

1555 1327 1950 1386 CAPITULUM
1985 1329 2156 1385 LXX.

1258 1426 1537 1494 Quomodo
1565 1444 1625 1484 se
1654 1428 1901 1484 habeant
1927 1431 1990 1482 in
2021 1425 2498 1484 solemnitatibus.

234 1513 423 1570 Omni
452 1515 616 1571 totius
645 1516 773 1571 anni
803 1517 890 1573 die
921 1534 1030 1591 quo
1059 1521 1352 1592 capitulum
1410 1532 1644 1592 tenetur,
1678 1525 1770 1596 qui
1827 1541 2044 1580 sursum
2074 1541 2182 1581 non
2239 1527 2557 1596 ascendunt,
2592 1527 2696 1584 nisi
2751 1532 3130 1602 prohibuerint
3158 1537 3500 1609 obedientiae,

150 1611 347 1667 cellas
383 1619 591 1681 tenent,
625 1620 676 1668 et
706 1615 942 1686 spatium
971 1617 1116 1688 quod
1145 1617 1288 1676 inter
1317 1620 1553 1676 Tertiam
1583 1627 1635 1676 et
1666 1621 1883 1676 Sextam
1912 1629 2014 1688 est,
2039 1622 2269 1679 orationi
2310 1623 2648 1694 impendunt.

1539 1745 1937 1800 CAPITULUM
1967 1745 2142 1801 LXXI
2155 1787 2167 1800 .

1434 1841 1577 1909 Quid
1597 1845 1821 1912 faciant
1845 1857 1950 1913 pro
1981 1842 2288 1914 defunctis.
2741 1927 2743 1929 ι

234 1933 355 1988 Pro
386 1940 638 1989 recenter
666 1933 920 1991 defuncto
940 1941 1208 1992 trecentas
1239 1937 1526 1995 Orationes
1555 1939 1868 1995 Dominicas
1897 1938 2118 2008 debent,
2153 1956 2382 2012 quarum
2419 1940 2770 1998 medietatem
2800 1956 2924 1998 cum
2943 1943 3117 2000 veniis
3146 1943 3399 2002 reddunt.
3431 1946 3502 2003 Et

156 2033 219 2088 in
254 2031 504 2104 singulis
533 2033 940 2100 anniversariis,
974 2050 1174 2092 novem
1201 2052 1325 2092 cum
1363 2035 1585 2092 totidem
1616 2035 1810 2093 veniis.

1400 2160 1940 2218 CAPITULUM
1987 2162 2288 2218 LXXII.

847 2303 850 2307 .
1520 2261 1598 2316 De
1627 2275 1835 2315 rasura
1862 2261 2118 2329 fratrum
2131 2300 2144 2313 .

241 2355 266 2405 1
285 2394 298 2405 .
338 2350 575 2420 Quoties
603 2351 874 2419 monachi,
907 2353 1066 2410 toties
1095 2354 1358 2410 raduntur
1390 2361 1442 2409 et
1469 2354 1621 2412 laici.
1661 2354 1769 2410 Sed
1799 2353 1921 2410 laici
1950 2353 2175 2426 insuper
2205 2353 2366 2410 etiam
2395 2352 2576 2424 capita
2623 2353 2822 2410 lavant.
2875 2355 3074 2414 Omnia
3121 2367 3301 2416 autem
3330 2362 3498 2421 obse-

165 2449 325 2520 quia,
365 2449 668 2522 quamlibet
695 2450 926 2522 privata,
960 2468 1081 2524 quas
1110 2452 1213 2508 sibi
1245 2453 1377 2524 ipsis
1407 2452 1608 2525 singuli
1638 2467 1747 2508 non
1773 2459 2065 2508 occurrunt
2094 2458 2186 2506 aut
2215 2467 2324 2506 non
2353 2459 2583 2522 possunt
2611 2450 2811 2522 facere,
2843 2454 2915 2509 ab
2944 2455 3066 2512 aliis
3093 2457 3368 2516 humiliter
3395 2462 3499 2518 de-

162 2555 420 2620 votaque
451 2547 831 2619 complentur;
862 2548 937 2603 ita
965 2557 1022 2604 ut
1046 2548 1262 2606 felicem
1293 2566 1352 2605 se
1380 2557 1530 2621 putet
1559 2550 1645 2605 cui
1673 2548 1778 2604 tale
1807 2548 2101 2621 quidquam
2121 2548 2281 2603 fuerit
2299 2549 2643 2619 imperatum.

239 2649 306 2702 2.
349 2644 657 2701 Obviantes
685 2645 848 2700 etiam
879 2645 983 2701 sibi
1010 2646 1267 2716 invicem,
1298 2647 1473 2704 amica
1492 2647 1769 2703 alacritate
1797 2654 1852 2702 et
1880 2646 2070 2701 humili
2125 2645 2516 2726 supplicatione
2571 2652 2758 2701 mutuo
2805 2643 2986 2702 locum
3037 2645 3248 2718 dantes,
3281 2658 3501 2710 servato

161 2749 566 2812 pertranseunt
593 2742 826 2800 silentio.
857 2743 918 2797 In
947 2758 1054 2814 quo
1076 2743 1338 2813 juniores,
1371 2743 1428 2800 id
1470 2751 1553 2800 est
1599 2744 1691 2816 qui
1721 2743 1993 2815 posterius
2021 2751 2312 2812 venerunt,
2347 2751 2599 2817 satagunt
2626 2741 2928 2815 praevenire
2957 2742 3222 2813 majores.

1385 2868 1923 2925 CAPITULUM
1977 2868 2328 2924 LXXIII.

1495 2965 1571 3020 De
1599 2966 1812 3021 nouitio
1848 2965 2224 3037 suscipiendo.

244 3059 298 3111 1.
333 3056 515 3114 Laicis
546 3055 616 3112 ad
643 3057 1041 3129 professionem
1069 3059 1451 3133 suscipiendis,
1484 3061 1721 3134 idipsum
1748 3078 1890 3134 pene
1918 3061 1977 3117 fit
2005 3063 2153 3134 quod
2180 3070 2234 3118 et
2263 3062 2498 3132 clericis,
2532 3079 2658 3121 nam
2686 3065 2935 3122 similiter
2962 3065 3103 3122 dura
3118 3072 3500 3139 proponuntur

170 3153 254 3209 eis
285 3162 342 3211 et
371 3171 590 3228 aspera.

1567 3231 2145 3288 COMMENTARIUS.

252 3324 394 3380 CAP.
427 3325 625 3380 LXIX.
685 3357 754 3367 —
811 3325 890 3381 Ibi
939 3333 1193 3383 notantur
1264 3329 1518 3400 quaedam
1575 3329 1794 3401 publica
1821 3335 1876 3393 Α
1895 3345 2018 3384 mus
2049 3345 2242 3385 omnes
2271 3329 2327 3384 in
2356 3327 2558 3383 mutuis
2611 3327 2892 3400 obsequiis
2918 3328 3078 3387 nobis
3105 3330 3340 3390 invicem
3370 3333 3498 3392 red-

176 3412 406 3484 pietatis
437 3414 696 3470 exercitia
743 3431 774 3469 a
831 3416 1240 3472 remanentibus
1267 3416 1324 3471 in
1352 3417 1515 3474 domo
1545 3417 1792 3474 inferiori
1895 3418 2108 3473 dendis.

175 3503 520 3576 peragenda,
573 3511 626 3559 et
670 3504 817 3561 idem
872 3504 1110 3561 refertur
1163 3504 1220 3560 in
1267 3506 1502 3578 antiquis
1550 3507 1786 3574 statutis,

178 3598 326 3660 part.
363 3607 450 3660 m,
511 3607 634 3665 cap.
667 3595 720 3660 7,
756 3611 811 3648 n.
847 3595 896 3648 4.
977 3642 980 3646 λ

251 3679 388 3735 CAP.
423 3681 600 3736 LXX.
648 3711 719 3722 —
746 3681 844 3738 Hic
874 3682 995 3738 luce
1044 3680 1251 3738 clarius
1310 3689 1540 3754 apparet
1568 3682 1788 3738 nomine

179 3768 571 3825 solemnitatis
600 3770 751 3840 pium
780 3770 1107 3841 scriptorem
1138 3770 1476 3826 intellexisse
1507 3771 1788 3843 quodlibet

179 3853 380 3913 festum
411 3857 656 3928 capituli.
699 3859 800 3915 Hic
838 3859 998 3915 etiam
1029 3859 1284 3915 statuitur
1312 3859 1542 3931 qualiter
1570 3868 1785 3932 tempus

178 3943 506 4016 impendere
534 3946 734 4004 debent
791 3947 885 4019 qui
912 3947 968 4002 in
998 3947 1164 4004 domo
1194 3947 1434 4004 inferiori
1453 3949 1648 4005 diebus
1676 3948 1788 4006 fes-

184 4032 250 4088 tis
289 4044 596 4092 remanent.

253 4123 407 4180 Idem
435 4123 671 4181 refertur
695 4124 751 4181 in
774 4124 1007 4197 antiquis
1028 4124 1263 4194 statutis,
1287 4132 1428 4198 part.
1459 4140 1541 4195 III,
1572 4140 1694 4198 cap.
1728 4129 1782 4196 8,

183 4215 314 4266 n.I.

251 4300 383 4356 CAP.
421 4302 614 4358 LXXI.
650 4332 719 4344 —
745 4302 805 4358 Id
834 4309 1038 4358 tantum
1067 4301 1368 4358 reddebant
1407 4317 1509 4374 pro
1538 4309 1785 4358 recenter

183 4387 453 4448 defunctis
482 4390 537 4446 in
567 4391 784 4463 propria
816 4391 1002 4458 domo,
1036 4406 1164 4446 nam
1191 4399 1318 4446 tunc
1347 4390 1610 4462 temporis
1639 4390 1783 4445 nulla

185 4475 338 4534 flebat
368 4479 577 4536 mentio
601 4479 993 4537 Beneﬁciorum
1039 4495 1141 4552 pro
1189 4478 1311 4535 aliis
1363 4495 1462 4551 per
1518 4477 1783 4551 suffragia

185 4565 606 4624 reddendorum.

1963 3507 2126 3562 Num.
2157 3509 2212 3563 2.
2249 3505 2546 3562 Obviantes
2591 3509 2789 3562 autem
2816 3506 2926 3562 sibi
2952 3507 3218 3576 invicem,
3251 3516 3356 3566 etc.
3393 3510 3494 3568 Hic

1892 3595 2142 3650 videmus
2171 3610 2335 3666 quam
2365 3594 2604 3650 alienum
2633 3602 2780 3650 esset
2806 3610 2836 3648 a
2866 3594 3060 3666 spiritu
3101 3605 3154 3652 et
3209 3598 3488 3670 praxipri-

1890 3699 2104 3739 morum
2152 3683 2632 3738 Carthusianorum
2664 3682 2758 3737 illa
2787 3683 2967 3738 vultus
3018 3692 3073 3740 et
3113 3693 3366 3757 gestuum
3397 3703 3492 3743 as-

1889 3772 2093 3843 peritas
2123 3788 2247 3844 quas
2276 3772 2521 3842 spiritum
2567 3771 3022 3827 melancholicum
3048 3773 3281 3841 redolet,
3313 3790 3439 3832 cum
3461 3792 3492 3833 e

1890 3869 2082 3918 contra
2112 3861 2318 3918 vultum
2347 3861 2526 3932 potius
2554 3860 2741 3932 gaudii
2780 3868 2833 3914 et
2861 3860 2965 3930 piae
2996 3860 3284 3918 hilaritatis
3324 3863 3496 3920 velint

1888 3966 1918 4004 a
1948 3949 2061 4005 suis
2091 3950 2148 4004 in
2195 3965 2425 4006 occursu
2455 3949 2685 4006 fratrum
2742 3948 2967 4018 assumi,
3001 3957 3056 4005 et
3108 3949 3272 4023 longe
3301 3952 3370 4007 ab
3397 3951 3494 4010 illa

1887 4047 2093 4102 rustica
2119 4046 2487 4101 inurbanitate
2536 4045 2800 4100 distantes
2827 4044 3046 4116 exigant
3111 4047 3384 4103 comitatis
3417 4056 3491 4117 et,

1885 4142 1944 4189 ut
1973 4135 2045 4189 ita
2075 4135 2272 4200 dicam,
2307 4134 2532 4189 urbanae
2576 4133 2850 4189 charitatis
2890 4150 3088 4204 praxes
3118 4151 3148 4189 a
3177 4135 3337 4192 nobis
3364 4152 3491 4194 mo-

1885 4223 2037 4278 deste
2108 4223 2340 4279 servari.
2400 4222 2540 4277 Male
2597 4237 2732 4293 ergo
2770 4222 3078 4296 intelligunt
3147 4231 3363 4291 statuta,
3397 4225 3492 4298 qui

1886 4311 2110 4366 verbum
2149 4315 2365 4366 sancta:
2393 4311 2747 4366 rusticitatis
2775 4309 2854 4366 ibi
2901 4310 3262 4380 reperientes,
3296 4319 3489 4384 putant

1884 4399 2063 4454 omnia
2093 4414 2127 4454 a
2154 4398 2312 4455 nobis
2342 4414 2466 4453 cum
2493 4397 2770 4468 incompta
2813 4397 3112 4454 rusticitate
3153 4415 3277 4456 esse
3306 4416 3484 4473 agen-

1885 4488 1976 4543 da.
2006 4489 2130 4542 Non
2159 4486 2256 4552 sic,
2291 4485 2451 4541 amici
2482 4494 2535 4540 et
2565 4485 2757 4541 fratres
2787 4485 2842 4540 in
2873 4485 3090 4542 Christo
3119 4485 3486 4560 dilectissimi,

1882 4591 1991 4631 non
2033 4576 2112 4631 sic
2142 4575 2408 4629 rusticitas
2437 4574 2506 4628 ita
2552 4573 2909 4647 intelligenda
2936 4581 3036 4640 est,
3071 4574 3169 4631 sed
3198 4591 3300 4646 per
3356 4591 3487 4633 san-

261 4657 560 4714 Veniarum
588 4657 808 4713 nomine
834 4657 1191 4730 intelligimus
1219 4656 1363 4729 piam
1393 4656 1779 4712 caeremoniam
1799 4682 1852 4744 Β
1881 4671 2026 4720 ctam
2053 4663 2409 4719 rusticitatem
2439 4662 2745 4735 intelligere
2771 4661 3035 4718 debemus
3065 4663 3258 4719 modos
3281 4665 3486 4736 agendi

186 4758 288 4813 qua
316 4761 499 4817 genua
529 4745 811 4813 flectimus,
845 4753 899 4802 et
950 4761 1234 4801 scamnum
1261 4752 1352 4800 aut
1383 4752 1583 4800 terram
1611 4759 1778 4800 oscu-

185 4829 368 4890 lamur.
395 4835 549 4890 Idem
577 4833 807 4890 refertur
844 4835 900 4889 in
947 4834 1190 4906 antiquis
1246 4834 1477 4902 statutis,
1519 4840 1659 4905 part.
1693 4849 1774 4902 III,

186 4935 302 4991 cap.
333 4927 384 4990 9,
419 4940 475 4978 n.
514 4928 562 4978 1.

255 5009 383 5068 CAP.
416 5013 638 5068 LXXII.
670 5042 740 5052 —
765 5013 930 5068 Num.
964 5016 1015 5066 1.
1053 5012 1160 5070 Sed
1189 5013 1424 5084 insuper
1471 5011 1646 5066 etiam
1677 5027 1776 5066 ca-

1881 4751 2179 4824 simplices,
2215 4751 2458 4807 sinceros
2505 4757 2559 4806 et
2613 4750 2904 4822 ingenuos,
2937 4750 3030 4821 qui
3058 4765 3160 4806 nos
3218 4768 3249 4806 a
3295 4753 3487 4810 mundi

1881 4841 2070 4912 spiritu
2093 4849 2145 4896 et
2163 4839 2487 4896 vanitatibus
2507 4839 2673 4912 longe
2701 4838 2903 4894 distare
2923 4846 3206 4907 testentur,
3231 4855 3484 4914 quosque

1879 4929 1934 4984 in
1964 4929 2216 4986 omnibus
2247 4944 2465 4985 servare
2513 4928 2797 4983 debemus.

1949 5015 2100 5070 Idem
2129 5013 2364 5069 refertur
2394 5013 2448 5066 in
2479 5011 2716 5083 antiquis
2770 5010 3004 5078 statutis,
3038 5027 3098 5066 ιιι
3127 5019 3298 5084 parte,
3351 5027 3474 5087 cap.

189 5087 306 5166 pita
345 5103 559 5157 lavant.
597 5100 850 5157 Omnium
895 5116 1042 5156 nunc
1089 5100 1266 5172 capita
1320 5099 1570 5155 lavantur
1600 5106 1654 5154 et
1684 5113 1776 5154 ια·
1873 5105 1966 5168 21,
1999 5119 2148 5158 ιιιιιιι.
2186 5106 2209 5156 1
2248 5109 2301 5157 et
2328 5103 2380 5169 4,
2412 5117 2534 5172 cap.
2568 5104 2620 5166 3,
2653 5116 2804 5156 num.
2849 5104 2904 5158 2.

193 5184 398 5244 duntur.
432 5189 652 5245 Nullam
708 5198 886 5244 autem
940 5189 1272 5244 mentionem
1330 5187 1461 5244 facit
1491 5187 1560 5243 de
1591 5187 1780 5242 barbis

193 5287 574 5334 conversorum
601 5277 963 5348 longioribus,
999 5277 1123 5349 quia
1152 5285 1281 5332 tunc
1310 5275 1426 5332 fere
1447 5276 1654 5331 similes
1685 5276 1780 5330 ha-

194 5359 382 5422 bebant
409 5366 680 5436 monachi,
714 5381 838 5422 cum
868 5366 1048 5422 sexies
1070 5373 1277 5421 tantum
1333 5365 1390 5420 in
1444 5381 1589 5420 anno
1617 5363 1778 5419 rade-

193 5460 386 5510 rentur.
419 5455 755 5526 Praecipuam
782 5455 1048 5512 rationem
1068 5454 1225 5511 istius
1250 5454 1563 5510 mutationis
1592 5452 1776 5525 assig-

196 5539 430 5599 navimus
458 5559 645 5616 supra,
673 5559 797 5616 cap.
829 5547 883 5598 9.

259 5629 389 5689 Ibid.
424 5635 630 5692 Omnia
659 5637 855 5691 autem
909 5633 1186 5706 obsequia,
1218 5639 1324 5690 etc.
1358 5632 1457 5689 Hic
1511 5631 1774 5688 habemus

1947 5192 2081 5248 CAP.
2115 5192 2355 5246 LXXIII.
2379 5220 2449 5230 —
2467 5190 2632 5244 Num.
2660 5193 2710 5244 1.
2736 5189 2918 5245 Laicis
2938 5189 3010 5246 ad
3031 5192 3477 5261 conversionem,

1879 5289 1985 5336 etc.
2021 5281 2151 5336 Inde
2182 5287 2343 5334 natus
2371 5286 2453 5334 est
2481 5294 2614 5334 usus
2651 5277 2709 5332 in
2738 5277 2926 5333 ordine
2977 5279 3210 5335 vocandi
3243 5295 3482 5337 conver.

1879 5380 1972 5420 sos
2002 5364 2123 5419 illos
2151 5363 2349 5419 fratres
2380 5362 2472 5434 qui
2503 5363 2575 5418 ad
2602 5361 2918 5418 clericatum
2943 5376 3053 5419 non
3083 5371 3209 5418 sunt
3248 5363 3360 5436 apti
3384 5371 3477 5419 aut

1880 5453 2149 5524 dispositi.

1950 5541 2093 5595 Ibid.
2129 5540 2380 5612 Idipsum
2402 5552 2542 5611 pene
2567 5538 2638 5608 ﬁt
2665 5538 2809 5611 quod
2824 5542 2881 5594 et
2901 5536 3144 5595 clericis.
3176 5539 3281 5595 Per
3308 5538 3477 5595 cleri-

1878 5644 1974 5685 cos
2003 5629 2069 5685 R.
2085 5629 2144 5683 P.
2170 5627 2351 5698 Guigo
2376 5626 2627 5699 intelligit
2654 5627 2973 5683 monachos.
2996 5626 3152 5682 Unde
3166 5634 3312 5698 patet
3330 5626 3478 5697 quod

198 5712 414 5780 formam
442 5721 759 5778 humilitatis
796 5729 851 5780 et
885 5720 1156 5779 charitatis
1195 5734 1361 5793 quam
1415 5718 1573 5792 sequi
1599 5718 1773 5776 debe-
1874 5724 2004 5773 tunc
2050 5716 2234 5787 (prout
2287 5714 2578 5771 etiamnum
2611 5714 2882 5785 servatur)
2910 5713 3116 5770 nullum
3171 5713 3478 5785 reciperent

389 5820 632 5877 ΡΑτιιοι..
665 5817 844 5876 CLIII.

3189 5811 3258 5868 24
