3940 6412
493 372 601 427 ’747
1315 363 1656 423 GUIGONIS
1699 365 1721 418 l
1765 358 2155 419 CARTHUSM

2241 355 2512 412 morus
2562 353 2836 411 PRIORIS
2884 353 2951 423 v._
3694 353 3815 405 748

562 499 617 552 2.
649 492 917 549 Jubentur
944 489 1103 546 etiam
1129 489 1417 545 adversum
1448 505 1507 544 se
1531 487 1857 543 habentibus
1903 482 2107 556 aliquid
2136 478 2498 545 reconciliari,
2528 486 2581 533 et
2611 478 2667 532 in
2699 484 2903 549 quanta
2929 475 3101 547 priori
3146 473 3427 545 placuerit,
3460 489 3572 529 non
3602 473 3809 528 minus

494 598 676 646 tamen
706 604 865 661 quam
897 602 1095 652 annua,
1125 584 1482 641 admittuntur
1510 584 1847 656 probatione,
1870 589 1923 637 et
1951 581 2020 635 ad
2047 595 2237 635 eorum
2264 578 2404 632 inter
2431 590 2567 647 quos
2591 574 2898 630 conversati
2918 580 3063 640 sunt,
3085 572 3341 628 laicorum
3367 570 3592 638 scilicet,
3624 570 3812 625 susci-

493 688 715 760 piuntur
743 684 1132 744 testimonium.
1165 682 1303 738 sicut
1333 681 1517 738 clerici
1547 682 1619 737 ad
1648 679 2031 745 testimonium,
2063 676 2470 732 monachorum.

562 787 616 837 3.
647 781 727 836 Ea
754 788 933 835 autem
962 779 1051 835 die
1082 795 1188 850 qua
1216 794 1399 834 eorum
1429 776 1822 848 professionem
1854 774 2096 831 facturus
2126 780 2206 827 est
2236 770 2450 842 aliquis,
2482 772 2552 825 ad
2580 769 2874 842 capitulum
2902 768 3218 840 perducitur
3247 769 3668 836 monachorum,
3703 766 3807 821 ubi

491 880 562 935 de
591 877 876 933 stabilitate
907 883 961 931 et
987 874 1299 931 obedientia
1327 875 1650 945 caaterisque
1680 871 2007 929 necessariis
2036 870 2294 936 audiens,
2327 884 2451 924 cum
2505 868 2800 923 immobilis
2849 866 3356 938 imperterritusque
3402 864 3802 937 permanserit,

491 981 649 1048 rogat
678 973 914 1045 aliquem
944 987 1039 1027 ore
1068 971 1308 1043 proprio,
1341 979 1399 1025 ut
1429 986 1580 1025 suam
1611 968 1716 1025 sibi
1747 969 1946 1025 scribat
1973 966 2393 1039 professionem,
2426 967 2482 1021 in
2510 968 2663 1037 cujus
2694 965 2801 1021 fine
2842 966 3088 1037 ipsemet'
3117 980 3283 1020 manu
3315 963 3537 1035 prOpria
3568 963 3807 1033 signum

491 1072 672 1130 crucis
699 1069 965 1143 depingit.
997 1067 1173 1138 Quam
1201 1067 1360 1122 etiam
1389 1081 1552 1122 manu
1580 1074 1823 1138 gestans,
1856 1072 1981 1136 post
2008 1064 2349 1137 evangelium
2380 1073 2433 1120 et
2462 1064 2795 1121 offerendam
2817 1065 2888 1119 ad
2908 1080 3081 1120 cornu
3107 1063 3360 1119 dextrum
3387 1061 3811 1135 appropinquat

492 1167 702 1237 altaris,
736 1181 987 1239 eamque,
1020 1165 1159 1221 sicut
1186 1171 1269 1220 est
1296 1162 1353 1218 in
1381 1163 1497 1232 ejus
1523 1163 1765 1230 dextera,
1800 1161 2078 1227 diaconus,
2108 1161 2317 1217 cunctis
2347 1162 2713 1230 audientibus,
2744 1161 2877 1235 legit
2903 1162 2979 1217 ita
3008 1161 3218 1218 dicens.

1810 1286 2208 1342 CAPITULUM
2262 1285 2505 1341 LXXIV.

1941 1383 2220 1453 Professio
2269 1383 2422 1438 laici.

566 1478 619 1536 1.
650 1481 757 1555 Ego
787 1484 972 1554 frater
993 1480 1101 1547 ille,
1133 1484 1401 1556 promitto
1431 1481 1807 1541 obedientiam
1836 1485 1893 1537 et
1920 1480 2341 1536 conversionem
2370 1496 2593 1536 morum
2622 1494 2906 1546 meorum,
2939 1482 2995 1534 et
3024 1476 3505 1550 perseverantiam
3534 1474 3811 1529 omnibus

495 1577 689 1635 diebus
716 1579 848 1635 vitae
876 1596 1035 1648 mele,
1067 1580 1129 1634 in
1160 1579 1263 1635 hac
1297 1596 1502 1646 eremo,
1533 1594 1721 1635 coram
1758 1578 1867 1634 Deo
1912 1580 1968 1633 et
1997 1578 2211 1632 sanctis
2242 1578 2363 1647 ejus
2385 1580 2442 1631 et
2469 1577 2726 1648 reliquiis
2762 1576 2933 1631 istius
2960 1576 3136 1631 eremi
3165 1589 3289 1645 qua:
3325 1573 3662 1627 constructa
3716 1572 3808 1623 est

497 1675 571 1731 ad
608 1674 875 1732 honorem
903 1677 1004 1733 Dei
1034 1679 1089 1732 et
1118 1676 1295 1731 beata:
1323 1692 1544 1747 semper
1571 1675 1809 1745 virginis
1842 1674 2044 1739 Mariae,
2079 1677 2133 1729 et
2163 1673 2350 1728 sancti
2386 1672 2619 1728 Joannis
2648 1673 2939 1743 Baptistae.
2972 1687 3072 1743 pro
3104 1671 3305 1724 timore
3335 1667 3563 1723 Domini
3608 1666 3808 1721 nostri

498 1773 632 1829 Jesu
662 1769 871 1827 Christi
911 1776 967 1827 et
997 1773 1238 1828 remedio
1285 1775 1494 1828 animle
1521 1789 1677 1838 meae,
1711 1773 1774 1826 in
1817 1772 2126 1838 praesentia
2172 1769 2405 1834 domini,
2440 1768 2616 1836 illius,
2646 1772 2874 1841 prioris.
2911 1768 3063 1836 Quod
3103 1770 3152 1824 si
3181 1768 3367 1840 aliquo
3400 1769 3654 1837 tempore
3685 1779 3808 1818 un-

497 1883 668 1942 quam
698 1868 832 1925 hinc
860 1872 1131 1940 aufugere
1162 1870 1248 1924 vel
1279 1872 1430 1925 abire
1467 1873 1776 1935 tentavero,
1813 1870 1980 1924 liceat
2012 1867 2187 1923 servis
2217 1866 2317 1921 Dei
2346 1866 2442 1937 qui
2463 1866 2553 1921 hic
2581 1867 2805 1936 fuerint
2835 1881 2924 1921 me
2954 1866 3126 1937 plena
3154 1864 3246 1920 sui
3264 1864 3419 1934 juris
3450 1861 3807 1916 auctoritate

502 1966 809 2037 requirere,
840 1970 895 2021 et
924 1970 1114 2022 coacte
1144 1982 1211 2022 ac
1241 1967 1515 2022 violenter
1541 1967 1604 2020 in
1633 1981 1801 2021 suum
1846 1965 2146 2020 servitium
2184 1976 2465 2018 revocare.
3020 2044 3027 2049 θ

571 2065 625 2118 2.
659 2061 787 2118 Post
817 2062 935 2117 haec
961 2063 1101 2117 hanc
1129 2062 1300 2134 ipsam
1331 2063 1572 2118 chartam
1600 2060 1755 2117 oﬂ'ert
1804 2077 1967 2132 super
1995 2060 2180 2127 altare,
2241 2067 2295 2115 et
2348 2056 2591 2112 osculato
2622 2054 2778 2110 altari
2823 2054 3136 2111 incurvatur
3173 2054 3243 2110 ad
3271 2054 3443 2126 pedes
3471 2051 3803 2117 sacerdotis,

502 2156 598 2214 tali
626 2159 1004 2216 obsecratione
1033 2160 1443 2216 benedicendus
1476 2176 1491 2213 :
1521 2160 1749 2215 Salvum
1777 2161 1890 2229 fac,
1918 2159 2073 2213 Mitte
2102 2160 2172 2227 ei,
2206 2159 2338 2213 Esto
2367 2156 2438 2222 ei,
2477 2154 2747 2211 Dominus
2777 2152 3077 2223 vobiscum,
3111 2153 3364 2220 Oremus,
3397 2154 3633 2209 Domine
3667 2154 3807 2209 Iesu

506 2253 748 2325 Christe,
780 2257 879 2329 qui
902 2272 964 2313 es
1002 2257 1113 2313 via.
1144 2255 1384 2328 Require
1428 2254 1696 2326 superius.

1821 2352 2021 2407 CAPIT
2026 2352 2216 2409 ULUM
2286 2350 2510 2408 LXXV.

1393 2449 1668 2518 Quomodo
1696 2466 1756 2505 se
1786 2449 1988 2505 habeat
2015 2453 2201 2521 frater
2226 2454 2524 2523 postquam
2552 2450 2847 2520 susceptus
2876 2450 2982 2503 est.

576 2543 659 2599 Ab
685 2544 789 2600 hoc
816 2550 1057 2615 tempore
1102 2544 1315 2601 noverit
1344 2544 1441 2618 [al.
1466 2545 1635 2618 novit]
1666 2561 1725 2601 se
1756 2545 1890 2600 nihil
1917 2547 2159 2613 omnino,
2191 2563 2373 2616 neque
2402 2546 2657 2603 baculum
2688 2545 2905 2618 quidem
2936 2560 3045 2616 quo
3068 2560 3170 2616 per
3196 2544 3341 2602 viam
3370 2546 3624 2619 gradiens
3652 2546 3806 2603 inni-

502 2639 649 2707 titur,
683 2641 801 2697 sine
829 2640 1023 2712 prioris
1062 2642 1260 2697 habere
1290 2642 1546 2710 licentia;
1577 2644 1777 2715 quippe
1805 2659 1925 2699 cum
1956 2659 2058 2699 nec
2088 2643 2318 2714 ipsemet
2346 2660 2476 2699 suus
2506 2644 2592 2698 sit.
2626 2645 2775 2716 Erga
2813 2658 2976 2714 quem
3003 2642 3241 2714 idipsum
3271 2645 3415 2716 quod
3446 2645 3702 2716 superius
3731 2645 3804 2701 de

503 2739 770 2794 monacho
798 2737 1051 2806 diximus,
1085 2739 1408 2809 servabitur,
1448 2748 1507 2795 ut
1535 2740 1743 2796 scilicet
1780 2755 1878 2811 pro
1906 2756 1971 2796 eo
2000 2741 2133 2796 nihil
2163 2740 2342 2797 minus
2374 2741 2483 2809 fiat,
2518 2741 2564 2796 si
2594 2741 2733 2796 intra
2764 2740 3174 2796 examinationis
3204 2748 3419 2814 tempus
3449 2741 3809 2814 acceptabili-

505 2841 588 2890 ter
616 2850 791 2909 agens
818 2844 1064 2893 mortuus
1094 2835 1276 2903 fuerit,
1311 2853 1475 2909 quam
1508 2837 1554 2892 si
1581 2836 1867 2909 professus
1897 2845 2064 2893 esset.

1882 2961 2458 3019 COMMENTARIUS.

510 3054 581 3109 ad
610 3062 811 3110 statum
846 3056 1241 3111 monachorum
1271 3056 1364 3128 qui
1392 3057 1459 3112 ad
1499 3057 1818 3114 clericatum
1847 3074 1960 3114 non
2010 3076 2104 3115 es-
2124 3063 2179 3122 Α
2205 3058 2565 3115 communiter
2582 3058 2861 3131 assignate
2889 3057 2958 3113 sit
2988 3056 3133 3129 apud
3185 3072 3288 3114 nos
3341 3057 3426 3114 his
3473 3059 3808 3131 temporibus

514 3149 597 3196 set
623 3141 873 3197 idoneus.
907 3142 1038 3198 Inde
1066 3151 1192 3199 nata
1218 3152 1299 3199 est
1316 3153 1471 3200 vetus
1502 3145 1593 3200 illa
1612 3146 1969 3219 interrogatio
1992 3163 2112 3219 quae
2211 3155 2504 3219 antequam
2532 3147 2697 3202 frater
2724 3146 2899 3202 laicus
2927 3145 2997 3201 ad
3026 3152 3222 3201 statum
3279 3162 3671 3204 conversorum
3701 3148 3807 3203 ad-

512 3226 572 3282 iit
601 3228 804 3285 novitio
833 3229 890 3284 in
935 3231 1127 3285 ordine
1158 3240 1449 3303 antequam
1478 3233 1785 3289 admittatur
1815 3252 1829 3288 :
1863 3234 1950 3290 An
1978 3250 2111 3306 pos-
2212 3236 2475 3291 mittatur.
3370 3241 3376 3247 ’

513 3318 591 3373 sis
654 3317 727 3372 ad
774 3333 963 3375 sacros
1017 3318 1241 3375 ordines
1271 3320 1574 3377 ascendere
1602 3326 1624 3377 ?
1669 3322 1873 3378 Sensus
1905 3330 2007 3389 est,
2042 3338 2113 3377 an
2283 3325 2445 3379 Num.
2477 3327 2528 3379 3.
2576 3326 2751 3396 Rogat
2803 3324 3051 3396 aliquem
3078 3339 3171 3379 ore
3215 3326 3461 3396 proprio,
3494 3332 3600 3380 etc.
3634 3324 3697 3380 Id
3734 3324 3807 3379 ita

516 3403 739 3475 aliquod
785 3405 1227 3477 impedimentum
1278 3408 1395 3464 sive
1451 3409 1751 3480 corporale,
1784 3410 1901 3466 sive
1946 3411 2113 3481 spiri-

515 3492 679 3559 tuale,
713 3494 937 3563 habeas,
971 3510 1080 3566 quo
1107 3511 1138 3549 a
1165 3496 1335 3552 sacris
1380 3497 1662 3552 ordinibus
1687 3498 1948 3555 arcearis.
1984 3498 2114 3553 Om-

516 3596 617 3636 nes
654 3597 806 3654 ergo,
840 3582 906 3638 R.
940 3583 1111 3638 Patris
1150 3584 1417 3657 Guigonis
1448 3593 1715 3656 tempore,
1763 3593 2015 3657 poterant
2044 3587 2114 3642 ad

520 3669 883 3725 sacerdotium
911 3672 1248 3742 promoveri.
1283 3673 1393 3728 Sed
1424 3673 1670 3745 quamvis
1713 3674 1902 3744 plures
1929 3690 2114 3730 sacer-

524 3757 683 3812 dotes
738 3766 922 3813 essent
968 3758 1024 3812 in
1072 3760 1424 3826 monasterio,
1456 3768 1668 3816 certum
1699 3769 1783 3816 est
1829 3763 1977 3833 quod
2007 3777 2116 3818 non

524 3860 717 3900 omnes
746 3853 872 3901 tunc
902 3847 1264 3913 celebrarent,
1297 3863 1364 3903 eo
1393 3848 1558 3905 modo
1601 3857 1653 3905 et
1690 3854 1937 3921 tempore
1966 3851 2116 3907 cele-

526 3933 682 3987 brare
711 3934 966 3999 contenti,
999 3950 1120 4006 quae
1168 3935 1224 3989 in
1258 3936 1447 4007 primis
1484 3936 1710 3993 istarum
1767 3939 2119 3996 consuetudi-

525 4036 655 4075 num
694 4020 945 4091 capitulis
992 4022 1383 4092 exprimuntur.

600 4108 742 4164 Ibid.
782 4110 927 4165 Nam
943 4112 1213 4167 similiter
1234 4113 1377 4169 dura
1406 4119 1827 4186 proponuntur,
1852 4123 1957 4172 etc.
1987 4116 2122 4172 Pro-

531 4197 678 4253 batio
735 4212 1123 4254 conversorum
1177 4216 1288 4256 non
1333 4202 1510 4257 minus
1556 4219 1751 4260 severa
1793 4204 1957 4259 debet
1999 4220 2123 4261 esse

532 4302 692 4356 quam
733 4288 1146 4355 monachorum,
1176 4289 1303 4362 quia
1355 4292 1608 4346 conversi
1636 4292 1741 4346 nisi
1782 4292 1928 4347 bona
1955 4308 2121 4349 voca-

2214 3411 2487 3478 statuitur,
2520 3411 2645 3483 quia
2672 3412 2908 3466 maxima
2934 3426 3064 3482 pars
3094 3428 3481 3468 conversorum
3510 3412 3809 3469 Carthusim

2214 3508 2326 3555 erat
2356 3516 2422 3555 ex
2451 3507 2593 3554 statu
2623 3500 2940 3555 mechanico
2968 3507 3059 3554 aut
3088 3501 3291 3556 rustico
3313 3500 3541 3556 oriunda
3574 3519 3589 3556 :
3620 3517 3809 3573 quam-

2215 3589 2299 3644 vis
2341 3596 2530 3660 postea
2577 3587 2680 3642 viri
2727 3587 2889 3644 valde
2932 3587 3144 3643 nobiles
3182 3596 3381 3644 statum
3430 3588 3582 3645 illum
3609 3605 3675 3645 ex
3713 3590 3811 3644 hu-

2214 3677 2440 3731 militate
2485 3684 2537 3731 et
2591 3676 2879 3731 devotione
2924 3676 3158 3747 amplexi
3215 3676 3357 3745 sint,
3417 3677 3510 3749 qui
3563 3677 3808 3734 ordinem

2216 3780 2418 3836 magno
2446 3764 2704 3820 virtutum
2735 3764 3025 3835 splendore
3055 3765 3469 3822 decoraverunt.

2288 3855 2440 3907 Idem
2489 3852 2783 3924 capitulum
2807 3850 3040 3909 refertur
3094 3853 3150 3908 in
3207 3853 3442 3926 antiquis
3498 3853 3725 3923 statutis,
3751 3869 3811 3911 ιιι

2217 3949 2395 4013 parte,
2429 3956 2550 4012 cap.
2582 3943 2672 4008 2i,
2705 3958 2760 3995 ιι.
2814 3944 2865 3997 1.

2291 4030 2424 4084 CAP.
2458 4028 2701 4084 LXXIV.
2732 4060 2802 4069 —
2829 4030 2993 4084 Num.
3027 4032 3078 4085 1.
3111 4030 3181 4085 Et
3206 4032 3705 4103 perseverantiam.
3748 4032 3807 4086 Id

2221 4116 2509 4188 aequivalet
2546 4117 2714 4172 verbo
2742 4118 3094 4187 stabilitatis,
3127 4118 3275 4190 quod
3320 4118 3598 4190 proferunt
3623 4135 3810 4175 mona-

2222 4205 2310 4261 chi
2342 4204 2398 4259 in
2447 4220 2548 4260 sua
2602 4204 2965 4275 professione,
2998 4206 3109 4262 imo
3136 4206 3321 4278 aliquo
3351 4207 3516 4263 modo
3572 4216 3805 4279 superat,

2224 4294 2403 4364 quoad
2431 4293 2845 4364 exprimendam
2883 4293 3229 4350 stabilitatem
3266 4295 3521 4351 manendi
3539 4295 3594 4349 in
3624 4296 3810 4352 eodem

531 4375 695 4440 tione,
727 4374 781 4430 id
813 4383 896 4430 est
924 4376 1155 4444 caelesti,
1186 4386 1278 4433 aut
1296 4386 1479 4449 putata
1508 4379 1621 4445 tali,
1642 4380 1711 4435 ad
1733 4381 2120 4436 monasterium
2148 4410 2203 4470 Β
2222 4381 2364 4438 loco.

532 4462 734 4518 fuerint
763 4463 1002 4531 adducti,
1036 4472 1088 4520 et
1133 4465 1239 4520 nisi
1284 4467 1501 4523 intenso
1528 4468 1705 4524 studio
1735 4484 1847 4524 suae
1875 4469 2123 4525 vocatio-

532 4551 618 4606 nis
647 4550 836 4607 ofﬁciis
865 4553 1230 4624 adimplendis
1261 4562 1482 4611 strenue
1540 4563 1752 4623 vacent,
1785 4572 1884 4627 per
1910 4557 2130 4613 exerci-

534 4639 607 4694 tia
636 4647 857 4696 externa
899 4642 1098 4713 quibus
1147 4642 1405 4698 destinati
1460 4652 1610 4713 sunt,
1644 4643 1858 4700 facilius
1886 4645 1944 4699 in
1971 4645 2129 4701 dissi-

535 4728 831 4798 pationem,
864 4730 1063 4785 deinde
1101 4729 1158 4784 in
1214 4730 1608 4787 relaxationem
1667 4732 2021 4802 habitualem,
2081 4741 2132 4789 et

534 4817 882 4886 postmodum
913 4817 968 4872 in
999 4818 1175 4874 varias
1213 4819 1479 4888 peccandi
1526 4821 1847 4877 occasiones
1876 4821 2131 4877 decidere

535 4912 785 4974 possunt,
819 4906 965 4976 quod
1012 4906 1293 4961 monachis
1320 4907 1377 4961 in
1406 4907 1647 4965 claustro
1676 4925 1898 4981 semper
1917 4909 2130 4982 degen-

536 4991 680 5047 tibus
708 5008 819 5048 non
864 5001 974 5048 tam
1028 4993 1187 5050 facile
1228 4995 1445 5051 evenire
1470 5004 1667 5067 potest.

606 5081 771 5135 Num.
812 5084 865 5137 2.
897 5082 967 5136 Et
994 5084 1058 5137 in
1087 5087 1304 5155 quanta
1332 5086 1511 5155 priori
1527 5086 1829 5157 placuerit,
1853 5102 1988 5154 non,
2024 5094 2128 5143 etc.

540 5167 600 5222 In
620 5167 816 5238 prioris
844 5185 979 5243 ergo
1011 5178 1136 5226 tunc
1165 5180 1282 5226 erat
1312 5172 1538 5228 arbitrio
1567 5181 1779 5243 tempus
1799 5174 2133 5243 probationis

541 5255 682 5311 ultra
731 5273 935 5313 annum
981 5266 1035 5314 et
1085 5268 1340 5331 quantum
1398 5260 1564 5315 vellet
1591 5276 1931 5333 prorogare;
1980 5270 2032 5317 et
2064 5262 2131 5318 de

538 5344 849 5401 testimonio
874 5362 904 5400 a
932 5346 1085 5401 laicis
1115 5355 1316 5401 tantum
1351 5346 1683 5418 recipiendo,
1717 5364 1827 5404 non
1855 5348 1924 5405 de
1945 5349 2133 5406 suffra-

539 5431 633 5504 gio
663 5433 972 5489 necessario
994 5433 1322 5504 requirendo
1351 5441 1481 5488 tunc
1527 5435 1808 5507 agebatur,
1841 5436 1910 5492 de
1941 5453 2045 5509 qua
2074 5454 2131 5493 re

532 5519 645 5587 jam
673 5521 920 5591 quaedam
950 5520 1184 5575 diximus
1213 5535 1262 5576 c.
1297 5523 1384 5575 37.
1418 5521 1551 5577 Inde
1569 5538 1679 5579 non
1710 5532 1792 5579 est
1821 5525 2132 5580 mirandum

538 5607 585 5661 si
616 5607 775 5663 bonis
802 5608 871 5664 de
886 5607 1068 5664 causis
1097 5615 1152 5664 et
1180 5623 1247 5663 ex
1268 5607 1570 5666 rationibus
1591 5612 2127 5685 experimentalibus,

538 5694 789 5765 probatio
859 5696 1098 5768 quinque
1151 5711 1418 5754 annorum
1473 5698 1531 5754 in
1615 5708 1756 5756 statu
1807 5701 2130 5757 donatorum

2299 4469 2432 4525 Ibid.
2469 4470 2619 4538 Quod
2648 4470 2699 4525 si
2725 4472 2912 4543 aliqua
2946 4474 3211 4541 tempore,
3242 4478 3347 4529 etc.
3377 4471 3489 4528 Ista
3507 4471 3809 4543 expressio-

2229 4558 2314 4613 nis
2356 4558 2601 4614 extensio
2652 4557 2836 4628 ﬁebat,
2891 4565 2950 4613 ut
2980 4559 3369 4630 obligationem
3413 4560 3715 4616 stabilitatis
3742 4561 3807 4617 ab

2230 4647 2309 4702 eis
2353 4647 2636 4703 servandae
2675 4647 2891 4718 plenius
2954 4647 3336 4721 intelligerent,
3374 4656 3425 4704 et
3454 4665 3521 4704 ex
3550 4665 3809 4705 consensu

2230 4750 2493 4805 expresso
2522 4734 2576 4789 in
2605 4734 2751 4789 illam
2793 4734 3179 4801 conditionem,
3211 4751 3321 4808 qua
3346 4737 3556 4809 possint
3584 4753 3681 4808 per
3705 4737 3805 4794 vim

2229 4823 2297 4877 ad
2329 4823 2606 4879 servitium
2638 4823 2833 4879 domus
2861 4824 3067 4891 reduci,
3094 4824 3300 4880 scirent
3328 4841 3388 4881 se
3418 4825 3475 4880 in
3505 4826 3808 4882 servitutem

2230 4911 2331 4965 Dei
2364 4918 2415 4966 et
2445 4911 2655 4967 ordinis
2684 4928 2783 4983 per
2810 4919 2996 4968 votum
3052 4929 3374 4984 expressum
3427 4914 3729 4982 devenisse,
3756 4923 3805 4970 et

2232 4998 2598 5055 conditionem
2653 5015 2938 5057 servorum
2990 5016 3092 5071 pro
3128 5001 3228 5056 Dei
3275 5017 3464 5057 amore
3519 5001 3806 5058 voluntarie

2231 5087 2622 5158 assumpsisse.
2662 5088 2749 5142 Ex
2780 5104 2890 5159 qua
2932 5088 3243 5145 conditione
3283 5090 3496 5145 videtur
3540 5091 3682 5162 quod
3706 5106 3807 5165 non

2231 5174 2338 5229 sint
2395 5176 2779 5246 comprehensi
2831 5176 2934 5231 sub
2991 5177 3299 5233 conditione
3336 5176 3698 5251 fugitivorum,
3744 5178 3807 5233 de

2231 5263 2426 5335 quibus
2455 5263 2702 5334 inferius,
2728 5279 2851 5335 cap.
2882 5267 2972 5319 7'1.

2303 5352 2449 5407 Idem
2483 5350 2721 5408 refertur
2757 5367 2818 5407 ιιι
2868 5360 3026 5425 parte
3080 5353 3428 5426 antiquorum
3481 5363 3801 5424 statutorum,

2231 5454 2351 5511 cap.
2383 5442 2472 5507 2L,
2508 5457 2659 5496 num.
2703 5442 2756 5496 5.

2302 5528 2433 5583 CAP.
2469 5528 2686 5584 LXXV.
2719 5560 2789 5569 —
2817 5530 2895 5585 Ne
2954 5531 3219 5589 baculum
3275 5533 3523 5605 quidem,
3553 5540 3655 5590 etc.
3685 5534 3807 5592 Sine

2229 5616 2437 5687 prioris
2452 5616 2653 5673 habere
2673 5617 2929 5687 licentia,
2946 5626 3054 5676 atc.
3076 5619 3318 5676 Insinnat
3344 5621 3555 5678 noviter
3571 5620 3809 5693 professis

2229 5704 2296 5760 Β.
2327 5704 2488 5760 Pater
2527 5702 2710 5778 Guigo
2767 5705 2943 5778 qualis
2985 5706 3185 5764 debeat
3239 5723 3363 5765 esse
3388 5708 3805 5782 suimetipsorum
