3940 6420
75 398 176 451 ⁸149
412 390 428 397 ’
1457 390 1734 447 CONSUE

1847 391 2064 446 DINES.

1405 515 1799 572 CAPITULUM
1851 516 2093 573 LXXVI.

1056 612 1133 666 De
1175 610 1416 684 hospitio
1460 613 1732 668 Fratrum
1770 615 1867 684 qui
1898 616 2053 684 fora:
2091 614 2431 669 mittuntur.

155 714 289 768 Cum
330 711 503 783 aliqui
531 709 678 766 foras
695 709 976 764 mittuntur
1002 706 1058 760 in
1089 706 1283 763 vicinis
1330 708 1623 776 montanis,
1657 708 1712 762 id
1767 716 1869 775 est,
1901 726 1932 763 a
1981 710 2303 766 Cornelione
2335 709 2602 783 superius,
2663 721 2716 767 et
2759 729 2791 768 a
2847 713 3165 778 Bocoirone,
3228 719 3281 767 et
3330 711 3402 766 ab

88 813 471 876 Intermontes,
507 817 560 864 et
588 825 619 862 a
651 808 846 874 Scalis,
878 821 982 862 nec
1002 819 1182 860 escam
1205 821 1235 858 a
1264 820 1536 876 quoquam
1567 821 1668 861 nec
1697 806 1990 876 hospitium
2018 807 2310 879 accipiunt,
2346 807 2448 863 nisi
2469 815 2559 865 aut
2588 810 2897 881 specialiter
2920 810 3076 880 jussi,
3103 817 3196 866 aut
3224 808 3405 880 aliqua

90 907 393 965 inevitabili
425 914 482 964 et
510 905 786 978 inopinata
822 903 1149 960 necessitate
1179 902 1374 958 coacti.

1421 1000 1818 1057 CAPITULUM
1857 1000 2124 1057 LXXVII.

1335 1098 1410 1152 De
1439 1098 1714 1169 fugitivis,
1762 1100 1874 1154 sive
1916 1100 2188 1169 expulsis.

167 1204 223 1260 Si
253 1202 378 1275 quis
408 1199 771 1256 habitatorum
791 1196 897 1253 loci
927 1196 1088 1265 hujus
1116 1195 1206 1251 vel
1229 1194 1517 1268 aufugerit,
1551 1196 1638 1251 vel
1667 1196 1855 1268 pulsus
1889 1195 2070 1263 fuerit,
2105 1205 2157 1251 et
2186 1197 2379 1252 ductus
2434 1198 2746 1268 poenitentia
2794 1198 3032 1266 redierit,
3089 1198 3410 1270 promittens

97 1316 318 1357 suarum
349 1297 788 1354 emendationem
819 1293 1257 1366 perversitatum,
1282 1300 1332 1348 et
1353 1293 1468 1362 ejus
1492 1293 1714 1363 proprie
1744 1292 1857 1348 vitii
1887 1301 2112 1363 prOpter
2147 1295 2290 1365 quod
2315 1294 2504 1365 pulsus
2535 1296 2706 1350 fuerat
2736 1296 2821 1351 vel
2840 1278 3414 1369 aufugerat,.tractabit

97 1398 240 1469 prior
269 1411 498 1452 causam
527 1393 644 1462 ejus
673 1389 950 1448 communi
979 1388 1226 1457 consilio,
1251 1395 1304 1444 et
1334 1387 1472 1443 sicut
1499 1387 1588 1443 vel
1618 1387 1842 1442 fratrum
1875 1405 2132 1444 numerus
2165 1391 2250 1446 vel
2273 1391 2468 1447 domus
2497 1393 2716 1461 utilitas,
2751 1393 2838 1448 vel
2865 1394 3029 1448 etiam
3064 1393 3213 1448 salus
3243 1393 3412 1465 ipsius

99 1493 372 1566 postulare
399 1491 689 1558 videbitur,
722 1489 880 1545 faciet
910 1487 999 1554 ei;
1033 1495 1085 1543 et
1113 1486 1159 1541 si
1206 1485 1493 1542 consilium
1549 1485 1842 1556 recipiendi
1881 1487 2160 1557 placuerit,
2211 1489 2276 1543 ad
2329 1490 2706 1560 probationem
2761 1490 3076 1546 humilitatis
3115 1491 3169 1544 in
3224 1490 3415 1546 ultimo

102 1591 465 1647 constituetur
493 1588 633 1644 loco.
667 1585 763 1642 Sin
793 1592 996 1653 autem,
1029 1583 1243 1639 dabitur
1256 1582 1307 1639 ei
1335 1581 1548 1638 licentia
1570 1582 1638 1636 ad
1670 1583 1904 1655 aliquam
1934 1585 2094 1641 aliam
2139 1587 2450 1660 religiosam
2504 1589 2667 1644 eundi
2717 1588 2960 1657 domum,
2993 1588 3049 1643 in
3095 1603 3202 1660 qua
3257 1602 3413 1643 suam

3295 387 3402 442 750

104 1691 277 1762 possit
317 1689 562 1744 animam
619 1685 826 1742 salvam
855 1683 1056 1740 facere.

1441 1751 2014 1808 COMMENTARIUS.

106 1859 425 1932 abnegatio,
461 1857 518 1911 in
549 1853 765 1927 proprio
794 1869 904 1909 non
933 1851 1184 1908 habendo
1215 1858 1267 1907 et
1288 1851 1342 1905 in
1370 1849 1592 1921 propria
1611 1865 1705 1905 vo-
1730 1852 1782 1910 A
1813 1849 1910 1904 sed
1939 1868 2105 1922 super
2128 1860 2420 1923 peccatore
2441 1860 2743 1924 gemerent,
2768 1861 3210 1924 compaterentur
3229 1861 3282 1910 et
3309 1852 3414 1908 sibi

105 1949 312 2004 luntate
342 1944 650 2001 deserenda
663 1984 676 1998 .

179 2037 261 2091 De
292 2034 514 2091 licentia
561 2040 742 2087 autem
795 2029 991 2102 prioris
1019 2029 1106 2084 hic
1137 2036 1346 2083 tantum
1374 2027 1432 2081 fit
1488 2026 1712 2091 mentio,

110 2125 255 2196 quod
304 2125 374 2179 ad
434 2120 802 2178 obedientiam
861 2118 1112 2184 refertur,
1166 2125 1219 2172 et
1265 2116 1617 2171 nihilominus
1648 2115 1716 2168 de

108 2219 431 2285 paupertate
463 2210 706 2282 perfecte
735 2207 1007 2263 servanda
1027 2207 1192 2261 etiam
1221 2207 1418 2278 agitur.
1451 2204 1606 2260 Ratio
1636 2209 1719 2258 est

110 2302 235 2374 quia
250 2301 382 2357 licet
416 2307 602 2355 votum
659 2295 993 2368 paupertatis
1045 2311 1154 2350 non
1203 2293 1454 2364 explicita
1502 2292 1718 2348 emitta-

108 2408 247 2458 mus,
282 2390 426 2445 sicut
457 2403 560 2443 nec
611 2394 794 2442 votum
845 2384 1134 2451 castitatis,
1189 2390 1397 2438 certum
1444 2388 1527 2436 est
1573 2380 1717 2452 quod

111 2479 166 2533 in
215 2486 344 2534 voto
404 2475 730 2532 obedientiae
783 2473 1162 2529 contineantur
1214 2471 1379 2526 veluti
1434 2469 1611 2524 infans
1665 2468 1722 2522 in

115 2576 270 2623 utero
319 2565 532 2630 matris,
586 2571 638 2618 et
667 2562 742 2617 ita
791 2577 1005 2632 semper
1031 2559 1128 2615 fuit
1185 2559 1517 2614 intellectum
1549 2558 1602 2611 in
1633 2572 1723 2612 or-

117 2656 260 2711 dine.
295 2654 456 2710 Unde
486 2667 596 2707 non
628 2658 710 2707 est
746 2650 942 2705 mirum
972 2649 1019 2703 si
1074 2650 1138 2704 R.
1172 2649 1331 2703 Pater
1377 2647 1554 2717 Guigo
1585 2645 1722 2700 obe-

119 2743 379 2799 dientiam
415 2740 586 2797 veluti
645 2740 887 2794 omnium
935 2738 1202 2792 bonorum
1254 2743 1568 2791 nostrorum
1597 2732 1722 2788 fon-

117 2840 225 2887 tem
242 2831 449 2902 ubique
478 2827 785 2884 consideret
816 2834 870 2882 et
923 2826 1204 2898 praedicet,
1238 2825 1367 2896 quia
1422 2831 1504 2879 est
1559 2821 1725 2878 veluti

121 2930 294 2976 mater
320 2919 376 2984 in
399 2919 525 2973 sinu
552 2917 761 2972 habens
790 2915 894 2970 alia
923 2923 1049 2971 vota
1091 2913 1422 2985 paupertatis
1480 2919 1532 2966 et
1563 2910 1725 2966 casti-

123 3009 269 3075 tatis,
329 3014 666 3077 cunctasque
721 3003 1100 3060 observantius
1158 3002 1414 3068 ordinis;
1448 3000 1494 3055 si
1544 3007 1725 3054 autem

125 3106 294 3153 mater
322 3097 558 3152 laedatur
587 3102 678 3151 aut
699 3093 984 3158 moriatur,
1020 3091 1148 3163 quid
1170 3092 1238 3146 de
1286 3089 1552 3162 progenie
1609 3089 1726 3157 ejus

1817 1949 2094 1996 caverent.

1889 2029 1988 2084 Hic
2017 2029 2231 2085 videtur
2261 2031 2391 2102 quid
2413 2039 2540 2086 tunc
2596 2029 2751 2086 fieret
2779 2039 2838 2085 ut
2884 2031 3056 2087 caulas
3101 2030 3415 2086 monasticm

1817 2117 1886 2172 ab
1916 2117 2131 2174 infectis
2160 2119 2353 2174 ovibus
2393 2127 2780 2193 purgarentur,
2813 2137 2883 2175 ne
2928 2119 3062 2175 alias
3116 2119 3414 2176 inﬁcerent.

1817 2207 1942 2262 Non
1971 2206 2316 2278 specificatur
2346 2224 2505 2263 casus
2548 2224 2651 2279 pro
2681 2224 2789 2280 quo
2825 2210 3124 2264 monachus
3161 2216 3249 2262 aut
3279 2223 3416 2264 con-

1819 2311 2012 2352 versus
2042 2296 2308 2366 potuisset
2337 2296 2554 2368 expelli,
2588 2297 2685 2351 sed
2716 2297 3043 2369 generaliter
3066 2298 3418 2369 perversita-

1821 2388 2015 2439 tumet
2044 2386 2172 2440 vitii
2202 2385 2421 2440 nomina
2467 2393 2817 2455 usurpentur.
2859 2386 2982 2440 Non
3014 2385 3213 2440 dicitur
3253 2385 3417 2440 etiam

1821 2474 1967 2543 quod
1996 2473 2255 2546 fugitivos
2284 2475 2585 2529 monachos
2615 2473 2968 2545 requirerent.
3005 2473 3064 2527 Id
3092 2480 3272 2528 tamen
3294 2474 3418 2528 sub-

1822 2561 2152 2618 audiendum
2183 2578 2304 2617 esse
2364 2562 2595 2631 videtur,
2643 2579 2768 2617 cum
2812 2562 2867 2616 in
2893 2561 3070 2616 forma
3121 2559 3419 2632 professio-

1822 2651 1906 2706 nis
1927 2666 2313 2706 conversorum
2357 2651 2634 2718 innuatur,
2687 2650 2938 2721 quamvis
2984 2649 3109 2706 huic
3146 2650 3420 2722 interpre—

1824 2739 2012 2794 tationi
2042 2740 2258 2795 obstare
2279 2739 2559 2795 videantur
2577 2739 2747 2794 verba
2772 2739 3074 2809 sequentia.
3107 2738 3217 2794 Sed
3236 2739 3421 2796 omnia

1823 2827 2270 2894 conciliabuntur,
2325 2827 2369 2882 si
2431 2826 2523 2882 fiat
2574 2827 2846 2883 distinctio
2919 2827 3061 2881 inter
3134 2825 3420 2897 fugitivum

1826 2916 2162 2988 simpliciter,
2187 2924 2242 2972 et
2293 2915 2583 2987 fugitivum
2640 2915 2804 2970 simul
2857 2922 2909 2971 et
2955 2931 3296 2986 perversum,
3370 2923 3425 2971 et

1825 3004 2040 3060 dicatur
2074 3005 2308 3076 primum
2350 3005 2420 3059 ad
2476 3021 2536 3060 se
2613 3004 2776 3061 etiam
2802 3012 2990 3060 coacte
3028 3018 3288 3060 revocare
3316 3018 3422 3075 po-

1827 3094 2020 3160 tuisse,
2061 3093 2362 3149 secundum
2407 3101 2585 3148 autem
2624 3093 2885 3159 noluisse,
2933 3092 3060 3164 quia
3089 3108 3254 3149 causa
3291 3109 3422 3164 per-

127 3184 462 3258 sperandum
493 3191 577 3239 est
603 3184 632 3239 Ἰ
660 3184 789 3238 Haec
811 3180 1143 3252 comparatio
1168 3180 1344 3234 sinon
1363 3178 1543 3249 plene,
1576 3184 1725 3232 certe
1745 3207 1798 3267 B
1827 3182 2094 3238 vet-sitatis
2123 3183 2287 3238 etiam
2316 3182 2515 3253 expelli
2556 3183 2891 3237 merebatur,

127 3275 283 3330 valde
339 3272 596 3330 convenit
642 3270 827 3326 sensui
874 3270 938 3324 Β.
990 3269 1050 3324 Ρ.
1109 3267 1398 3340 Guigonis,
1433 3275 1486 3322 et
1541 3271 1727 3321 nostro

126 3363 369 3418 instituto
391 3359 735 3432 exponendo,
771 3365 825 3414 et
857 3365 1005 3414 recte
1058 3357 1344 3427 capiendo.

196 3452 347 3507 Idem
379 3449 619 3504 refertur
638 3447 793 3503 tertia
821 3453 974 3517 parte
1003 3445 1352 3516 antiquorum
1375 3451 1727 3512 statutorum,

129 3554 246 3610 cap.
282 3542 372 3604 25,
409 3553 560 3591 num.
595 3537 635 3590 Ι.

195 3627 326 3682 CAP.
361 3626 606 3681 LXXVI.
631 3654 700 3665 --
732 3626 902 3681 Foras
953 3624 1277 3679 mittuntur
1319 3641 1336 3678 :
1383 3621 1438 3677 id
1468 3630 1550 3677 est
1579 3630 1734 3678 extra

135 3717 418 3771 terminos.
473 3714 574 3770 llic
626 3720 808 3768 autem
863 3710 1240 3783 exprimuntur
1293 3709 1412 3767 loca
1455 3710 1511 3764 in
1542 3711 1734 3767 vicinis

133 3804 406 3860 montanis
423 3809 516 3858 aut
536 3802 714 3873 planis
734 3801 857 3866 sita,
877 3800 946 3854 ad
970 3816 1091 3871 quae
1113 3799 1456 3855 communius
1485 3807 1736 3870 poterant

138 3893 272 3947 mitti
303 3890 597 3957 conversi;
629 3889 721 3944 ubi
765 3889 1056 3960 hospitium
1089 3896 1142 3944 et
1175 3903 1359 3943 escam
1380 3903 1414 3942 a
1462 3903 1736 3960 quoquam

135 3981 382 4052 recipere
403 3979 781 4052 prohibentur,
807 3977 971 4049 idque
1002 3992 1069 4032 ea
1098 3977 1167 4031 de
1197 3991 1367 4032 causa
1397 3993 1560 4047 quam
1577 3993 1738 4048 supra

140 4069 440 4142 attigimus,
466 4083 536 4123 ne
565 4067 620 4121 in
645 4065 1068 4121 familiaritatum
1097 4072 1151 4120 et
1193 4065 1320 4120 inde
1340 4065 1400 4120 in
1443 4064 1738 4120 relaxatio-

141 4173 267 4212 num
295 4157 620 4214 occasiones
658 4154 984 4211 inciderent.

212 4247 343 4302 CAP.
372 4245 718 4300 LXXVI[.—
755 4244 845 4300 Vel
863 4244 1154 4314 aufugerit
1183 4245 1271 4300 vel
1306 4245 1507 4315 pulsus
1533 4243 1737 4313 fuerit.

143 4335 236 4391 Hic
265 4349 590 4406 expressum
621 4333 886 4387 habemus
905 4333 1128 4387 modum
1158 4331 1358 4404 agendi
1396 4339 1523 4386 tunc
1569 4331 1740 4385 usita-

144 4431 254 4478 tum
309 4439 435 4480 cum
484 4421 570 4476 his
627 4421 720 4492 qui
758 4429 915 4477 erant
955 4428 1046 4476 aut
1107 4420 1340 4494 fugitivi,
1399 4427 1492 4476 aut
1524 4427 1745 4490 propter

145 4526 343 4582 pravos
373 4525 561 4566 mores
591 4524 622 4564 e
647 4510 982 4565 monasterio
1027 4508 1258 4580 expulsi.
1291 4509 1415 4563 Non
1447 4516 1530 4562 est
1564 4514 1742 4562 autem

144 4600 449 4655 mirandum
481 4599 530 4652 si
559 4597 612 4652 in
631 4598 1040 4670 quibuscunque
1058 4596 1553 4662 communitatibus,
1575 4595 1738 4651 etiam

143 4687 198 4742 in
253 4687 524 4760 propositi
574 4686 659 4741 sui
705 4687 888 4743 nativo
959 4685 1169 4742 fervore
1255 4685 1582 4751 constitutis,
1643 4700 1739 4740 re-

145 4778 425 4847 periantur
463 4775 714 4831 homines
762 4776 853 4847 qui
899 4775 954 4829 in
991 4775 1200 4830 similes
1246 4790 1409 4832 casus
1465 4772 1736 4829 decidant.

149 4866 326 4921 Status
355 4866 504 4920 enim
525 4864 872 4930 monasticus,
905 4863 1300 4935 quantumlibet
1347 4870 1533 4918 sancte
1578 4861 1740 4916 insti-

149 4971 289 5019 tutus
320 4971 373 5019 et
421 4961 772 5032 acquirendae
827 4961 1096 5017 sanctitati
1141 4969 1304 5032 atque
1351 4958 1745 5016 conservandae

153 5053 482 5123 aptissimus,
513 5066 623 5106 non
672 5057 851 5121 potest
909 5049 1126 5106 efficere
1168 5059 1227 5104 ut
1254 5048 1502 5105 homines
1532 5055 1747 5104 cessent

158 5157 277 5196 esse
294 5139 566 5205 homines,
601 5155 721 5195 cum
751 5154 854 5195 nec
893 5147 1065 5194 status
1120 5138 1451 5209 apostolicus
1506 5135 1749 5192 effecerit

151 5236 209 5283 ut
235 5229 405 5284 Judas
435 5245 545 5284 non
583 5227 740 5283 fuerit
792 5228 1064 5299 proditor,
1125 5242 1192 5283 ac
1243 5227 1444 5282 deinde
1497 5225 1750 5295 suiipsius

155 5317 443 5373 homicida.
479 5317 588 5370 Cur
617 5332 751 5388 ergo
781 5324 892 5371 tam
923 5316 1030 5370 alte
1061 5315 1365 5371 exclamant
1394 5314 1642 5370 homines
1664 5330 1753 5367 su-

154 5421 251 5476 per
279 5421 413 5462 casu
442 5404 672 5473 alicujus
700 5404 1000 5461 monachi?
1032 5403 1170 5472 Quia
1224 5404 1436 5474 seipsos
1484 5402 1754 5467 nesciunt,

1899 3274 1972 3328 Et
1998 3273 2201 3328 ductus
2229 3273 2569 3343 paenitentia
2596 3271 2849 3327 redierit.
2884 3271 2984 3326 Hic
3017 3285 3126 3326 non
3146 3271 3216 3326 de
3235 3279 3428 3327 coacto

1829 3360 2005 3416 reditu
2035 3360 2231 3433 agitur,
2267 3361 2365 3416 sed
2411 3360 2482 3415 de
2535 3360 2710 3415 libero
2751 3359 3084 3431 poenitentiae
3133 3374 3197 3416 ac
3225 3359 3429 3416 intimae

1831 3450 2206 3506 conversionis
2235 3449 2442 3504 motivo
2471 3449 2822 3520 procedente.

1904 3539 2254 3594 Promittam
2293 3554 2529 3593 suarum
2574 3537 3032 3594 emendationem
3082 3537 3430 3609 perversita-

1836 3631 1979 3683 tum.
2001 3627 2422 3682 Perversitatum
2459 3641 2660 3680 nomen
2688 3626 2743 3680 in
2759 3624 2956 3695 plurali
2975 3625 3211 3695 positum
3234 3639 3434 3697 graves

1836 3715 2024 3786 culpas
2055 3714 2274 3784 indicat,
2323 3723 2375 3769 et
2422 3715 2574 3786 quasi
2603 3714 2906 3768 habituales
2934 3713 3175 3779 effectas,
3221 3729 3286 3768 ex
3317 3713 3436 3768 solo

1836 3804 1982 3859 enim
2029 3803 2297 3874 peccandi
2348 3803 2554 3869 habitu,
2613 3803 2778 3858 homo
2822 3817 3116 3873 perversus
3172 3809 3224 3857 et
3283 3801 3438 3872 quasi

1836 3893 2084 3948 moribus
2109 3893 2434 3964 depravatus
2475 3891 2672 3948 dicitur
2705 3909 2719 3958 ;
2760 3898 3014 3962 peccator
3040 3905 3174 3946 vero
3231 3897 3438 3945 tantum

1839 3980 2054 4049 dicitur,
2087 3981 2178 4053 qui
2210 3997 2276 4036 ex
2307 3981 2545 4035 humana
2573 3978 2888 4035 infirmitate
2919 3978 2974 4032 in
3030 3979 3440 4050 peccatum'in-

1839 4069 1986 4135 cidit,
2020 4085 2124 4124 nec
2152 4085 2381 4139 peccare
2424 4076 2758 4140 perseverat.

1917 4159 2201 4214 Tractabit
2221 4160 2378 4229 prior
2406 4175 2640 4214 causam
2660 4160 2801 4226 eius,
2836 4165 2940 4213 etc.
2977 4155 3124 4212 Talis
3145 4171 3277 4228 ergo
3297 4154 3442 4228 fugi-

1841 4246 1984 4303 tivus
2003 4254 2095 4301 aut
2124 4246 2405 4317 expulsus,
2448 4247 2612 4301 etiam
2643 4253 2836 4315 sponte
2874 4260 3132 4300 reversus
3159 4253 3214 4299 et
3259 4243 3442 4315 ι)ωηί-

1843 4335 2016 4391 tentia
2035 4335 2249 4401 ductus,
2282 4350 2393 4390 non
2421 4334 2605 4388 statim
2627 4333 3024 4403 recipiebatur;
3048 4332 3193 4388 unde
3219 4338 3444 4402 apparet

1845 4432 2107 4496 quantum
2135 4424 2242 4478 illis
2263 4423 2600 4494 temporibus
2629 4421 3026 4492 circumspecte
3055 4427 3284 4493 agerent
3313 4420 3443 4475 boni

1845 4514 2064 4580 Patres,
2099 4521 2150 4568 et
2196 4529 2318 4567 cum
2366 4511 2622 4581 scrupulo
2671 4525 2867 4564 cavere
2926 4507 3127 4564 vellent
3165 4523 3234 4564 ne
3281 4523 3444 4564 ovem

1847 4601 2082 4673 aliquam
2129 4600 2436 4656 morbidam
2489 4599 2819 4670 reciperent,
2867 4613 2987 4669 quae
3014 4597 3136 4652 aliis
3181 4596 3444 4652 damnum

1847 4689 2050 4745 inferre
2079 4696 2287 4760 posset,
2320 4689 2522 4746 bonum
2551 4685 2950 4744 communitatis
2977 4684 3324 4756 praeferendo
3346 4685 3447 4740 uti-

1848 4779 2088 4834 litatibus
2105 4779 2342 4849 privatae
2385 4791 2636 4850 personae
2648 4817 2662 4830 .

1923 4871 1994 4924 Et
2013 4870 2161 4924 sicut
2177 4868 2262 4923 vel
2280 4870 2535 4938 fratrum
2555 4879 2849 4930 numerus,
2873 4864 2961 4920 vel
2977 4862 3173 4918 domus
3193 4862 3446 4932 utilitas,

1844 4959 1932 5014 vel
1971 4959 2145 5013 etiam
2174 4957 2347 5020 salus,
2382 4963 2486 5011 etc.
2519 4956 2601 5010 Ex
2623 4954 2848 5009 fratrum
2877 4966 3107 5007 numero
3124 4950 3447 5024 gravitatem

1848 5046 2060 5102 consilii
2089 5062 2156 5100 ex
2195 5045 2428 5116 plurium
2458 5043 2784 5116 conglobato
2828 5057 2993 5097 sensu
3035 5038 3447 5112 provenientem

1849 5135 1963 5190 vult
2007 5134 2315 5205 exprimere
2345 5134 2409 5188 Β.
2467 5133 2527 5186 Ρ.
2563 5131 2743 5203 Guigo
2776 5149 2790 5196 ;
2826 5137 2880 5186 et
2926 5129 3014 5184 hic
3071 5129 3222 5202 varia
3268 5128 3448 5199 capita

1852 5222 2254 5280 consideranda
2273 5238 2370 5276 seu
2403 5219 2760 5291 ponderanda
2818 5217 3082 5288 assignat,
3143 5233 3209 5272 ex
3254 5216 3452 5288 quibus

1857 5312 2022 5367 veluti
2064 5311 2343 5382 principiis
2407 5307 2821 5365 convenientior
2885 5307 3248 5362 deduceretur
3314 5320 3454 5361 con-

1860 5401 2052 5466 clusio,
2112 5415 2214 5470 qua
2264 5397 2666 5454 communitatis
2730 5395 2954 5462 utilitas,
2987 5402 3041 5451 et
3087 5393 3234 5465 quod
3295 5393 3459 5449 saluti

157 5502 208 5549 et
239 5494 460 5565 propria
490 5493 744 5564 opinione
774 5494 959 5550 caecati
991 5494 1204 5565 seipsos
1232 5509 1343 5549 non
1373 5491 1672 5556 attendunt,
1707 5497 1761 5544 et
1857 5487 2068 5560 expulsi
2097 5494 2188 5542 aut
2217 5486 2431 5560 fugitivi
2474 5486 2654 5558 magis
2701 5482 3061 5540 conveniebat
3109 5481 3271 5536 simul
3328 5497 3463 5538 con-

161 5583 398 5653 quotidie
428 5582 686 5639 cadentes
716 5589 776 5638 ut
802 5583 992 5638 miseri
1016 5581 1288 5647 homines,
1305 5580 1485 5636 adhuc
1499 5580 1761 5652 ignorant

165 5671 291 5742 quid
312 5671 382 5727 sit
407 5687 532 5728 esse
550 5670 846 5727 hominem.
882 5671 939 5727 Si
968 5686 1106 5745 ergo
1136 5676 1391 5741 saperent
1407 5676 1462 5726 et
1488 5666 1761 5738 intellige-

1862 5577 2240 5632 cordarentur.

1934 5666 2004 5720 Et
2023 5665 2074 5720 ei
2108 5663 2413 5720 consilium
2430 5660 2743 5735 recipiendi
2761 5659 3066 5732 placuerit,
3085 5659 3157 5714 ad
3175 5657 3343 5730 proba
3352 5659 3466 5715 tio-

165 5766 300 5828 rent,
331 5759 511 5816 zelum
563 5759 780 5830 quidem
829 5767 1020 5817 contra
1074 5764 1363 5831 peccatum
1418 5761 1758 5822 exercerent,
1783 5747 1836 5808 D
1864 5769 1998 5811 nem
2019 5751 2386 5819 humilitatis,
2401 5758 2506 5808 etc.
2521 5749 2660 5806 Hinc
2674 5754 2901 5820 apparet
2920 5745 3068 5818 quod
3085 5753 3376 5817 antequam
3399 5745 3472 5801 ad
