  <div class='ocr_page' id='page_1' title='image "/cluster/home/n/w/nwhite01/storage/ocr_20150623/153-154/uc1.31175019678096/382.png"; bbox 0 0 3940 6452; ppageno 0'>
   <div class='ocr_carea' id='block_1_1' title="bbox 115 331 1763 394">
    <p class='ocr_par' dir='ltr' id='par_1_1' title="bbox 115 331 1763 391">
     <span class='ocr_line' id='line_1_1' title="bbox 115 331 1763 391; baseline 0.003 -5"><span class='ocrx_word' id='word_1_1' title='bbox 115 331 255 387; x_wconf 73' lang='grc'>’153</span> <span class='ocrx_word' id='word_1_2' title='bbox 1526 333 1763 391; x_wconf 68' lang='grc' dir='ltr'>ΟΟΝΞΠᾎ</span> 
     </span>
    </p>
   </div>
   <div class='ocr_carea' id='block_1_2' title="bbox 1871 331 3489 394">
    <p class='ocr_par' dir='ltr' id='par_1_2' title="bbox 1871 336 3489 394">
     <span class='ocr_line' id='line_1_2' title="bbox 1871 336 3489 394; baseline 0.001 -1"><span class='ocrx_word' id='word_1_3' title='bbox 1871 336 2132 393; x_wconf 72' lang='lat' dir='ltr'>JDINES.</span> <span class='ocrx_word' id='word_1_4' title='bbox 3382 338 3489 394; x_wconf 69' lang='grc'>754</span> 
     </span>
    </p>
   </div>
   <div class='ocr_carea' id='block_1_3' title="bbox 206 455 3480 532">
    <p class='ocr_par' dir='ltr' id='par_1_3' title="bbox 206 455 3480 532">
     <span class='ocr_line' id='line_1_3' title="bbox 206 455 3480 532; baseline 0.001 -20"><span class='ocrx_word' id='word_1_5' title='bbox 206 459 279 512; x_wconf 73' lang='lat'>2.</span> <span class='ocrx_word' id='word_1_6' title='bbox 326 455 627 512; x_wconf 88' lang='lat' dir='ltr'>Laicorum</span> <span class='ocrx_word' id='word_1_7' title='bbox 657 462 838 512; x_wconf 91' lang='lat' dir='ltr'>autem</span> <span class='ocrx_word' id='word_1_8' title='bbox 865 471 1148 527; x_wconf 89' lang='lat' dir='ltr'>numerus,</span> <span class='ocrx_word' id='word_1_9' title='bbox 1184 473 1320 530; x_wconf 89' lang='lat' dir='ltr'>quos</span> <span class='ocrx_word' id='word_1_10' title='bbox 1367 473 1667 515; x_wconf 89' lang='lat' dir='ltr'>conversos</span> <span class='ocrx_word' id='word_1_11' title='bbox 1695 475 1978 527; x_wconf 88' lang='lat' dir='ltr'>vocamus,</span> <span class='ocrx_word' id='word_1_12' title='bbox 2013 456 2288 514; x_wconf 87' lang='lat' dir='ltr'>sexdecim</span> <span class='ocrx_word' id='word_1_13' title='bbox 2344 465 2572 514; x_wconf 88' lang='lat' dir='ltr'>statutus</span> <span class='ocrx_word' id='word_1_14' title='bbox 2601 466 2724 526; x_wconf 91' lang='lat' dir='ltr'>est;</span> <span class='ocrx_word' id='word_1_15' title='bbox 2758 475 2902 516; x_wconf 91' lang='lat' dir='ltr'>nunc</span> <span class='ocrx_word' id='word_1_16' title='bbox 2930 475 3058 517; x_wconf 92' lang='lat' dir='ltr'>vero</span> <span class='ocrx_word' id='word_1_17' title='bbox 3121 459 3309 532; x_wconf 85' lang='lat' dir='ltr'>plures</span> <span class='ocrx_word' id='word_1_18' title='bbox 3335 467 3480 527; x_wconf 91' lang='lat' dir='ltr'>sunt,</span> 
     </span>
    </p>
   </div>
   <div class='ocr_carea' id='block_1_4' title="bbox 116 552 3485 626">
    <p class='ocr_par' dir='ltr' id='par_1_4' title="bbox 116 552 3485 626">
     <span class='ocr_line' id='line_1_4' title="bbox 116 552 3485 626; baseline 0.002 -22"><span class='ocrx_word' id='word_1_19' title='bbox 116 552 422 608; x_wconf 85' lang='lat' dir='ltr'>nonnulli</span> <span class='ocrx_word' id='word_1_20' title='bbox 453 569 689 623; x_wconf 86' lang='lat' dir='ltr'>namque</span> <span class='ocrx_word' id='word_1_21' title='bbox 719 567 911 608; x_wconf 92' lang='lat' dir='ltr'>eorum</span> <span class='ocrx_word' id='word_1_22' title='bbox 943 569 1106 608; x_wconf 90' lang='lat' dir='ltr'>senes</span> <span class='ocrx_word' id='word_1_23' title='bbox 1133 568 1198 609; x_wconf 86' lang='lat' dir='ltr'>ac</span> <span class='ocrx_word' id='word_1_24' title='bbox 1227 553 1437 609; x_wconf 89' lang='lat' dir='ltr'>debiles</span> <span class='ocrx_word' id='word_1_25' title='bbox 1467 562 1621 611; x_wconf 89' lang='lat' dir='ltr'>erant</span> <span class='ocrx_word' id='word_1_26' title='bbox 1651 563 1705 611; x_wconf 88' lang='lat' dir='ltr'>et</span> <span class='ocrx_word' id='word_1_27' title='bbox 1733 555 1980 610; x_wconf 82' lang='lat' dir='ltr'>laborare</span> <span class='ocrx_word' id='word_1_28' title='bbox 2011 571 2121 610; x_wconf 90' lang='lat' dir='ltr'>non</span> <span class='ocrx_word' id='word_1_29' title='bbox 2153 563 2420 626; x_wconf 78' lang='lat' dir='ltr'>poterant,</span> <span class='ocrx_word' id='word_1_30' title='bbox 2455 562 2508 610; x_wconf 88' lang='lat' dir='ltr'>et</span> <span class='ocrx_word' id='word_1_31' title='bbox 2537 556 2608 610; x_wconf 92' lang='lat' dir='ltr'>ob</span> <span class='ocrx_word' id='word_1_32' title='bbox 2639 555 2694 610; x_wconf 89' lang='lat' dir='ltr'>id</span> <span class='ocrx_word' id='word_1_33' title='bbox 2721 555 2858 612; x_wconf 88' lang='lat' dir='ltr'>alios</span> <span class='ocrx_word' id='word_1_34' title='bbox 2888 573 3077 612; x_wconf 89' lang='lat' dir='ltr'>sumus</span> <span class='ocrx_word' id='word_1_35' title='bbox 3105 556 3281 613; x_wconf 79' lang='lat' dir='ltr'>coacti</span> <span class='ocrx_word' id='word_1_36' title='bbox 3311 555 3485 612; x_wconf 90' lang='lat' dir='ltr'>susci-</span> 
     </span>
    </p>
   </div>
   <div class='ocr_carea' id='block_1_5' title="bbox 125 649 3338 724">
    <p class='ocr_par' dir='ltr' id='par_1_5' title="bbox 125 649 3338 724">
     <span class='ocr_line' id='line_1_5' title="bbox 125 649 3338 724; baseline 0.002 -21"><span class='ocrx_word' id='word_1_37' title='bbox 125 665 326 718; x_wconf 84' lang='lat' dir='ltr'>pere.</span> <span class='ocrx_word' id='word_1_38' title='bbox 364 650 526 707; x_wconf 87' lang='lat' dir='ltr'>Unde</span> <span class='ocrx_word' id='word_1_39' title='bbox 558 665 657 722; x_wconf 91' lang='lat' dir='ltr'>pro</span> <span class='ocrx_word' id='word_1_40' title='bbox 686 649 771 704; x_wconf 93' lang='lat' dir='ltr'>his</span> <span class='ocrx_word' id='word_1_41' title='bbox 802 650 894 722; x_wconf 91' lang='lat' dir='ltr'>qui</span> <span class='ocrx_word' id='word_1_42' title='bbox 925 666 1068 706; x_wconf 92' lang='lat' dir='ltr'>nunc</span> <span class='ocrx_word' id='word_1_43' title='bbox 1097 649 1321 724; x_wconf 83' lang='lat' dir='ltr'>fragiles</span> <span class='ocrx_word' id='word_1_44' title='bbox 1351 661 1496 718; x_wconf 91' lang='lat' dir='ltr'>sunt,</span> <span class='ocrx_word' id='word_1_45' title='bbox 1527 668 1650 708; x_wconf 92' lang='lat' dir='ltr'>cum</span> <span class='ocrx_word' id='word_1_46' title='bbox 1682 652 1936 720; x_wconf 89' lang='lat' dir='ltr'>obierint,</span> <span class='ocrx_word' id='word_1_47' title='bbox 1973 653 2111 708; x_wconf 87' lang='lat' dir='ltr'>alios</span> <span class='ocrx_word' id='word_1_48' title='bbox 2139 668 2248 708; x_wconf 89' lang='lat' dir='ltr'>non</span> <span class='ocrx_word' id='word_1_49' title='bbox 2276 652 2631 723; x_wconf 87' lang='lat' dir='ltr'>accipiemus.</span> <span class='ocrx_word' id='word_1_50' title='bbox 3335 663 3338 668; x_wconf 87' lang='lat'>&#39;</span> 
     </span>
    </p>
   </div>
   <div class='ocr_carea' id='block_1_6' title="bbox 1462 777 2168 833">
    <p class='ocr_par' dir='ltr' id='par_1_6' title="bbox 1462 777 2168 833">
     <span class='ocr_line' id='line_1_6' title="bbox 1462 777 2168 833; baseline 0.004 -3"><span class='ocrx_word' id='word_1_51' title='bbox 1462 777 1861 833; x_wconf 84' lang='lat' dir='ltr'>CAPITULUM</span> <span class='ocrx_word' id='word_1_52' title='bbox 1918 777 2168 833; x_wconf 86' lang='lat' dir='ltr'>LXXIX.</span> 
     </span>
    </p>
   </div>
   <div class='ocr_carea' id='block_1_7' title="bbox 1357 874 2407 948">
    <p class='ocr_par' dir='ltr' id='par_1_7' title="bbox 1357 874 2407 948">
     <span class='ocr_line' id='line_1_7' title="bbox 1357 874 2407 948; baseline -0.003 -18"><span class='ocrx_word' id='word_1_53' title='bbox 1357 874 1538 943; x_wconf 80' lang='lat' dir='ltr'>Quare</span> <span class='ocrx_word' id='word_1_54' title='bbox 1590 879 1706 930; x_wconf 80' lang='lat' dir='ltr'>tam</span> <span class='ocrx_word' id='word_1_55' title='bbox 1750 892 1963 948; x_wconf 77' lang='lat' dir='ltr'>parvus</span> <span class='ocrx_word' id='word_1_56' title='bbox 2007 877 2084 930; x_wconf 97' lang='lat' dir='ltr'>sit</span> <span class='ocrx_word' id='word_1_57' title='bbox 2112 890 2407 930; x_wconf 80' lang='lat' dir='ltr'>numerus.</span> 
     </span>
    </p>
   </div>
   <div class='ocr_carea' id='block_1_8' title="bbox 219 969 3485 1044">
    <p class='ocr_par' dir='ltr' id='par_1_8' title="bbox 219 969 3485 1044">
     <span class='ocr_line' id='line_1_8' title="bbox 219 969 3485 1044; baseline 0.001 -20"><span class='ocrx_word' id='word_1_58' title='bbox 219 975 244 1024; x_wconf 99' lang='grc'>1</span> <span class='ocrx_word' id='word_1_59' title='bbox 267 1012 282 1024; x_wconf 94' lang='grc'><strong>.</strong></span> <span class='ocrx_word' id='word_1_60' title='bbox 328 970 485 1025; x_wconf 87' lang='lat' dir='ltr'>Hanc</span> <span class='ocrx_word' id='word_1_61' title='bbox 516 976 698 1024; x_wconf 89' lang='lat' dir='ltr'>autem</span> <span class='ocrx_word' id='word_1_62' title='bbox 728 969 940 1025; x_wconf 89' lang='lat' dir='ltr'>numeri</span> <span class='ocrx_word' id='word_1_63' title='bbox 970 969 1295 1041; x_wconf 73' lang='lat' dir='ltr'>paucitatem</span> <span class='ocrx_word' id='word_1_64' title='bbox 1326 970 1519 1025; x_wconf 91' lang='lat' dir='ltr'>eadem</span> <span class='ocrx_word' id='word_1_65' title='bbox 1550 971 1988 1026; x_wconf 85' lang='lat' dir='ltr'>consideratione</span> <span class='ocrx_word' id='word_1_66' title='bbox 2029 971 2336 1044; x_wconf 81' lang='lat' dir='ltr'>delegimus</span> <span class='ocrx_word' id='word_1_67' title='bbox 2366 985 2472 1042; x_wconf 88' lang='lat' dir='ltr'>qua</span> <span class='ocrx_word' id='word_1_68' title='bbox 2500 985 2604 1026; x_wconf 92' lang='lat' dir='ltr'>nec</span> <span class='ocrx_word' id='word_1_69' title='bbox 2661 970 2935 1042; x_wconf 91' lang='lat' dir='ltr'>hospitum</span> <span class='ocrx_word' id='word_1_70' title='bbox 2991 971 3320 1043; x_wconf 88' lang='lat' dir='ltr'>equitaturas</span> <span class='ocrx_word' id='word_1_71' title='bbox 3345 987 3485 1043; x_wconf 92' lang='lat' dir='ltr'>pro-</span> 
     </span>
    </p>
   </div>
   <div class='ocr_carea' id='block_1_9' title="bbox 125 1067 3480 1141">
    <p class='ocr_par' dir='ltr' id='par_1_9' title="bbox 125 1067 3480 1141">
     <span class='ocr_line' id='line_1_9' title="bbox 125 1067 3480 1141; baseline 0.001 -18"><span class='ocrx_word' id='word_1_72' title='bbox 125 1082 451 1136; x_wconf 85' lang='lat' dir='ltr'>curarnus,</span> <span class='ocrx_word' id='word_1_73' title='bbox 488 1083 590 1124; x_wconf 91' lang='lat' dir='ltr'>nec</span> <span class='ocrx_word' id='word_1_74' title='bbox 618 1067 841 1122; x_wconf 90' lang='lat' dir='ltr'>domum</span> <span class='ocrx_word' id='word_1_75' title='bbox 874 1067 1357 1139; x_wconf 82' lang='lat' dir='ltr'>eleemosynariam</span> <span class='ocrx_word' id='word_1_76' title='bbox 1389 1068 1691 1135; x_wconf 86' lang='lat' dir='ltr'>habemus;</span> <span class='ocrx_word' id='word_1_77' title='bbox 1725 1067 1978 1124; x_wconf 85' lang='lat' dir='ltr'>videlicet</span> <span class='ocrx_word' id='word_1_78' title='bbox 2008 1084 2076 1124; x_wconf 88' lang='lat' dir='ltr'>ne</span> <span class='ocrx_word' id='word_1_79' title='bbox 2107 1069 2176 1123; x_wconf 90' lang='lat' dir='ltr'>ad</span> <span class='ocrx_word' id='word_1_80' title='bbox 2208 1069 2444 1138; x_wconf 80' lang='lat' dir='ltr'>majores</span> <span class='ocrx_word' id='word_1_81' title='bbox 2474 1083 2635 1141; x_wconf 90' lang='lat' dir='ltr'>quam</span> <span class='ocrx_word' id='word_1_82' title='bbox 2666 1067 2821 1123; x_wconf 92' lang='lat' dir='ltr'>locus</span> <span class='ocrx_word' id='word_1_83' title='bbox 2851 1067 2954 1124; x_wconf 89' lang='lat' dir='ltr'>iste</span> <span class='ocrx_word' id='word_1_84' title='bbox 2985 1068 3183 1140; x_wconf 90' lang='lat' dir='ltr'>patitur</span> <span class='ocrx_word' id='word_1_85' title='bbox 3207 1084 3480 1141; x_wconf 82' lang='lat' dir='ltr'>expensas</span> 
     </span>
    </p>
   </div>
   <div class='ocr_carea' id='block_1_10' title="bbox 129 1164 1872 1238">
    <p class='ocr_par' dir='ltr' id='par_1_10' title="bbox 129 1164 1872 1238">
     <span class='ocr_line' id='line_1_10' title="bbox 129 1164 1872 1238; baseline 0 -18"><span class='ocrx_word' id='word_1_86' title='bbox 129 1165 349 1220; x_wconf 86' lang='lat' dir='ltr'>coacti</span> <span class='ocrx_word' id='word_1_87' title='bbox 383 1180 627 1236; x_wconf 70' lang='lat' dir='ltr'>quazrerc</span> <span class='ocrx_word' id='word_1_88' title='bbox 657 1172 710 1219; x_wconf 84' lang='lat' dir='ltr'>et</span> <span class='ocrx_word' id='word_1_89' title='bbox 739 1164 945 1238; x_wconf 88' lang='lat' dir='ltr'>vagari,</span> <span class='ocrx_word' id='word_1_90' title='bbox 982 1164 1128 1236; x_wconf 91' lang='lat' dir='ltr'>quod</span> <span class='ocrx_word' id='word_1_91' title='bbox 1179 1165 1486 1229; x_wconf 86' lang='lat' dir='ltr'>horremus,</span> <span class='ocrx_word' id='word_1_92' title='bbox 1532 1164 1872 1236; x_wconf 86' lang='lat' dir='ltr'>incipiamus.</span> 
     </span>
    </p>
   </div>
   <div class='ocr_carea' id='block_1_11' title="bbox 217 1244 3482 1338">
    <p class='ocr_par' dir='ltr' id='par_1_11' title="bbox 217 1244 3482 1338">
     <span class='ocr_line' id='line_1_11' title="bbox 217 1244 3482 1338; baseline 0 -19"><span class='ocrx_word' id='word_1_93' title='bbox 217 1267 284 1319; x_wconf 80' lang='grc'>2.</span> <span class='ocrx_word' id='word_1_94' title='bbox 327 1244 570 1331; x_wconf 76' lang='lat' dir='ltr'>Quodsi</span> <span class='ocrx_word' id='word_1_95' title='bbox 599 1262 808 1334; x_wconf 87' lang='lat' dir='ltr'>posteri</span> <span class='ocrx_word' id='word_1_96' title='bbox 833 1262 1008 1317; x_wconf 88' lang='lat' dir='ltr'>nostri</span> <span class='ocrx_word' id='word_1_97' title='bbox 1039 1263 1182 1318; x_wconf 91' lang='lat' dir='ltr'>hunc</span> <span class='ocrx_word' id='word_1_98' title='bbox 1209 1262 1393 1333; x_wconf 90' lang='lat' dir='ltr'>ipsum</span> <span class='ocrx_word' id='word_1_99' title='bbox 1431 1270 1538 1316; x_wconf 88' lang='lat' dir='ltr'>tam</span> <span class='ocrx_word' id='word_1_100' title='bbox 1595 1278 1825 1334; x_wconf 90' lang='lat' dir='ltr'>parvum</span> <span class='ocrx_word' id='word_1_101' title='bbox 1887 1280 2174 1320; x_wconf 85' lang='lat' dir='ltr'>numerum</span> <span class='ocrx_word' id='word_1_102' title='bbox 2213 1263 2484 1337; x_wconf 87' lang='lat' dir='ltr'>aliquibus</span> <span class='ocrx_word' id='word_1_103' title='bbox 2541 1264 2942 1332; x_wconf 83' lang='lat' dir='ltr'>occasionibus,</span> <span class='ocrx_word' id='word_1_104' title='bbox 2974 1279 3111 1337; x_wconf 89' lang='lat' dir='ltr'>quas</span> <span class='ocrx_word' id='word_1_105' title='bbox 3141 1265 3482 1338; x_wconf 80' lang='lat' dir='ltr'>ignoramus,</span> 
     </span>
    </p>
   </div>
   <div class='ocr_carea' id='block_1_12' title="bbox 133 1359 3478 1434">
    <p class='ocr_par' dir='ltr' id='par_1_12' title="bbox 133 1359 3478 1434">
     <span class='ocr_line' id='line_1_12' title="bbox 133 1359 3478 1434; baseline 0.001 -20"><span class='ocrx_word' id='word_1_106' title='bbox 133 1361 261 1416; x_wconf 88' lang='lat' dir='ltr'>hoc</span> <span class='ocrx_word' id='word_1_107' title='bbox 297 1360 364 1414; x_wconf 88' lang='lat' dir='ltr'>in</span> <span class='ocrx_word' id='word_1_108' title='bbox 393 1360 514 1416; x_wconf 92' lang='lat' dir='ltr'>loco</span> <span class='ocrx_word' id='word_1_109' title='bbox 546 1361 662 1415; x_wconf 91' lang='lat' dir='ltr'>sine</span> <span class='ocrx_word' id='word_1_110' title='bbox 693 1359 974 1431; x_wconf 75' lang='lat' dir='ltr'>qumrendi</span> <span class='ocrx_word' id='word_1_111' title='bbox 1006 1368 1060 1416; x_wconf 88' lang='lat' dir='ltr'>et</span> <span class='ocrx_word' id='word_1_112' title='bbox 1088 1361 1322 1432; x_wconf 86' lang='lat' dir='ltr'>vagandi</span> <span class='ocrx_word' id='word_1_113' title='bbox 1353 1359 1648 1415; x_wconf 89' lang='lat' dir='ltr'>odibilibus</span> <span class='ocrx_word' id='word_1_114' title='bbox 1678 1360 1866 1416; x_wconf 67' lang='lat' dir='ltr'>officiis</span> <span class='ocrx_word' id='word_1_115' title='bbox 1905 1377 2196 1432; x_wconf 87' lang='lat' dir='ltr'>procurare</span> <span class='ocrx_word' id='word_1_116' title='bbox 2219 1361 2589 1434; x_wconf 80' lang='lat' dir='ltr'>nequiverint,</span> <span class='ocrx_word' id='word_1_117' title='bbox 2625 1361 2669 1416; x_wconf 90' lang='lat' dir='ltr'>si</span> <span class='ocrx_word' id='word_1_118' title='bbox 2699 1361 2901 1417; x_wconf 85' lang='lat' dir='ltr'>nostris</span> <span class='ocrx_word' id='word_1_119' title='bbox 2932 1362 3198 1418; x_wconf 88' lang='lat' dir='ltr'>voluerint</span> <span class='ocrx_word' id='word_1_120' title='bbox 3219 1363 3478 1434; x_wconf 88' lang='lat' dir='ltr'>acquies-</span> 
     </span>
    </p>
   </div>
   <div class='ocr_carea' id='block_1_13' title="bbox 133 1458 3483 1534">
    <p class='ocr_par' dir='ltr' id='par_1_13' title="bbox 133 1458 3483 1534">
     <span class='ocr_line' id='line_1_13' title="bbox 133 1458 3483 1534; baseline 0.001 -20"><span class='ocrx_word' id='word_1_121' title='bbox 133 1475 290 1514; x_wconf 83' lang='lat' dir='ltr'>cere</span> <span class='ocrx_word' id='word_1_122' title='bbox 325 1458 604 1525; x_wconf 89' lang='lat' dir='ltr'>consiliis,</span> <span class='ocrx_word' id='word_1_123' title='bbox 637 1459 705 1514; x_wconf 93' lang='lat' dir='ltr'>ad</span> <span class='ocrx_word' id='word_1_124' title='bbox 733 1475 853 1514; x_wconf 88' lang='lat' dir='ltr'>eam</span> <span class='ocrx_word' id='word_1_125' title='bbox 882 1458 1135 1513; x_wconf 90' lang='lat' dir='ltr'>redibunt</span> <span class='ocrx_word' id='word_1_126' title='bbox 1184 1459 1538 1530; x_wconf 86' lang='lat' dir='ltr'>quantitatem</span> <span class='ocrx_word' id='word_1_127' title='bbox 1570 1474 1734 1530; x_wconf 89' lang='lat' dir='ltr'>quam</span> <span class='ocrx_word' id='word_1_128' title='bbox 1765 1459 1881 1514; x_wconf 90' lang='lat' dir='ltr'>sine</span> <span class='ocrx_word' id='word_1_129' title='bbox 1920 1459 2194 1530; x_wconf 68' lang='lat' dir='ltr'>przedictis</span> <span class='ocrx_word' id='word_1_130' title='bbox 2223 1467 2449 1530; x_wconf 88' lang='lat' dir='ltr'>possent</span> <span class='ocrx_word' id='word_1_131' title='bbox 2478 1467 2696 1530; x_wconf 89' lang='lat' dir='ltr'>portare</span> <span class='ocrx_word' id='word_1_132' title='bbox 2727 1460 3005 1530; x_wconf 87' lang='lat' dir='ltr'>periculis.</span> <span class='ocrx_word' id='word_1_133' title='bbox 3038 1462 3152 1516; x_wconf 88' lang='lat' dir='ltr'>Nos</span> <span class='ocrx_word' id='word_1_134' title='bbox 3210 1461 3356 1516; x_wconf 90' lang='lat' dir='ltr'>enim</span> <span class='ocrx_word' id='word_1_135' title='bbox 3390 1462 3483 1534; x_wconf 87' lang='lat' dir='ltr'>qui</span> 
     </span>
    </p>
   </div>
   <div class='ocr_carea' id='block_1_14' title="bbox 133 1555 3477 1630">
    <p class='ocr_par' dir='ltr' id='par_1_14' title="bbox 133 1555 3477 1630">
     <span class='ocr_line' id='line_1_14' title="bbox 133 1555 3477 1630; baseline 0.001 -19"><span class='ocrx_word' id='word_1_136' title='bbox 133 1557 199 1611; x_wconf 91' lang='lat' dir='ltr'>in</span> <span class='ocrx_word' id='word_1_137' title='bbox 237 1555 674 1628; x_wconf 63' lang='lat' dir='ltr'>praesentiarum</span> <span class='ocrx_word' id='word_1_138' title='bbox 705 1556 793 1612; x_wconf 91' lang='lat' dir='ltr'>hic</span> <span class='ocrx_word' id='word_1_139' title='bbox 822 1556 1094 1628; x_wconf 88' lang='lat' dir='ltr'>degimus,</span> <span class='ocrx_word' id='word_1_140' title='bbox 1128 1556 1376 1628; x_wconf 90' lang='lat' dir='ltr'>quamvis</span> <span class='ocrx_word' id='word_1_141' title='bbox 1415 1556 1572 1627; x_wconf 89' lang='lat' dir='ltr'>pauci</span> <span class='ocrx_word' id='word_1_142' title='bbox 1600 1556 1788 1623; x_wconf 90' lang='lat' dir='ltr'>simus,</span> <span class='ocrx_word' id='word_1_143' title='bbox 1824 1557 1996 1612; x_wconf 90' lang='lat' dir='ltr'>multo</span> <span class='ocrx_word' id='word_1_144' title='bbox 2024 1556 2314 1629; x_wconf 89' lang='lat' dir='ltr'>pauciores</span> <span class='ocrx_word' id='word_1_145' title='bbox 2340 1573 2463 1613; x_wconf 91' lang='lat' dir='ltr'>esse</span> <span class='ocrx_word' id='word_1_146' title='bbox 2521 1557 2809 1613; x_wconf 85' lang='lat' dir='ltr'>mallemus</span> <span class='ocrx_word' id='word_1_147' title='bbox 2856 1573 3020 1630; x_wconf 89' lang='lat' dir='ltr'>quam</span> <span class='ocrx_word' id='word_1_148' title='bbox 3050 1557 3119 1613; x_wconf 86' lang='lat' dir='ltr'>ad</span> <span class='ocrx_word' id='word_1_149' title='bbox 3175 1559 3268 1614; x_wconf 89' lang='lat' dir='ltr'>illa</span> <span class='ocrx_word' id='word_1_150' title='bbox 3314 1559 3477 1626; x_wconf 89' lang='lat' dir='ltr'>mala,</span> 
     </span>
    </p>
   </div>
   <div class='ocr_carea' id='block_1_15' title="bbox 134 1651 1514 1723">
    <p class='ocr_par' dir='ltr' id='par_1_15' title="bbox 134 1651 1514 1723">
     <span class='ocr_line' id='line_1_15' title="bbox 134 1651 1514 1723; baseline 0.001 -17"><span class='ocrx_word' id='word_1_151' title='bbox 134 1659 395 1706; x_wconf 84' lang='lat' dir='ltr'>servato</span> <span class='ocrx_word' id='word_1_152' title='bbox 427 1652 512 1706; x_wconf 88' lang='lat' dir='ltr'>vel</span> <span class='ocrx_word' id='word_1_153' title='bbox 542 1651 898 1723; x_wconf 87' lang='lat' dir='ltr'>multiplicato</span> <span class='ocrx_word' id='word_1_154' title='bbox 927 1667 1176 1719; x_wconf 89' lang='lat' dir='ltr'>numero,</span> <span class='ocrx_word' id='word_1_155' title='bbox 1206 1652 1514 1722; x_wconf 90' lang='lat' dir='ltr'>pervenire.</span> 
     </span>
    </p>
   </div>
   <div class='ocr_carea' id='block_1_16' title="bbox 224 1749 3490 1822">
    <p class='ocr_par' dir='ltr' id='par_1_16' title="bbox 224 1749 3490 1822">
     <span class='ocr_line' id='line_1_16' title="bbox 224 1749 3490 1822; baseline 0.001 -17"><span class='ocrx_word' id='word_1_156' title='bbox 224 1753 294 1805; x_wconf 92' lang='lat'>3.</span> <span class='ocrx_word' id='word_1_157' title='bbox 345 1749 706 1806; x_wconf 81' lang='lat' dir='ltr'>Attendentes</span> <span class='ocrx_word' id='word_1_158' title='bbox 736 1749 907 1822; x_wconf 89' lang='lat' dir='ltr'>igitur</span> <span class='ocrx_word' id='word_1_159' title='bbox 933 1765 1043 1805; x_wconf 92' lang='lat' dir='ltr'>non</span> <span class='ocrx_word' id='word_1_160' title='bbox 1073 1766 1298 1804; x_wconf 89' lang='lat' dir='ltr'>munera</span> <span class='ocrx_word' id='word_1_161' title='bbox 1326 1766 1445 1820; x_wconf 63' lang='lat' dir='ltr'>quae</span> <span class='ocrx_word' id='word_1_162' title='bbox 1489 1749 1797 1820; x_wconf 90' lang='lat' dir='ltr'>mittuntur,</span> <span class='ocrx_word' id='word_1_163' title='bbox 1833 1767 2010 1822; x_wconf 89' lang='lat' dir='ltr'>neque</span> <span class='ocrx_word' id='word_1_164' title='bbox 2057 1751 2203 1807; x_wconf 88' lang='lat' dir='ltr'>enim</span> <span class='ocrx_word' id='word_1_165' title='bbox 2249 1759 2477 1822; x_wconf 90' lang='lat' dir='ltr'>pr0pter</span> <span class='ocrx_word' id='word_1_166' title='bbox 2525 1751 2743 1807; x_wconf 88' lang='lat' dir='ltr'>incerta</span> <span class='ocrx_word' id='word_1_167' title='bbox 2797 1752 3087 1820; x_wconf 84' lang='lat' dir='ltr'>beneﬁcia,</span> <span class='ocrx_word' id='word_1_168' title='bbox 3121 1769 3288 1809; x_wconf 89' lang='lat' dir='ltr'>onera</span> <span class='ocrx_word' id='word_1_169' title='bbox 3337 1763 3490 1810; x_wconf 89' lang='lat' dir='ltr'>certa</span> 
     </span>
    </p>
   </div>
   <div class='ocr_carea' id='block_1_17' title="bbox 138 1847 3483 1924">
    <p class='ocr_par' dir='ltr' id='par_1_17' title="bbox 138 1847 3483 1924">
     <span class='ocr_line' id='line_1_17' title="bbox 138 1847 3483 1924; baseline 0.001 -23"><span class='ocrx_word' id='word_1_170' title='bbox 138 1863 286 1920; x_wconf 68' lang='lat' dir='ltr'>quae</span> <span class='ocrx_word' id='word_1_171' title='bbox 323 1862 431 1902; x_wconf 90' lang='lat' dir='ltr'>nec</span> <span class='ocrx_word' id='word_1_172' title='bbox 461 1848 658 1918; x_wconf 88' lang='lat' dir='ltr'>portari</span> <span class='ocrx_word' id='word_1_173' title='bbox 688 1863 790 1902; x_wconf 89' lang='lat' dir='ltr'>nec</span> <span class='ocrx_word' id='word_1_174' title='bbox 818 1847 1016 1918; x_wconf 89' lang='lat' dir='ltr'>deponi</span> <span class='ocrx_word' id='word_1_175' title='bbox 1048 1847 1165 1903; x_wconf 91' lang='lat' dir='ltr'>sine</span> <span class='ocrx_word' id='word_1_176' title='bbox 1197 1847 1395 1918; x_wconf 82' lang='lat' dir='ltr'>grandi</span> <span class='ocrx_word' id='word_1_177' title='bbox 1437 1847 1648 1918; x_wconf 88' lang='lat' dir='ltr'>possint</span> <span class='ocrx_word' id='word_1_178' title='bbox 1687 1848 1928 1919; x_wconf 88' lang='lat' dir='ltr'>periculo</span> <span class='ocrx_word' id='word_1_179' title='bbox 1976 1849 2256 1904; x_wconf 90' lang='lat' dir='ltr'>subeunda</span> <span class='ocrx_word' id='word_1_180' title='bbox 2287 1849 2446 1904; x_wconf 90' lang='lat' dir='ltr'>nobis</span> <span class='ocrx_word' id='word_1_181' title='bbox 2477 1849 2766 1917; x_wconf 88' lang='lat' dir='ltr'>videntur;</span> <span class='ocrx_word' id='word_1_182' title='bbox 2801 1865 2909 1904; x_wconf 93' lang='lat' dir='ltr'>non</span> <span class='ocrx_word' id='word_1_183' title='bbox 2939 1866 3076 1924; x_wconf 90' lang='lat' dir='ltr'>ergo</span> <span class='ocrx_word' id='word_1_184' title='bbox 3103 1867 3328 1906; x_wconf 79' lang='lat' dir='ltr'>munera</span> <span class='ocrx_word' id='word_1_185' title='bbox 3351 1867 3483 1907; x_wconf 94' lang='lat' dir='ltr'>con-</span> 
     </span>
    </p>
   </div>
   <div class='ocr_carea' id='block_1_18' title="bbox 143 1944 3486 2019">
    <p class='ocr_par' dir='ltr' id='par_1_18' title="bbox 143 1944 3486 2019">
     <span class='ocr_line' id='line_1_18' title="bbox 143 1944 3486 2019; baseline 0.001 -20"><span class='ocrx_word' id='word_1_186' title='bbox 143 1944 508 2011; x_wconf 86' lang='lat' dir='ltr'>siderantes,</span> <span class='ocrx_word' id='word_1_187' title='bbox 542 1946 638 2001; x_wconf 88' lang='lat' dir='ltr'>sed</span> <span class='ocrx_word' id='word_1_188' title='bbox 668 1946 798 2017; x_wconf 90' lang='lat' dir='ltr'>quid</span> <span class='ocrx_word' id='word_1_189' title='bbox 827 1947 945 2002; x_wconf 72' lang='lat' dir='ltr'>haec</span> <span class='ocrx_word' id='word_1_190' title='bbox 966 1947 1084 2017; x_wconf 83' lang='lat' dir='ltr'>ipsa</span> <span class='ocrx_word' id='word_1_191' title='bbox 1118 1946 1172 2000; x_wconf 91' lang='lat' dir='ltr'>in</span> <span class='ocrx_word' id='word_1_192' title='bbox 1203 1961 1309 2018; x_wconf 87' lang='lat' dir='ltr'>qua</span> <span class='ocrx_word' id='word_1_193' title='bbox 1341 1962 1527 2003; x_wconf 90' lang='lat' dir='ltr'>sumus</span> <span class='ocrx_word' id='word_1_194' title='bbox 1558 1963 1798 2012; x_wconf 88' lang='lat' dir='ltr'>ercmus,</span> <span class='ocrx_word' id='word_1_195' title='bbox 1839 1947 1954 2002; x_wconf 90' lang='lat' dir='ltr'>sive</span> <span class='ocrx_word' id='word_1_196' title='bbox 1985 1963 2048 2003; x_wconf 85' lang='lat' dir='ltr'>ex</span> <span class='ocrx_word' id='word_1_197' title='bbox 2073 1946 2423 2018; x_wconf 86' lang='lat' dir='ltr'>agricultura,</span> <span class='ocrx_word' id='word_1_198' title='bbox 2459 1948 2575 2002; x_wconf 86' lang='lat' dir='ltr'>sive</span> <span class='ocrx_word' id='word_1_199' title='bbox 2613 1965 2680 2003; x_wconf 87' lang='lat' dir='ltr'>ex</span> <span class='ocrx_word' id='word_1_200' title='bbox 2712 1963 2973 2019; x_wconf 90' lang='lat' dir='ltr'>pecorum</span> <span class='ocrx_word' id='word_1_201' title='bbox 3004 1949 3335 2004; x_wconf 90' lang='lat' dir='ltr'>nutrimento</span> <span class='ocrx_word' id='word_1_202' title='bbox 3359 1949 3486 2005; x_wconf 89' lang='lat' dir='ltr'>red-</span> 
     </span>
    </p>
   </div>
   <div class='ocr_carea' id='block_1_19' title="bbox 142 2043 3479 2118">
    <p class='ocr_par' dir='ltr' id='par_1_19' title="bbox 142 2043 3479 2118">
     <span class='ocr_line' id='line_1_19' title="bbox 142 2043 3479 2118; baseline 0.002 -22"><span class='ocrx_word' id='word_1_203' title='bbox 142 2043 300 2098; x_wconf 87' lang='lat' dir='ltr'>dere</span> <span class='ocrx_word' id='word_1_204' title='bbox 336 2043 553 2114; x_wconf 90' lang='lat' dir='ltr'>possit;</span> <span class='ocrx_word' id='word_1_205' title='bbox 584 2052 836 2115; x_wconf 85' lang='lat' dir='ltr'>putamus</span> <span class='ocrx_word' id='word_1_206' title='bbox 867 2044 1151 2115; x_wconf 71' lang='lat' dir='ltr'>praefatum</span> <span class='ocrx_word' id='word_1_207' title='bbox 1181 2061 1464 2100; x_wconf 89' lang='lat' dir='ltr'>numerum</span> <span class='ocrx_word' id='word_1_208' title='bbox 1495 2045 1773 2100; x_wconf 74' lang='lat' dir='ltr'>hominum</span> <span class='ocrx_word' id='word_1_209' title='bbox 1805 2044 1894 2101; x_wconf 90' lang='lat' dir='ltr'>hic</span> <span class='ocrx_word' id='word_1_210' title='bbox 1922 2045 2107 2101; x_wconf 87' lang='lat' dir='ltr'>vivere</span> <span class='ocrx_word' id='word_1_211' title='bbox 2157 2062 2338 2117; x_wconf 91' lang='lat' dir='ltr'>posse,</span> <span class='ocrx_word' id='word_1_212' title='bbox 2400 2045 2445 2099; x_wconf 91' lang='lat' dir='ltr'>si</span> <span class='ocrx_word' id='word_1_213' title='bbox 2494 2053 2676 2100; x_wconf 88' lang='lat' dir='ltr'>tamen</span> <span class='ocrx_word' id='word_1_214' title='bbox 2732 2046 3064 2111; x_wconf 83' lang='lat' dir='ltr'>humilitatis,</span> <span class='ocrx_word' id='word_1_215' title='bbox 3123 2049 3479 2118; x_wconf 87' lang='lat' dir='ltr'>paupertatis,</span> 
     </span>
    </p>
   </div>
   <div class='ocr_carea' id='block_1_20' title="bbox 147 2139 3482 2215">
    <p class='ocr_par' dir='ltr' id='par_1_20' title="bbox 147 2139 3482 2215">
     <span class='ocr_line' id='line_1_20' title="bbox 147 2139 3482 2215; baseline 0.001 -21"><span class='ocrx_word' id='word_1_216' title='bbox 147 2139 512 2207; x_wconf 83' lang='lat' dir='ltr'>sobrietatis,</span> <span class='ocrx_word' id='word_1_217' title='bbox 542 2140 599 2194; x_wconf 91' lang='lat' dir='ltr'>in</span> <span class='ocrx_word' id='word_1_218' title='bbox 627 2141 769 2197; x_wconf 89' lang='lat' dir='ltr'>victu</span> <span class='ocrx_word' id='word_1_219' title='bbox 799 2149 852 2196; x_wconf 90' lang='lat' dir='ltr'>et</span> <span class='ocrx_word' id='word_1_220' title='bbox 881 2141 1079 2197; x_wconf 89' lang='lat' dir='ltr'>vestitu</span> <span class='ocrx_word' id='word_1_221' title='bbox 1109 2149 1162 2196; x_wconf 91' lang='lat' dir='ltr'>et</span> <span class='ocrx_word' id='word_1_222' title='bbox 1193 2141 1405 2197; x_wconf 60' lang='lat' dir='ltr'>cateris</span> <span class='ocrx_word' id='word_1_223' title='bbox 1445 2141 1516 2196; x_wconf 90' lang='lat' dir='ltr'>ad</span> <span class='ocrx_word' id='word_1_224' title='bbox 1545 2159 1700 2196; x_wconf 90' lang='lat' dir='ltr'>usum</span> <span class='ocrx_word' id='word_1_225' title='bbox 1732 2141 2130 2212; x_wconf 86' lang='lat' dir='ltr'>pertinentibus</span> <span class='ocrx_word' id='word_1_226' title='bbox 2162 2143 2344 2208; x_wconf 88' lang='lat' dir='ltr'>rebus,</span> <span class='ocrx_word' id='word_1_227' title='bbox 2378 2142 2523 2197; x_wconf 89' lang='lat' dir='ltr'>idem</span> <span class='ocrx_word' id='word_1_228' title='bbox 2554 2143 2700 2214; x_wconf 89' lang='lat' dir='ltr'>quod</span> <span class='ocrx_word' id='word_1_229' title='bbox 2757 2143 3040 2215; x_wconf 88' lang='lat' dir='ltr'>hucusque</span> <span class='ocrx_word' id='word_1_230' title='bbox 3093 2143 3190 2197; x_wconf 88' lang='lat' dir='ltr'>fuit</span> <span class='ocrx_word' id='word_1_231' title='bbox 3242 2145 3482 2199; x_wconf 90' lang='lat' dir='ltr'>studium</span> 
     </span>
    </p>
   </div>
   <div class='ocr_carea' id='block_1_21' title="bbox 141 2238 3480 2316">
    <p class='ocr_par' dir='ltr' id='par_1_21' title="bbox 141 2238 3480 2316">
     <span class='ocr_line' id='line_1_21' title="bbox 141 2238 3480 2316; baseline 0.001 -22"><span class='ocrx_word' id='word_1_232' title='bbox 141 2246 514 2309; x_wconf 88' lang='lat' dir='ltr'>perseveret,</span> <span class='ocrx_word' id='word_1_233' title='bbox 547 2246 601 2294; x_wconf 89' lang='lat' dir='ltr'>et</span> <span class='ocrx_word' id='word_1_234' title='bbox 629 2239 675 2294; x_wconf 93' lang='lat' dir='ltr'>si</span> <span class='ocrx_word' id='word_1_235' title='bbox 706 2247 980 2310; x_wconf 89' lang='lat' dir='ltr'>postremo</span> <span class='ocrx_word' id='word_1_236' title='bbox 1013 2239 1199 2294; x_wconf 91' lang='lat' dir='ltr'>mundi</span> <span class='ocrx_word' id='word_1_237' title='bbox 1229 2247 1572 2312; x_wconf 90' lang='lat' dir='ltr'>contemptus</span> <span class='ocrx_word' id='word_1_238' title='bbox 1603 2248 1654 2295; x_wconf 89' lang='lat' dir='ltr'>et</span> <span class='ocrx_word' id='word_1_239' title='bbox 1685 2240 1784 2296; x_wconf 90' lang='lat' dir='ltr'>Dei</span> <span class='ocrx_word' id='word_1_240' title='bbox 1814 2255 1989 2306; x_wconf 89' lang='lat' dir='ltr'>amor,</span> <span class='ocrx_word' id='word_1_241' title='bbox 2023 2248 2249 2312; x_wconf 83' lang='lat' dir='ltr'>prepter</span> <span class='ocrx_word' id='word_1_242' title='bbox 2270 2256 2430 2312; x_wconf 90' lang='lat' dir='ltr'>quem</span> <span class='ocrx_word' id='word_1_243' title='bbox 2486 2239 2617 2295; x_wconf 86' lang='lat' dir='ltr'>ferri</span> <span class='ocrx_word' id='word_1_244' title='bbox 2648 2248 2701 2295; x_wconf 91' lang='lat' dir='ltr'>et</span> <span class='ocrx_word' id='word_1_245' title='bbox 2731 2238 2846 2296; x_wconf 87' lang='lat' dir='ltr'>fieri</span> <span class='ocrx_word' id='word_1_246' title='bbox 2877 2240 3059 2296; x_wconf 89' lang='lat' dir='ltr'>omnia</span> <span class='ocrx_word' id='word_1_247' title='bbox 3088 2241 3310 2309; x_wconf 89' lang='lat' dir='ltr'>debent,</span> <span class='ocrx_word' id='word_1_248' title='bbox 3343 2258 3480 2316; x_wconf 89' lang='lat' dir='ltr'>pro-</span> 
     </span>
    </p>
   </div>
   <div class='ocr_carea' id='block_1_22' title="bbox 142 2335 916 2409">
    <p class='ocr_par' dir='ltr' id='par_1_22' title="bbox 142 2335 916 2409">
     <span class='ocr_line' id='line_1_22' title="bbox 142 2335 916 2409; baseline 0.001 -17"><span class='ocrx_word' id='word_1_249' title='bbox 142 2337 375 2393; x_wconf 85' lang='lat' dir='ltr'>fectum</span> <span class='ocrx_word' id='word_1_250' title='bbox 406 2336 461 2391; x_wconf 91' lang='lat' dir='ltr'>in</span> <span class='ocrx_word' id='word_1_251' title='bbox 491 2335 610 2392; x_wconf 88' lang='lat' dir='ltr'>dies</span> <span class='ocrx_word' id='word_1_252' title='bbox 656 2336 916 2409; x_wconf 87' lang='lat' dir='ltr'>accipiat.</span> 
     </span>
    </p>
   </div>
   <div class='ocr_carea' id='block_1_23' title="bbox 1531 2409 2108 2466">
    <p class='ocr_par' dir='ltr' id='par_1_23' title="bbox 1531 2409 2108 2466">
     <span class='ocr_line' id='line_1_23' title="bbox 1531 2409 2108 2466; baseline -0.002 -1"><span class='ocrx_word' id='word_1_253' title='bbox 1531 2409 2108 2466; x_wconf 78' lang='lat' dir='ltr'>COMMENTARIUS.</span> 
     </span>
    </p>
   </div>
   <div class='ocr_carea' id='block_1_24' title="bbox 153 2505 3482 2580">
    <p class='ocr_par' dir='ltr' id='par_1_24' title="bbox 153 2505 3482 2580">
     <span class='ocr_line' id='line_1_24' title="bbox 153 2505 3482 2580; baseline 0.001 -20"><span class='ocrx_word' id='word_1_254' title='bbox 153 2505 434 2576; x_wconf 84' lang='lat' dir='ltr'>Explicat</span> <span class='ocrx_word' id='word_1_255' title='bbox 460 2512 668 2561; x_wconf 90' lang='lat' dir='ltr'>tantum</span> <span class='ocrx_word' id='word_1_256' title='bbox 697 2507 767 2563; x_wconf 74' lang='grc' dir='ltr'>Β.</span> <span class='ocrx_word' id='word_1_257' title='bbox 809 2508 968 2562; x_wconf 89' lang='lat' dir='ltr'>Pater</span> <span class='ocrx_word' id='word_1_258' title='bbox 997 2507 1178 2579; x_wconf 88' lang='lat' dir='ltr'>Guigo</span> <span class='ocrx_word' id='word_1_259' title='bbox 1233 2507 1379 2579; x_wconf 91' lang='lat' dir='ltr'>quod</span> <span class='ocrx_word' id='word_1_260' title='bbox 1408 2510 1552 2580; x_wconf 91' lang='lat' dir='ltr'>apud</span> <span class='ocrx_word' id='word_1_261' title='bbox 1585 2525 1644 2563; x_wconf 90' lang='lat' dir='ltr'>se</span> <span class='ocrx_word' id='word_1_262' title='bbox 1675 2517 1781 2564; x_wconf 88' lang='lat' dir='ltr'>sta-</span> <span class='ocrx_word' id='word_1_263' title='bbox 1807 2512 1861 2570; x_wconf 86' lang='grc' dir='ltr'><strong>Α</strong></span> <span class='ocrx_word' id='word_1_264' title='bbox 1881 2507 2106 2562; x_wconf 90' lang='lat' dir='ltr'>chorum</span> <span class='ocrx_word' id='word_1_265' title='bbox 2134 2507 2428 2578; x_wconf 87' lang='lat' dir='ltr'>aliquando</span> <span class='ocrx_word' id='word_1_266' title='bbox 2450 2514 2765 2579; x_wconf 88' lang='lat' dir='ltr'>assurgant,</span> <span class='ocrx_word' id='word_1_267' title='bbox 2790 2513 2843 2562; x_wconf 91' lang='lat' dir='ltr'>et</span> <span class='ocrx_word' id='word_1_268' title='bbox 2870 2506 2950 2562; x_wconf 92' lang='lat' dir='ltr'>sic</span> <span class='ocrx_word' id='word_1_269' title='bbox 2980 2506 3188 2577; x_wconf 89' lang='lat' dir='ltr'>possint</span> <span class='ocrx_word' id='word_1_270' title='bbox 3207 2506 3482 2580; x_wconf 88' lang='lat' dir='ltr'>integram</span> 
     </span>
    </p>
   </div>
   <div class='ocr_carea' id='block_1_25' title="bbox 147 2593 3480 2668">
    <p class='ocr_par' dir='ltr' id='par_1_25' title="bbox 147 2593 3480 2668">
     <span class='ocr_line' id='line_1_25' title="bbox 147 2593 3480 2668; baseline 0.001 -20"><span class='ocrx_word' id='word_1_271' title='bbox 147 2601 347 2648; x_wconf 89' lang='lat' dir='ltr'>tuerat</span> <span class='ocrx_word' id='word_1_272' title='bbox 378 2610 483 2665; x_wconf 91' lang='lat' dir='ltr'>pro</span> <span class='ocrx_word' id='word_1_273' title='bbox 504 2593 668 2649; x_wconf 91' lang='lat' dir='ltr'>domo</span> <span class='ocrx_word' id='word_1_274' title='bbox 715 2595 1036 2661; x_wconf 69' lang='lat' dir='ltr'>Carthusiae,</span> <span class='ocrx_word' id='word_1_275' title='bbox 1067 2597 1457 2652; x_wconf 89' lang='lat' dir='ltr'>concordando</span> <span class='ocrx_word' id='word_1_276' title='bbox 1486 2614 1777 2652; x_wconf 90' lang='lat' dir='ltr'>numerum</span> <span class='ocrx_word' id='word_1_277' title='bbox 1881 2595 2292 2650; x_wconf 82' lang='lat' dir='ltr'>observantiam</span> <span class='ocrx_word' id='word_1_278' title='bbox 2325 2595 2639 2668; x_wconf 86' lang='lat' dir='ltr'>regularem</span> <span class='ocrx_word' id='word_1_279' title='bbox 2660 2595 2714 2648; x_wconf 92' lang='lat' dir='ltr'>in</span> <span class='ocrx_word' id='word_1_280' title='bbox 2744 2603 2904 2650; x_wconf 91' lang='lat' dir='ltr'>cantu</span> <span class='ocrx_word' id='word_1_281' title='bbox 2933 2603 2986 2649; x_wconf 89' lang='lat' dir='ltr'>et</span> <span class='ocrx_word' id='word_1_282' title='bbox 3015 2595 3218 2650; x_wconf 88' lang='lat' dir='ltr'>lectura</span> <span class='ocrx_word' id='word_1_283' title='bbox 3247 2595 3480 2653; x_wconf 85' lang='lat' dir='ltr'>refecto-</span> 
     </span>
    </p>
   </div>
   <div class='ocr_carea' id='block_1_26' title="bbox 148 2683 3479 2755">
    <p class='ocr_par' dir='ltr' id='par_1_26' title="bbox 148 2683 3479 2755">
     <span class='ocr_line' id='line_1_26' title="bbox 148 2683 3479 2755; baseline 0.001 -18"><span class='ocrx_word' id='word_1_284' title='bbox 148 2698 540 2754; x_wconf 88' lang='lat' dir='ltr'>personarum</span> <span class='ocrx_word' id='word_1_285' title='bbox 587 2691 640 2738; x_wconf 92' lang='lat' dir='ltr'>et</span> <span class='ocrx_word' id='word_1_286' title='bbox 696 2699 867 2738; x_wconf 90' lang='lat' dir='ltr'>onera</span> <span class='ocrx_word' id='word_1_287' title='bbox 920 2683 1114 2739; x_wconf 92' lang='lat' dir='ltr'>domus</span> <span class='ocrx_word' id='word_1_288' title='bbox 1173 2684 1471 2739; x_wconf 72' lang='lat' dir='ltr'>Carthusiee</span> <span class='ocrx_word' id='word_1_289' title='bbox 1502 2701 1627 2741; x_wconf 90' lang='lat' dir='ltr'>cum</span> <span class='ocrx_word' id='word_1_290' title='bbox 1659 2686 1776 2754; x_wconf 89' lang='lat' dir='ltr'>ejus</span> <span class='ocrx_word' id='word_1_291' title='bbox 1879 2684 1946 2738; x_wconf 90' lang='lat' dir='ltr'>rii</span> <span class='ocrx_word' id='word_1_292' title='bbox 2005 2683 2324 2754; x_wconf 87' lang='lat' dir='ltr'>adimplere,</span> <span class='ocrx_word' id='word_1_293' title='bbox 2392 2684 2539 2755; x_wconf 92' lang='lat' dir='ltr'>quod</span> <span class='ocrx_word' id='word_1_294' title='bbox 2593 2690 2800 2738; x_wconf 86' lang='lat' dir='ltr'>certea</span> <span class='ocrx_word' id='word_1_295' title='bbox 2845 2698 3017 2754; x_wconf 89' lang='lat' dir='ltr'>parvo</span> <span class='ocrx_word' id='word_1_296' title='bbox 3073 2700 3298 2739; x_wconf 86' lang='lat' dir='ltr'>numero</span> <span class='ocrx_word' id='word_1_297' title='bbox 3356 2700 3479 2742; x_wconf 90' lang='lat' dir='ltr'>raro</span> 
     </span>
    </p>
   </div>
   <div class='ocr_carea' id='block_1_27' title="bbox 153 2770 3473 2843">
    <p class='ocr_par' dir='ltr' id='par_1_27' title="bbox 153 2770 3473 2843">
     <span class='ocr_line' id='line_1_27' title="bbox 153 2770 3473 2843; baseline 0.001 -18"><span class='ocrx_word' id='word_1_298' title='bbox 153 2770 552 2838; x_wconf 78' lang='lat' dir='ltr'>facultatibus,</span> <span class='ocrx_word' id='word_1_299' title='bbox 583 2779 643 2827; x_wconf 86' lang='lat' dir='ltr'>ut</span> <span class='ocrx_word' id='word_1_300' title='bbox 697 2772 879 2828; x_wconf 87' lang='lat' dir='ltr'>statim</span> <span class='ocrx_word' id='word_1_301' title='bbox 920 2772 1208 2828; x_wconf 89' lang='lat' dir='ltr'>videbitur.</span> <span class='ocrx_word' id='word_1_302' title='bbox 1249 2773 1357 2828; x_wconf 89' lang='lat' dir='ltr'>Sed</span> <span class='ocrx_word' id='word_1_303' title='bbox 1401 2773 1503 2828; x_wconf 84' lang='lat' dir='ltr'>ista</span> <span class='ocrx_word' id='word_1_304' title='bbox 1533 2774 1588 2828; x_wconf 92' lang='lat' dir='ltr'>in</span> <span class='ocrx_word' id='word_1_305' title='bbox 1630 2775 1774 2830; x_wconf 87' lang='lat' dir='ltr'>anti-</span> <span class='ocrx_word' id='word_1_306' title='bbox 1876 2773 2302 2843; x_wconf 88' lang='lat' dir='ltr'>potestdiscrete</span> <span class='ocrx_word' id='word_1_307' title='bbox 2327 2771 2473 2843; x_wconf 88' lang='lat' dir='ltr'>exigi</span> <span class='ocrx_word' id='word_1_308' title='bbox 2493 2778 2719 2842; x_wconf 88' lang='lat' dir='ltr'>propter</span> <span class='ocrx_word' id='word_1_309' title='bbox 2737 2787 2897 2826; x_wconf 91' lang='lat' dir='ltr'>senes</span> <span class='ocrx_word' id='word_1_310' title='bbox 2921 2779 2973 2826; x_wconf 90' lang='lat' dir='ltr'>et</span> <span class='ocrx_word' id='word_1_311' title='bbox 2996 2771 3427 2828; x_wconf 89' lang='lat' dir='ltr'>valetudinarios</span> <span class='ocrx_word' id='word_1_312' title='bbox 3461 2788 3473 2827; x_wconf 88' lang='lat'>:</span> 
     </span>
    </p>
   </div>
   <div class='ocr_carea' id='block_1_28' title="bbox 154 2856 1626 2930">
    <p class='ocr_par' dir='ltr' id='par_1_28' title="bbox 154 2856 1626 2930">
     <span class='ocr_line' id='line_1_28' title="bbox 154 2856 1626 2930; baseline 0.003 -20"><span class='ocrx_word' id='word_1_313' title='bbox 154 2856 289 2928; x_wconf 89' lang='lat' dir='ltr'>quis</span> <span class='ocrx_word' id='word_1_314' title='bbox 334 2857 556 2912; x_wconf 92' lang='lat' dir='ltr'>statutis</span> <span class='ocrx_word' id='word_1_315' title='bbox 595 2857 929 2913; x_wconf 90' lang='lat' dir='ltr'>enucleatius</span> <span class='ocrx_word' id='word_1_316' title='bbox 971 2873 1235 2928; x_wconf 90' lang='lat' dir='ltr'>expressa</span> <span class='ocrx_word' id='word_1_317' title='bbox 1264 2858 1626 2930; x_wconf 89' lang='lat' dir='ltr'>reperientur.</span> 
     </span>
    </p>
   </div>
   <div class='ocr_carea' id='block_1_29' title="bbox 241 2946 1770 3018">
    <p class='ocr_par' dir='ltr' id='par_1_29' title="bbox 241 2946 1770 3018">
     <span class='ocr_line' id='line_1_29' title="bbox 241 2946 1770 3018; baseline 0.002 -18"><span class='ocrx_word' id='word_1_318' title='bbox 241 2947 372 3001; x_wconf 85' lang='lat' dir='ltr'>Hoc</span> <span class='ocrx_word' id='word_1_319' title='bbox 398 2946 696 3017; x_wconf 87' lang='lat' dir='ltr'>capitulum</span> <span class='ocrx_word' id='word_1_320' title='bbox 725 2946 962 3003; x_wconf 90' lang='lat' dir='ltr'>relatum</span> <span class='ocrx_word' id='word_1_321' title='bbox 980 2946 1152 3002; x_wconf 88' lang='lat' dir='ltr'>habes</span> <span class='ocrx_word' id='word_1_322' title='bbox 1182 2947 1237 3000; x_wconf 93' lang='lat' dir='ltr'>in</span> <span class='ocrx_word' id='word_1_323' title='bbox 1267 2947 1504 3018; x_wconf 89' lang='lat' dir='ltr'>antiquis</span> <span class='ocrx_word' id='word_1_324' title='bbox 1535 2947 1770 3018; x_wconf 81' lang='lat' dir='ltr'>statutis,</span> 
     </span>
    </p>
   </div>
   <div class='ocr_carea' id='block_1_30' title="bbox 158 3036 1769 3115">
    <p class='ocr_par' dir='ltr' id='par_1_30' title="bbox 158 3036 1769 3115">
     <span class='ocr_line' id='line_1_30' title="bbox 158 3036 1769 3115; baseline -0.004 -18"><span class='ocrx_word' id='word_1_325' title='bbox 158 3049 310 3115; x_wconf 89' lang='lat' dir='ltr'>part.</span> <span class='ocrx_word' id='word_1_326' title='bbox 352 3056 417 3106; x_wconf 82' lang='grc' dir='ltr'>ιι,</span> <span class='ocrx_word' id='word_1_327' title='bbox 440 3053 562 3108; x_wconf 89' lang='lat' dir='ltr'>cap.</span> <span class='ocrx_word' id='word_1_328' title='bbox 593 3039 684 3103; x_wconf 77' lang='lat'>25,</span> <span class='ocrx_word' id='word_1_329' title='bbox 703 3051 797 3091; x_wconf 92' lang='lat' dir='ltr'>nn.</span> <span class='ocrx_word' id='word_1_330' title='bbox 825 3039 847 3089; x_wconf 92' lang='grc'>1</span> <span class='ocrx_word' id='word_1_331' title='bbox 872 3043 926 3090; x_wconf 89' lang='lat' dir='ltr'>et</span> <span class='ocrx_word' id='word_1_332' title='bbox 953 3039 1004 3105; x_wconf 88' lang='lat'>3,</span> <span class='ocrx_word' id='word_1_333' title='bbox 1026 3043 1076 3090; x_wconf 89' lang='lat' dir='ltr'>et</span> <span class='ocrx_word' id='word_1_334' title='bbox 1093 3051 1212 3106; x_wconf 89' lang='lat' dir='ltr'>cap.</span> <span class='ocrx_word' id='word_1_335' title='bbox 1239 3036 1326 3102; x_wconf 73' lang='grc'>34,</span> <span class='ocrx_word' id='word_1_336' title='bbox 1346 3044 1489 3107; x_wconf 89' lang='lat' dir='ltr'>part.</span> <span class='ocrx_word' id='word_1_337' title='bbox 1524 3052 1604 3102; x_wconf 89' lang='lat' dir='ltr'>m,</span> <span class='ocrx_word' id='word_1_338' title='bbox 1637 3053 1692 3091; x_wconf 92' lang='lat' dir='ltr'>n.</span> <span class='ocrx_word' id='word_1_339' title='bbox 1715 3039 1769 3094; x_wconf 78' lang='lat'>2.</span> 
     </span>
    </p>
   </div>
   <div class='ocr_carea' id='block_1_31' title="bbox 229 3123 1772 3198">
    <p class='ocr_par' dir='ltr' id='par_1_31' title="bbox 229 3123 1772 3198">
     <span class='ocr_line' id='line_1_31' title="bbox 229 3123 1772 3198; baseline -0.003 -12"><span class='ocrx_word' id='word_1_340' title='bbox 229 3131 377 3187; x_wconf 78' lang='lat' dir='ltr'>CAP.</span> <span class='ocrx_word' id='word_1_341' title='bbox 397 3124 824 3183; x_wconf 61' lang='lat' dir='ltr'><strong>LXXIX—Hic</strong></span> <span class='ocrx_word' id='word_1_342' title='bbox 845 3131 1031 3196; x_wconf 88' lang='lat' dir='ltr'>aperte</span> <span class='ocrx_word' id='word_1_343' title='bbox 1047 3123 1300 3196; x_wconf 88' lang='lat' dir='ltr'>exprimit</span> <span class='ocrx_word' id='word_1_344' title='bbox 1320 3125 1386 3181; x_wconf 86' lang='lat' dir='ltr'>R.</span> <span class='ocrx_word' id='word_1_345' title='bbox 1409 3125 1570 3180; x_wconf 86' lang='lat' dir='ltr'>Pater</span> <span class='ocrx_word' id='word_1_346' title='bbox 1592 3124 1772 3198; x_wconf 91' lang='lat' dir='ltr'>Guigo</span> 
     </span>
    </p>
   </div>
   <div class='ocr_carea' id='block_1_32' title="bbox 160 3212 1773 3275">
    <p class='ocr_par' dir='ltr' id='par_1_32' title="bbox 160 3212 1773 3275">
     <span class='ocr_line' id='line_1_32' title="bbox 160 3212 1773 3275; baseline -0.004 0"><span class='ocrx_word' id='word_1_347' title='bbox 160 3219 443 3275; x_wconf 87' lang='lat' dir='ltr'>rationem</span> <span class='ocrx_word' id='word_1_348' title='bbox 473 3231 569 3272; x_wconf 91' lang='lat' dir='ltr'>cur</span> <span class='ocrx_word' id='word_1_349' title='bbox 595 3213 954 3269; x_wconf 89' lang='lat' dir='ltr'>habitatorum</span> <span class='ocrx_word' id='word_1_350' title='bbox 987 3213 1158 3269; x_wconf 89' lang='lat' dir='ltr'>eremi</span> <span class='ocrx_word' id='word_1_351' title='bbox 1180 3212 1483 3269; x_wconf 74' lang='lat' dir='ltr'>Carthusiae</span> <span class='ocrx_word' id='word_1_352' title='bbox 1513 3229 1773 3269; x_wconf 90' lang='lat' dir='ltr'>numerus</span> 
     </span>
    </p>
   </div>
   <div class='ocr_carea' id='block_1_33' title="bbox 160 3301 1772 3374">
    <p class='ocr_par' dir='ltr' id='par_1_33' title="bbox 160 3301 1772 3374">
     <span class='ocr_line' id='line_1_33' title="bbox 160 3301 1772 3374; baseline -0.004 -10"><span class='ocrx_word' id='word_1_353' title='bbox 160 3309 236 3365; x_wconf 89' lang='lat' dir='ltr'>ad</span> <span class='ocrx_word' id='word_1_354' title='bbox 269 3305 545 3362; x_wconf 90' lang='lat' dir='ltr'>tredecim</span> <span class='ocrx_word' id='word_1_355' title='bbox 587 3311 678 3359; x_wconf 91' lang='lat' dir='ltr'>aut</span> <span class='ocrx_word' id='word_1_356' title='bbox 705 3301 1121 3374; x_wconf 90' lang='lat' dir='ltr'>quatuordecim</span> <span class='ocrx_word' id='word_1_357' title='bbox 1161 3302 1462 3358; x_wconf 87' lang='lat' dir='ltr'>monachos</span> <span class='ocrx_word' id='word_1_358' title='bbox 1491 3310 1543 3359; x_wconf 89' lang='lat' dir='ltr'>et</span> <span class='ocrx_word' id='word_1_359' title='bbox 1571 3303 1772 3358; x_wconf 90' lang='lat' dir='ltr'>sexde-</span> 
     </span>
    </p>
   </div>
   <div class='ocr_carea' id='block_1_34' title="bbox 157 3391 1772 3463">
    <p class='ocr_par' dir='ltr' id='par_1_34' title="bbox 157 3391 1772 3463">
     <span class='ocr_line' id='line_1_34' title="bbox 157 3391 1772 3463; baseline -0.003 -9"><span class='ocrx_word' id='word_1_360' title='bbox 157 3398 271 3454; x_wconf 88' lang='lat' dir='ltr'>cim</span> <span class='ocrx_word' id='word_1_361' title='bbox 302 3409 608 3453; x_wconf 91' lang='lat' dir='ltr'>conversos</span> <span class='ocrx_word' id='word_1_362' title='bbox 653 3391 818 3448; x_wconf 87' lang='lat' dir='ltr'>fuerit</span> <span class='ocrx_word' id='word_1_363' title='bbox 863 3391 1276 3458; x_wconf 89' lang='lat' dir='ltr'>determinatus,</span> <span class='ocrx_word' id='word_1_364' title='bbox 1323 3407 1396 3448; x_wconf 83' lang='lat' dir='ltr'>ne</span> <span class='ocrx_word' id='word_1_365' title='bbox 1425 3391 1499 3447; x_wconf 84' lang='lat' dir='ltr'>ad</span> <span class='ocrx_word' id='word_1_366' title='bbox 1527 3393 1772 3463; x_wconf 80' lang='lat' dir='ltr'>majores</span> 
     </span>
    </p>
   </div>
   <div class='ocr_carea' id='block_1_35' title="bbox 158 3480 1767 3560">
    <p class='ocr_par' dir='ltr' id='par_1_35' title="bbox 158 3480 1767 3560">
     <span class='ocr_line' id='line_1_35' title="bbox 158 3480 1767 3560; baseline -0.002 -19"><span class='ocrx_word' id='word_1_367' title='bbox 158 3501 340 3560; x_wconf 87' lang='lat' dir='ltr'>quam</span> <span class='ocrx_word' id='word_1_368' title='bbox 389 3486 542 3540; x_wconf 83' lang='lat' dir='ltr'>locus</span> <span class='ocrx_word' id='word_1_369' title='bbox 583 3484 694 3539; x_wconf 78' lang='lat' dir='ltr'>iste</span> <span class='ocrx_word' id='word_1_370' title='bbox 730 3482 976 3554; x_wconf 82' lang='lat' dir='ltr'>patitur,</span> <span class='ocrx_word' id='word_1_371' title='bbox 1027 3480 1216 3552; x_wconf 88' lang='lat' dir='ltr'>inquit,</span> <span class='ocrx_word' id='word_1_372' title='bbox 1264 3496 1545 3552; x_wconf 75' lang='lat' dir='ltr'>expensas</span> <span class='ocrx_word' id='word_1_373' title='bbox 1566 3483 1767 3548; x_wconf 78' lang='lat' dir='ltr'>coacti,</span> 
     </span>
    </p>
   </div>
   <div class='ocr_carea' id='block_1_36' title="bbox 161 3568 1764 3648">
    <p class='ocr_par' dir='ltr' id='par_1_36' title="bbox 161 3568 1764 3648">
     <span class='ocr_line' id='line_1_36' title="bbox 161 3568 1764 3648; baseline -0.005 -16"><span class='ocrx_word' id='word_1_374' title='bbox 161 3589 427 3648; x_wconf 71' lang='lat' dir='ltr'>quaerere</span> <span class='ocrx_word' id='word_1_375' title='bbox 453 3576 510 3628; x_wconf 88' lang='lat' dir='ltr'>et</span> <span class='ocrx_word' id='word_1_376' title='bbox 563 3572 776 3643; x_wconf 81' lang='lat' dir='ltr'>vagari,</span> <span class='ocrx_word' id='word_1_377' title='bbox 829 3568 972 3642; x_wconf 83' lang='lat' dir='ltr'>quod</span> <span class='ocrx_word' id='word_1_378' title='bbox 1027 3569 1341 3636; x_wconf 85' lang='lat' dir='ltr'>horremus,</span> <span class='ocrx_word' id='word_1_379' title='bbox 1399 3570 1764 3642; x_wconf 78' lang='lat' dir='ltr'>incipiamus.</span> 
     </span>
    </p>
   </div>
   <div class='ocr_carea' id='block_1_37' title="bbox 160 3657 1770 3734">
    <p class='ocr_par' dir='ltr' id='par_1_37' title="bbox 160 3657 1770 3734">
     <span class='ocr_line' id='line_1_37' title="bbox 160 3657 1770 3734; baseline -0.004 -16"><span class='ocrx_word' id='word_1_380' title='bbox 160 3664 413 3734; x_wconf 89' lang='lat' dir='ltr'>Idipsum</span> <span class='ocrx_word' id='word_1_381' title='bbox 446 3667 700 3731; x_wconf 88' lang='lat' dir='ltr'>repetunt</span> <span class='ocrx_word' id='word_1_382' title='bbox 729 3666 783 3714; x_wconf 90' lang='lat' dir='ltr'>et</span> <span class='ocrx_word' id='word_1_383' title='bbox 819 3673 967 3730; x_wconf 66' lang='lat' dir='ltr'>szepe</span> <span class='ocrx_word' id='word_1_384' title='bbox 997 3657 1269 3714; x_wconf 86' lang='lat' dir='ltr'>inculcant</span> <span class='ocrx_word' id='word_1_385' title='bbox 1301 3666 1412 3713; x_wconf 92' lang='lat' dir='ltr'>tum</span> <span class='ocrx_word' id='word_1_386' title='bbox 1442 3665 1627 3714; x_wconf 88' lang='lat' dir='ltr'>vetera</span> <span class='ocrx_word' id='word_1_387' title='bbox 1655 3665 1770 3713; x_wconf 92' lang='lat' dir='ltr'>tum</span> 
     </span>
    </p>
   </div>
   <div class='ocr_carea' id='block_1_38' title="bbox 159 3746 1769 3820">
    <p class='ocr_par' dir='ltr' id='par_1_38' title="bbox 159 3746 1769 3820">
     <span class='ocr_line' id='line_1_38' title="bbox 159 3746 1769 3820; baseline -0.003 -12"><span class='ocrx_word' id='word_1_388' title='bbox 159 3752 440 3808; x_wconf 89' lang='lat' dir='ltr'>moderna</span> <span class='ocrx_word' id='word_1_389' title='bbox 472 3756 687 3814; x_wconf 91' lang='lat' dir='ltr'>statuta,</span> <span class='ocrx_word' id='word_1_390' title='bbox 721 3755 773 3804; x_wconf 92' lang='lat' dir='ltr'>et</span> <span class='ocrx_word' id='word_1_391' title='bbox 803 3762 1001 3820; x_wconf 89' lang='lat' dir='ltr'>magno</span> <span class='ocrx_word' id='word_1_392' title='bbox 1022 3747 1198 3802; x_wconf 90' lang='lat' dir='ltr'>studio</span> <span class='ocrx_word' id='word_1_393' title='bbox 1245 3762 1464 3818; x_wconf 90' lang='lat' dir='ltr'>semper</span> <span class='ocrx_word' id='word_1_394' title='bbox 1494 3746 1549 3801; x_wconf 91' lang='lat' dir='ltr'>in</span> <span class='ocrx_word' id='word_1_395' title='bbox 1576 3747 1769 3803; x_wconf 89' lang='lat' dir='ltr'>ordine</span> 
     </span>
    </p>
   </div>
   <div class='ocr_carea' id='block_1_39' title="bbox 163 3835 1840 3928">
    <p class='ocr_par' dir='ltr' id='par_1_39' title="bbox 163 3835 1840 3928">
     <span class='ocr_line' id='line_1_39' title="bbox 163 3835 1840 3928; baseline -0.003 -32"><span class='ocrx_word' id='word_1_396' title='bbox 163 3849 448 3896; x_wconf 88' lang='lat' dir='ltr'>servatum</span> <span class='ocrx_word' id='word_1_397' title='bbox 497 3845 599 3905; x_wconf 84' lang='lat' dir='ltr'>est,</span> <span class='ocrx_word' id='word_1_398' title='bbox 630 3837 706 3893; x_wconf 87' lang='lat' dir='ltr'>ita</span> <span class='ocrx_word' id='word_1_399' title='bbox 762 3844 820 3892; x_wconf 91' lang='lat' dir='ltr'>ut</span> <span class='ocrx_word' id='word_1_400' title='bbox 875 3836 922 3891; x_wconf 90' lang='lat' dir='ltr'>si</span> <span class='ocrx_word' id='word_1_401' title='bbox 963 3836 1204 3891; x_wconf 90' lang='lat' dir='ltr'>omnium</span> <span class='ocrx_word' id='word_1_402' title='bbox 1235 3835 1520 3894; x_wconf 88' lang='lat' dir='ltr'>domorum</span> <span class='ocrx_word' id='word_1_403' title='bbox 1558 3836 1766 3891; x_wconf 90' lang='lat' dir='ltr'>ordinis</span> <span class='ocrx_word' id='word_1_404' title='bbox 1788 3867 1840 3928; x_wconf 78' lang='grc' dir='ltr'>Β</span> 
     </span>
    </p>
   </div>
   <div class='ocr_carea' id='block_1_40' title="bbox 160 3925 1767 3997">
    <p class='ocr_par' dir='ltr' id='par_1_40' title="bbox 160 3925 1767 3997">
     <span class='ocr_line' id='line_1_40' title="bbox 160 3925 1767 3997; baseline -0.004 -11"><span class='ocrx_word' id='word_1_405' title='bbox 160 3931 510 3986; x_wconf 88' lang='lat' dir='ltr'>habitatores</span> <span class='ocrx_word' id='word_1_406' title='bbox 541 3927 596 3982; x_wconf 91' lang='lat' dir='ltr'>in</span> <span class='ocrx_word' id='word_1_407' title='bbox 622 3941 788 3982; x_wconf 89' lang='lat' dir='ltr'>unum</span> <span class='ocrx_word' id='word_1_408' title='bbox 818 3925 1202 3992; x_wconf 85' lang='lat' dir='ltr'>conﬂarentur,</span> <span class='ocrx_word' id='word_1_409' title='bbox 1236 3925 1322 3980; x_wconf 88' lang='lat' dir='ltr'>bis</span> <span class='ocrx_word' id='word_1_410' title='bbox 1350 3925 1498 3981; x_wconf 89' lang='lat' dir='ltr'>mille</span> <span class='ocrx_word' id='word_1_411' title='bbox 1529 3934 1582 3982; x_wconf 90' lang='lat' dir='ltr'>et</span> <span class='ocrx_word' id='word_1_412' title='bbox 1611 3926 1767 3997; x_wconf 90' lang='lat' dir='ltr'>quin-</span> 
     </span>
    </p>
   </div>
   <div class='ocr_carea' id='block_1_41' title="bbox 158 4014 1771 4091">
    <p class='ocr_par' dir='ltr' id='par_1_41' title="bbox 158 4014 1771 4091">
     <span class='ocr_line' id='line_1_41' title="bbox 158 4014 1771 4091; baseline -0.002 -17"><span class='ocrx_word' id='word_1_413' title='bbox 158 4019 313 4091; x_wconf 83' lang='lat' dir='ltr'>genti</span> <span class='ocrx_word' id='word_1_414' title='bbox 373 4017 591 4075; x_wconf 86' lang='lat' dir='ltr'>circiter</span> <span class='ocrx_word' id='word_1_415' title='bbox 643 4015 919 4084; x_wconf 89' lang='lat' dir='ltr'>monachi,</span> <span class='ocrx_word' id='word_1_416' title='bbox 980 4014 1128 4069; x_wconf 91' lang='lat' dir='ltr'>mille</span> <span class='ocrx_word' id='word_1_417' title='bbox 1173 4022 1225 4070; x_wconf 92' lang='lat' dir='ltr'>et</span> <span class='ocrx_word' id='word_1_418' title='bbox 1272 4014 1499 4070; x_wconf 90' lang='lat' dir='ltr'>trecenti</span> <span class='ocrx_word' id='word_1_419' title='bbox 1557 4015 1771 4070; x_wconf 87' lang='lat' dir='ltr'>circiter</span> 
     </span>
    </p>
   </div>
   <div class='ocr_carea' id='block_1_42' title="bbox 161 4097 1764 4167">
    <p class='ocr_par' dir='ltr' id='par_1_42' title="bbox 161 4097 1764 4167">
     <span class='ocr_line' id='line_1_42' title="bbox 161 4097 1764 4167; baseline -0.004 -8"><span class='ocrx_word' id='word_1_420' title='bbox 161 4102 421 4159; x_wconf 89' lang='lat' dir='ltr'>conversi</span> <span class='ocrx_word' id='word_1_421' title='bbox 450 4109 505 4158; x_wconf 91' lang='lat' dir='ltr'>et</span> <span class='ocrx_word' id='word_1_422' title='bbox 549 4100 754 4167; x_wconf 89' lang='lat' dir='ltr'>donati,</span> <span class='ocrx_word' id='word_1_423' title='bbox 797 4115 863 4155; x_wconf 90' lang='lat' dir='ltr'>ac</span> <span class='ocrx_word' id='word_1_424' title='bbox 919 4100 1020 4152; x_wconf 83' lang='grc'>170</span> <span class='ocrx_word' id='word_1_425' title='bbox 1049 4097 1315 4153; x_wconf 91' lang='lat' dir='ltr'>moniales</span> <span class='ocrx_word' id='word_1_426' title='bbox 1369 4098 1764 4166; x_wconf 90' lang='lat' dir='ltr'>invenirentur,</span> 
     </span>
    </p>
   </div>
   <div class='ocr_carea' id='block_1_43' title="bbox 165 4187 1766 4263">
    <p class='ocr_par' dir='ltr' id='par_1_43' title="bbox 165 4187 1766 4263">
     <span class='ocr_line' id='line_1_43' title="bbox 165 4187 1766 4263; baseline -0.003 -16"><span class='ocrx_word' id='word_1_427' title='bbox 165 4192 256 4262; x_wconf 89' lang='lat' dir='ltr'>qui</span> <span class='ocrx_word' id='word_1_428' title='bbox 288 4208 389 4263; x_wconf 91' lang='lat' dir='ltr'>per</span> <span class='ocrx_word' id='word_1_429' title='bbox 416 4189 661 4262; x_wconf 85' lang='lat' dir='ltr'>singulas</span> <span class='ocrx_word' id='word_1_430' title='bbox 689 4189 883 4244; x_wconf 90' lang='lat' dir='ltr'>domos</span> <span class='ocrx_word' id='word_1_431' title='bbox 911 4187 1200 4254; x_wconf 88' lang='lat' dir='ltr'>distributi,</span> <span class='ocrx_word' id='word_1_432' title='bbox 1235 4187 1323 4243; x_wconf 88' lang='lat' dir='ltr'>vix</span> <span class='ocrx_word' id='word_1_433' title='bbox 1352 4188 1422 4242; x_wconf 91' lang='lat' dir='ltr'>ad</span> <span class='ocrx_word' id='word_1_434' title='bbox 1480 4188 1766 4244; x_wconf 91' lang='lat' dir='ltr'>duodecim</span> 
     </span>
    </p>
   </div>
   <div class='ocr_carea' id='block_1_44' title="bbox 161 4275 1764 4348">
    <p class='ocr_par' dir='ltr' id='par_1_44' title="bbox 161 4275 1764 4348">
     <span class='ocr_line' id='line_1_44' title="bbox 161 4275 1764 4348; baseline -0.002 -13"><span class='ocrx_word' id='word_1_435' title='bbox 161 4280 467 4338; x_wconf 84' lang='lat' dir='ltr'>monachos</span> <span class='ocrx_word' id='word_1_436' title='bbox 525 4286 578 4334; x_wconf 91' lang='lat' dir='ltr'>et</span> <span class='ocrx_word' id='word_1_437' title='bbox 622 4293 820 4334; x_wconf 89' lang='lat' dir='ltr'>novem</span> <span class='ocrx_word' id='word_1_438' title='bbox 861 4276 1029 4332; x_wconf 90' lang='lat' dir='ltr'>laicos</span> <span class='ocrx_word' id='word_1_439' title='bbox 1083 4293 1187 4348; x_wconf 90' lang='lat' dir='ltr'>pro</span> <span class='ocrx_word' id='word_1_440' title='bbox 1248 4275 1482 4348; x_wconf 82' lang='lat' dir='ltr'>singulis</span> <span class='ocrx_word' id='word_1_441' title='bbox 1513 4277 1764 4332; x_wconf 87' lang='lat' dir='ltr'>domibus</span> 
     </span>
    </p>
   </div>
   <div class='ocr_carea' id='block_1_45' title="bbox 165 4375 638 4440">
    <p class='ocr_par' dir='ltr' id='par_1_45' title="bbox 165 4375 638 4440">
     <span class='ocr_line' id='line_1_45' title="bbox 165 4375 638 4440; baseline -0.008 -15"><span class='ocrx_word' id='word_1_442' title='bbox 165 4375 638 4440; x_wconf 87' lang='lat' dir='ltr'>computarentur.</span> 
     </span>
    </p>
   </div>
   <div class='ocr_carea' id='block_1_46' title="bbox 233 4454 1765 4527">
    <p class='ocr_par' dir='ltr' id='par_1_46' title="bbox 233 4454 1765 4527">
     <span class='ocr_line' id='line_1_46' title="bbox 233 4454 1765 4527; baseline -0.003 -13"><span class='ocrx_word' id='word_1_443' title='bbox 233 4459 446 4514; x_wconf 88' lang='lat' dir='ltr'>Domus</span> <span class='ocrx_word' id='word_1_444' title='bbox 475 4455 792 4523; x_wconf 66' lang='lat' dir='ltr'>Carthasim,</span> <span class='ocrx_word' id='word_1_445' title='bbox 823 4463 880 4511; x_wconf 91' lang='lat' dir='ltr'>ut</span> <span class='ocrx_word' id='word_1_446' title='bbox 902 4455 1016 4524; x_wconf 89' lang='lat' dir='ltr'>jam</span> <span class='ocrx_word' id='word_1_447' title='bbox 1047 4454 1176 4522; x_wconf 85' lang='lat' dir='ltr'>dixi,</span> <span class='ocrx_word' id='word_1_448' title='bbox 1210 4454 1577 4527; x_wconf 89' lang='lat' dir='ltr'>quadraginta</span> <span class='ocrx_word' id='word_1_449' title='bbox 1608 4455 1765 4527; x_wconf 87' lang='lat' dir='ltr'>quin-</span> 
     </span>
    </p>
   </div>
   <div class='ocr_carea' id='block_1_47' title="bbox 164 4543 1764 4617">
    <p class='ocr_par' dir='ltr' id='par_1_47' title="bbox 164 4543 1764 4617">
     <span class='ocr_line' id='line_1_47' title="bbox 164 4543 1764 4617; baseline -0.002 -16"><span class='ocrx_word' id='word_1_450' title='bbox 164 4563 270 4617; x_wconf 88' lang='lat' dir='ltr'>que</span> <span class='ocrx_word' id='word_1_451' title='bbox 296 4547 598 4603; x_wconf 89' lang='lat' dir='ltr'>monachos</span> <span class='ocrx_word' id='word_1_452' title='bbox 627 4545 834 4600; x_wconf 87' lang='lat' dir='ltr'>habere</span> <span class='ocrx_word' id='word_1_453' title='bbox 878 4560 1042 4615; x_wconf 89' lang='lat' dir='ltr'>posse</span> <span class='ocrx_word' id='word_1_454' title='bbox 1073 4543 1351 4600; x_wconf 91' lang='lat' dir='ltr'>censenda</span> <span class='ocrx_word' id='word_1_455' title='bbox 1397 4552 1498 4610; x_wconf 87' lang='lat' dir='ltr'>est,</span> <span class='ocrx_word' id='word_1_456' title='bbox 1533 4543 1632 4599; x_wconf 90' lang='lat' dir='ltr'>sed</span> <span class='ocrx_word' id='word_1_457' title='bbox 1661 4560 1764 4614; x_wconf 91' lang='lat' dir='ltr'>pro</span> 
     </span>
    </p>
   </div>
   <div class='ocr_carea' id='block_1_48' title="bbox 163 4632 1763 4705">
    <p class='ocr_par' dir='ltr' id='par_1_48' title="bbox 163 4632 1763 4705">
     <span class='ocr_line' id='line_1_48' title="bbox 163 4632 1763 4705; baseline 0 -17"><span class='ocrx_word' id='word_1_458' title='bbox 163 4635 333 4692; x_wconf 88' lang='lat' dir='ltr'>tribus</span> <span class='ocrx_word' id='word_1_459' title='bbox 361 4635 616 4692; x_wconf 92' lang='lat' dir='ltr'>domibus</span> <span class='ocrx_word' id='word_1_460' title='bbox 645 4649 842 4705; x_wconf 91' lang='lat' dir='ltr'>nempe</span> <span class='ocrx_word' id='word_1_461' title='bbox 897 4633 1221 4703; x_wconf 67' lang='lat' dir='ltr'>Carthusiae,</span> <span class='ocrx_word' id='word_1_462' title='bbox 1254 4632 1521 4689; x_wconf 80' lang='lat' dir='ltr'>Curreriae</span> <span class='ocrx_word' id='word_1_463' title='bbox 1552 4641 1605 4688; x_wconf 84' lang='lat' dir='ltr'>et</span> <span class='ocrx_word' id='word_1_464' title='bbox 1661 4633 1763 4688; x_wconf 88' lang='lat' dir='ltr'>Ca-</span> 
     </span>
    </p>
   </div>
   <div class='ocr_carea' id='block_1_49' title="bbox 163 4721 1762 4797">
    <p class='ocr_par' dir='ltr' id='par_1_49' title="bbox 163 4721 1762 4797">
     <span class='ocr_line' id='line_1_49' title="bbox 163 4721 1762 4797; baseline 0 -20"><span class='ocrx_word' id='word_1_465' title='bbox 163 4722 282 4780; x_wconf 87' lang='lat' dir='ltr'>lesii</span> <span class='ocrx_word' id='word_1_466' title='bbox 311 4732 624 4797; x_wconf 90' lang='lat' dir='ltr'>reputatur.</span> <span class='ocrx_word' id='word_1_467' title='bbox 657 4725 864 4778; x_wconf 91' lang='lat' dir='ltr'>Domus</span> <span class='ocrx_word' id='word_1_468' title='bbox 894 4721 1216 4779; x_wconf 89' lang='lat' dir='ltr'>Parisiensis</span> <span class='ocrx_word' id='word_1_469' title='bbox 1245 4722 1610 4794; x_wconf 89' lang='lat' dir='ltr'>quadraginta</span> <span class='ocrx_word' id='word_1_470' title='bbox 1639 4737 1762 4778; x_wconf 91' lang='lat' dir='ltr'>mo-</span> 
     </span>
    </p>
   </div>
   <div class='ocr_carea' id='block_1_50' title="bbox 164 4811 1758 4884">
    <p class='ocr_par' dir='ltr' id='par_1_50' title="bbox 164 4811 1758 4884">
     <span class='ocr_line' id='line_1_50' title="bbox 164 4811 1758 4884; baseline 0 -18"><span class='ocrx_word' id='word_1_471' title='bbox 164 4814 373 4869; x_wconf 88' lang='lat' dir='ltr'>nachos</span> <span class='ocrx_word' id='word_1_472' title='bbox 416 4813 582 4884; x_wconf 92' lang='lat' dir='ltr'>capit,</span> <span class='ocrx_word' id='word_1_473' title='bbox 614 4812 852 4884; x_wconf 88' lang='lat' dir='ltr'>itemque</span> <span class='ocrx_word' id='word_1_474' title='bbox 881 4811 1077 4867; x_wconf 89' lang='lat' dir='ltr'>domus</span> <span class='ocrx_word' id='word_1_475' title='bbox 1107 4811 1523 4877; x_wconf 84' lang='lat' dir='ltr'>Avenionensis,</span> <span class='ocrx_word' id='word_1_476' title='bbox 1559 4811 1758 4882; x_wconf 72' lang='lat' dir='ltr'>Papiae,</span> 
     </span>
    </p>
   </div>
   <div class='ocr_carea' id='block_1_51' title="bbox 163 4899 1761 4973">
    <p class='ocr_par' dir='ltr' id='par_1_51' title="bbox 163 4899 1761 4973">
     <span class='ocr_line' id='line_1_51' title="bbox 163 4899 1761 4973; baseline -0.002 -17"><span class='ocrx_word' id='word_1_477' title='bbox 163 4901 444 4973; x_wconf 86' lang='lat' dir='ltr'>Neapolis,</span> <span class='ocrx_word' id='word_1_478' title='bbox 476 4901 596 4957; x_wconf 62' lang='lat' dir='ltr'>alia;</span> <span class='ocrx_word' id='word_1_479' title='bbox 624 4901 786 4956; x_wconf 88' lang='lat' dir='ltr'>etiam</span> <span class='ocrx_word' id='word_1_480' title='bbox 815 4908 1045 4972; x_wconf 91' lang='lat' dir='ltr'>quatuor</span> <span class='ocrx_word' id='word_1_481' title='bbox 1072 4907 1166 4955; x_wconf 90' lang='lat' dir='ltr'>aut</span> <span class='ocrx_word' id='word_1_482' title='bbox 1210 4899 1452 4972; x_wconf 91' lang='lat' dir='ltr'>quinque</span> <span class='ocrx_word' id='word_1_483' title='bbox 1507 4900 1576 4954; x_wconf 92' lang='lat' dir='ltr'>ad</span> <span class='ocrx_word' id='word_1_484' title='bbox 1607 4915 1761 4954; x_wconf 93' lang='lat' dir='ltr'>sum-</span> 
     </span>
    </p>
   </div>
   <div class='ocr_carea' id='block_1_52' title="bbox 166 4989 1762 5061">
    <p class='ocr_par' dir='ltr' id='par_1_52' title="bbox 166 4989 1762 5061">
     <span class='ocr_line' id='line_1_52' title="bbox 166 4989 1762 5061; baseline -0.001 -18"><span class='ocrx_word' id='word_1_485' title='bbox 166 5005 314 5046; x_wconf 90' lang='lat' dir='ltr'>mum</span> <span class='ocrx_word' id='word_1_486' title='bbox 341 4992 483 5048; x_wconf 90' lang='lat' dir='ltr'>circa</span> <span class='ocrx_word' id='word_1_487' title='bbox 514 4989 881 5061; x_wconf 88' lang='lat' dir='ltr'>amplissimas</span> <span class='ocrx_word' id='word_1_488' title='bbox 938 4989 1183 5045; x_wconf 85' lang='lat' dir='ltr'>civitates</span> <span class='ocrx_word' id='word_1_489' title='bbox 1238 4996 1562 5044; x_wconf 66' lang='lat' dir='ltr'>constructae</span> <span class='ocrx_word' id='word_1_490' title='bbox 1609 5004 1762 5044; x_wconf 86' lang='lat' dir='ltr'>eum-</span> 
     </span>
    </p>
   </div>
   <div class='ocr_carea' id='block_1_53' title="bbox 166 5077 1760 5147">
    <p class='ocr_par' dir='ltr' id='par_1_53' title="bbox 166 5077 1760 5147">
     <span class='ocr_line' id='line_1_53' title="bbox 166 5077 1760 5147; baseline -0.001 -14"><span class='ocrx_word' id='word_1_491' title='bbox 166 5077 288 5134; x_wconf 88' lang='lat' dir='ltr'>dem</span> <span class='ocrx_word' id='word_1_492' title='bbox 322 5095 608 5136; x_wconf 91' lang='lat' dir='ltr'>numerum</span> <span class='ocrx_word' id='word_1_493' title='bbox 657 5078 862 5133; x_wconf 90' lang='lat' dir='ltr'>habere</span> <span class='ocrx_word' id='word_1_494' title='bbox 904 5085 1149 5147; x_wconf 89' lang='lat' dir='ltr'>possunt.</span> <span class='ocrx_word' id='word_1_495' title='bbox 1213 5078 1475 5146; x_wconf 63' lang='lat' dir='ltr'>Quaedam</span> <span class='ocrx_word' id='word_1_496' title='bbox 1508 5093 1636 5134; x_wconf 88' lang='lat' dir='ltr'>vero</span> <span class='ocrx_word' id='word_1_497' title='bbox 1674 5077 1760 5132; x_wconf 89' lang='lat' dir='ltr'>vi-</span> 
     </span>
    </p>
   </div>
   <div class='ocr_carea' id='block_1_54' title="bbox 169 5166 1754 5242">
    <p class='ocr_par' dir='ltr' id='par_1_54' title="bbox 169 5166 1754 5242">
     <span class='ocr_line' id='line_1_54' title="bbox 169 5166 1754 5242; baseline 0.001 -21"><span class='ocrx_word' id='word_1_498' title='bbox 169 5166 303 5237; x_wconf 89' lang='lat' dir='ltr'>ginti</span> <span class='ocrx_word' id='word_1_499' title='bbox 337 5185 513 5242; x_wconf 90' lang='lat' dir='ltr'>usque</span> <span class='ocrx_word' id='word_1_500' title='bbox 541 5169 610 5223; x_wconf 91' lang='lat' dir='ltr'>ad</span> <span class='ocrx_word' id='word_1_501' title='bbox 633 5167 851 5240; x_wconf 87' lang='lat' dir='ltr'>triginta</span> <span class='ocrx_word' id='word_1_502' title='bbox 905 5167 1206 5223; x_wconf 84' lang='lat' dir='ltr'>monachos</span> <span class='ocrx_word' id='word_1_503' title='bbox 1236 5175 1463 5238; x_wconf 91' lang='lat' dir='ltr'>possunt</span> <span class='ocrx_word' id='word_1_504' title='bbox 1492 5167 1754 5238; x_wconf 80' lang='lat' dir='ltr'>recipere.</span> 
     </span>
    </p>
   </div>
   <div class='ocr_carea' id='block_1_55' title="bbox 1876 2859 3478 2930">
    <p class='ocr_par' dir='ltr' id='par_1_55' title="bbox 1876 2859 3478 2930">
     <span class='ocr_line' id='line_1_55' title="bbox 1876 2859 3478 2930; baseline 0.001 -16"><span class='ocrx_word' id='word_1_505' title='bbox 1876 2861 2018 2915; x_wconf 92' lang='lat' dir='ltr'>unde</span> <span class='ocrx_word' id='word_1_506' title='bbox 2047 2859 2105 2914; x_wconf 84' lang='lat' dir='ltr'>ﬁt</span> <span class='ocrx_word' id='word_1_507' title='bbox 2136 2868 2192 2914; x_wconf 92' lang='lat' dir='ltr'>ut</span> <span class='ocrx_word' id='word_1_508' title='bbox 2244 2860 2458 2930; x_wconf 91' lang='lat' dir='ltr'>pondus</span> <span class='ocrx_word' id='word_1_509' title='bbox 2519 2859 2682 2914; x_wconf 90' lang='lat' dir='ltr'>totius</span> <span class='ocrx_word' id='word_1_510' title='bbox 2741 2868 2931 2915; x_wconf 88' lang='lat' dir='ltr'>cantus</span> <span class='ocrx_word' id='word_1_511' title='bbox 2961 2867 3014 2916; x_wconf 87' lang='lat' dir='ltr'>et</span> <span class='ocrx_word' id='word_1_512' title='bbox 3063 2860 3394 2915; x_wconf 88' lang='lat' dir='ltr'>lecturarum</span> <span class='ocrx_word' id='word_1_513' title='bbox 3423 2861 3478 2916; x_wconf 93' lang='lat' dir='ltr'>in</span> 
     </span>
    </p>
   </div>
   <div class='ocr_carea' id='block_1_56' title="bbox 1877 2948 3476 3020">
    <p class='ocr_par' dir='ltr' id='par_1_56' title="bbox 1877 2948 3476 3020">
     <span class='ocr_line' id='line_1_56' title="bbox 1877 2948 3476 3020; baseline 0.001 -16"><span class='ocrx_word' id='word_1_514' title='bbox 1877 2956 2109 3019; x_wconf 86' lang='lat' dir='ltr'>quatuor</span> <span class='ocrx_word' id='word_1_515' title='bbox 2139 2956 2232 3003; x_wconf 88' lang='lat' dir='ltr'>aut</span> <span class='ocrx_word' id='word_1_516' title='bbox 2261 2948 2496 3020; x_wconf 91' lang='lat' dir='ltr'>quinque</span> <span class='ocrx_word' id='word_1_517' title='bbox 2525 2949 2920 3003; x_wconf 87' lang='lat' dir='ltr'>monachorum</span> <span class='ocrx_word' id='word_1_518' title='bbox 2951 2949 3212 3004; x_wconf 89' lang='lat' dir='ltr'>humeros</span> <span class='ocrx_word' id='word_1_519' title='bbox 3242 2950 3476 3005; x_wconf 88' lang='lat' dir='ltr'>decidat.</span> 
     </span>
    </p>
   </div>
   <div class='ocr_carea' id='block_1_57' title="bbox 1876 3036 3476 3106">
    <p class='ocr_par' dir='ltr' id='par_1_57' title="bbox 1876 3036 3476 3106">
     <span class='ocr_line' id='line_1_57' title="bbox 1876 3036 3476 3106; baseline 0.001 -14"><span class='ocrx_word' id='word_1_520' title='bbox 1876 3037 1996 3106; x_wconf 89' lang='lat' dir='ltr'>Qua</span> <span class='ocrx_word' id='word_1_521' title='bbox 2025 3038 2093 3092; x_wconf 92' lang='lat' dir='ltr'>de</span> <span class='ocrx_word' id='word_1_522' title='bbox 2141 3053 2307 3092; x_wconf 86' lang='lat' dir='ltr'>causa</span> <span class='ocrx_word' id='word_1_523' title='bbox 2334 3043 2524 3092; x_wconf 89' lang='lat' dir='ltr'>statuta</span> <span class='ocrx_word' id='word_1_524' title='bbox 2582 3036 2790 3093; x_wconf 90' lang='lat' dir='ltr'>ordinis</span> <span class='ocrx_word' id='word_1_525' title='bbox 2845 3037 3100 3093; x_wconf 88' lang='lat' dir='ltr'>ordinant</span> <span class='ocrx_word' id='word_1_526' title='bbox 3148 3038 3476 3094; x_wconf 88' lang='lat' dir='ltr'>cantandum</span> 
     </span>
    </p>
   </div>
   <div class='ocr_carea' id='block_1_58' title="bbox 1875 3125 3477 3196">
    <p class='ocr_par' dir='ltr' id='par_1_58' title="bbox 1875 3125 3477 3196">
     <span class='ocr_line' id='line_1_58' title="bbox 1875 3125 3477 3196; baseline 0.002 -16"><span class='ocrx_word' id='word_1_527' title='bbox 1875 3142 1998 3181; x_wconf 91' lang='lat' dir='ltr'>esse</span> <span class='ocrx_word' id='word_1_528' title='bbox 2037 3133 2187 3182; x_wconf 90' lang='lat' dir='ltr'>recto</span> <span class='ocrx_word' id='word_1_529' title='bbox 2218 3133 2343 3182; x_wconf 89' lang='lat' dir='ltr'>tono</span> <span class='ocrx_word' id='word_1_530' title='bbox 2372 3125 2427 3181; x_wconf 92' lang='lat' dir='ltr'>in</span> <span class='ocrx_word' id='word_1_531' title='bbox 2459 3125 2565 3180; x_wconf 90' lang='lat' dir='ltr'>illis</span> <span class='ocrx_word' id='word_1_532' title='bbox 2587 3125 2842 3180; x_wconf 90' lang='lat' dir='ltr'>domibus</span> <span class='ocrx_word' id='word_1_533' title='bbox 2883 3141 3004 3196; x_wconf 86' lang='lat' dir='ltr'>quae</span> <span class='ocrx_word' id='word_1_534' title='bbox 3030 3134 3152 3182; x_wconf 92' lang='lat' dir='ltr'>octo</span> <span class='ocrx_word' id='word_1_535' title='bbox 3174 3128 3477 3185; x_wconf 87' lang='lat' dir='ltr'>monachos</span> 
     </span>
    </p>
   </div>
   <div class='ocr_carea' id='block_1_59' title="bbox 1872 3214 2241 3270">
    <p class='ocr_par' dir='ltr' id='par_1_59' title="bbox 1872 3214 2241 3270">
     <span class='ocr_line' id='line_1_59' title="bbox 1872 3214 2241 3270; baseline 0.003 -1"><span class='ocrx_word' id='word_1_536' title='bbox 1872 3230 1982 3270; x_wconf 92' lang='lat' dir='ltr'>non</span> <span class='ocrx_word' id='word_1_537' title='bbox 2019 3214 2241 3270; x_wconf 88' lang='lat' dir='ltr'>habent.</span> 
     </span>
    </p>
   </div>
   <div class='ocr_carea' id='block_1_60' title="bbox 1942 3301 3472 3376">
    <p class='ocr_par' dir='ltr' id='par_1_60' title="bbox 1942 3301 3472 3376">
     <span class='ocr_line' id='line_1_60' title="bbox 1942 3301 3472 3376; baseline 0 -18"><span class='ocrx_word' id='word_1_538' title='bbox 1942 3305 2219 3358; x_wconf 90' lang='lat' dir='ltr'>Numerus</span> <span class='ocrx_word' id='word_1_539' title='bbox 2247 3318 2384 3376; x_wconf 88' lang='lat' dir='ltr'>ergo</span> <span class='ocrx_word' id='word_1_540' title='bbox 2413 3302 2775 3358; x_wconf 85' lang='lat' dir='ltr'>habitatorum</span> <span class='ocrx_word' id='word_1_541' title='bbox 2833 3301 2890 3358; x_wconf 90' lang='lat' dir='ltr'>in</span> <span class='ocrx_word' id='word_1_542' title='bbox 2935 3301 3189 3359; x_wconf 91' lang='lat' dir='ltr'>domibus</span> <span class='ocrx_word' id='word_1_543' title='bbox 3244 3303 3472 3371; x_wconf 90' lang='lat' dir='ltr'>ordinis,</span> 
     </span>
    </p>
   </div>
   <div class='ocr_carea' id='block_1_61' title="bbox 1872 3390 3478 3463">
    <p class='ocr_par' dir='ltr' id='par_1_61' title="bbox 1872 3390 3478 3463">
     <span class='ocr_line' id='line_1_61' title="bbox 1872 3390 3478 3463; baseline 0.001 -17"><span class='ocrx_word' id='word_1_544' title='bbox 1872 3393 1988 3447; x_wconf 91' lang='lat' dir='ltr'>Deo</span> <span class='ocrx_word' id='word_1_545' title='bbox 2044 3391 2120 3446; x_wconf 88' lang='lat' dir='ltr'>ita</span> <span class='ocrx_word' id='word_1_546' title='bbox 2159 3391 2506 3462; x_wconf 90' lang='lat' dir='ltr'>providente,</span> <span class='ocrx_word' id='word_1_547' title='bbox 2540 3390 2758 3446; x_wconf 92' lang='lat' dir='ltr'>nonnisi</span> <span class='ocrx_word' id='word_1_548' title='bbox 2803 3391 3098 3446; x_wconf 88' lang='lat' dir='ltr'>mediocris</span> <span class='ocrx_word' id='word_1_549' title='bbox 3129 3399 3250 3458; x_wconf 81' lang='lat' dir='ltr'>est;</span> <span class='ocrx_word' id='word_1_550' title='bbox 3282 3392 3478 3463; x_wconf 88' lang='lat' dir='ltr'>amplis</span> 
     </span>
    </p>
   </div>
   <div class='ocr_carea' id='block_1_62' title="bbox 1872 3480 3476 3550">
    <p class='ocr_par' dir='ltr' id='par_1_62' title="bbox 1872 3480 3476 3550">
     <span class='ocr_line' id='line_1_62' title="bbox 1872 3480 3476 3550; baseline 0 -13"><span class='ocrx_word' id='word_1_551' title='bbox 1872 3481 2016 3537; x_wconf 89' lang='lat' dir='ltr'>enim</span> <span class='ocrx_word' id='word_1_552' title='bbox 2047 3480 2185 3537; x_wconf 90' lang='lat' dir='ltr'>locis</span> <span class='ocrx_word' id='word_1_553' title='bbox 2213 3487 2263 3548; x_wconf 89' lang='lat' dir='ltr'>et</span> <span class='ocrx_word' id='word_1_554' title='bbox 2297 3480 2602 3550; x_wconf 91' lang='lat' dir='ltr'>sumptibus</span> <span class='ocrx_word' id='word_1_555' title='bbox 2632 3495 2770 3550; x_wconf 91' lang='lat' dir='ltr'>opus</span> <span class='ocrx_word' id='word_1_556' title='bbox 2817 3488 2901 3535; x_wconf 90' lang='lat' dir='ltr'>est</span> <span class='ocrx_word' id='word_1_557' title='bbox 2954 3480 3022 3534; x_wconf 91' lang='lat' dir='ltr'>ad</span> <span class='ocrx_word' id='word_1_558' title='bbox 3053 3481 3476 3537; x_wconf 87' lang='lat' dir='ltr'>construendam</span> 
     </span>
    </p>
   </div>
   <div class='ocr_carea' id='block_1_63' title="bbox 1870 3568 3473 3640">
    <p class='ocr_par' dir='ltr' id='par_1_63' title="bbox 1870 3568 3473 3640">
     <span class='ocr_line' id='line_1_63' title="bbox 1870 3568 3473 3640; baseline 0.001 -16"><span class='ocrx_word' id='word_1_559' title='bbox 1870 3579 1924 3624; x_wconf 91' lang='lat' dir='ltr'>et</span> <span class='ocrx_word' id='word_1_560' title='bbox 1966 3569 2256 3625; x_wconf 89' lang='lat' dir='ltr'>dotandam</span> <span class='ocrx_word' id='word_1_561' title='bbox 2297 3569 2520 3624; x_wconf 89' lang='lat' dir='ltr'>domum</span> <span class='ocrx_word' id='word_1_562' title='bbox 2550 3568 2606 3622; x_wconf 91' lang='lat' dir='ltr'>in</span> <span class='ocrx_word' id='word_1_563' title='bbox 2663 3568 2873 3636; x_wconf 89' lang='lat' dir='ltr'>ordine,</span> <span class='ocrx_word' id='word_1_564' title='bbox 2916 3568 3045 3640; x_wconf 89' lang='lat' dir='ltr'>quia</span> <span class='ocrx_word' id='word_1_565' title='bbox 3101 3585 3167 3623; x_wconf 92' lang='lat' dir='ltr'>ex</span> <span class='ocrx_word' id='word_1_566' title='bbox 3222 3569 3473 3627; x_wconf 87' lang='lat' dir='ltr'>Instituto</span> 
     </span>
    </p>
   </div>
   <div class='ocr_carea' id='block_1_64' title="bbox 1869 3656 3473 3730">
    <p class='ocr_par' dir='ltr' id='par_1_64' title="bbox 1869 3656 3473 3730">
     <span class='ocr_line' id='line_1_64' title="bbox 1869 3656 3473 3730; baseline 0 -16"><span class='ocrx_word' id='word_1_567' title='bbox 1869 3666 2058 3714; x_wconf 91' lang='lat' dir='ltr'>nostro</span> <span class='ocrx_word' id='word_1_568' title='bbox 2080 3658 2310 3730; x_wconf 75' lang='lat' dir='ltr'>quisque</span> <span class='ocrx_word' id='word_1_569' title='bbox 2357 3658 2750 3712; x_wconf 90' lang='lat' dir='ltr'>monachorum</span> <span class='ocrx_word' id='word_1_570' title='bbox 2799 3656 3182 3713; x_wconf 89' lang='lat' dir='ltr'>domunculam</span> <span class='ocrx_word' id='word_1_571' title='bbox 3214 3657 3330 3713; x_wconf 90' lang='lat' dir='ltr'>sive</span> <span class='ocrx_word' id='word_1_572' title='bbox 3361 3657 3473 3714; x_wconf 89' lang='lat' dir='ltr'>cel-</span> 
     </span>
    </p>
   </div>
   <div class='ocr_carea' id='block_1_65' title="bbox 1869 3744 3474 3817">
    <p class='ocr_par' dir='ltr' id='par_1_65' title="bbox 1869 3744 3474 3817">
     <span class='ocr_line' id='line_1_65' title="bbox 1869 3744 3474 3817; baseline -0.001 -14"><span class='ocrx_word' id='word_1_573' title='bbox 1869 3747 1978 3803; x_wconf 89' lang='lat' dir='ltr'>lam</span> <span class='ocrx_word' id='word_1_574' title='bbox 2007 3747 2074 3800; x_wconf 92' lang='lat' dir='ltr'>ab</span> <span class='ocrx_word' id='word_1_575' title='bbox 2104 3746 2223 3801; x_wconf 92' lang='lat' dir='ltr'>aliis</span> <span class='ocrx_word' id='word_1_576' title='bbox 2245 3753 2551 3817; x_wconf 88' lang='lat' dir='ltr'>separatam</span> <span class='ocrx_word' id='word_1_577' title='bbox 2581 3745 2781 3800; x_wconf 88' lang='lat' dir='ltr'>habere</span> <span class='ocrx_word' id='word_1_578' title='bbox 2804 3744 2987 3812; x_wconf 89' lang='lat' dir='ltr'>debet,</span> <span class='ocrx_word' id='word_1_579' title='bbox 3021 3754 3180 3816; x_wconf 91' lang='lat' dir='ltr'>prout</span> <span class='ocrx_word' id='word_1_580' title='bbox 3222 3746 3279 3801; x_wconf 89' lang='lat' dir='ltr'>in</span> <span class='ocrx_word' id='word_1_581' title='bbox 3325 3745 3474 3802; x_wconf 83' lang='lat' dir='ltr'>clau-</span> 
     </span>
    </p>
   </div>
   <div class='ocr_carea' id='block_1_66' title="bbox 1871 3834 3473 3906">
    <p class='ocr_par' dir='ltr' id='par_1_66' title="bbox 1871 3834 3473 3906">
     <span class='ocr_line' id='line_1_66' title="bbox 1871 3834 3473 3906; baseline -0.001 -15"><span class='ocrx_word' id='word_1_582' title='bbox 1871 3837 1995 3892; x_wconf 88' lang='lat' dir='ltr'>stris</span> <span class='ocrx_word' id='word_1_583' title='bbox 2024 3835 2226 3891; x_wconf 90' lang='lat' dir='ltr'>nostris</span> <span class='ocrx_word' id='word_1_584' title='bbox 2255 3835 2464 3905; x_wconf 91' lang='lat' dir='ltr'>visitur,</span> <span class='ocrx_word' id='word_1_585' title='bbox 2499 3835 2570 3890; x_wconf 89' lang='lat' dir='ltr'>ad</span> <span class='ocrx_word' id='word_1_586' title='bbox 2601 3834 2745 3906; x_wconf 92' lang='lat' dir='ltr'>quod</span> <span class='ocrx_word' id='word_1_587' title='bbox 2771 3850 3008 3906; x_wconf 87' lang='lat' dir='ltr'>magnus</span> <span class='ocrx_word' id='word_1_588' title='bbox 3051 3835 3271 3890; x_wconf 90' lang='lat' dir='ltr'>claustri</span> <span class='ocrx_word' id='word_1_589' title='bbox 3297 3835 3473 3890; x_wconf 91' lang='lat' dir='ltr'>ambi-</span> 
     </span>
    </p>
   </div>
   <div class='ocr_carea' id='block_1_67' title="bbox 1870 3923 3470 3994">
    <p class='ocr_par' dir='ltr' id='par_1_67' title="bbox 1870 3923 3470 3994">
     <span class='ocr_line' id='line_1_67' title="bbox 1870 3923 3470 3994; baseline 0 -14"><span class='ocrx_word' id='word_1_590' title='bbox 1870 3933 1956 3980; x_wconf 90' lang='lat' dir='ltr'>tus</span> <span class='ocrx_word' id='word_1_591' title='bbox 2007 3923 2352 3981; x_wconf 87' lang='lat' dir='ltr'>necessarius</span> <span class='ocrx_word' id='word_1_592' title='bbox 2383 3932 2490 3979; x_wconf 86' lang='lat' dir='ltr'>est.</span> <span class='ocrx_word' id='word_1_593' title='bbox 2531 3925 2759 3994; x_wconf 90' lang='lat' dir='ltr'>Insuper</span> <span class='ocrx_word' id='word_1_594' title='bbox 2815 3923 3133 3978; x_wconf 89' lang='lat' dir='ltr'>sustentatio</span> <span class='ocrx_word' id='word_1_595' title='bbox 3166 3924 3470 3980; x_wconf 81' lang='lat' dir='ltr'>monacho-</span> 
     </span>
    </p>
   </div>
   <div class='ocr_carea' id='block_1_68' title="bbox 1868 4012 3463 4084">
    <p class='ocr_par' dir='ltr' id='par_1_68' title="bbox 1868 4012 3463 4084">
     <span class='ocr_line' id='line_1_68' title="bbox 1868 4012 3463 4084; baseline -0.001 -15"><span class='ocrx_word' id='word_1_596' title='bbox 1868 4031 1986 4069; x_wconf 89' lang='lat' dir='ltr'>rum</span> <span class='ocrx_word' id='word_1_597' title='bbox 2017 4013 2492 4070; x_wconf 86' lang='lat' dir='ltr'>Carthusianorum</span> <span class='ocrx_word' id='word_1_598' title='bbox 2541 4012 2715 4083; x_wconf 90' lang='lat' dir='ltr'>pluris</span> <span class='ocrx_word' id='word_1_599' title='bbox 2760 4020 2975 4069; x_wconf 89' lang='lat' dir='ltr'>constat</span> <span class='ocrx_word' id='word_1_600' title='bbox 3006 4028 3171 4084; x_wconf 88' lang='lat' dir='ltr'>quam</span> <span class='ocrx_word' id='word_1_601' title='bbox 3208 4013 3463 4080; x_wconf 90' lang='lat' dir='ltr'>aliorum,</span> 
     </span>
    </p>
   </div>
   <div class='ocr_carea' id='block_1_69' title="bbox 1867 4100 3468 4175">
    <p class='ocr_par' dir='ltr' id='par_1_69' title="bbox 1867 4100 3468 4175">
     <span class='ocr_line' id='line_1_69' title="bbox 1867 4100 3468 4175; baseline -0.001 -17"><span class='ocrx_word' id='word_1_602' title='bbox 1867 4103 2101 4175; x_wconf 91' lang='lat' dir='ltr'>quisque</span> <span class='ocrx_word' id='word_1_603' title='bbox 2131 4103 2274 4159; x_wconf 85' lang='lat' dir='ltr'>enim</span> <span class='ocrx_word' id='word_1_604' title='bbox 2309 4101 2514 4156; x_wconf 89' lang='lat' dir='ltr'>habere</span> <span class='ocrx_word' id='word_1_605' title='bbox 2537 4101 2700 4158; x_wconf 90' lang='lat' dir='ltr'>debet</span> <span class='ocrx_word' id='word_1_606' title='bbox 2730 4100 2784 4154; x_wconf 91' lang='lat' dir='ltr'>in</span> <span class='ocrx_word' id='word_1_607' title='bbox 2816 4100 3014 4156; x_wconf 87' lang='lat' dir='ltr'>cellula</span> <span class='ocrx_word' id='word_1_608' title='bbox 3035 4101 3367 4174; x_wconf 89' lang='lat' dir='ltr'>singularem</span> <span class='ocrx_word' id='word_1_609' title='bbox 3391 4101 3468 4157; x_wconf 82' lang='lat' dir='ltr'>fo-</span> 
     </span>
    </p>
   </div>
   <div class='ocr_carea' id='block_1_70' title="bbox 1867 4189 3469 4261">
    <p class='ocr_par' dir='ltr' id='par_1_70' title="bbox 1867 4189 3469 4261">
     <span class='ocr_line' id='line_1_70' title="bbox 1867 4189 3469 4261; baseline 0 -14"><span class='ocrx_word' id='word_1_610' title='bbox 1867 4208 2010 4257; x_wconf 90' lang='lat' dir='ltr'>cum,</span> <span class='ocrx_word' id='word_1_611' title='bbox 2047 4189 2439 4261; x_wconf 90' lang='lat' dir='ltr'>supellectilem</span> <span class='ocrx_word' id='word_1_612' title='bbox 2478 4197 2532 4244; x_wconf 92' lang='lat' dir='ltr'>et</span> <span class='ocrx_word' id='word_1_613' title='bbox 2559 4189 2777 4255; x_wconf 87' lang='lat' dir='ltr'>similia,</span> <span class='ocrx_word' id='word_1_614' title='bbox 2801 4206 2921 4260; x_wconf 68' lang='lat' dir='ltr'>qua:</span> <span class='ocrx_word' id='word_1_615' title='bbox 2950 4189 3082 4246; x_wconf 89' lang='lat' dir='ltr'>alibi</span> <span class='ocrx_word' id='word_1_616' title='bbox 3110 4189 3165 4243; x_wconf 91' lang='lat' dir='ltr'>in</span> <span class='ocrx_word' id='word_1_617' title='bbox 3193 4190 3469 4247; x_wconf 87' lang='lat' dir='ltr'>communi</span> 
     </span>
    </p>
   </div>
   <div class='ocr_carea' id='block_1_71' title="bbox 1865 4277 3468 4348">
    <p class='ocr_par' dir='ltr' id='par_1_71' title="bbox 1865 4277 3468 4348">
     <span class='ocr_line' id='line_1_71' title="bbox 1865 4277 3468 4348; baseline 0 -13"><span class='ocrx_word' id='word_1_618' title='bbox 1865 4280 2258 4335; x_wconf 90' lang='lat' dir='ltr'>ministrantur.</span> <span class='ocrx_word' id='word_1_619' title='bbox 2309 4279 2438 4334; x_wconf 77' lang='lat' dir='ltr'>Hzec</span> <span class='ocrx_word' id='word_1_620' title='bbox 2483 4286 2662 4333; x_wconf 90' lang='lat' dir='ltr'>autem</span> <span class='ocrx_word' id='word_1_621' title='bbox 2691 4277 3012 4348; x_wconf 82' lang='lat' dir='ltr'>explicatius</span> <span class='ocrx_word' id='word_1_622' title='bbox 3058 4286 3383 4334; x_wconf 88' lang='lat' dir='ltr'>annotamus</span> <span class='ocrx_word' id='word_1_623' title='bbox 3413 4286 3468 4335; x_wconf 89' lang='lat' dir='ltr'>ut</span> 
     </span>
    </p>
   </div>
   <div class='ocr_carea' id='block_1_72' title="bbox 1865 4365 3465 4438">
    <p class='ocr_par' dir='ltr' id='par_1_72' title="bbox 1865 4365 3465 4438">
     <span class='ocr_line' id='line_1_72' title="bbox 1865 4365 3465 4438; baseline -0.002 -13"><span class='ocrx_word' id='word_1_624' title='bbox 1865 4385 2022 4425; x_wconf 90' lang='lat' dir='ltr'>mens</span> <span class='ocrx_word' id='word_1_625' title='bbox 2051 4367 2277 4436; x_wconf 86' lang='lat' dir='ltr'>ordinis,</span> <span class='ocrx_word' id='word_1_626' title='bbox 2310 4374 2470 4438; x_wconf 88' lang='lat' dir='ltr'>prout</span> <span class='ocrx_word' id='word_1_627' title='bbox 2499 4382 2720 4437; x_wconf 90' lang='lat' dir='ltr'>semper</span> <span class='ocrx_word' id='word_1_628' title='bbox 2749 4365 2847 4421; x_wconf 84' lang='lat' dir='ltr'>fuit</span> <span class='ocrx_word' id='word_1_629' title='bbox 2876 4374 2930 4421; x_wconf 89' lang='lat' dir='ltr'>et</span> <span class='ocrx_word' id='word_1_630' title='bbox 2960 4374 3062 4433; x_wconf 90' lang='lat' dir='ltr'>est,</span> <span class='ocrx_word' id='word_1_631' title='bbox 3097 4366 3238 4422; x_wconf 91' lang='lat' dir='ltr'>circa</span> <span class='ocrx_word' id='word_1_632' title='bbox 3266 4382 3465 4422; x_wconf 86' lang='lat' dir='ltr'>nume-</span> 
     </span>
    </p>
   </div>
   <div class='ocr_carea' id='block_1_73' title="bbox 1865 4454 3465 4527">
    <p class='ocr_par' dir='ltr' id='par_1_73' title="bbox 1865 4454 3465 4527">
     <span class='ocr_line' id='line_1_73' title="bbox 1865 4454 3465 4527; baseline -0.001 -13"><span class='ocrx_word' id='word_1_633' title='bbox 1865 4474 1988 4514; x_wconf 92' lang='lat' dir='ltr'>rum</span> <span class='ocrx_word' id='word_1_634' title='bbox 2017 4457 2413 4513; x_wconf 88' lang='lat' dir='ltr'>monachorum</span> <span class='ocrx_word' id='word_1_635' title='bbox 2442 4454 2748 4511; x_wconf 90' lang='lat' dir='ltr'>evidentius</span> <span class='ocrx_word' id='word_1_636' title='bbox 2797 4461 3149 4527; x_wconf 87' lang='lat' dir='ltr'>agnoscatur,</span> <span class='ocrx_word' id='word_1_637' title='bbox 3184 4469 3347 4526; x_wconf 87' lang='lat' dir='ltr'>quam</span> <span class='ocrx_word' id='word_1_638' title='bbox 3373 4454 3465 4513; x_wconf 91' lang='lat' dir='ltr'>hic</span> 
     </span>
    </p>
   </div>
   <div class='ocr_carea' id='block_1_74' title="bbox 1865 4542 3244 4616">
    <p class='ocr_par' dir='ltr' id='par_1_74' title="bbox 1865 4542 3244 4616">
     <span class='ocr_line' id='line_1_74' title="bbox 1865 4542 3244 4616; baseline -0.004 -13"><span class='ocrx_word' id='word_1_639' title='bbox 1865 4547 2029 4604; x_wconf 89' lang='lat' dir='ltr'>etiam</span> <span class='ocrx_word' id='word_1_640' title='bbox 2059 4545 2192 4600; x_wconf 85' lang='lat' dir='ltr'>satis</span> <span class='ocrx_word' id='word_1_641' title='bbox 2222 4543 2458 4616; x_wconf 86' lang='lat' dir='ltr'>explicat</span> <span class='ocrx_word' id='word_1_642' title='bbox 2501 4542 2782 4614; x_wconf 91' lang='lat' dir='ltr'>piissimus</span> <span class='ocrx_word' id='word_1_643' title='bbox 2805 4543 3056 4614; x_wconf 90' lang='lat' dir='ltr'>scriptor,</span> <span class='ocrx_word' id='word_1_644' title='bbox 3102 4559 3158 4597; x_wconf 94' lang='lat' dir='ltr'>n.</span> <span class='ocrx_word' id='word_1_645' title='bbox 3188 4546 3244 4599; x_wconf 78' lang='grc'>2.</span> 
     </span>
    </p>
   </div>
   <div class='ocr_carea' id='block_1_75' title="bbox 1933 4630 3463 4705">
    <p class='ocr_par' dir='ltr' id='par_1_75' title="bbox 1933 4630 3463 4705">
     <span class='ocr_line' id='line_1_75' title="bbox 1933 4630 3463 4705; baseline -0.002 -14"><span class='ocrx_word' id='word_1_646' title='bbox 1933 4637 2094 4691; x_wconf 90' lang='lat' dir='ltr'>Num.</span> <span class='ocrx_word' id='word_1_647' title='bbox 2127 4638 2181 4691; x_wconf 76' lang='lat'>2.</span> <span class='ocrx_word' id='word_1_648' title='bbox 2220 4632 2371 4703; x_wconf 87' lang='lat' dir='ltr'>Quod</span> <span class='ocrx_word' id='word_1_649' title='bbox 2398 4635 2446 4688; x_wconf 88' lang='lat' dir='ltr'>si</span> <span class='ocrx_word' id='word_1_650' title='bbox 2473 4634 2686 4705; x_wconf 84' lang='lat' dir='ltr'>posteri</span> <span class='ocrx_word' id='word_1_651' title='bbox 2710 4633 2912 4700; x_wconf 81' lang='lat' dir='ltr'>nostri,</span> <span class='ocrx_word' id='word_1_652' title='bbox 2964 4638 3070 4687; x_wconf 90' lang='lat' dir='ltr'>etc.</span> <span class='ocrx_word' id='word_1_653' title='bbox 3102 4632 3227 4686; x_wconf 92' lang='lat' dir='ltr'>Non</span> <span class='ocrx_word' id='word_1_654' title='bbox 3273 4630 3463 4688; x_wconf 89' lang='lat' dir='ltr'>satiari</span> 
     </span>
    </p>
   </div>
   <div class='ocr_carea' id='block_1_76' title="bbox 1863 4719 3463 4792">
    <p class='ocr_par' dir='ltr' id='par_1_76' title="bbox 1863 4719 3463 4792">
     <span class='ocr_line' id='line_1_76' title="bbox 1863 4719 3463 4792; baseline -0.003 -12"><span class='ocrx_word' id='word_1_655' title='bbox 1863 4725 2078 4781; x_wconf 90' lang='lat' dir='ltr'>videtur</span> <span class='ocrx_word' id='word_1_656' title='bbox 2106 4722 2187 4780; x_wconf 88' lang='lat' dir='ltr'>vir</span> <span class='ocrx_word' id='word_1_657' title='bbox 2211 4729 2429 4778; x_wconf 88' lang='lat' dir='ltr'>sanctus</span> <span class='ocrx_word' id='word_1_658' title='bbox 2460 4728 2706 4792; x_wconf 91' lang='lat' dir='ltr'>repetere</span> <span class='ocrx_word' id='word_1_659' title='bbox 2761 4719 2938 4776; x_wconf 79' lang='lat' dir='ltr'>oﬂicia</span> <span class='ocrx_word' id='word_1_660' title='bbox 2965 4719 3060 4774; x_wconf 92' lang='lat' dir='ltr'>illa</span> <span class='ocrx_word' id='word_1_661' title='bbox 3099 4719 3380 4792; x_wconf 73' lang='lat' dir='ltr'>quaerendi</span> <span class='ocrx_word' id='word_1_662' title='bbox 3409 4729 3463 4776; x_wconf 92' lang='lat' dir='ltr'>et</span> 
     </span>
    </p>
   </div>
   <div class='ocr_carea' id='block_1_77' title="bbox 1863 4807 3459 4886">
    <p class='ocr_par' dir='ltr' id='par_1_77' title="bbox 1863 4807 3459 4886">
     <span class='ocr_line' id='line_1_77' title="bbox 1863 4807 3459 4886; baseline -0.004 -16"><span class='ocrx_word' id='word_1_663' title='bbox 1863 4812 2118 4886; x_wconf 89' lang='lat' dir='ltr'>vagandi,</span> <span class='ocrx_word' id='word_1_664' title='bbox 2151 4828 2272 4884; x_wconf 79' lang='lat' dir='ltr'>quae</span> <span class='ocrx_word' id='word_1_665' title='bbox 2300 4810 2526 4866; x_wconf 85' lang='lat' dir='ltr'>odibilia</span> <span class='ocrx_word' id='word_1_666' title='bbox 2581 4809 2822 4864; x_wconf 91' lang='lat' dir='ltr'>nominat</span> <span class='ocrx_word' id='word_1_667' title='bbox 2851 4825 2916 4864; x_wconf 88' lang='lat' dir='ltr'>ex</span> <span class='ocrx_word' id='word_1_668' title='bbox 2947 4807 3132 4864; x_wconf 90' lang='lat' dir='ltr'>cordis</span> <span class='ocrx_word' id='word_1_669' title='bbox 3177 4808 3459 4864; x_wconf 87' lang='lat' dir='ltr'>abundan-</span> 
     </span>
    </p>
   </div>
   <div class='ocr_carea' id='block_1_78' title="bbox 1861 4898 3458 4972">
    <p class='ocr_par' dir='ltr' id='par_1_78' title="bbox 1861 4898 3458 4972">
     <span class='ocr_line' id='line_1_78' title="bbox 1861 4898 3458 4972; baseline -0.004 -14"><span class='ocrx_word' id='word_1_670' title='bbox 1861 4903 1956 4972; x_wconf 88' lang='lat' dir='ltr'>tia,</span> <span class='ocrx_word' id='word_1_671' title='bbox 1989 4903 2128 4957; x_wconf 88' lang='lat' dir='ltr'>adeo</span> <span class='ocrx_word' id='word_1_672' title='bbox 2156 4917 2476 4972; x_wconf 89' lang='lat' dir='ltr'>persuasum</span> <span class='ocrx_word' id='word_1_673' title='bbox 2507 4899 2742 4954; x_wconf 88' lang='lat' dir='ltr'>habebat</span> <span class='ocrx_word' id='word_1_674' title='bbox 2771 4898 2824 4953; x_wconf 90' lang='lat' dir='ltr'>id</span> <span class='ocrx_word' id='word_1_675' title='bbox 2855 4898 2910 4952; x_wconf 91' lang='lat' dir='ltr'>in</span> <span class='ocrx_word' id='word_1_676' title='bbox 2940 4899 3219 4954; x_wconf 89' lang='lat' dir='ltr'>horrorem</span> <span class='ocrx_word' id='word_1_677' title='bbox 3266 4907 3458 4969; x_wconf 87' lang='lat' dir='ltr'>poste-</span> 
     </span>
    </p>
   </div>
   <div class='ocr_carea' id='block_1_79' title="bbox 1862 4985 3459 5059">
    <p class='ocr_par' dir='ltr' id='par_1_79' title="bbox 1862 4985 3459 5059">
     <span class='ocr_line' id='line_1_79' title="bbox 1862 4985 3459 5059; baseline -0.003 -13"><span class='ocrx_word' id='word_1_678' title='bbox 1862 4992 1940 5046; x_wconf 88' lang='lat' dir='ltr'>ris</span> <span class='ocrx_word' id='word_1_679' title='bbox 1970 4992 2082 5047; x_wconf 89' lang='lat' dir='ltr'>suis</span> <span class='ocrx_word' id='word_1_680' title='bbox 2112 5007 2234 5046; x_wconf 89' lang='lat' dir='ltr'>esse</span> <span class='ocrx_word' id='word_1_681' title='bbox 2292 4989 2630 5056; x_wconf 90' lang='lat' dir='ltr'>vertendum,</span> <span class='ocrx_word' id='word_1_682' title='bbox 2674 4988 2820 5059; x_wconf 92' lang='lat' dir='ltr'>quod</span> <span class='ocrx_word' id='word_1_683' title='bbox 2851 4995 2904 5042; x_wconf 85' lang='lat' dir='ltr'>et</span> <span class='ocrx_word' id='word_1_684' title='bbox 2933 4985 3137 5042; x_wconf 81' lang='lat' dir='ltr'>factum</span> <span class='ocrx_word' id='word_1_685' title='bbox 3175 4995 3277 5042; x_wconf 90' lang='lat' dir='ltr'>est.</span> <span class='ocrx_word' id='word_1_686' title='bbox 3317 4987 3459 5042; x_wconf 87' lang='lat' dir='ltr'>Nam</span> 
     </span>
    </p>
   </div>
   <div class='ocr_carea' id='block_1_80' title="bbox 1863 5075 3460 5136">
    <p class='ocr_par' dir='ltr' id='par_1_80' title="bbox 1863 5075 3460 5136">
     <span class='ocr_line' id='line_1_80' title="bbox 1863 5075 3460 5136; baseline -0.002 0"><span class='ocrx_word' id='word_1_687' title='bbox 1863 5082 2051 5136; x_wconf 89' lang='lat' dir='ltr'>Patres</span> <span class='ocrx_word' id='word_1_688' title='bbox 2109 5078 2315 5134; x_wconf 89' lang='lat' dir='ltr'>ordinis</span> <span class='ocrx_word' id='word_1_689' title='bbox 2344 5078 2399 5133; x_wconf 92' lang='lat' dir='ltr'>in</span> <span class='ocrx_word' id='word_1_690' title='bbox 2429 5077 2705 5133; x_wconf 90' lang='lat' dir='ltr'>veteribus</span> <span class='ocrx_word' id='word_1_691' title='bbox 2736 5084 2789 5132; x_wconf 89' lang='lat' dir='ltr'>et</span> <span class='ocrx_word' id='word_1_692' title='bbox 2817 5075 2973 5132; x_wconf 89' lang='lat' dir='ltr'>novis</span> <span class='ocrx_word' id='word_1_693' title='bbox 3029 5075 3242 5131; x_wconf 88' lang='lat' dir='ltr'>statutis</span> <span class='ocrx_word' id='word_1_694' title='bbox 3281 5075 3460 5134; x_wconf 89' lang='lat' dir='ltr'>adhuc</span> 
     </span>
    </p>
   </div>
   <div class='ocr_carea' id='block_1_81' title="bbox 1862 5166 2780 5238">
    <p class='ocr_par' dir='ltr' id='par_1_81' title="bbox 1862 5166 2780 5238">
     <span class='ocr_line' id='line_1_81' title="bbox 1862 5166 2780 5238; baseline -0.007 -13"><span class='ocrx_word' id='word_1_695' title='bbox 1862 5169 2104 5226; x_wconf 88' lang='lat' dir='ltr'>severius</span> <span class='ocrx_word' id='word_1_696' title='bbox 2135 5167 2202 5222; x_wconf 91' lang='lat' dir='ltr'>de</span> <span class='ocrx_word' id='word_1_697' title='bbox 2229 5168 2334 5222; x_wconf 89' lang='lat' dir='ltr'>hac</span> <span class='ocrx_word' id='word_1_698' title='bbox 2376 5182 2432 5221; x_wconf 89' lang='lat' dir='ltr'>re</span> <span class='ocrx_word' id='word_1_699' title='bbox 2469 5166 2780 5238; x_wconf 87' lang='lat' dir='ltr'>loquuntur.</span> 
     </span>
    </p>
   </div>
   <div class='ocr_carea' id='block_1_82' title="bbox 169 5239 3461 5330">
    <p class='ocr_par' dir='ltr' id='par_1_82' title="bbox 169 5239 3461 5330">
     <span class='ocr_line' id='line_1_82' title="bbox 169 5239 3461 5330; baseline 0 -22"><span class='ocrx_word' id='word_1_700' title='bbox 169 5254 274 5310; x_wconf 91' lang='lat' dir='ltr'>Sed</span> <span class='ocrx_word' id='word_1_701' title='bbox 311 5239 534 5330; x_wconf 70' lang='lat' dir='ltr'>reliquae</span> <span class='ocrx_word' id='word_1_702' title='bbox 565 5239 761 5312; x_wconf 87' lang='lat' dir='ltr'>domus</span> <span class='ocrx_word' id='word_1_703' title='bbox 789 5272 891 5327; x_wconf 93' lang='lat' dir='ltr'>pro</span> <span class='ocrx_word' id='word_1_704' title='bbox 920 5255 1154 5311; x_wconf 86' lang='lat' dir='ltr'>maxima</span> <span class='ocrx_word' id='word_1_705' title='bbox 1183 5265 1338 5327; x_wconf 90' lang='lat' dir='ltr'>parte</span> <span class='ocrx_word' id='word_1_706' title='bbox 1367 5256 1606 5330; x_wconf 75' lang='lat' dir='ltr'>fundatae</span> <span class='ocrx_word' id='word_1_707' title='bbox 1637 5264 1762 5311; x_wconf 92' lang='lat' dir='ltr'>sunt</span> <span class='ocrx_word' id='word_1_708' title='bbox 1795 5239 1842 5298; x_wconf 72' lang='grc' dir='ltr'>Ο</span> <span class='ocrx_word' id='word_1_709' title='bbox 1933 5260 2098 5312; x_wconf 88' lang='lat' dir='ltr'>Mum.</span> <span class='ocrx_word' id='word_1_710' title='bbox 2133 5259 2185 5310; x_wconf 90' lang='lat'>3.</span> <span class='ocrx_word' id='word_1_711' title='bbox 2255 5254 2628 5310; x_wconf 82' lang='lat' dir='ltr'>Attendentes</span> <span class='ocrx_word' id='word_1_712' title='bbox 2667 5256 2844 5325; x_wconf 83' lang='lat' dir='ltr'>igitur</span> <span class='ocrx_word' id='word_1_713' title='bbox 2897 5268 3013 5308; x_wconf 79' lang='lat' dir='ltr'>non</span> <span class='ocrx_word' id='word_1_714' title='bbox 3067 5269 3309 5310; x_wconf 82' lang='lat' dir='ltr'>munera</span> <span class='ocrx_word' id='word_1_715' title='bbox 3338 5269 3461 5325; x_wconf 71' lang='lat' dir='ltr'>qua:</span> 
     </span>
    </p>
   </div>
   <div class='ocr_carea' id='block_1_83' title="bbox 173 5329 1760 5416">
    <p class='ocr_par' dir='ltr' id='par_1_83' title="bbox 173 5329 1760 5416">
     <span class='ocr_line' id='line_1_83' title="bbox 173 5329 1760 5416; baseline 0.003 -20"><span class='ocrx_word' id='word_1_716' title='bbox 173 5350 221 5396; x_wconf 87' lang='lat' dir='ltr'>et</span> <span class='ocrx_word' id='word_1_717' title='bbox 240 5329 520 5404; x_wconf 58' lang='lat' dir='ltr'>aediﬁcata</span> <span class='ocrx_word' id='word_1_718' title='bbox 547 5361 645 5416; x_wconf 89' lang='lat' dir='ltr'>pro</span> <span class='ocrx_word' id='word_1_719' title='bbox 675 5345 939 5401; x_wconf 89' lang='lat' dir='ltr'>tredecim</span> <span class='ocrx_word' id='word_1_720' title='bbox 995 5345 1298 5415; x_wconf 88' lang='lat' dir='ltr'>monachis,</span> <span class='ocrx_word' id='word_1_721' title='bbox 1332 5344 1386 5398; x_wconf 92' lang='lat' dir='ltr'>id</span> <span class='ocrx_word' id='word_1_722' title='bbox 1417 5329 1520 5411; x_wconf 73' lang='lat' dir='ltr'>est,</span> <span class='ocrx_word' id='word_1_723' title='bbox 1554 5345 1760 5400; x_wconf 90' lang='lat' dir='ltr'>duode-</span> 
     </span>
    </p>
   </div>
   <div class='ocr_carea' id='block_1_84' title="bbox 169 5431 1759 5505">
    <p class='ocr_par' dir='ltr' id='par_1_84' title="bbox 169 5431 1759 5505">
     <span class='ocr_line' id='line_1_84' title="bbox 169 5431 1759 5505; baseline 0.002 -20"><span class='ocrx_word' id='word_1_724' title='bbox 169 5431 270 5486; x_wconf 91' lang='lat' dir='ltr'>cim</span> <span class='ocrx_word' id='word_1_725' title='bbox 300 5435 581 5492; x_wconf 89' lang='lat' dir='ltr'>monachis</span> <span class='ocrx_word' id='word_1_726' title='bbox 597 5450 720 5490; x_wconf 92' lang='lat' dir='ltr'>cum</span> <span class='ocrx_word' id='word_1_727' title='bbox 739 5434 939 5505; x_wconf 88' lang='lat' dir='ltr'>priore,</span> <span class='ocrx_word' id='word_1_728' title='bbox 965 5434 1053 5505; x_wconf 90' lang='lat' dir='ltr'>qui</span> <span class='ocrx_word' id='word_1_729' title='bbox 1077 5449 1336 5488; x_wconf 89' lang='lat' dir='ltr'>numerus</span> <span class='ocrx_word' id='word_1_730' title='bbox 1365 5433 1617 5489; x_wconf 91' lang='lat' dir='ltr'>convenit</span> <span class='ocrx_word' id='word_1_731' title='bbox 1636 5448 1759 5488; x_wconf 92' lang='lat' dir='ltr'>cum</span> 
     </span>
    </p>
   </div>
   <div class='ocr_carea' id='block_1_85' title="bbox 172 5521 1757 5595">
    <p class='ocr_par' dir='ltr' id='par_1_85' title="bbox 172 5521 1757 5595">
     <span class='ocr_line' id='line_1_85' title="bbox 172 5521 1757 5595; baseline 0.002 -22"><span class='ocrx_word' id='word_1_732' title='bbox 172 5535 392 5579; x_wconf 90' lang='lat' dir='ltr'>numero</span> <span class='ocrx_word' id='word_1_733' title='bbox 421 5525 512 5580; x_wconf 90' lang='lat' dir='ltr'>hic</span> <span class='ocrx_word' id='word_1_734' title='bbox 533 5539 566 5579; x_wconf 88' lang='lat' dir='ltr'>a</span> <span class='ocrx_word' id='word_1_735' title='bbox 594 5525 658 5580; x_wconf 83' lang='lat' dir='ltr'>R.</span> <span class='ocrx_word' id='word_1_736' title='bbox 683 5524 842 5578; x_wconf 86' lang='lat' dir='ltr'>Patre</span> <span class='ocrx_word' id='word_1_737' title='bbox 864 5523 1116 5595; x_wconf 91' lang='lat' dir='ltr'>Guigone</span> <span class='ocrx_word' id='word_1_738' title='bbox 1137 5537 1419 5594; x_wconf 89' lang='lat' dir='ltr'>expresso.</span> <span class='ocrx_word' id='word_1_739' title='bbox 1452 5521 1757 5592; x_wconf 80' lang='lat' dir='ltr'>Reperiun-</span> 
     </span>
    </p>
   </div>
   <div class='ocr_carea' id='block_1_86' title="bbox 167 5610 1754 5683">
    <p class='ocr_par' dir='ltr' id='par_1_86' title="bbox 167 5610 1754 5683">
     <span class='ocr_line' id='line_1_86' title="bbox 167 5610 1754 5683; baseline 0.003 -23"><span class='ocrx_word' id='word_1_740' title='bbox 167 5613 253 5663; x_wconf 91' lang='lat' dir='ltr'>tur</span> <span class='ocrx_word' id='word_1_741' title='bbox 280 5618 455 5670; x_wconf 85' lang='lat' dir='ltr'>tamen</span> <span class='ocrx_word' id='word_1_742' title='bbox 488 5627 596 5667; x_wconf 90' lang='lat' dir='ltr'>non</span> <span class='ocrx_word' id='word_1_743' title='bbox 627 5627 836 5682; x_wconf 75' lang='lat' dir='ltr'>paucae,</span> <span class='ocrx_word' id='word_1_744' title='bbox 869 5628 991 5683; x_wconf 70' lang='lat' dir='ltr'>quae</span> <span class='ocrx_word' id='word_1_745' title='bbox 1038 5618 1182 5678; x_wconf 92' lang='lat' dir='ltr'>octo,</span> <span class='ocrx_word' id='word_1_746' title='bbox 1215 5625 1414 5666; x_wconf 90' lang='lat' dir='ltr'>novem</span> <span class='ocrx_word' id='word_1_747' title='bbox 1443 5618 1536 5664; x_wconf 87' lang='lat' dir='ltr'>aut</span> <span class='ocrx_word' id='word_1_748' title='bbox 1564 5610 1754 5665; x_wconf 88' lang='lat' dir='ltr'>decem</span> 
     </span>
    </p>
   </div>
   <div class='ocr_carea' id='block_1_87' title="bbox 172 5697 1755 5756">
    <p class='ocr_par' dir='ltr' id='par_1_87' title="bbox 172 5697 1755 5756">
     <span class='ocr_line' id='line_1_87' title="bbox 172 5697 1755 5756; baseline 0.003 -9"><span class='ocrx_word' id='word_1_749' title='bbox 172 5702 366 5755; x_wconf 89' lang='lat' dir='ltr'>tantum</span> <span class='ocrx_word' id='word_1_750' title='bbox 391 5701 693 5756; x_wconf 85' lang='lat' dir='ltr'>monachos</span> <span class='ocrx_word' id='word_1_751' title='bbox 747 5701 968 5756; x_wconf 89' lang='lat' dir='ltr'>habent.</span> <span class='ocrx_word' id='word_1_752' title='bbox 1019 5699 1129 5755; x_wconf 89' lang='lat' dir='ltr'>Sed</span> <span class='ocrx_word' id='word_1_753' title='bbox 1183 5698 1511 5754; x_wconf 90' lang='lat' dir='ltr'>omnimodis</span> <span class='ocrx_word' id='word_1_754' title='bbox 1569 5697 1755 5754; x_wconf 89' lang='lat' dir='ltr'>conari</span> 
     </span>
    </p>
   </div>
   <div class='ocr_carea' id='block_1_88' title="bbox 172 5783 1753 5857">
    <p class='ocr_par' dir='ltr' id='par_1_88' title="bbox 172 5783 1753 5857">
     <span class='ocr_line' id='line_1_88' title="bbox 172 5783 1753 5857; baseline 0.003 -19"><span class='ocrx_word' id='word_1_755' title='bbox 172 5783 425 5846; x_wconf 86' lang='lat' dir='ltr'>debemus</span> <span class='ocrx_word' id='word_1_756' title='bbox 455 5797 514 5844; x_wconf 87' lang='lat' dir='ltr'>ut</span> <span class='ocrx_word' id='word_1_757' title='bbox 541 5789 611 5845; x_wconf 89' lang='lat' dir='ltr'>ad</span> <span class='ocrx_word' id='word_1_758' title='bbox 641 5803 930 5846; x_wconf 88' lang='lat' dir='ltr'>numerum</span> <span class='ocrx_word' id='word_1_759' title='bbox 985 5787 1139 5843; x_wconf 91' lang='lat' dir='ltr'>illum</span> <span class='ocrx_word' id='word_1_760' title='bbox 1223 5785 1480 5857; x_wconf 84' lang='lat' dir='ltr'>tredecim</span> <span class='ocrx_word' id='word_1_761' title='bbox 1557 5801 1753 5843; x_wconf 87' lang='lat' dir='ltr'>mona-</span> 
     </span>
    </p>
   </div>
   <div class='ocr_carea' id='block_1_89' title="bbox 1861 5341 3460 5413">
    <p class='ocr_par' dir='ltr' id='par_1_89' title="bbox 1861 5341 3460 5413">
     <span class='ocr_line' id='line_1_89' title="bbox 1861 5341 3460 5413; baseline -0.004 -10"><span class='ocrx_word' id='word_1_762' title='bbox 1861 5349 2199 5410; x_wconf 81' lang='lat' dir='ltr'>mittuntur,</span> <span class='ocrx_word' id='word_1_763' title='bbox 2235 5352 2337 5399; x_wconf 90' lang='lat' dir='ltr'>etc.</span> <span class='ocrx_word' id='word_1_764' title='bbox 2367 5342 2468 5399; x_wconf 87' lang='lat' dir='ltr'>Hic</span> <span class='ocrx_word' id='word_1_765' title='bbox 2500 5350 2728 5413; x_wconf 85' lang='lat' dir='ltr'>apparet</span> <span class='ocrx_word' id='word_1_766' title='bbox 2773 5341 3055 5397; x_wconf 90' lang='lat' dir='ltr'>evidenter</span> <span class='ocrx_word' id='word_1_767' title='bbox 3102 5349 3300 5412; x_wconf 87' lang='lat' dir='ltr'>quanta</span> <span class='ocrx_word' id='word_1_768' title='bbox 3327 5358 3460 5412; x_wconf 87' lang='lat' dir='ltr'>pru-</span> 
     </span>
    </p>
   </div>
   <div class='ocr_carea' id='block_1_90' title="bbox 1860 5431 3459 5503">
    <p class='ocr_par' dir='ltr' id='par_1_90' title="bbox 1860 5431 3459 5503">
     <span class='ocr_line' id='line_1_90' title="bbox 1860 5431 3459 5503; baseline -0.003 -13"><span class='ocrx_word' id='word_1_769' title='bbox 1860 5433 2042 5490; x_wconf 90' lang='lat' dir='ltr'>dentia</span> <span class='ocrx_word' id='word_1_770' title='bbox 2071 5432 2306 5503; x_wconf 90' lang='lat' dir='ltr'>polleret</span> <span class='ocrx_word' id='word_1_771' title='bbox 2342 5431 2413 5486; x_wconf 85' lang='lat' dir='ltr'>R.</span> <span class='ocrx_word' id='word_1_772' title='bbox 2454 5431 2513 5485; x_wconf 87' lang='grc' dir='ltr'>Ρ.</span> <span class='ocrx_word' id='word_1_773' title='bbox 2577 5431 2786 5502; x_wconf 88' lang='lat' dir='ltr'>Guigo,</span> <span class='ocrx_word' id='word_1_774' title='bbox 2821 5438 2874 5485; x_wconf 92' lang='lat' dir='ltr'>et</span> <span class='ocrx_word' id='word_1_775' title='bbox 2915 5444 3079 5501; x_wconf 87' lang='lat' dir='ltr'>quam</span> <span class='ocrx_word' id='word_1_776' title='bbox 3126 5437 3284 5500; x_wconf 89' lang='lat' dir='ltr'>aptus</span> <span class='ocrx_word' id='word_1_777' title='bbox 3313 5439 3459 5485; x_wconf 90' lang='lat' dir='ltr'>esset</span> 
     </span>
    </p>
   </div>
   <div class='ocr_carea' id='block_1_91' title="bbox 1859 5517 3458 5591">
    <p class='ocr_par' dir='ltr' id='par_1_91' title="bbox 1859 5517 3458 5591">
     <span class='ocr_line' id='line_1_91' title="bbox 1859 5517 3458 5591; baseline -0.003 -12"><span class='ocrx_word' id='word_1_778' title='bbox 1859 5524 1929 5579; x_wconf 89' lang='lat' dir='ltr'>ad</span> <span class='ocrx_word' id='word_1_779' title='bbox 1957 5521 2142 5577; x_wconf 87' lang='lat' dir='ltr'>omnia</span> <span class='ocrx_word' id='word_1_780' title='bbox 2173 5521 2410 5576; x_wconf 88' lang='lat' dir='ltr'>discrete</span> <span class='ocrx_word' id='word_1_781' title='bbox 2447 5519 2787 5591; x_wconf 87' lang='lat' dir='ltr'>disponenda</span> <span class='ocrx_word' id='word_1_782' title='bbox 2815 5526 2868 5573; x_wconf 91' lang='lat' dir='ltr'>et</span> <span class='ocrx_word' id='word_1_783' title='bbox 2895 5517 3263 5589; x_wconf 69' lang='lat' dir='ltr'>praevidenda.</span> <span class='ocrx_word' id='word_1_784' title='bbox 3299 5518 3458 5575; x_wconf 80' lang='lat' dir='ltr'>Reci-</span> 
     </span>
    </p>
   </div>
   <div class='ocr_carea' id='block_1_92' title="bbox 1857 5606 3458 5682">
    <p class='ocr_par' dir='ltr' id='par_1_92' title="bbox 1857 5606 3458 5682">
     <span class='ocr_line' id='line_1_92' title="bbox 1857 5606 3458 5682; baseline -0.001 -17"><span class='ocrx_word' id='word_1_785' title='bbox 1857 5611 2148 5682; x_wconf 90' lang='lat' dir='ltr'>piebantur</span> <span class='ocrx_word' id='word_1_786' title='bbox 2194 5609 2412 5680; x_wconf 89' lang='lat' dir='ltr'>quidem</span> <span class='ocrx_word' id='word_1_787' title='bbox 2472 5615 2598 5662; x_wconf 92' lang='lat' dir='ltr'>tunc</span> <span class='ocrx_word' id='word_1_788' title='bbox 2638 5623 2888 5673; x_wconf 89' lang='lat' dir='ltr'>munera,</span> <span class='ocrx_word' id='word_1_789' title='bbox 2933 5621 3061 5660; x_wconf 90' lang='lat' dir='ltr'>nam</span> <span class='ocrx_word' id='word_1_790' title='bbox 3099 5606 3168 5661; x_wconf 92' lang='lat' dir='ltr'>de</span> <span class='ocrx_word' id='word_1_791' title='bbox 3197 5608 3458 5678; x_wconf 69' lang='lat' dir='ltr'>praesenti</span> 
     </span>
    </p>
   </div>
   <div class='ocr_carea' id='block_1_93' title="bbox 1854 5694 3458 5769">
    <p class='ocr_par' dir='ltr' id='par_1_93' title="bbox 1854 5694 3458 5769">
     <span class='ocr_line' id='line_1_93' title="bbox 1854 5694 3458 5769; baseline -0.003 -14"><span class='ocrx_word' id='word_1_792' title='bbox 1854 5697 2113 5769; x_wconf 90' lang='lat' dir='ltr'>loquitur,</span> <span class='ocrx_word' id='word_1_793' title='bbox 2147 5697 2243 5751; x_wconf 90' lang='lat' dir='ltr'>sed</span> <span class='ocrx_word' id='word_1_794' title='bbox 2274 5695 2636 5752; x_wconf 86' lang='lat' dir='ltr'>cessationem</span> <span class='ocrx_word' id='word_1_795' title='bbox 2658 5694 2872 5749; x_wconf 88' lang='lat' dir='ltr'>illorum</span> <span class='ocrx_word' id='word_1_796' title='bbox 2914 5694 3246 5765; x_wconf 63' lang='lat' dir='ltr'>pravidens,</span> <span class='ocrx_word' id='word_1_797' title='bbox 3270 5695 3458 5757; x_wconf 85' lang='lat' dir='ltr'>omnia</span> 
     </span>
    </p>
   </div>
   <div class='ocr_carea' id='block_1_94' title="bbox 1857 5785 2804 5858">
    <p class='ocr_par' dir='ltr' id='par_1_94' title="bbox 1857 5785 2804 5858">
     <span class='ocr_line' id='line_1_94' title="bbox 1857 5785 2804 5858; baseline -0.005 -17"><span class='ocrx_word' id='word_1_798' title='bbox 1857 5785 2096 5858; x_wconf 87' lang='lat' dir='ltr'>disponit</span> <span class='ocrx_word' id='word_1_799' title='bbox 2143 5799 2210 5841; x_wconf 88' lang='lat' dir='ltr'>ac</span> <span class='ocrx_word' id='word_1_800' title='bbox 2249 5785 2294 5845; x_wconf 88' lang='lat' dir='ltr'>si</span> <span class='ocrx_word' id='word_1_801' title='bbox 2319 5785 2432 5854; x_wconf 89' lang='lat' dir='ltr'>jam</span> <span class='ocrx_word' id='word_1_802' title='bbox 2472 5790 2804 5841; x_wconf 87' lang='lat' dir='ltr'>cessassent.</span> 
     </span>
    </p>
   </div>
  </div>
