3940 6424
485 288 590 343 755

1318 284 1660 342 GUlGONIS
1698 287 1720 340 Ι
1767 281 2174 340 (ΖΑΒΤΗΟΞΙᾸΞ
2219 280 2515 338 MAJORIS
2561 280 2837 337 PRIORIS
2875 281 2944 336 ν.

3720 281 3758 332 7

3765 282 3800 332 ὃ

3804 283 3834 332 6

1803 410 2202 465 CAPITULUM
2240 409 2462 463 LXXX.

1621 503 1698 555 De
1728 500 2216 556 commendatione
2245 497 2521 552 solitaria:
2561 498 2710 553 vitae.

562 604 611 653 1.
649 599 886 665 Habetis,
923 597 1278 664 dilectissimi,
1311 598 1449 653 sicut
1477 598 1708 669 petistis,
1758 596 2181 652 consuetudines
2213 595 2619 665 qualescunque
2649 604 2866 649 nostras
2909 607 3130 665 quoquo
3159 591 3322 646 modo
3365 589 3715 659 descriptas,
3771 590 3825 642 in

491 693 684 766 quibus
707 694 874 748 multa
905 695 1033 748 vilia
1064 703 1188 748 sunt
1219 702 1271 748 et
1301 694 1524 759 minuta,
1559 711 1678 765 quae
1711 693 1872 748 scribi
1903 692 2126 746 forsitan
2157 706 2264 745 non
2297 697 2631 760 Oportuerat,
2655 691 2759 744 nisi
2793 690 2920 761 quia
2950 697 3134 744 vestra
3155 685 3373 741 dilectio
3432 684 3830 755 corr-pellebat

492 790 626 844 nihil
647 790 914 858 judicare,
953 790 1048 844 sed
1081 797 1272 844 cuncta
1301 789 1480 860 potius
1511 798 1698 859 parata
1740 789 2046 860 complecti.

557 891 612 943 2.
647 887 769 941 Non
799 894 978 941 tamen
1019 887 1093 941 ita
1118 887 1301 941 omnia
1329 895 1385 940 ut
1414 886 1548 940 nihil
1584 888 1805 941 omnino
1835 885 2180 948 remanserit,
2214 892 2464 954 putamus
2486 900 2586 939 nos
2616 885 2721 939 hoc
2752 884 2952 954 scripto
2997 882 3239 954 potuisse
3297 881 3662 938 concludere.
3696 881 3820 936 Sed

488 983 665 1051 facile,
699 983 744 1037 si
772 983 902 1056 quid
931 982 1139 1056 effugit,
1176 984 1536 1040 collocutione
1565 985 1822 1055 praesenti
1853 983 2049 1053 poterit
2079 982 2325 1038 indicari.

557 1085 609 1136 3.
644 1083 726 1136 De
755 1081 1228 1137 commendatione
1260 1089 1438 1136 autem
1469 1082 1630 1150 hujus
1662 1082 1801 1146 vitae,
1839 1080 2091 1135 solitaria)
2121 1080 2347 1145 scilicet,
2379 1096 2519 1150 pene
2551 1079 2818 1135 tacuimus
2851 1095 2884 1134 a
2912 1078 3099 1132 multis
3142 1076 3342 1132 sanctis
3373 1085 3425 1132 et
3456 1076 3817 1147 sapientibus

486 1187 540 1235 et
570 1186 729 1234 tantae
760 1180 1112 1248 auctoritatis,
1152 1187 1208 1233 ut
1239 1196 1427 1234 eorum
1462 1180 1693 1250 vestigia
1732 1195 1838 1233 non
1870 1179 2038 1232 simus
2069 1178 2283 1234 calcare
2315 1179 2484 1250 digni,
2519 1178 2740 1249 copiose
2786 1177 3220 1233 commendatam
3251 1175 3483 1230 scientes
3503 1217 3516 1242 ,
3551 1183 3603 1230 et
3639 1174 3817 1230 vobis

488 1277 632 1350 quod
659 1293 814 1348 aeque
845 1286 937 1331 aut
964 1277 1158 1332 melius
1190 1277 1361 1332 nostis
1392 1277 1682 1332 ostendere
1712 1277 2044 1347 superfluum
2069 1276 2394 1344 judicantes.

560 1377 612 1430 4.
646 1373 832 1428 Nostis
862 1374 1029 1442 enim,
1063 1375 1118 1428 in
1147 1375 1326 1429 Veteri
1357 1374 1484 1428 etin
1519 1375 1672 1428 Novo
1696 1373 1929 1428 maxime
1959 1374 2323 1440 Testamento,
2357 1374 2540 1428 omnia
2577 1390 2718 1444 pene
2755 1373 2963 1442 majora
2994 1381 3046 1428 et
3095 1371 3378 1428 subtiliora
3409 1379 3644 1437 secreta,
3690 1386 3814 1426 non

486 1471 542 1526 in
571 1469 747 1524 turbis
778 1469 1103 1537 tumultosis,
1135 1470 1232 1524 sed
1263 1485 1383 1524 cum
1417 1468 1516 1524 soli
1549 1476 1731 1523 essent
1763 1468 1860 1522 Dei
1889 1467 2105 1523 famulis
2136 1469 2395 1535 revelata,
2433 1469 2688 1541 ipsosque
2718 1469 2817 1524 Dei
2847 1468 3095 1537 famulos,
3131 1484 3254 1524 cum
3281 1467 3368 1522 vel
3399 1466 3656 1521 subtilius
3710 1465 3812 1519 ali-

487 1567 617 1640 quid
649 1565 918 1634 meditari,
949 1567 1038 1621 vel
1064 1566 1288 1621 liberius
1318 1582 1496 1632 orare,
1532 1567 1619 1620 vel
1649 1582 1680 1620 a
1707 1566 1938 1621 terrenis
1969 1582 2069 1636 per
2092 1567 2290 1621 mentis
2324 1582 2610 1621 excessum
2639 1566 2868 1621 alienari
2898 1574 3180 1637 cuperent,
3211 1565 3327 1620 fere
3358 1580 3576 1634 semper
3606 1562 3809 1618 multi—

486 1665 688 1720 tudinis
717 1663 1104 1735 impedimenta
1134 1664 1355 1730 vitasse,
1389 1672 1441 1719 et
1472 1663 1777 1718 solitudinis
1824 1671 2074 1732 captasse
2105 1663 2537 1719 commoditates.

560 1765 613 1814 5.
664 1761 800 1816 Hinc
847 1768 948 1824 est,
997 1768 1055 1814 ut
1103 1760 1304 1830 aliquid
1336 1760 1461 1814 inde
1499 1768 1808 1829 tangamus,
1842 1760 1984 1830 quod
2015 1760 2070 1812 in
2119 1775 2316 1831 agrum
2355 1760 2424 1813 ad
2472 1759 2846 1814 meditandum
2886 1761 3036 1816 Isaac
3077 1759 3357 1832 egreditur
3386 1758 3535 1813 solus
3562 1759 3800 1829 (Cenes.

489 1861 698 1930 xxxu),
731 1858 878 1930 quod
908 1856 958 1911 ei
987 1872 1097 1911 non
1128 1857 1361 1922 casuale,
1397 1858 1494 1912 sed
1524 1856 2061 1912 consuetudinarium
2092 1857 2259 1912 fuisse
2291 1857 2624 1912 credendum
2655 1866 2756 1911 est.
2792 1856 2950 1925 Quod
2979 1857 3149 1912 Jaeob
3206 1855 3501 1926 praemissis
3533 1855 3801 1910 omnibus

489 1956 637 2011 solus
667 1961 934 2022 remanet,
967 1952 1106 2009 facie
1137 1955 1207 2008 ad
1238 1954 1426 2009 faciem
1459 1956 1632 2009 Deum
1665 1955 1830 2019 videt,
1865 1954 2243 2009 benedictione
2274 1954 2435 2007 simul
2464 1962 2516 2008 et
2553 1954 2788 2008 nominis
2820 1954 2875 2008 in
2904 1954 3096 2008 melius
3126 1953 3422 2008 mutatione
3462 1951 3591 2008 felix
3622 1952 3795 2011 efﬁci-

493 2067 581 2115 tur
621 2059 842 2126 (Genes.
873 2057 1060 2126 xxxv),
1091 2055 1214 2126 plus
1244 2061 1527 2109 assecutus
1559 2069 1666 2108 uno
1708 2062 1981 2109 momento
2009 2053 2159 2108 solus
2209 2068 2373 2124 quam
2403 2061 2512 2108 toto
2541 2053 2666 2108 vitae
2695 2061 2938 2123 tempore
2971 2052 3276 2106 comitatus.

567 2159 618 2210 6.
651 2156 838 2226 Moyes
869 2169 1106 2224 quoque,
1141 2151 1288 2206 Elias
1317 2160 1474 2222 atque
1506 2151 1722 2205 Eliseus
1755 2150 2098 2205 solitudinem
2130 2150 2283 2204 testis
2313 2157 2392 2203 est
2420 2149 2696 2220 Scriptura
2759 2157 3016 2221 quantum
3048 2149 3295 2220 diligant,
3330 2155 3662 2219 quantumve
3693 2165 3802 2219 per

491 2268 613 2310 eam
643 2253 697 2307 in
729 2252 1038 2307 divinorum
1070 2256 1404 2305 secretorum
1436 2247 1858 2302 revelationibus
1889 2255 2157 2313 crescant,
2191 2264 2408 2320 quoque
2448 2247 2610 2302 modo
2640 2254 2692 2302 et
2720 2247 2862 2302 inter
2890 2245 3137 2301 homines
3163 2245 3538 2316 periclitentur
3567 2245 3799 2302 assidue

491 2358 544 2406 et
573 2366 605 2405 a
635 2351 772 2415 Deo,
806 2365 927 2405 cum
959 2347 1061 2402 soli
1087 2355 1230 2416 sunt,
1274 2345 1580 2401 visitentur.

559 2448 612 2501 7.
647 2446 755 2500 Sed
788 2453 841 2500 et
869 2444 1152 2512 Jeremias,
1185 2443 1330 2514 quod
1355 2449 1406 2497 et
1437 2441 1687 2512 superius
1719 2442 2286 2511 commemoravimus,
2322 2442 2468 2497 solus
2498 2442 2652 2497 sedet
2681 2442 2805 2514 quia
2836 2441 2936 2497 Dei
2962 2442 3379 2496 comminatione
3410 2441 3648 2512 repletus
3700 2450 3788 2495 est

492 2543 627 2613 (Jer.
661 2542 779 2612 xv),
816 2555 1052 2612 poscens
1101 2539 1259 2594 etiam
1298 2537 1415 2592 dari
1444 2553 1640 2608 aquam
1671 2537 1834 2608 capiti
1873 2553 1989 2604 suo,
2025 2545 2076 2593 et
2106 2540 2276 2595 oculis
2325 2541 2437 2595 suis
2468 2541 2672 2596 fontem
2728 2541 3108 2611 lacrymarum,
3138 2548 3194 2594 ut
3240 2540 3420 2612 lugeat
3474 2539 3796 2596 interfectos

489 2637 675 2712 populi
705 2637 827 2705 sui;
858 2637 1035 2692 locum
1063 2651 1296 2707 quoque,
1329 2633 1422 2689 ubi
1453 2650 1511 2690 se
1544 2642 1653 2689 tam
1676 2642 1863 2689 sancto
1894 2635 2063 2705 possit
2091 2636 2146 2690 in
2176 2653 2338 2708 Opere
2368 2637 2594 2693 liberius
2627 2653 2901 2704 exercere,
2933 2637 3168 2709 postulat
3197 2637 3384 2692 dicens
3417 2655 3430 2692 :
3469 2639 3600 2706 Quis
3630 2639 3794 2693 dabit

1956 2753 2430 2806 MMENTARIUS.

1956 2753 1984 2804 ἃ
2010 2781 2026 2804 λ
2419 2795 2430 2806 .

562 2841 722 2895 Num.
759 2842 810 2894 3.
836 2839 1116 2893 Putamus
1133 2838 1444 2907 praefatum
1466 2850 1771 2890 numerum
1794 2749 2436 2897 ηυῗέπὶῗῗὲᾚῗπ
2467 2852 2669 2907 magna
2697 2837 2863 2892 animi
2893 2835 3263 2893 consolatione
3291 2834 3401 2906 legi
3431 2841 3678 2904 possunt.

495 2930 585 2984 hie
620 2931 802 2984 vivere
851 2941 1029 2998 posse,
1079 2926 1129 2980 si
1163 2928 1376 2991 tamen,
1411 2930 1514 2978 etc.
1550 2923 1648 2978 Hic
1671 2924 1936 2978 habemus
1965 2923 2085 2993 pul-

493 3016 821 3073 cherrimam
839 3013 1148 3077 lectionem,
1171 3027 1332 3083 quam
1355 3012 1558 3082 ubique
1590 3012 1645 3065 in
1676 3011 1930 3066 domibus
1961 3027 2088 3065 nos-

491 3106 591 3159 tris
623 3105 883 3175 scriptam
913 3103 1100 3174 legere
1157 3109 1211 3155 et
1255 3108 1379 3155 ante
1435 3101 1622 3155 oculos
1681 3100 1885 3154 habere
1916 3100 2089 3155 debe-

493 3211 654 3261 mus;
688 3210 755 3248 ex
785 3207 893 3262 qua
925 3190 1157 3246 lectione
1179 3190 1455 3244 discemus
1478 3205 1707 3260 quanam
1728 3188 1940 3243 ratione
1971 3189 2092 3243 fieri

495 3282 668 3355 possit
696 3289 754 3335 ut
785 3296 849 3335 ex
879 3279 1070 3349 paucis
1101 3278 1362 3332 reditibus
1386 3278 1558 3332 multa
1615 3277 1897 3342 faciamus,
1931 3286 2092 3348 prout

493 3372 550 3427 in
582 3369 764 3424 multis
792 3367 1044 3422 domibus
1075 3367 1282 3422 ordinis
1303 3366 1551 3422 videmus
1583 3374 1635 3420 et
1663 3365 1942 3433 miramur,
1975 3382 2092 3420 ma-

498 3460 640 3514 xime
670 3459 725 3513 in
744 3457 851 3512 illis
889 3473 1010 3528 quae
1038 3472 1070 3509 a
1099 3471 1369 3510 concursu
1389 3454 1668 3509 hominum
1695 3463 1916 3509 remotm
1947 3463 2087 3509 sunt.

496 3549 675 3605 Unum
727 3561 829 3618 pro
883 3545 1135 3616 pluribus
1191 3543 1500 3613 exemplum
1555 3543 1686 3596 mihi
1739 3543 1828 3598 hic
1883 3543 2093 3599 referre

499 3635 744 3692 sufficiat.
780 3637 986 3690 Domus
1017 3633 1267 3704 quaedam
1285 3631 1596 3686 monialium
1635 3631 1795 3687 habet
1815 3633 2093 3703 sexaginta

499 3723 720 3781 circiter
749 3737 1017 3794 personas
1065 3720 1294 3786 ordinis,
1327 3719 1522 3790 quibus
1553 3720 1598 3773 si
1645 3721 1872 3775 addatur
1899 3737 2093 3775 nume-

500 3829 591 3867 rus
621 3811 948 3866 famulorum
971 3817 1025 3864 et
1071 3807 1530 3863 mercenariorum
1569 3809 1638 3863 ad
1673 3809 1751 3863 rei
1783 3809 2096 3865 domesticae

501 3899 1027 3955 administrationem
1075 3896 1529 3963 necessariorum,
1562 3903 1822 3952 numerus
1869 3899 1971 3953 iste
2025 3899 2094 3953 ad

503 3987 853 4060 septuaginta
873 3994 926 4041 et
952 3985 1184 4057 amplius
1202 3985 1540 4061 extendetur.
1572 3988 1777 4041 Domus
1793 3995 1975 4042 autem
1995 3987 2096 4042 ista

505 4093 600 4132 sex
647 4075 794 4130 mille
841 4075 1011 4130 libras
1067 4075 1230 4129 annui
1260 4075 1468 4130 reditus
1495 4075 1580 4130 vix
1638 4076 1818 4141 habet,
1863 4077 2001 4131 ultra
2031 4092 2097 4132 ea

505 4180 627 4236 quae
659 4164 762 4218 sibi
791 4164 862 4219 ad
892 4180 1048 4218 usum
1079 4163 1362 4234 proprium
1421 4180 1486 4218 ex
1545 4165 1850 4221 mconomia
1879 4166 2097 4235 agraria

504 4253 750 4309 assumit.
799 4252 937 4322 Quis
986 4253 1236 4308 crederet
1267 4269 1390 4308 esse
1444 4254 1703 4324 possibile
1735 4261 1791 4308 ut
1827 4270 1948 4309 cum
1990 4261 2097 4308 tam

503 4341 686 4414 parvis
704 4341 966 4397 reditibus
987 4348 1096 4395 tam
1125 4341 1304 4411 ampla
1325 4341 1529 4396 familia
1550 4352 1735 4413 posset
1751 4343 2050 4397 subsistere
2071 4344 2099 4397 ‘?

502 4435 756 4487 Attamen
785 4447 872 4485 res
903 4430 1203 4486 certissime
1233 4431 1302 4484 ita
1334 4447 1392 4486 se
1425 4432 1607 4486 habet.
1639 4432 1869 4486 Centum
1907 4433 2100 4486 domos

503 4519 707 4575 ordinis
736 4519 790 4573 in
819 4519 1058 4574 medium
1091 4517 1290 4574 afferre
1321 4535 1561 4590 possem,
1599 4521 1798 4591 quibus
1831 4520 1976 4574 idem
2007 4536 2099 4574 ex-

501 4608 802 4680 perimento
831 4608 1095 4678 probatur
1128 4623 1140 4661 :
1173 4615 1226 4662 et
1279 4607 1406 4662 inde
1463 4609 1696 4680 gaudeo,
1731 4609 1827 4662 sed
1878 4617 1927 4662 et
1956 4624 2097 4681 gau-

503 4697 663 4752 debo.
696 4696 906 4765 Majora
934 4712 1100 4751 onera
1149 4697 1437 4751 domorum
1469 4697 1677 4751 ordinis
1707 4705 1769 4751 ut
1803 4697 2098 4767 plurimum

501 4801 612 4842 non
640 4786 712 4840 ab
746 4785 1042 4840 intrinseco
1091 4785 1341 4863 oriuntur
1394 4787 1546 4856 (nam
1575 4801 1699 4840 cum
1731 4802 1822 4840 res
1851 4787 2098 4841 ordinate

503 4881 556 4929 et
584 4873 866 4944 religiose"
901 4871 1054 4941 fiunt,
1107 4872 1195 4927 vix
1256 4873 1477 4928 credere
1533 4882 1760 4944 possent
1809 4874 2098 4930 saeculares

502 4977 662 5033 quam
691 4960 857 5015 multa
887 4959 1015 5013 fiant
1044 4977 1109 5015 ex
1137 4961 1370 5032 paucis),
1406 4963 1503 5017 sed
1533 4963 1603 5016 ab
1634 4963 1935 5018 extrinseco
1964 4979 2097 5017 nas-

502 5057 729 5113 cuntur;
760 5065 790 5102 a
819 5063 1090 5103 concursu
1149 5066 1345 5120 nempe
1378 5067 1744 5121 expensarum
1773 5050 1890 5105 fere
1922 5051 2097 5106 inevi-

502 5136 766 5202 tabilium,
803 5153 936 5206 quas
995 5144 1318 5208 temporum,
1373 5138 1639 5204 locorum,
1673 5139 2016 5211 negotiorum
2046 5149 2101 5195 et

503 5239 858 5295 personarum
887 5233 1229 5280 externarum
1260 5226 1468 5281 ratione
1499 5226 1683 5281 facere
1709 5236 1997 5297 coguntur.
2030 5229 2099 5283 Et

501 5312 630 5368 inde
651 5311 710 5366 fit
739 5319 795 5366 ut
824 5313 1170 5383 paucissimae
1202 5314 1550 5384 reperiantur
1578 5330 1696 5385 quae
1723 5313 1870 5369 intra
1907 5316 2099 5371 decem

503 5415 674 5455 annos
697 5409 920 5471 possent
949 5401 1294 5456 accumulare
1316 5402 1459 5456 unde
1493 5417 1600 5456 uno
1630 5417 1772 5457 anno
1804 5403 2100 5460 subsistere

495 5497 743 5560 possent,
781 5489 825 5543 si
857 5489 1065 5544 reditus
1115 5505 1328 5543 annuus
1379 5490 1619 5544 totaliter
1650 5490 1926 5546 deficeret.

2261 2927 2400 2980 CAP.
2448 2926 2670 2980 LXXX.
2730 2957 2800 2966 —
2855 2926 3018 2980 Num.
3078 2929 3128 2980 1.
3171 2926 3346 2981 Multa
3384 2928 3521 2979 sunt
3550 2924 3688 2978 vilia
3731 2927 3790 2978 et

2189 3018 2436 3080 minuta,
2479 3023 2582 3070 etc.
2616 3016 2695 3070 De
2727 3015 2831 3068 illis
2859 3015 2972 3070 vult
2993 3014 3141 3085 loqui
3168 3030 3286 3086 quae
3319 3013 3463 3068 circa
3492 3011 3669 3067 officia
3700 3029 3793 3066 su-

2189 3103 2320 3158 toris
2351 3111 2405 3158 et
2434 3103 2676 3174 pistoris,
2711 3104 2779 3158 de
2811 3104 3026 3159 brachis
3050 3103 3299 3170 fratrum,
3332 3102 3386 3156 id
3417 3109 3500 3156 est
3544 3101 3790 3156 femora-

2190 3191 2351 3258 libus,
2384 3199 2437 3246 et
2485 3191 2750 3246 similibus
2780 3192 2931 3257 dixit,
2966 3199 3070 3247 etc.
3102 3191 3257 3247 Nihil
3299 3191 3580 3261 judicare,
3615 3189 3670 3242 id
3702 3197 3789 3244 est

2191 3281 2324 3334 nihil
2366 3280 2702 3346 discernere,
2755 3281 2852 3335 sed
2909 3280 3378 3336 indiscriminatim
3408 3287 3604 3336 cuncta
3631 3294 3783 3334 com-

2191 3369 2376 3440 plecti,
2410 3386 2530 3440 quae
2561 3369 2737 3440 Optari
2766 3384 2799 3423 a
2827 3369 2984 3425 vobis
3003 3369 3388 3425 credebamus.

2263 3459 2426 3514 Num.
2457 3462 2511 3515 2.
2545 3460 2664 3515 Non
2697 3463 2888 3513 tamen
2926 3459 3013 3512 ita
3037 3460 3252 3526 omnia,
3308 3465 3412 3512 etc.
3448 3457 3509 3511 Id
3556 3456 3786 3511 refertur

2194 3547 2264 3602 ad
2294 3563 2360 3602 ea
2391 3564 2513 3618 qua:
2541 3547 2796 3611 diximus,
2830 3547 2982 3601 illum
3005 3562 3116 3601 non
3160 3546 3441 3601 enucleate
3460 3545 3642 3600 omnia
3662 3561 3788 3600 sus-

2196 3636 2408 3706 cepisse
2466 3636 2816 3707 proferenda,
2860 3635 2958 3690 sed
3015 3651 3080 3690 eo
3137 3635 3302 3690 modo
3358 3634 3450 3705 qui
3498 3634 3784 3701 sufﬁceret,

2188 3725 2343 3794 juxta
2378 3725 2516 3779 illud
2565 3724 2884 3779 Proverbii:
2919 3724 3276 3794 Intelligenti
3303 3740 3506 3794 pauca.

2267 3814 2430 3869 Num.
2464 3818 2515 3868 3.
2566 3815 2642 3869 De
2685 3813 3173 3869 commendatione
3202 3815 3396 3868 autem
3427 3813 3595 3882 hujus
3633 3813 3779 3877 vitae,

2197 3911 2301 3958 etc.
2327 3903 2387 3957 Id
2418 3902 2697 3958 relationis
2725 3901 2887 3955 habet
2919 3915 3039 3956 cum
3079 3900 3249 3956 sacris
3269 3900 3559 3970 Scripturis
3587 3900 3685 3954 ista
3701 3900 3785 3955 vi—

2199 4000 2264 4046 tae
2304 3991 2560 4046 solitariae
2617 3989 3035 4059 commendatio,
3079 3997 3137 4044 ut
3191 3989 3401 4061 quoties
3430 3989 3659 4061 legatur,
3690 4005 3785 4045 no—

2198 4097 2323 4134 vum
2355 4095 2570 4150 semper
2603 4078 2878 4134 suavitatis
2908 4085 3126 4150 gustum
3157 4077 3212 4131 in
3239 4078 3417 4132 anima
3438 4077 3666 4148 legentis
3695 4093 3785 4131 ex-

2125 4200 2177 4261 B
2199 4169 2343 4235 citet,
2377 4167 2623 4239 quamvis
2652 4166 2797 4220 illam
2828 4166 3157 4234 centiesjam
3182 4166 3396 4236 legerit.
3429 4165 3508 4220 lbi
3539 4165 3676 4220 enim
3706 4181 3786 4220 re-

2200 4257 2406 4327 peritur
2434 4256 2681 4327 quaedam
2712 4255 2834 4326 styli
2865 4255 3122 4319 suavitas,
3157 4271 3277 4325 qum
3298 4255 3526 4309 sinceris
3547 4261 3600 4308 et
3628 4254 3783 4309 veluti

2200 4344 2536 4398 naturalibus
2555 4343 2892 4416 argumentis
2915 4351 2967 4397 et
2986 4343 3162 4397 modis
3184 4343 3450 4397 rationem
3466 4343 3635 4413 ipsam
3650 4359 3785 4413 prae-

2200 4433 2345 4488 venit
2376 4441 2427 4488 et
2456 4433 2746 4500 convincit,
2789 4448 2855 4487 ac
2895 4431 3113 4485 tandem
3147 4431 3385 4486 suaviter
3413 4432 3630 4501 rapiens
3655 4447 3783 4501 pro-

2201 4521 2454 4576 nuntiare
2485 4521 2781 4591 compellit,
2823 4520 3001 4575 virum
3036 4528 3181 4576 certe
3209 4519 3376 4574 fuisse
3430 4519 3630 4590 Spiritu
3660 4535 3783 4573 san-

2200 4619 2286 4665 cto
2315 4609 2548 4664 afﬂatum
2589 4609 2678 4680 qui
2726 4608 2829 4663 ista
2885 4608 3120 4678 scripsit,
3175 4609 3259 4663 cui
3316 4608 3604 4678 Scripturae
3647 4608 3782 4662 velut

2198 4715 2297 4770 pro
2326 4699 2511 4769 lingua
2540 4706 2787 4752 materna
2835 4705 3002 4761 erant,
3030 4697 3230 4768 quique
3287 4697 3339 4750 iu
3391 4697 3624 4752 caelestis
3651 4696 3779 4752 scri-

2198 4788 2274 4843 nii
2305 4795 2606 4841 atramento
2635 4787 2900 4842 calamum
2922 4785 3239 4856 intingebat.
3265 4785 3485 4840 Certum
3507 4794 3588 4839 est
3616 4793 3779 4840 autem

2200 4875 2342 4946 quod
2373 4875 2441 4930 de
2473 4874 2763 4929 solitudine
2813 4874 3039 4944 physica
3069 4874 3155 4928 hic
3183 4883 3333 4946 agat,
3366 4873 3421 4928 id
3451 4881 3535 4928 est
3563 4874 3630 4928 de
3657 4873 3777 4928 soli-

2201 4964 2384 5018 tudine
2413 4964 2507 5018 illa
2537 4980 2658 5034 qum
2689 4980 2818 5018 vere
2839 4963 3114 5017 hominem
3161 4962 3352 5028 solum,
3380 4979 3409 5015 a
3440 4961 3602 5016 sociis
3631 4979 3777 5032 sepa-

2201 5060 2397 5116 ratum,
2458 5068 2581 5106 cum
2641 5051 2757 5106 solo
2805 5053 2921 5105 Deo
2978 5050 3296 5105 existentem
3344 5049 3523 5117 eflicit,
3556 5050 3776 5121 nihilque

2200 5156 2428 5211 prorsus
2460 5139 2603 5195 dicat
2632 5140 2779 5211 quod
2811 5139 2904 5193 alii
2933 5139 3242 5193 solitudinis
3273 5139 3473 5208 speciei
3503 5138 3608 5192 ullo
3629 5138 3776 5193 modo

2201 5228 2493 5283 convenire
2522 5229 2712 5298 possit.
2748 5229 2854 5283 Res
2893 5226 2968 5282 ita
2999 5244 3099 5298 per
3129 5244 3188 5281 se
3217 5227 3440 5281 evidens
3480 5235 3581 5290 est,
3613 5235 3664 5280 ut
3691 5243 3774 5280 su-

2200 5317 2467 5387 perfluum
2492 5317 2798 5385 judicemus
2846 5316 2933 5371 hic
2989 5332 3089 5386 per
3144 5315 3354 5386 aliquas
3397 5315 3607 5386 glossas
3636 5315 3774 5383 hujus

2202 5406 2278 5460 rei
2313 5406 2594 5460 veritatem
2615 5406 2866 5474 probare.

2237 5494 2398 5547 Num.
2416 5496 2468 5546 '7.
2489 5495 2690 5548 Omnia
2701 5510 2843 5564 pene
2857 5509 2978 5564 qua:
3003 5495 3063 5548 in
3083 5491 3188 5546 hac
3205 5496 3405 5546 nostra
3433 5492 3774 5546 institutione

574 5579 743 5633 Porro
783 5578 972 5633 eadem
998 5593 1118 5648 quae
1149 5578 1238 5632 hic
1295 5578 1424 5634 dicit
1455 5580 1518 5634 Il.
1579 5580 1738 5635 Pater
1784 5580 1964 5653 Guigo
1992 5597 2101 5636 non
2134 5556 2178 5614 Ο
2201 5586 2355 5648 sunt,
2381 5584 2614 5652 optima,
2650 5556 2834 5652 quiete
2861 5556 2916 5635 et
2947 5581 3278 5643 solitudine,
3301 5581 3530 5634 silentio
3553 5583 3605 5633 et
3624 5596 3774 5649 supe-

499 5673 713 5720 tantum
745 5664 1056 5720 referuntur
1081 5664 1138 5720 in
1154 5665 1391 5738 antiquis
1412 5668 1645 5735 statutis,
1679 5685 1732 5739 p.
1761 5685 1816 5735 ιι,
1851 5685 1973 5739 cap.
2001 5673 2091 5736 25,

500 5768 649 5809 num.
686 5755 738 5812 5.
778 5752 876 5809 sed
901 5752 1063 5809 etiam
1083 5753 1246 5811 latius
1266 5771 1529 5828 expressa
1559 5765 1684 5813 sunt
1713 5757 1767 5812 in
1795 5757 2094 5829 modernis,

2197 5671 2414 5726 riorum
2444 5670 2823 5742 appetitione,
2862 5676 2968 5725 etc.
3021 5669 3122 5724 Hic
3178 5668 3498 5723 brevissime
3553 5677 3775 5723 recenset

2197 5757 2472 5830 piissimus
2503 5758 2737 5830 scriptor
2784 5758 2906 5814 vitae
2945 5755 3320 5816 Carthusianae
3352 5755 3640 5827 principia,
3670 5773 3775 5828 quae
