3940 6430
141 343 267 396 ‘75‘1
1534 343 1781 400 CONSU]

1888 343 2137 398 lDINES.
3408 339 3512 392 758

163 466 329 522 mihi
370 467 748 524 diversorium
798 469 1080 525 viatorum
1123 471 1187 524 in
1235 469 1584 525 solitudine?
1634 470 1769 538 (ter.
1794 468 1901 537 ix.)
1951 468 2231 538 Tanquam
2279 468 2382 522 hoc
2431 480 2554 521 eum
2595 465 2651 520 in
2699 465 2913 521 civitate
2956 465 3135 520 facere
3182 478 3294 519 non
3348 477 3505 518 vaca-

167 573 268 620 ret
295 583 312 631 ;
345 566 454 621 hoc
483 566 650 620 modo
680 565 928 620 indicans
959 575 1214 636 quantum
1241 566 1345 638 (al.
1386 565 1570 638 quam]
1600 566 1894 637 impediant
1925 565 2060 620 socii
2089 563 2323 636 gratiam
2345 563 2731 635 lacrymarum,
2767 562 2873 631 Qui
2898 563 3074 618 etiam
3104 577 3222 616 cum
3252 560 3510 617 dixisseta

169 663 414 716 Bonum
441 667 527 718 est
554 663 880 733 praestolari
909 679 1040 718 cum
1071 664 1303 719 silentio
1335 665 1590 719 salutare
1619 663 1718 717 Dei
1741 662 1970 730 (Thren.
2003 661 2086 731 tu)
2109 680 2121 727 ;
2148 661 2234 715 cui
2256 660 2476 732 negotio
2498 660 2791 715 maximum
2814 668 3032 730 praestat
3053 659 3290 715 solitudo
3318 659 3511 714 suifra-

170 757 344 826 gium
371 775 385 822 ;
408 757 818 829 addidissetque
845 773 856 812 :
881 760 1097 815 Bonum
1121 763 1202 814 est
1217 761 1334 816 viro
1358 777 1487 816 cum
1503 759 1816 832 portaverit
1829 760 2034 828 jugum
2057 759 2123 814 ab
2146 759 2534 814 adolescentia
2550 775 2674 827 sua,
2712 758 2805 812 ubi
2826 774 2927 813 nos
2945 758 3236 829 plurimum
3259 757 3509 814 consola-

164 862 297 920 tur,
333 854 426 926 qui
447 855 787 926 pr0positum
810 855 954 910 istud
970 871 1112 926 pene
1141 872 1334 911 omnes
1363 873 1393 910 a
1416 857 1699 925 juventute
1721 855 2020 910 subivimus
2044 875 2058 922 ;
2080 857 2280 924 adjecit
2301 864 2352 912 et
2370 857 2444 911 ait
2469 874 2480 913 :
2500 857 2717 912 Sedebit
2731 857 3024 912 solitarius
3045 860 3101 912 et
3126 857 3349 924 tacebit,
3375 858 3510 928 quia

170 952 400 1006 levabit
431 968 488 1006 se
521 968 692 1024 supra
719 969 796 1017 se,
831 952 1014 1008 omnia
1041 969 1182 1023 pene
1206 970 1328 1024 quae
1357 953 1411 1008 in
1439 955 1544 1008 hac
1573 961 1763 1008 nostra
1811 950 2145 1007 institutione
2194 960 2318 1006 sunt
2365 952 2590 1023 optima,
2627 952 2806 1024 quiete
2838 960 2888 1007 et
2937 952 3248 1019 solitudine,
3290 952 3507 1009 silentio

167 1055 242 1101 et
273 1047 621 1117 superiorum
649 1048 979 1118 appetitione
1011 1049 1344 1120 significans.

261 1150 318 1201 8.
364 1145 498 1215 Quae
527 1147 705 1202 studia
737 1161 864 1202 suos
897 1147 1147 1202 alumnos
1179 1147 1370 1218 quales
1404 1147 1643 1204 efﬁciant
1674 1155 1862 1218 postea
1892 1147 2203 1203 manifestat
2233 1147 2422 1204 dicens
2465 1164 2477 1202 :
2510 1150 2676 1205 Dabit
2712 1150 3064 1221 percutienti
3091 1165 3147 1205 se
3174 1149 3501 1216 maxillam,

165 1245 554 1300 saturabitur
581 1245 911 1316 opprobriis,
945 1260 1176 1316 quorum
1206 1245 1262 1299 in
1293 1245 1461 1301 altero
1492 1245 1750 1315 patientia
1780 1260 2011 1310 summa,
2045 1246 2099 1299 in
2129 1246 2300 1302 altero
2333 1230 2577 1316 perfecta
2609 1247 2844 1320 refulget
2890 1247 3183 1301 humilitas.

263 1346 316 1396 9.
352 1342 589 1396 Joannes
619 1357 833 1413 quoque
862 1341 1122 1412 Baptista,
1160 1358 1267 1414 quo
1297 1344 1453 1397 inter
1483 1346 1650 1398 natos
1678 1343 2006 1410 mulierum,
2037 1344 2189 1412 juxta
2216 1343 2514 1400 Salvatoris
2565 1345 2923 1416 praeconium,
2972 1347 3157 1417 major
3184 1361 3350 1400 nemo
3377 1361 3505 1401 sur-

167 1440 354 1494 rexit
383 1439 600 1508 (Matth.
636 1441 739 1509 x1),
771 1422 902 1510 quid
928 1439 1163 1494 solitudo
1189 1440 1499 1495 securitatis
1524 1440 1724 1512 quidve
1773 1441 2016 1495 utilitatis
2066 1441 2254 1497 afferat
2283 1442 2564 1498 evidenter
2591 1443 2858 1510 ostendit;
2895 1443 2988 1515 qui
3016 1459 3120 1499 nec
3149 1443 3345 1499 divinis
3375 1459 3504 1498 ora-

161 1536 330 1591 culis
360 1536 557 1608 quibus
587 1536 899 1607 praedictum
922 1536 1100 1592 fuerat
1129 1538 1274 1608 quod
1303 1537 1372 1591 ab
1421 1545 1573 1592 utero
1624 1537 1827 1608 Spiritu
1865 1546 2055 1593 sancto
2100 1540 2339 1610 repletus
2395 1540 2553 1611 (Luc.
2600 1541 2661 1610 1),
2713 1540 2768 1594 in
2814 1539 3006 1611 spiritu
3054 1549 3105 1595 et
3143 1540 3335 1596 virtute
3363 1539 3498 1596 Elia:

158 1633 459 1688 Christum
491 1634 623 1689 foret
659 1634 945 1690 Dominum
983 1642 1383 1705 praeventurus,
1417 1650 1518 1690 nec
1551 1635 1785 1689 mirabili
1816 1635 2112 1701 nativitate,
2153 1652 2255 1692 nec
2284 1646 2572 1708 parentum
2619 1638 2904 1693 sanctitate
2946 1654 3190 1706 securus,
3226 1637 3484 1710 frequen-

164 1733 322 1788 tiam
355 1731 632 1786 hominum
664 1732 879 1803 fugiens
921 1740 1179 1803 tanquam
1227 1732 1616 1803 periculosam,
1669 1733 1886 1788 deserta
1935 1733 2243 1788 solitudinis
2291 1741 2552 1806 tanquam
2599 1742 2709 1788 tuta
2746 1735 2968 1807 delegit,
3021 1735 3204 1789 tandiu
3250 1735 3496 1806 pericula

160 1836 535 1900 mortemque
564 1829 836 1895 nesciens,
872 1829 1110 1900 quandiu
1142 1845 1387 1884 eremum
1419 1829 1568 1884 solus
1614 1828 1853 1894 incoluit,
1901 1830 1994 1883 ubi
2025 1829 2154 1900 quid
2183 1829 2395 1885 virtutis
2438 1831 2678 1885 lucratus
2713 1831 2911 1901 quidve
2955 1830 3024 1884 sit
3069 1830 3249 1885 meriti
3289 1829 3486 1884 Christi

165 1929 492 1999 baptismus
524 1937 576 1982 et
603 1945 702 2000 pro
721 1928 930 1996 justitia
957 1945 1107 1984 mors
1135 1937 1389 1999 suscepta
1432 1928 1768 1984 monstravit.
1817 1929 1960 1982 Talis
2010 1931 2152 1982 enim
2195 1927 2367 1984 factus
2412 1936 2496 1983 est
2540 1929 2594 1982 in
2643 1928 2952 1995 solitudine,
2995 1935 3052 1983 ut
3100 1928 3298 2000 dignus
3342 1935 3489 1984 esset

163 2027 462 2081 lavantem
496 2027 680 2082 omnia
710 2026 982 2082 Christum
1015 2026 1163 2081 solus
1189 2026 1397 2094 lavare,
1435 2033 1487 2080 et
1515 2042 1616 2096 pro
1655 2026 1876 2080 veritate
1907 2041 2008 2080 nec
2039 2041 2313 2082 carcerem
2353 2042 2453 2081 nec
2483 2035 2712 2081 mortem
2743 2025 3041 2082 declinare.

259 2126 352 2176 10.
385 2123 542 2178 Jesus
573 2123 690 2193 ipse
721 2123 866 2177 Deus
896 2130 948 2177 et
979 2122 1260 2187 Dominus,
1295 2121 1446 2188 cujus
1475 2121 1647 2177 virtus
1685 2137 1787 2178 nec
1833 2129 2050 2177 secreto
2069 2122 2263 2190 juvari,
2307 2137 2412 2177 nec
2459 2121 2678 2192 publico
2715 2130 2933 2193 poterat
2982 2121 3250 2192 impediri,
3302 2129 3360 2176 ut
3390 2137 3490 2176 suo

161 2231 373 2277 tamen
402 2221 560 2276 nobis
591 2221 905 2276 consuleret
932 2220 1201 2290 exemplo,
1236 2220 1555 2290 priusquam
1585 2220 1910 2291 prmdicaret
1937 2220 2023 2274 vel
2045 2220 2206 2292 signa
2227 2218 2450 2285 faceret,
2485 2220 2869 2275 tentationibus
2899 2228 3060 2291 atque
3087 2220 3308 2289 jejuniis
3337 2219 3495 2290 quasi

161 2320 448 2392 probatus
480 2327 562 2374 est
593 2320 646 2373 in
675 2318 986 2384 solitudine,
1020 2318 1088 2372 de
1121 2333 1230 2388 quo
1262 2317 1542 2388 Scriptura
1587 2316 1756 2372 refert
1798 2318 1963 2389 quod,
2017 2317 2221 2372 relictis
2269 2318 2442 2372 turbis
2490 2318 2903 2389 discipulorum,
2951 2317 3004 2372 in
3053 2325 3294 2372 montem
3342 2317 3492 2386 solus,

157 2416 508 2471 ascenderet
542 2431 696 2470 orare
727 2414 948 2484 (Matth.
983 2415 1126 2483 xw).
1161 2412 1266 2482 Qui
1295 2421 1347 2467 et
1376 2413 1710 2468 imminentis
1742 2413 1852 2481 jam
1902 2421 2148 2484 tempore
2193 2413 2467 2484 passionis
2515 2415 2794 2484 apostolos
2834 2413 3047 2484 reliquit
3091 2412 3238 2468 solus
3286 2427 3486 2468 exora-

155 2521 354 2577 turus,
386 2511 489 2567 isto
523 2512 607 2567 vel
637 2513 869 2567 maxime
899 2511 1178 2567 insinuans
1211 2512 1462 2583 exemplo
1503 2519 1763 2583 quantum
1795 2511 2030 2567 solitudo
2060 2511 2234 2582 prosit
2277 2511 2525 2578 orationi,
2578 2512 2793 2582 quando
2837 2510 3145 2576 comitibus,
3192 2509 3315 2565 licet
3345 2524 3484 2580 apo-

163 2610 367 2678 stolis,
400 2625 512 2664 non
541 2609 657 2664 vult
683 2609 878 2664 mistus
917 2625 1100 2664 orare.

248 2710 344 2762 11.
371 2707 489 2760 Jam
522 2721 620 2761 vos
647 2705 770 2776 ipsi,
805 2705 976 2760 sancti
1006 2720 1070 2761 ac
1099 2703 1440 2762 venerabiles
1489 2704 1676 2758 Patres
1714 2702 1926 2772 Paulus,
1961 2701 2244 2767 Antonius,
2306 2702 2569 2770 Hilarion,
2626 2701 2952 2764 Benedictus
2981 2709 3034 2756 et
3093 2701 3276 2757 caeteri
3323 2700 3481 2756 nobis

159 2802 611 2856 innumerabiles
641 2809 900 2872 quantum
932 2801 988 2855 in
1018 2801 1308 2856 solitudine
1338 2807 1518 2854 mente
1549 2797 1896 2870 profecerim,
1929 2815 2026 2869 per
2055 2816 2152 2854 vos
2183 2801 2544 2867 considerate,
2596 2809 2647 2855 et
2675 2800 2974 2871 probabitis
3007 2800 3299 2854 suavitates
3327 2797 3476 2869 psal-

164 2899 510 2964 modiarum,
554 2899 730 2953 studia
775 2880 1110 2965 lectionum,
1143 2897 1386 2954 fervores
1432 2898 1753 2966 orationum,
1802 2897 2124 2953 subtilitates
2165 2899 2594 2965 meditationum,
2646 2913 2903 2953 excessus
2935 2896 3472 2968 contemplatiouum’

166 2996 512 3068 baptismata
553 2997 930 3068 lacrymarum,
964 2995 1111 3050 nulla
1141 3012 1202 3051 re
1233 2995 1408 3066 magis
1439 3011 1599 3067 quam
1630 2994 1920 3049 solitudine
1960 3011 2122 3065 posse
2164 2996 2364 3064 juvari.

247 3100 344 3152 l2.
377 3096 500 3149 Non
530 3103 710 3150 autem
738 3095 855 3150 haec
885 3094 1040 3149 vobis
1066 3109 1244 3165 pauca
1275 3109 1396 3165 quae
1427 3093 1660 3146 diximus
1683 3091 1953 3146 sufficiant
1983 3093 2248 3163 exempla,
2280 3093 2348 3147 ad
2377 3093 2614 3164 suscepti
2661 3093 2877 3149 Iaudem
2915 3094 3218 3166 propositi;
3251 3094 3348 3149 sed
3379 3093 3483 3165 ipsi

163 3193 366 3265 potius
399 3191 554 3248 vobis
581 3192 736 3264 plura
764 3198 1096 3257 coacervata,
1129 3191 1216 3246 vel
1247 3191 1314 3245 de
1371 3207 1551 3245 rerum
1609 3207 1708 3244 usu
1767 3188 2138 3260 praesentium,
2172 3188 2258 3242 vel
2287 3189 2355 3243 de
2411 3198 2721 3245 sanctarum
2769 3190 2982 3262 paginis
3031 3190 3429 3261 Scripturarum
3467 3207 3480 3246 :

169 3304 501 3363 quanquam
523 3289 702 3359 ipsum
732 3288 825 3342 tali
848 3287 1321 3344 commendatione
1350 3302 1458 3342 non
1487 3294 1666 3358 egeat,
1701 3285 1955 3358 quoniam
1987 3293 2040 3340 et
2089 3301 2188 3340 sua
2235 3285 2456 3341 raritate
2488 3294 2541 3340 et
2570 3303 2791 3341 suorum
2837 3295 3163 3343 sectatorum
3211 3287 3482 3357 paucitate

164 3386 516 3443 sufﬁcienter
537 3402 658 3441 sese
676 3385 1041 3441 commendat.
1058 3385 1115 3440 Si
1135 3384 1299 3449 enim,
1319 3385 1469 3454 juxta
1484 3383 1695 3438 Domini
1717 3383 1907 3449 verba,
1923 3388 2085 3440 arcta
2103 3389 2184 3440 est
2203 3387 2293 3441 via
2313 3403 2435 3458 quae
2452 3386 2610 3441 ducit
2629 3387 2700 3441 ad
2712 3387 2906 3451 vitam,
2922 3390 2978 3442 et
2997 3387 3165 3451 pauci
3176 3387 3482 3441 inveniunt

165 3503 303 3543 eam
338 3483 560 3554 (Matth.
587 3483 685 3555 vu)
709 3501 724 3550 ;
748 3491 800 3538 et
818 3500 847 3539 e
863 3491 1054 3539 contra
1073 3485 1265 3555 ampla
1286 3486 1371 3539 est
1391 3499 1512 3555 qua:
1541 3482 1702 3537 ducit
1719 3481 1792 3537 ad
1810 3487 2068 3546 mortem,
2093 3486 2150 3538 et
2176 3483 2349 3538 multi
2367 3484 2581 3538 vadunt
2597 3498 2700 3553 per
2718 3498 2863 3552 eam,
2887 3481 3027 3536 inter
3048 3481 3366 3536 Christianae
3386 3496 3482 3535 re-

163 3582 401 3654 ligionis
429 3581 691 3646 instituta,
725 3588 871 3636 tanto
898 3597 957 3635 se
987 3596 1155 3634 unum
1184 3580 1438 3651 quodque
1469 3578 1709 3634 melioris
1738 3587 1791 3634 et
1819 3580 2152 3636 sublimioris
2185 3582 2422 3638 ostendit
2463 3582 2642 3638 meriti
2674 3589 2875 3653 quanto
2911 3581 3222 3652 pauciores,
3251 3588 3304 3636 et
3331 3587 3482 3637 tanto

169 3681 414 3738 minoris
444 3687 497 3736 et
517 3678 789 3735 inferioris
817 3685 1020 3751 quanto
1046 3678 1233 3748 plures
1261 3677 1511 3732 admittit.
1545 3679 1690 3733 Bene
1720 3694 1817 3733 vos
1840 3695 2058 3749 semper
2079 3680 2260 3735 valere
2291 3689 2344 3735 et
2370 3680 2543 3735 nostri
2574 3678 2888 3735 meminisse
2915 3686 3186 3749 Optamus.

895 3776 1234 3847 Expliciunt
1264 3775 1707 3831 Consuetudines
1740 3777 1804 3830 D.
1841 3777 2106 3848 Guigonis
2133 3780 2346 3853 prioris
2372 3781 2702 3838 Carthusiie.

1570 3900 2152 3960 COMMENTARIUS.

172 4028 320 4087 sunt,
343 4019 501 4092 quies
517 4033 548 4071 a
568 4015 852 4072 mundanis
873 4016 1036 4071 rebus
1064 4023 1116 4070 et
1132 4013 1433 4083 affectibus,
1453 4016 1695 4072 solitudo
1716 4016 1787 4071 ab
1807 4020 1858 4078 A
1969 4023 2229 4094 Cognovit
2256 4022 2528 4077 Dominus
2550 4022 2645 4093 qui
2674 4023 2812 4076 sunt
2833 4023 2954 4093 ejus
2986 4020 3060 4089 (II
3100 4021 3243 4076 Tim.
3283 4035 3342 4086 ιι,
3370 4020 3480 4090 19),

169 4109 461 4164 hominum
493 4105 910 4162 conversatione
935 4113 987 4160 et
1019 4104 1316 4160 vanitatum
1353 4105 1582 4170 visione,
1601 4107 1783 4161 silen-

173 4199 324 4253 tium
367 4213 401 4252 a
430 4195 614 4252 verbis
642 4195 939 4260 inutilibus,
965 4201 1019 4248 et
1037 4194 1391 4265 superiorum
1413 4196 1704 4265 appetitio,
1730 4194 1784 4248 id

175 4294 259 4340 est
311 4302 380 4341 ea
410 4301 533 4357 quae
556 4299 772 4339 sursum
804 4291 928 4338 sunt
958 4283 1252 4354 quaerendo
1295 4289 1344 4336 et
1390 4282 1669 4352 sapiendo.
1704 4284 1784 4337 De

175 4375 394 4429 czeteris
426 4389 534 4428 non
555 4373 810 4445 loquitur,
828 4372 956 4442 quia
976 4371 1130 4443 quasi
1149 4371 1454 4426 accidentia
1474 4369 1785 4425 referuntur

172 4463 241 4517 ad
271 4463 635 4518 substantiam
662 4461 926 4533 propositi
947 4459 1373 4526 Carthusiensis,
1399 4476 1519 4530 quae
1550 4467 1633 4514 est
1653 4460 1786 4514 obe-

173 4551 374 4606 dientia
409 4552 466 4604 in
497 4551 694 4622 quiete,
728 4550 783 4604 in
814 4549 1100 4605 solitudine
1131 4556 1182 4603 et
1210 4549 1265 4602 in
1304 4548 1519 4603 silentio
1547 4548 1778 4603 reddita.

244 4641 413 4694 Num.
437 4642 523 4695 l2.
549 4639 821 4706 Quoniam
835 4642 891 4693 et
905 4655 1008 4693 sua
1027 4639 1268 4693 raritate
1286 4641 1582 4693 etsuorum
1603 4640 1785 4692 secta-

180 4732 368 4783 torum
389 4730 682 4800 paucitate
703 4727 1060 4798 sufﬁcienter
1099 4742 1214 4782 sese
1245 4725 1601 4781 commendat
1630 4767 1642 4791 ,
1675 4733 1778 4780 etc.

178 4813 434 4872 Ostendit
464 4816 643 4871 statim
675 4817 739 4872 R.
774 4817 830 4870 P.
853 4816 1033 4887 Guigo
1051 4815 1195 4869 unde
1225 4822 1610 4885 argumentum
1638 4814 1782 4868 istud

176 4905 278 4958 sibi
326 4914 528 4972 sumat,
578 4921 646 4960 ne
688 4904 893 4977 aliquid
939 4904 1278 4975 paradoxum
1325 4911 1415 4958 aut
1461 4903 1782 4974 quibusdam

178 4992 498 5061 injuriosum
542 4994 788 5065 proferre
838 4993 1096 5048 videatur.
1144 4994 1221 5047 Ex
1259 4993 1366 5048 hoc
1395 5000 1578 5047 autem
1612 5008 1782 5063 argu-

177 5091 356 5138 mento
387 5085 457 5139 ad
488 5092 731 5138 nostrum
779 5082 1081 5154 profectum
1109 5083 1242 5138 istas
1272 5082 1650 5140 conclusiones
1680 5083 1781 5137 de-

177 5168 379 5226 ducere
408 5173 692 5227 debemus.
727 5172 909 5228 Solius
937 5171 1038 5227 Dei
1067 5181 1150 5227 est
1179 5172 1358 5228 facere
1388 5172 1703 5237 monachos,
1731 5178 1782 5225 et

181 5259 392 5324 quoties
422 5263 664 5316 humano
712 5260 940 5316 consilio
969 5268 1062 5314 aut
1092 5261 1329 5315 humana
1360 5259 1626 5314 industria
1658 5275 1781 5314 mo-

1887 4121 1940 4168 et
1969 4129 2106 4184 quos
2135 4111 2188 4166 in
2218 4111 2320 4164 ista
2340 4117 2527 4164 nostra
2545 4110 2828 4165 vocatione
2849 4110 3211 4164 Carthusiana
3239 4124 3486 4178 compre-

1885 4200 2052 4256 hendi
2101 4198 2250 4263 velit,
2300 4214 2400 4253 nos
2443 4198 2737 4253 nescimus.
2789 4198 3093 4252 Caveamus
3141 4212 3277 4269 ergo
3322 4197 3377 4250 in
3426 4212 3485 4252 re

1885 4290 2018 4345 tanti
2047 4286 2308 4343 momenti
2336 4303 2404 4341 ne
2435 4294 2678 4341 nostrum
2707 4302 2929 4340 sensum
2963 4293 3056 4339 aut
3083 4284 3335 4340 affectum
3387 4300 3484 4338 se-

1887 4393 2137 4449 quamur,
2172 4375 2268 4430 sed
2301 4373 2562 4430 voluntati
2593 4374 2690 4428 Dei
2721 4373 3092 4428 tantummodo
3123 4371 3487 4442 adimplenda;

1885 4466 2247 4529 attendentes,
2281 4463 2428 4517 illam
2476 4462 2632 4517 unice
2662 4462 2808 4517 circa
2856 4477 2952 4515 eos
2995 4460 3087 4532 qui
3131 4460 3200 4514 ad
3241 4459 3487 4515 ordinem

1885 4555 2104 4611 veniunt
2134 4553 2357 4623 exsequi
2387 4559 2724 4623 satagamus,
2749 4566 2814 4605 ea
2844 4550 3039 4604 devote
3068 4555 3120 4604 et
3151 4549 3363 4603 sincere
3391 4549 3487 4603 ob-

1886 4643 2177 4708 servando,
2211 4649 2264 4696 et
2300 4641 2356 4695 in
2385 4640 2578 4711 spiritu
2608 4655 2753 4694 verte
2783 4637 3061 4693 charitatis
3106 4637 3480 4708 exsequendo,

1885 4749 1950 4788 ex
1981 4731 2177 4803 quibus
2206 4738 2261 4785 et
2289 4728 2500 4784 vocatio
2531 4727 2770 4783 caelestis
2800 4735 2852 4781 et
2872 4725 3123 4782 voluntas
3153 4725 3251 4780 Dei
3281 4725 3483 4797 digno-

1886 4821 1966 4877 sci
1997 4827 2226 4890 possunt
2252 4819 2306 4872 in
2336 4819 2437 4872 hac
2469 4817 2598 4872 vita.

1954 4910 2069 4964 Nec
2113 4923 2213 4962 nos
2276 4921 2516 4977 unquam
2583 4905 2856 4976 decipiant
2904 4910 3232 4976 argumenta
3279 4918 3344 4958 ex
3389 4901 3483 4958 illo

1883 4996 2171 5069 Evangelii
2192 4995 2313 5050 loco
2343 4994 2630 5064 desumpta
2661 5009 2673 5047 :
2710 4993 2987 5064 Compelle
3009 4994 3251 5057 intrare,
3286 4992 3483 5046 utim-

1881 5085 2315 5157 pleaturdomus
2330 5100 2454 5138 mea
2467 5084 2620 5153 (Luc.
2635 5097 2754 5147 x1v,
2773 5086 2884 5151 32).
2903 5081 2961 5135 ld
2973 5081 3117 5136 enim
3131 5079 3397 5135 vocationi
3415 5079 3486 5134 ad

1885 5175 2048 5229 fidem
2076 5174 2438 5228 Christianam
2469 5179 2674 5226 tantum
2703 5169 2975 5235 convenit,
3008 5186 3129 5240 qua:
3159 5169 3229 5223 ad
3258 5168 3487 5223 salutem

1885 5263 2106 5318 omnino
2155 5261 2469 5317 necessaria
2499 5268 2599 5327 est,
2630 5268 2682 5316 et
2711 5259 2846 5314 nihil
2889 5257 3055 5312 tradit
3101 5257 3248 5313 circa
3275 5273 3482 5322 mores,

183 5347 476 5403 nachorum
528 5349 905 5420 multiplicatio
971 5349 1332 5415 attentabitur,
1384 5349 1778 5404 miserabilium
1801 5374 1852 5434 B
1886 5352 2030 5422 quod
2052 5351 2122 5405 ab
2152 5351 2405 5405 omnibus
2447 5366 2571 5404 cum
2622 5348 2720 5403 Dei
2761 5346 2939 5419 gratia
2970 5362 3078 5401 non
3108 5345 3280 5416 possit
3307 5352 3361 5400 et
3390 5345 3487 5400 dc-

181 5435 355 5502 potius
404 5453 758 5508 personarum
826 5453 988 5508 quam
1036 5437 1274 5493 virorum
1319 5447 1625 5492 sanctorum
1672 5453 1780 5491 nu-

182 5537 359 5579 merus
389 5526 698 5596 augebitur.
731 5526 1063 5581 Statutorum
1108 5542 1244 5598 ergo
1292 5535 1531 5581 mentem
1560 5541 1780 5595 semper

184 5611 362 5668 stricte
394 5629 708 5686 sequamur,
743 5621 856 5668 tum
886 5615 1026 5668 circa
1077 5615 1270 5669 domos
1321 5631 1492 5669 novas
1540 5630 1648 5669 non
1677 5612 1781 5667 nisi

188 5714 303 5754 cum
327 5718 524 5775 magna
564 5703 892 5758 discretione
934 5703 1292 5774 recipiendas,
1324 5711 1438 5758 tum
1468 5703 1615 5760 circa
1646 5702 1780 5756 sub-

187 5785 322 5844 ditos
349 5789 402 5846 in
431 5791 622 5849 ordine
651 5791 1030 5848 admittendos.

1883 5440 2008 5494 beat
2035 5439 2343 5509 adimpleri,
2375 5438 2471 5492 sed
2510 5453 2619 5493 non
2665 5435 2934 5492 vocationi
2965 5435 3032 5488 ad
3063 5443 3262 5488 statum
3293 5448 3486 5488 mona-

1881 5528 2094 5590 sticum,
2128 5535 2178 5580 et
2209 5525 2441 5580 maxime
2473 5524 2909 5580 Carthusianum.
2961 5523 3054 5576 Ille
3081 5522 3347 5592 siquidem
3378 5529 3490 5574 sta-

1882 5623 1968 5669 tus
1999 5631 2107 5669 non
2137 5613 2387 5669 homines
2405 5622 2609 5668 tantum
2643 5613 2696 5666 in
2718 5612 2824 5666 fide
2857 5610 3082 5664 stabiles
3113 5608 3353 5680 requirit,
3389 5609 3486 5662 sed

1883 5719 1978 5759 eos
2009 5702 2098 5774 qui
2126 5718 2191 5756 ex
2230 5702 2494 5773 singulari
2540 5701 2641 5756 Dei
2686 5699 2970 5756 vocatione
3009 5697 3080 5751 ad
3108 5695 3241 5750 illud
3269 5695 3489 5750 vivendi

1885 5807 2060 5864 genus
2087 5789 2436 5856 advocentur,
2489 5789 2632 5861 quod
2657 5787 2728 5842 ad
2769 5785 3063 5841 lucendum
3091 5781 3316 5857 speciali
3345 5796 3488 5856 quo-
