3940 6404
424 303 528 356 759

1271 292 1614 352 GUIGONIS
1655 293 1676 347 Ι
1715 290 2124 348 CARTHUSIE
2162 288 2461 345 MAIORIS
2500 287 2777 346 PRIORIS
2818 289 2881 344 V.

3627 290 3738 345 760

428 424 558 479 dam
581 421 744 478 modo
774 422 830 476 in
860 420 1107 477 Ecclesia
1136 433 1233 474 sua
1275 417 1562 489 disposuit,
1597 423 1650 471 et
1679 416 1749 471 ad
1776 417 1918 470 hunc
1949 414 2018 469 ﬁ-
2040 418 2095 475 Α
2123 415 2228 470 hoc
2260 431 2475 486 semper
2503 416 2558 470 in
2588 425 2768 471 mente
2789 414 3074 479 habentes,
3099 427 3294 482 nempe
3318 413 3465 484 quod
3490 411 3535 468 si
3565 414 3728 480 ordo,

429 528 556 568 nem
584 527 749 581 super
778 509 1168 566 candelabrum
1215 507 1343 578 poni
1385 514 1438 560 et
1467 505 1694 562 accendi
1726 504 1892 558 voluit
1928 519 1939 557 :
1977 504 2032 557 in

432 617 540 673 quo
583 599 801 655 vivendi
864 614 1065 669 genere
1112 597 1269 668 plura
1315 603 1605 650 occurrunt
1651 593 1850 664 quibus
1886 592 2030 647 vires

431 690 682 744 humana:
711 687 950 757 impares
980 694 1122 750 sunt,
1157 693 1207 740 et
1237 685 1294 738 in
1323 691 1448 739 actu
1481 682 1644 737 veluti
1674 689 2032 752 permanente

429 775 635 832 servari
655 782 930 846 nequeunt
958 773 1168 845 absque
1211 771 1434 842 speciali
1483 770 1681 842 gratia,
1737 785 1898 840 quam
1936 761 2035 822 Dei

431 862 700 921 vocationi
748 862 818 916 ad
862 869 1060 916 statum
1129 860 1279 914 illum
1327 874 1589 913 annexam
1637 872 1759 912 esse
1810 856 2036 913 firmiter

431 951 722 1008 credimus.
755 949 905 1004 Multi
936 949 1153 1021 quidem
1184 948 1250 1002 ad
1281 946 1442 1001 fidem
1487 946 1684 1011 vocati,
1717 945 1874 1016 pauci
1904 961 2034 1001 vero

431 1039 502 1096 ad
531 1037 972 1095 Carthusiensem
1002 1037 1247 1091 ordinem
1279 1034 1651 1106 pratordinati.

502 1125 910 1182 Meminerimus
941 1125 1180 1180 virorum
1219 1123 1432 1178 illorum
1464 1123 1532 1178 de
1562 1121 1760 1193 quibus
1789 1121 1848 1175 fit
1876 1137 2034 1175 men-

431 1216 504 1272 tio
533 1215 588 1269 in
617 1213 758 1269 libro
787 1213 965 1284 primo
1005 1211 1460 1276 Machabaeorum,
1511 1225 1632 1280 cap.
1665 1225 1720 1275 v,
1770 1209 1861 1263 ubi
1905 1209 2034 1263 dum

432 1303 654 1376 quidam
683 1301 872 1358 volunt
901 1301 1105 1356 fortiter
1131 1315 1298 1372 agere
1328 1308 1381 1353 et
1419 1306 1695 1354 certamen
1724 1297 1878 1363 inire,
1924 1297 2034 1352 cla-

430 1393 556 1448 dem
586 1390 768 1446 multis
796 1389 1067 1454 inferunt;
1100 1398 1151 1444 et
1176 1403 1274 1458 pro
1305 1387 1511 1442 ratione
1544 1386 1618 1439 ibi
1640 1385 1855 1448 dicitur,
1889 1384 2034 1456 quod

433 1497 548 1537 non
565 1483 733 1536 erant
764 1479 829 1534 de
848 1480 1060 1534 semine
1085 1480 1325 1532 virorum
1363 1477 1594 1531 illorum
1611 1491 1714 1545 per
1735 1491 1866 1546 quos
1879 1475 2034 1529 salus

433 1570 591 1640 facta
619 1568 788 1623 estin
817 1567 1010 1622 Israel.
1054 1565 1203 1620 Idem
1233 1563 1390 1618 nobis
1421 1570 1739 1618 eventurum
1767 1562 1880 1616 lore
1910 1576 2034 1631 pro-

434 1655 680 1712 nuntiare
724 1669 833 1708 non
877 1653 1086 1719 dubito,
1117 1653 1162 1708 si
1203 1653 1443 1706 humana
1489 1650 1756 1706 industria
1799 1649 2033 1704 Carthu-

435 1744 619 1800 sianos
647 1742 949 1798 monachos
980 1741 1160 1796 facere
1191 1747 1533 1795 attentemus.

506 1831 671 1887 Novit
700 1832 848 1886 Deus
877 1829 1113 1902 quandiu
1162 1827 1459 1883 subsistere
1514 1834 1567 1882 et
1597 1841 1704 1898 quo
1739 1825 2032 1881 monacho-

440 1935 564 1975 rum
609 1933 836 1974 numero
882 1916 1135 1988 componi
1183 1917 1381 1971 debeat
1429 1915 1566 1970 ordo
1613 1914 2031 1969 Carthusiensis.

440 2007 648 2064 Divina:
677 2021 813 2079 ergo
842 2005 1195 2077 providentiae
1223 2019 1333 2059 rem
1353 2010 1516 2058 totam
1545 2003 1961 2069 committamus,
1985 2011 2038 2058 et

440 2093 588 2166 quod
607 2102 853 2150 nostrum
873 2101 957 2150 est
980 2100 1184 2148 tantum
1212 2093 1392 2149 facere
1412 2091 1670 2166 religiose
1699 2092 2035 2158 studeamus,

2135 503 2250 558 Deo
2279 504 2353 558 ita
2380 505 2720 575 disponente,
2754 520 2819 558 ex
2851 501 3068 557 defectu
3101 501 3442 555 subditorum
3491 501 3733 558 deficere

2134 589 2351 658 debeat,
2385 601 2510 648 tunc
2529 609 2614 646 res
2635 593 2844 663 absque
2868 591 2965 644 Dei
2984 589 3196 658 injuria,
3231 589 3439 660 absque
3471 589 3736 646 Ecclesia:

2136 682 2390 740 seandalo
2421 689 2474 736 et
2525 681 2733 750 absque
2782 679 2890 733 ullo
2927 677 3132 732 ordinis
3181 676 3446 731 dedecore
3498 679 3736 743 eveniet,

2134 789 2259 828 nam
2290 769 2445 842 quasi
2474 769 2529 822 in
2576 767 2796 838 proprio
2841 767 2982 821 lecto
3028 781 3152 820 cum
3199 765 3405 820 honore
3449 767 3732 821 morietur.

2135 865 2202 916 At
2231 876 2337 914 non
2369 858 2464 922 sic,
2519 857 2563 910 si
2612 873 2678 911 ex
2725 855 2938 910 incauta
2983 863 3035 910 et
3064 853 3351 908 indiscreta
3391 853 3739 909 subditorum

2135 948 2466 1019 receptione,
2517 944 2667 998 illum
2714 943 3022 1014 repleamus
3059 941 3400 1007 hominibus,
3435 942 3527 1012 qui
3556 957 3589 997 a
3617 944 3741 998 Deo

2135 1041 2205 1094 ad
2231 1039 2392 1093 ﬁdem
2423 1045 2627 1092 tantum
2652 1035 2828 1091 vocati
2860 1043 2983 1090 sunt
3005 1042 3055 1089 et
3077 1049 3186 1088 non
3214 1033 3281 1086 ad
3315 1034 3739 1090 Carthusianam

2136 1128 2480 1200 religionem.
2508 1126 2758 1197 Stragem
2793 1124 2935 1178 enim
2976 1124 3031 1177 in
3061 1123 3268 1186 ordine,
3301 1121 3422 1177 loco
3452 1123 3579 1178 boni
3609 1140 3743 1180 cer-

2136 1216 2349 1270 taminis
2385 1215 2734 1278 exhibebunt,
2786 1229 2886 1283 per
2934 1211 3299 1266 relaxationes
3348 1218 3399 1264 et
3442 1210 3743 1268 affectuum

2136 1304 2568 1359 inordinatorum
2587 1300 2982 1365 exsecutiones,
3007 1299 3115 1354 imo
3140 1314 3240 1370 per
3261 1298 3403 1353 bella
3431 1299 3610 1354 ordini
3641 1316 3743 1356 eos

2137 1392 2389 1448 cohibere
2433 1390 2637 1445 volenti
2685 1389 2909 1443 forsitan
2939 1388 3160 1452 indicta,
3195 1395 3247 1441 et
3278 1387 3402 1442 inde
3433 1387 3647 1442 eveniet
3676 1397 3739 1443 ut

2135 1481 2357 1534 tandem
2387 1479 2541 1543 ordo,
2575 1493 2697 1532 cum
2727 1478 2824 1531 Dei
2872 1475 3086 1545 injuria,
3137 1491 3262 1530 cum
3296 1475 3558 1530 Ecclesiae
3587 1492 3748 1531 scan-

2135 1568 2280 1633 dalo,
2314 1575 2365 1621 et
2395 1583 2516 1621 cum
2535 1565 2703 1636 ipsius
2723 1564 2992 1619 dedecore
3012 1563 3208 1618 misere
3229 1571 3434 1633 pereat.
3461 1564 3744 1636 Indulgeri

2135 1665 2315 1711 autem
2345 1655 2476 1708 mihi
2515 1670 2722 1725 precor,
2775 1653 2845 1708 ad
2880 1652 3187 1723 exemplum
3220 1653 3285 1707 R.
3319 1651 3491 1706 Patris
3523 1651 3744 1724 Guigo-

2061 1767 2114 1828 B
2138 1745 2241 1808 nis,
2279 1744 2323 1797 si
2357 1744 2424 1798 de
2445 1744 2546 1798 hac
2576 1759 2635 1796 re
2669 1741 2830 1812 paulo
2861 1741 3033 1795 fusius
3056 1740 3305 1796 scribam.

2215 1833 2356 1887 Ecce
2387 1831 2619 1896 habetis,
2652 1829 2849 1885 fratres
2889 1837 2939 1883 et
2974 1829 3133 1884 amici
3163 1829 3214 1882 in
3248 1828 3464 1885 Christo
3492 1829 3744 1886 dilectis-

2147 1920 2289 1985 simi,
2322 1919 2495 1990 prima
2545 1917 2883 1974 Carthusiani
2912 1917 3176 1988 propositi
3205 1917 3466 1984 instituta,
3499 1919 3564 1972 ad
3598 1935 3743 1990 quae,

2148 2008 2293 2063 velut
2321 2008 2387 2061 ad
2432 2006 2716 2078 principia,
2774 2005 2957 2060 omnia
2995 2021 3118 2077 quae
3157 2005 3416 2077 deinceps
3447 2006 3502 2061 in
3548 2007 3746 2063 ordine

2152 2096 2455 2152 introducta
2485 2104 2539 2150 et
2565 2095 2810 2150 ordinata
2831 2101 2975 2148 sunt.

3533 2272 3746 2284 —

1001 2409 1471 2556 VITA
1545 2407 2244 2555 SANCTI
2335 2411 3202 2558 HUGONIS

1578 2685 1896 2742 EPISCOPI
1933 2685 2623 2744 GRATIANOPOLITANI

741 2889 1314 2989 AUCTORE
1393 2886 1935 2986 GUIGONE
2015 2889 2469 2987 PRIORE
2551 2885 3474 2987 CARTHUSIENSI.

1413 3113 1742 3185 (Bonum,
1773 3116 1914 3170 Acta
1945 3117 2152 3180 sanct.,
2187 3113 2383 3184 April.,
2417 3121 2462 3169 t.
2503 3113 2553 3180 Ι,
2585 3129 2644 3184 p.
2685 3113 2800 3182 36.)

1748 3421 2461 3520 MONITUM-

543 3661 592 3709 1.
626 3655 771 3709 inter
795 3653 1034 3708 illustres
1059 3650 1210 3722 viros
1239 3650 1331 3722 qui
1359 3650 1559 3706 eximio
1593 3649 1908 3722 sanctitatis,
1926 3649 2221 3722 splendore
2250 3648 2452 3722 saeculo
2471 3648 2771 3722 Christilx
2790 3657 2856 3722 Aet
2873 3663 2968 3722 χιι
2996 3649 3310 3722 floruerunt,
3343 3652 3554 3722 censeri
3585 3661 3765 3722 potest

470 3728 528 3783 S.
563 3727 740 3795 Hugo,
777 3723 1064 3795 episcopus
1094 3719 1708 3795 Gratianopolitanusjn
1757 3719 2079 3795 Delphinatu
2111 3720 2739 3795 superiore,__fami_liaris
2781 3719 2836 3775 S.
2870 3720 3110 3795 Brunoni
3138 3721 3439 3795 carthusiaa
3468 3719 3763 3793 fundatori,

473 3805 528 3854 et
557 3796 612 3850 S.
646 3791 922 3849 Bernardo
952 3791 1133 3848 abbati
1163 3791 1576 3864 Clarav’allensi.
1606 3793 1782 3846 Natus
1811 3799 1891 3864 est
1921 3791 1983 3864 S_.
2022 3793 2187 3864 llugo
2209 3806 2352 3846 anno
2392 3791 2592 3845 Christi
2625 3795 2780 3864 14053,
2812 3791 3099 3864 episcopus
3129 3791 3403 3864 ordinatus
3429 3808 3572 3850 anno
3605 3799 3740 3850 1080

475 3839 611 3946 cum.
625 3864 797 3919 ferme
827 3879 1096 3918 annorum
1126 3870 1270 3918 esset
1287 3863 1491 3946 viginti
1521 3870 1755 3942 septem,
1790 3868 1846 3915 ut
1875 3861 2014 3946 intra
2044 3839 2265 3946 inn‘oYita,
2304 3877 2522 3946 numer.
2556 3864 2609 3946 5‘,
2644 3839 2874 3946 legitur?
2902 3839 3764 3946 tit'd'Dominum'r—nigrav‘it.avnvnd

474 3936 645 3992 aetatis
677 3951 786 3989 suae
816 3949 984 4000 Lxxx,
1018 3932 1445 3989 consecrationis
1476 3933 1531 3986 in
1563 3933 1874 4002 episcopum
1921 3936 2008 3996 32,
2045 3932 2244 3986 Christi
2297 3935 2453 3997 1132,
2506 3932 2751 3986 kalendis
2795 3933 3011 4002 Aprilis,
3065 3941 3215 3987 sexta
3257 3941 3380 3988 ante
3424 3932 3763 3991 Dominicam

473 4007 782 4062 Palmamm
811 4005 966 4068 feria,
1002 4005 1077 4059 uti
1106 4003 1244 4058 infra
1273 4019 1485 4058 numer.
1519 4007 1586 4057 33
1617 4003 1850 4074 legitur.
1869 4003 2002 4056 Erat
2031 4018 2206 4056 annus
2236 4003 2325 4056 ille
2357 4003 2668 4066 bissextilis,
2703 4019 2810 4074 quo
2840 4005 2992 4074 cyclo
3022 4003 3164 4058 luna:
3197 4007 3281 4070 12,
3305 4005 3435 4059 solis
3465 4009 3553 4071 21,
3573 4007 3767 4063 litteris

472 4061 900 4134 Dominicalibus
933 4061 1036 4141 CB,
1074 4076 1282 4130 Pascha
1313 4074 1648 4129 celebratum
1673 4061 1774 4127 fuit
1802 4073 1891 4127 die
1925 4077 1990 4126 10
2020 4074 2241 4143 Aprilis.
2277 4075 2402 4128 Haec
2432 4075 2500 4128 de
2525 4074 2641 4142 ejus
2659 4061 2850 4128 aelate.
2873 4061 2890 4074 ”

542 4151 602 4204 2.
641 4147 868 4224 ῌξςθρίι
899 4146 1298 4224 S._Dmnonem
1327 4160 1486 4224 anno“
1522 4145 1869 4224 episcopatus
1917 4143 1997 4198 sui
2029 4152 2206 4224 sexto“.
2253 4160 2483 4224 eumque
2522 4145 2576 4198 in
2621 4144 3227 4224 condenda_Carthusia
3273 4153 3495 4224 strense
3524 4149 3762 4217 adjuvit;

474 4233 582 4298 quo
613 4215 930 4298 aanrbano
964 4215 1027 4296 Il,
1061 4215 1602 4298 pon't'ifice‘rnaximo,
1635 4216 1863 4298 Ptomam
1893 4223 2138 4298 evocati),
2169 4215 2510 4298 C‘arthusiam
2542 4215 2684 4269 rexit
2728 4216 3059 4297 Lauduinus,
3093 4215 3298 4285 primus
3329 4217 3385 4271 S.
3417 4215 3683 4274 Brunonis
3711 4221 3766 4276 in

474 4286 588 4345 vita
616 4286 876 4359 religiosa
907 4286 1115 4359 socius.
1154 4287 1269 4340 Hoc
1295 4286 1522 4359 aliisque
1549 4286 1785 4359 duobus,
1820 4286 1912 4359 qui
1944 4286 2374 4359 pro‘Carthusize
2396 4301 2650 4359 supremo
2681 4287 2944 4359 regimine
2977 4295 3376 4353 successerant,
3409 4289 3520 4343 vita
3547 4289 3762 4359 functis,

475 4355 795 4432 substitutus
826 4365 928 4422 est,
960 4357 1107 4432 circa
1137 4372 1348 4432 annum
1368 4355 1563 4411 Christi
1596 4360 1754 4432 1110,
1785 4355 2004 4432 quintus
2034 4355 2517 4432 Carthusianorum
2565 4357 2722 4432 prior_
2748 4355 2960 4432 :Guigo,
3003 4366 3243 4432 mortuus
3285 4373 3426 4432 anno
3473 4363 3561 4424 37,
3586 4355 3768 4432 supra

475 4428 824 4499 millesimum
854 4427 1248 4492 centesimum;
1282 4427 1530 4499 adeoque
1563 4426 1828 4497 superfuit
1854 4427 2217 4499 annissolu'n
2248 4428 2488 4497 quinque
2518 4435 2643 4499 post
2673 4426 2895 4499 obitum'
2919 4429 2976 4483 S.
3010 4428 3276 4499 Hugonis,
3309 4429 3394 4484 cui
3424 4426 3768 4487 sanctissima

475 4515 692 4580 semper
721 4498 1086 4580 fuit_a_rniciti_a
1115 4497 1456 4580 coniunctus;
1490 4497 1620 4580 Qua.
1640 4505 1818 4552 autem
1849 4497 2138 4580 dilectione
2186 4505 2474 4580 utrumque
2499 4498 2787 4580 smplexus
2817 4498 2976 4580 fuerit
3023 4497 3443 4580 S."Ber;nardus‘
3483 4502 3763 4557 Claraval-

475 4567 664 4644 lensis,
698 4567 932 4644 explicat
960 4569 1014 4622 in
1045 4570 1202 4638 hujus
1231 4569 1349 4644 Vita
1381 4568 1691 4644 G-aufredus
1722 4568 2022 4644 monachus
2054 4569 2138 4622 his
2169 4568 2353 4644 v_erb_is
2389 4567 2401 4621 ὲ
2439 4591 2459 4614 α
2495 4567 2768 4644 Ουῐηᾷίᾶῐῐ)
2816 4570 2913 4624 Dei
2944 4568 3177 4644 famulus
3207 4570 3515 4644 Bernardus
3561 4573 3765 4644 aliquot

474 4641 532 4712 in
561 4638 861 4712 Claravalle
889 4655 1067 4712 annos
1089 4640 1423 4712 peregisset,
1454 4639 1621 4712 subiit
1646 4639 2055 4712 animum_ejus,
2101 4647 2158 4692 ut
2188 4639 2563 4712 S.__Hugonem
2607 4638 3168 4710 Gratianopolitanum
3201 4641 3516 4712 episcopum
3547 4651 3599 4699 et
3629 4638 3767 4698 Car-

476 4709 1009 4790 thusienses_fratres
1037 4708 1341 4790 devotionis
1370 4709 1546 4790 gratia
1574 4709 1836 4790 visitaret.
1888 4708 2063 4790 Quem
2097 4708 2401 4789 praedictus
2447 4709 2736 4789 episcOpus
2767 4708 2890 4764 tam
2909 4719 3185 4783 gratanter
3213 4708 3266 4790 et
3296 4708 3406 4765 tam
3453 4723 3769 4770 reverenter

478 4781 742 4852 suscepit,
775 4780 1018 4836 divinam
1048 4780 1361 4852 intelligens
1380 4779 1448 4852 “in
1476 4779 1720 4848 ejusdem
1750 4780 1980 4850 hospitis
2009 4779 2312 4852 visitatione
2340 4780 2799 4852 przssentiam,_ut
2828 4779 3132 4851 prdstratus
3163 4782 3281 4836 solo
3306 4791 3461 4838 tenus
3489 4785 3762 4841 adoraret.

477 4849 683 4908 Viden—3
712 4858 893 4931 autem
923 4867 1117 4931 servus
1149 4849 1346 4931 Christi
1367 4851 1704 4931 episcopum,
1723 4849 1878 4905 aetate
1900 4851 2277 4929 grandaevum,
2300 4849 2567 4905 celebrem
2587 4849 2861 4921 opinione,
2887 4852 3558 4931 saneti_tate_conspicuum,
3584 4871 3767 4912 coram

481 4938 541 4978 se
572 4921 967 5001 procidentem,
997 4923 1350 5001 vehementer
1379 4921 1613 5001 expavit,
1666 4921 1783 5001 ipse
1831 4921 2047 5000 qucque
2097 4921 2302 5001 pariter
2344 4935 2600 4974 corruens
2638 4930 2762 5000 ante
2804 4938 2948 5001 eum,
2974 4931 3025 4977 et
3057 4923 3125 5001 ita
3156 4921 3374 5001 demum
3405 4934 3686 4995 susceptus
3717 4928 3769 4982 in

481 4990 668 5049 osculo
698 4991 870 5066 pacis,
898 4991 1255 5066 humilitatem
1288 5007 1444 5066 suam
1473 4990 1607 5045 tanti
1635 4991 1737 5044 viri
1766 4990 2117 5066 veneratione
2148 4991 2453 5066 confusam,
2479 5006 2588 5066 non
2617 4992 2738 5066 sine
2764 4994 2917 5066 gravi
2947 4994 3151 5066 gemitu
3174 4995 3516 5066 causabatur.
3545 4990 3598 5050 lh
3619 4998 3766 5066 cujus

480 5060 710 5134 pectore
733 5061 1068 5134 singularem
1111 5061 1338 5116 obtinuit
1380 5078 1444 5116 ex
1495 5077 1561 5115 eo
1607 5069 1850 5186 tempore
1879 5061 2081 5125 locum,
2114 5069 2168 5114 ut
2201 5060 2394 5115 fierent
2423 5061 2682 5131 deinceps
2709 5060 2816 5117 duo
2846 5064 2920 5118 illi
2951 5060 3046 5117 filii
3067 5065 3371 5133 splendoris
3402 5081 3494 5120 cor
3524 5060 3698 5120 unum'
3719 5077 3768 5122 et

481 5133 666 5186 anima
693 5147 820 5186 una.
853 5140 908 5186 et
937 5148 998 5186 se
1026 5132 1259 5186 invicem
1290 5131 1597 5186 fruerentur
1625 5132 1680 5186 in
1754 5132 1942 5186 hristo.
1977 5132 2125 5186 Sicut
2155 5133 2299 5185 enim
2330 5132 2522 5186 regina
2553 5133 2697 5186 Saba
2726 5133 2794 5186 de
2817 5134 3108 5186 Salomone
3129 5143 3369 5186 testatur.
3399 5146 3627 5186 utemue
3649 5154 3767 5186 sese

481 5131 666 5208 animo.
693 5131 908 5208 una,'et
937 5148 998 5186 se
1026 5132 1259 5208 invicem
1290 5131 1597 5208 fruerentur
1625 5132 1680 5186 in
1699 5131 1942 5208 Christo.
1965 5132 2140 5208 _Sicut_
2155 5133 2299 5185 enim
2330 5132 2522 5208 regina
2553 5133 2794 5208 Saba_de
2817 5131 3110 5208 Salomone
3129 5143 3369 5202 testatur,
3399 5146 3627 5208 uterque
3649 5154 3767 5193 sese

479 5203 536 5283 in
567 5202 940 5283 alteroﬂlonge
969 5201 1223 5282 amplius,
1267 5219 1425 5283 quam
1457 5201 1597 5282 fama
1626 5203 1925 5283 vnlgasset,
1963 5201 2238 5283 invenisse
2251 5201 2659 5283 gratulabatur.
2688 5204 2987 5261 Carthusiae
3019 5221 3235 5276 quoque
3285 5221 3318 5258 a
3358 5201 3477 5262 viro
3506 5201 3764 5263 reveren-

480 5273 708 5345 dissimo
737 5272 1228 5345 Guigonepriore,
1259 5281 1312 5345 et
1340 5288 1372 5327 a
1393 5273 1604 5345 caeteris
1655 5272 1938 5345 fratribus,
1985 5273 2179 5327 eodem
2209 5272 2403 5345 affectu
2435 5280 2492 5345 et
2517 5274 2707 5328 eadem
2740 5272 3112 5340 veneratione,
3149 5272 3434 5345 susceptus
3465 5286 3548 5332 est
3578 5295 3765 5334 servus

480 5343 718 5466 Christi,t
733 5342 1126 5397 exsultantibus
1156 5342 1263 5396 illis
1293 5342 1344 5396 in
1377 5343 1598 5414 gaudio,
1637 5343 1728 5414 qui
1769 5343 1982 5413 qualem
2014 5359 2136 5397 eum
2167 5359 2266 5413 per
2305 5344 2591 5413 epistolam
2638 5345 2790 5415 prius
2841 5356 3124 5415 noverant,
3171 5342 3335 5401 talem
3366 5347 3688 5404 invenerunt
3718 5360 3767 5406 et

480 5429 694 5466 praesen
722 5429 828 5466 em.
867 5434 890 5461 ι

479 5429 828 5484 praesentem.
861 5434 890 5484 γι

506 5488 607 5563 n3.
642 5485 770 5563 flans
799 5483 1153 5563 ibi._Exstant
1179 5484 1322 5563 inter
1353 5483 1613 5554 epistolas
1646 5485 1702 5539 S.
1736 5483 1994 5563 Bernardi
2020 5483 2145 5563 diue
2172 5485 2239 5537 ad
2270 5485 2474 5563 dictum
2504 5485 2812 5563 Guigonem
2841 5502 2988 5540 num.
3025 5491 3081 5563 11
3121 5496 3170 5542 et
3202 5491 3287 5553 12,
3321 5505 3389 5563 ex_
3425 5489 3620 5563 quibus
3649 5492 3770 5562 qui-

484 5553 613 5608 libet
646 5552 804 5608 facile
813 5561 1004 5678 Eotest
1032 5555 1320 5635 advertere
1351 5552 1553 5624 quanta
1581 5563 1708 5634 tunc
1739 5555 2016 5636 sub‘dicto
2045 5555 2296 5634 Guigone
2341 5558 2392 5634 in
2426 5552 2706 5610 CarthuSia
2755 5557 2876 5611 vitae
2905 5558 3164 5612 sanctitas
3192 5567 3241 5612 et
3272 5552 3482 5628 purita's
3513 5552 3770 5618 floruerit.

484 5625 552 5678 At
581 5629 782 5678 quanta
866 5639 1052 5678 UlEOIll
1083 5623 1312 5678 alusaue
1343 5625 1644 5678 Carthusme
1674 5626 1893 5678 Maioris
1921 5627 2206 5678 monachis
2243 5625 2402 5678 fuerit
2431 5642 2615 5678 rerum
2664 5628 2924 5678 omnium.
2974 5645 3074 5678 nro
3125 5629 3386 5678 Ecclesiae
3435 5631 3751 5678 rlefensinnp

484 5625 552 5681 At
581 5629 782 5695 quanta
813 5623 1052 5695 Guigoni
1083 5623 1312 5696 aliisque
1343 5623 1644 5680 Carthusize
1674 5625 1893 5694 Majoris
1921 5623 2206 5682 monachis
2243 5625 2402 5681 fuerit
2431 5642 2615 5682 rerum
2664 5628 2924 5692 omnium,
2974 5645 3074 5699 pro
3124 5623 3386 5685 Ecclesiae
3435 5631 3770 5702 defensione,
