3940 6424
401 308 507 361 763

1243 306 1588 364 GUIGONIS
1626 309 1649 362 Ι
1688 306 2099 363 CARTHUSIE
2136 306 2432 365 MAIORIS
2471 308 2751 367 PRIORIS
2789 314 2854 368 V.

3605 323 3720 379 76L

402 431 502 487 sed
530 431 768 488 maxime
796 448 901 487 non
923 432 1247 503 spernenda;
1268 432 1604 488 auctoritatis
1627 432 1883 488 Arialdus
1923 431 2001 503 (8)
2023 433 2077 491 Α
2107 430 2323 486 inﬁma
2374 433 2564 489 mundi
2612 434 2779 508 elegit
2824 439 2992 506 Deus,
3024 449 3082 497 ut
3128 442 3422 500 confundat
3448 445 3627 512 fortia,
3660 455 3725 503 et

403 527 456 575 et
488 520 643 592 Hugo
667 521 766 589 (9),
791 520 1226 576 Mauriennensis
1253 521 1367 591 (10)
1398 531 1451 576 et
1470 520 2004 591 GratianOpolitanus

405 608 666 678 episcopi.
700 609 744 662 E
776 609 972 680 quibus
1011 610 1179 679 prior,
1216 610 1405 663 habitu
1448 617 1500 664 et
1546 609 1655 663 vita
1711 608 1998 680 regularis,

406 696 548 750 beati
575 696 679 751 viri
711 696 765 750 in
806 698 1101 752 tractandis
1134 697 1522 753 ecclesiasticis
1579 697 1738 752 rebus
1769 713 1868 768 per
1896 696 1998 749 tri-

407 784 558 857 ginta
583 783 696 839 fere
743 800 930 840 comes
980 786 1181 840 exstitit
1222 802 1435 851 annos;
1469 786 1740 856 posterior
1762 801 1911 849 vero,
1938 801 2003 838 ex

406 872 563 927 nobis
584 874 905 939 monachus,
941 873 1011 927 ita
1035 882 1087 927 et
1115 874 1169 928 in
1192 874 1565 930 ecclesiastico
1587 873 1849 945 regimine
1880 888 2003 927 suc-

405 960 569 1015 cessit
596 968 655 1014 ut
683 968 907 1031 propter
962 962 1273 1016 diuturnam
1305 978 1369 1017 ac
1420 963 1799 1017 vehementem
1847 959 2004 1014 infir-

404 1048 645 1103 mitatem
666 1048 857 1119 ipsius,
880 1049 934 1103 in
964 1051 1080 1118 ejus
1102 1050 1302 1116 locum,
1325 1050 1446 1120 ipso
1476 1059 1691 1120 petente
1713 1057 2004 1119 vestraque

405 1136 607 1207 pietate
632 1137 880 1207 jubente,
914 1138 1233 1209 priusquam
1262 1138 1439 1193 obiret
1467 1138 1611 1208 ipse,
1647 1152 2003 1192 consecrare-

404 1232 509 1280 tur.
533 1225 603 1279 Et
632 1241 764 1298 erga
794 1241 890 1281 eos
912 1226 1130 1297 quidem
1161 1242 1296 1298 quos
1325 1242 1440 1297 prae
1460 1225 1623 1297 longa
1647 1224 2003 1280 familiaritate

404 1313 491 1368 vel
521 1314 774 1369 convictu
805 1314 974 1369 latere
1004 1330 1111 1369 non
1166 1323 1430 1385 poteram,
1465 1323 1649 1369 nostra
1694 1330 1796 1368 nos
1825 1314 2004 1382 impe-

405 1400 525 1454 ritia
552 1416 649 1456 seu
679 1402 1026 1468 verecundia,
1059 1410 1111 1457 et
1143 1418 1264 1472 quae
1292 1403 1431 1457 forte
1481 1418 1587 1456 non
1619 1403 1795 1455 minus
1826 1401 2003 1471 impe-

406 1488 591 1544 diebat
634 1490 814 1545 carnis
843 1488 1160 1555 infirmitas,
1198 1489 1525 1545 sufficienter
1554 1497 1805 1559 poterant
1834 1504 2003 1543 excu-

407 1592 546 1645 sare,
581 1577 652 1632 ad
690 1584 851 1632 tanta:
895 1594 1028 1633 vero
1061 1578 1273 1648 pondus
1321 1578 1677 1648 auctoritatis,
1709 1593 1780 1632 ne
1809 1578 2003 1631 mutire

407 1665 625 1736 quidam
669 1667 1138 1736 praesumpsimus,
1174 1683 1242 1721 ne
1293 1667 1418 1721 dum
1476 1666 1525 1721 ei
1555 1681 1665 1721 non
1718 1666 2006 1720 obedimus

2105 520 2367 591 ignobilia
2396 522 2582 577 mundi
2614 532 2666 578 et
2697 527 3117 596 contemptibilia
3148 532 3314 605 elegit
3343 535 3511 604 Deus,
3561 542 3614 588 et
3643 550 3718 590 ea

2106 626 2226 679 quae
2255 624 2366 663 non
2412 619 2555 676 sunt,
2590 620 2645 664 ut
2674 627 2739 665 ea
2794 626 2916 684 qum
2947 624 3071 669 sunt
3129 617 3471 685 destrueret;
3505 628 3562 673 ut
3592 636 3709 675 non

2106 697 2371 766 glorietur
2386 699 2563 752 omnis
2585 714 2717 754 caro
2739 700 2791 753 in
2813 712 3109 773 conspectu
3133 706 3249 773 ejus
3269 706 3318 777 (Ι
3332 708 3452 762 Cor.
3472 723 3510 776 ι,
3530 710 3644 777 26).
3680 733 3705 756 η

2108 786 2305 838 Verum
2340 786 2598 856 quoniam
2627 787 2662 841 ii
2695 789 2786 859 qui
2812 790 2881 843 de
2923 790 3208 847 virtutibus
3239 802 3536 850 tractavere
3566 812 3709 850 san-
3746 792 3758 800 ’

2106 882 2332 939 ctorum,
2367 874 2529 928 etiam
2557 875 2810 930 carnales
2828 877 3175 933 inveniuntur
3204 897 3312 935 non
3343 883 3580 939 tacuisse
3602 900 3709 939 na-

2106 962 2260 1025 tales,
2293 962 2536 1017 dicamus
2559 972 2613 1017 et
2641 980 2741 1019 nos
2765 964 3001 1020 breviter
3022 968 3170 1038 quod
3197 970 3255 1024 B.
3283 971 3459 1042 Hugo,
3479 973 3710 1028 natione

2110 1049 2529 1116 Valentinensis,
2555 1051 2675 1107 loco
2693 1053 2845 1120 juxta
2866 1054 3075 1109 Isaram
3097 1057 3209 1128 (11)
3232 1057 3447 1113 fluvium
3468 1060 3590 1127 sito,
3617 1060 3713 1116 cui

2106 1136 2609 1193 Castrum-Novum
2667 1157 2863 1195 nomen
2896 1150 2999 1209 est,
3033 1153 3287 1214 parentes
3316 1147 3503 1202 habuit
3533 1156 3586 1203 et
3616 1165 3711 1203 se-

2106 1228 2343 1281 cundum
2409 1229 2595 1283 saeculi
2643 1230 2965 1301 dignitatem
3022 1249 3131 1288 non
3180 1233 3415 1302 infimos,
3450 1245 3502 1292 et
3532 1238 3708 1309 (quod

2105 1315 2341 1383 excellit)
2374 1318 2673 1371 sanctitatis
2729 1322 3087 1390 praerogativa
3130 1325 3475 1393 conspicuos.
3506 1326 3551 1379 E
3583 1327 3711 1397 qui-

2107 1403 2207 1456 bus
2236 1412 2406 1473 pater,
2440 1404 2601 1459 Odilo
2647 1407 2886 1471 nomine,
2922 1418 3121 1478 praeter
3149 1410 3249 1463 alia
3283 1412 3708 1483 quamplurima,

2106 1509 2228 1561 qum
2272 1492 2488 1546 militari
2539 1494 2662 1549 licet
2707 1495 2763 1548 in
2800 1496 2986 1551 habitu
3044 1498 3388 1555 laudabiliter
3418 1502 3589 1571 gessit
3619 1502 3713 1557 vel

2106 1580 2309 1643 habuit,
2345 1582 2591 1636 veritatis
2620 1591 2673 1638 et
2695 1585 2962 1640 castitatis
2989 1595 3204 1641 amator
3234 1589 3451 1643 exstitit.
3480 1587 3621 1644 Nam
3652 1599 3712 1645 et

2105 1668 2411 1732 mendacia,
2437 1670 2673 1739 ingenua
2696 1673 2892 1727 mentis
2914 1673 3217 1739 affectione,
3246 1676 3516 1749 religiosis
3537 1694 3709 1748 quam

406 1753 494 1808 cui
537 1761 684 1808 totus
740 1755 1063 1809 commissus
1119 1763 1202 1809 est
1260 1754 1513 1817 mundus,
1545 1771 1667 1809 cum
1698 1753 2002 1809 offendere-
2024 1781 2075 1840 Β
2106 1755 2351 1825 plurimis
2377 1759 2608 1828 amplius
2647 1760 2881 1815 evitabat
2907 1780 2922 1827 ;
2972 1770 3023 1816 et
3052 1763 3178 1819 licet
3204 1764 3361 1831 duas,
3389 1765 3568 1836 priore
3598 1765 3707 1821 de-

404 1858 528 1896 mus
558 1857 592 1896 a
621 1857 730 1913 quo
774 1842 950 1897 factus
980 1853 1061 1898 est
1090 1843 1357 1909 mundus;
1390 1852 1440 1899 et
1473 1844 1602 1897 dum
1633 1844 1778 1913 apud
1829 1843 2005 1897 homi-

408 1946 509 1986 nes
556 1930 792 1985 vitamus
840 1931 1126 2001 imperitize
1184 1931 1599 1999 confusionem,
1629 1931 1771 2002 apud
1828 1932 2005 1987 Deum

408 2018 813 2074 inourreremus
844 2019 1263 2075 damnationem.
1298 2020 1666 2075 Obsecremus
1696 2028 1877 2074 autem
1911 2034 2006 2074 eos

411 2108 503 2178 qui
533 2107 651 2162 hmo
675 2106 931 2179 legerint,
963 2124 1032 2163 ne
1053 2109 1187 2162 tanti
1218 2108 1556 2163 sanctitatem
1586 2108 1775 2173 Patris,
1817 2116 2005 2162 nostra

408 2210 520 2249 non
549 2195 724 2249 solum
767 2195 1040 2261 facundia,
1075 2197 1172 2251 sed
1202 2204 1254 2251 et
1284 2197 1610 2269 cogitatione
1643 2196 1807 2267 longe
1837 2197 2005 2264 majo-

406 2298 523 2338 rem
554 2299 618 2339 ex
648 2284 752 2337 ista
782 2284 1045 2354 scriptura
1093 2285 1404 2350 metiantur,
1437 2292 1489 2339 et
1520 2285 1773 2352 maxime,
1807 2300 1875 2339 ne
1898 2301 2004 2354 pu-

406 2380 521 2426 tent
550 2388 670 2435 nos,
705 2372 845 2427 ultra
892 2388 1056 2443 quam
1111 2388 1212 2427 sua
1258 2373 1529 2443 postulant
1559 2374 1769 2438 merita,
1803 2374 2004 2427 nostris

406 2475 528 2514 eum
559 2460 903 2515 sermonibus
932 2460 1128 2515 efferre
1150 2462 1410 2530 potuisse.
1434 2462 1660 2515 Tantum
1683 2461 1826 2515 enim
1849 2461 2004 2515 abest

406 2556 463 2603 ut
492 2548 791 2604 sanctitatis
823 2548 968 2603 illius
1013 2549 1441 2619 magnitudinem
1482 2550 1602 2619 plus
1630 2565 1788 2620 aequo
1817 2548 2003 2603 value-

407 2636 600 2702 rimus,
648 2637 804 2707 quasi
860 2636 1253 2702 favorabiliter,
1305 2638 1590 2704 extollere,
1624 2646 1680 2693 ut
1710 2654 1810 2692 nec
1858 2637 2002 2691 illam

408 2725 586 2796 ipsam
643 2733 847 2780 sancta:
903 2726 1335 2780 conversationis
1391 2727 1508 2794 ejus
1559 2726 1999 2797 praerogativam,

410 2814 553 2885 quod
582 2813 699 2868 sine
730 2811 946 2869 fictione
976 2814 1228 2880 dicimus,
1258 2823 1375 2869 tum
1406 2823 1625 2885 propter
1655 2815 1998 2885 imperitiam,

409 2909 520 2956 tum
550 2910 772 2973 propter
819 2902 1087 2957 sermonis
1115 2902 1372 2974 in0piam,
1405 2911 1462 2958 ut
1490 2911 1601 2958 erat
1618 2902 1864 2974 dignum,
1898 2918 2002 2973 po-

406 2991 668 3046 tuerimus
715 2990 1007 3062 explicare.

938 3160 1163 3216 CAPUT
1196 3159 1483 3215 PRIMUM.

547 3304 602 3359 S.
631 3303 877 3373 Hugonis
893 3306 1180 3375 parentes,
1214 3302 1427 3368 studia,
1461 3302 1855 3359 canonicatus.

476 3447 531 3500 2.
566 3443 700 3498 Cum
732 3458 867 3515 ergo
895 3441 1103 3513 prmfati
1147 3441 1324 3497 Patris
1377 3441 1706 3498 sanctissimi
1735 3458 1918 3498 mores
1949 3451 2002 3498 et

405 3547 593 3603 Opera,
618 3532 735 3587 Deo
754 3530 1046 3601 placentia,
1071 3530 1424 3586 sufficientem
1446 3530 1684 3585 sermoni
1706 3531 1843 3586 adeo
1861 3548 2001 3602 pra:-

406 3628 550 3677 stent
580 3619 860 3675 materiam
890 3627 948 3674 ut
976 3635 1085 3674 non
1133 3619 1308 3674 solum
1354 3627 1615 3689 nostram,
1648 3620 1746 3675 sed
1777 3629 1829 3675 et
1859 3636 1999 3692 quo-

403 3709 660 3763 rumlibet
704 3708 923 3764 vincant
969 3707 1296 3773 facundiam,
1330 3707 1510 3764 carnis
1559 3708 1676 3777 ejus
1714 3709 2000 3764 tacendam

407 3814 473 3853 ex
502 3804 616 3853 toto
644 3796 971 3851 duceremus
1002 3796 1289 3867 originem,
1323 3812 1389 3851 eo
1437 3796 1582 3868 quod
1627 3796 2000 3853 indifferenter

408 3882 479 3937 de
508 3880 666 3935 bonis
699 3881 892 3947 bonos,
928 3881 994 3936 de
1024 3880 1186 3936 malis
1216 3881 1409 3947 malos,
1443 3882 1512 3935 de
1544 3882 1699 3936 bonis
1742 3882 1917 3937 malos
1946 3891 2000 3937 et

406 3971 475 4025 de
506 3969 666 4024 malis
698 3969 891 4036 bonos,
924 3986 1024 4041 per
1052 3970 1221 4025 divini
1256 3970 1442 4039 judicii
1488 3970 1890 4026 inscrutabilem
1918 3970 1998 4025 al-

403 4058 709 4125 titudinem,
740 4058 892 4113 nasci
925 4059 1166 4130 quotidie
1198 4059 1378 4114 nullus
1406 4058 1641 4131 ignoret,
1675 4076 1778 4115 nec
1800 4059 1998 4115 referat

406 4147 614 4219 aliquid
655 4146 905 4219 qualibus
934 4148 1004 4202 sit
1051 4156 1203 4203 ortus
1234 4147 1464 4220 quisque
1524 4149 1864 4218 parentibus,
1900 4148 1998 4202 sed

406 4236 655 4307 qualibus
702 4236 898 4293 vixerit
942 4237 1204 4302 moribus,
1237 4253 1336 4292 nec
1390 4244 1685 4309 augmenta
1750 4235 1998 4292 conferat

402 4325 723 4380 meritorum
745 4325 1003 4396 potentia,
1025 4325 1224 4379 divitiis
1256 4333 1309 4379 et
1337 4325 1621 4381 nobilitate
1643 4334 1864 4380 terrena
1884 4324 1997 4379 cla-

403 4414 598 4479 ruisse,
634 4414 729 4468 sed
775 4414 890 4468 hac
932 4414 1115 4469 omnia
1170 4429 1271 4484 pro
1301 4413 1514 4467 Christo
1562 4413 1993 4482 contempsisse,

2105 1844 2306 1911 functa,
2340 1846 2494 1900 citius
2534 1845 2690 1901 fuerit
2746 1849 2968 1903 sortitus
3025 1866 3254 1917 uxores,
3288 1852 3465 1908 nullos
3494 1861 3699 1919 tamen,

2105 1934 2251 2003 quod
2282 1933 2365 1987 his
2395 1936 2731 2004 temporibus
2760 1945 2812 1991 et
2836 1938 2937 1993 hac
2969 1946 3272 2009 temporum
3295 1939 3421 1995 labe
3450 1942 3709 2011 (praeser-

2105 2022 2199 2075 tim
2230 2021 2283 2075 in
2342 2024 2671 2093 potentibus)
2711 2034 2956 2081 monstro
3000 2028 3176 2082 simile
3222 2028 3456 2094 ducitur,
3499 2038 3706 2099 praeter

2104 2110 2321 2164 uxorios
2352 2119 2432 2164 est
2461 2120 2711 2181 expertus
2744 2115 3043 2184 amplexus.
3102 2116 3359 2187 Idemque
3411 2118 3528 2187 ipse
3582 2134 3705 2173 ωιό

2098 2198 2206 2266 jam
2237 2199 2443 2269 gravis,
2495 2201 2839 2257 sanctissimo
2862 2212 3116 2258 monente
3146 2203 3278 2272 filio,
3309 2213 3457 2261 tanto
3488 2205 3703 2262 fervore

2104 2287 2426 2357 contempsit
2448 2289 2734 2353 sarculum,
2771 2298 2830 2345 ut
2858 2292 3154 2346 senectutis
3211 2293 3499 2349 immemor
3520 2303 3573 2349 et
3602 2294 3704 2350 de-

2104 2374 2274 2429 licatae
2303 2377 2729 2446 consuetudinis,
2768 2379 2951 2444 duras,
2996 2397 3130 2450 quas
3162 2380 3445 2436 Carthusia
3475 2391 3703 2453 propter

2102 2462 2271 2518 verba
2299 2462 2566 2517 lahiorum
2592 2466 2688 2518 Dei
2707 2467 2959 2532 custodit,
2997 2468 3111 2521 vias
3140 2468 3373 2541 aggredi
3397 2485 3507 2524 non
3538 2468 3700 2524 dubi-

2104 2550 2297 2604 taverit
2322 2569 2336 2615 ;
2366 2551 2454 2605 ubi
2474 2553 2630 2606 annis
2654 2552 2765 2608 fere
2787 2554 2975 2609 decem
3005 2563 3058 2611 et
3087 2562 3212 2611 octo
3243 2557 3298 2610 in
3328 2565 3477 2612 tanta
3493 2558 3704 2613 sobrie-

2103 2647 2231 2705 tate,
2268 2648 2414 2694 tanta
2459 2642 2588 2696 vixit
2649 2643 2963 2711 humilitate,
2998 2651 3053 2697 ut
3095 2644 3305 2699 cunctis
3334 2645 3539 2701 ibidem
3585 2647 3706 2702 Deo

2103 2727 2484 2783 famulantibus
2518 2730 2735 2795 charus,
2768 2732 2977 2786 cunctis
3016 2732 3305 2788 haberetur
3346 2734 3701 2791 veneratione

2101 2817 2479 2886 dignissimus.
2512 2818 2606 2871 Cui
2637 2819 2780 2873 viam
2828 2820 3097 2874 universa:
3152 2821 3333 2876 carnis
3380 2822 3700 2895 ingressuro

2102 2906 2241 2975 (erat
2296 2906 2495 2976 quippe
2533 2905 2703 2961 ferme
2752 2908 2866 2976 jam
2931 2910 3300 2980 centenarius)
3364 2911 3697 2965 venerabilis

2101 2992 2250 3047 affuit
2274 2992 2432 3059 ﬁlius,
2456 3010 2687 3065 eumque
2706 2997 2942 3066 propriis
2988 3005 3040 3051 et
3074 2998 3283 3052 inunxit
3300 3006 3353 3053 et
3374 3014 3529 3053 sacra
3548 3014 3700 3054 com-

2101 3082 2358 3136 munione
2420 3084 2650 3153 replevit
2697 3086 2983 3151 manibus;
3043 3086 3367 3159 expletoque
3426 3088 3701 3160 condigna

2104 3170 2453 3226 veneratione
2477 3180 2587 3225 tam
2615 3181 2806 3228 sancto
2829 3172 3037 3241 funere,
3062 3174 3241 3229 obitus
3279 3175 3444 3243 diem,
3479 3176 3614 3231 sicut
3644 3184 3702 3231 et

2103 3259 2312 3325 matris,
2348 3260 2733 3331 eleemosynis,
2766 3262 2948 3333 quoad
2976 3263 3135 3329 vixit,
3170 3263 3445 3319 celebrem
3473 3264 3625 3320 duxit
3644 3273 3701 3320 et

2103 3346 2407 3403 sacriﬁciis.

2172 3440 2224 3490 3.
2259 3435 2391 3504 Quae
2422 3436 2673 3492 videlicet
2704 3438 3029 3493 venerabilis
3050 3448 3221 3496 mater
3252 3441 3388 3510 ejus,
3420 3456 3543 3496 cum
3571 3448 3699 3512 post

2101 3524 2421 3579 abscessum
2451 3525 2552 3580 viri
2582 3527 2802 3596 (praeter
2832 3544 2993 3598 quem
3024 3528 3227 3582 nullum
3276 3529 3493 3600 penitus
3520 3545 3697 3585 nove-

2102 3614 2207 3683 rat)
2241 3614 2401 3668 vellet
2424 3623 2475 3668 et
2505 3614 2621 3685 ipsa
2654 3624 2849 3671 cuncta
2871 3616 3201 3688 relinquere,
3228 3617 3350 3688 quia
3372 3617 3699 3674 feminarum

2102 3701 2481 3773 religiosarum
2537 3718 2664 3757 rara
2712 3711 2839 3758 tunc
2913 3714 3066 3759 erant
3112 3705 3464 3771 monasteria,
3495 3705 3571 3777 pii
3602 3706 3702 3761 filii

2102 3790 2410 3844 salubribus
2439 3790 2702 3846 instructa
2730 3792 2970 3861 monitis,
3006 3792 3349 3850 continentia:
3382 3803 3435 3849 et
3464 3793 3697 3850 eleemo-

2101 3879 2270 3949 synis,
2303 3879 2641 3934 orationibus
2673 3887 2836 3951 atque
2860 3881 3099 3950 jejuniis,
3134 3897 3195 3937 ac
3235 3882 3462 3953 reliquis
3491 3883 3694 3939 sanctis

2100 3968 2355 4039 operibus
2384 3967 2439 4021 in
2477 3968 2640 4022 domo
2669 3969 2907 4039 propria,
2942 3970 3087 4040 quod
3117 3970 3386 4042 reliquum
3433 3978 3552 4025 erat
3584 3970 3693 4025 im-

2099 4056 2287 4128 pendit
2317 4056 2606 4126 temporis,
2656 4055 2796 4111 filios
2827 4057 2991 4112 etiam
3024 4074 3169 4124 suos,
3196 4058 3516 4113 militaribus
3545 4067 3692 4115 stre-

2099 4161 2237 4199 nuos
2266 4144 2496 4207 actibus,
2517 4144 2587 4198 ab
2618 4144 3007 4212 immoderatis,
3034 4154 3290 4217 quantum
3319 4155 3550 4218 poterat,
3585 4146 3695 4203 fre-

2099 4249 2234 4286 nans
2278 4233 2616 4288 excessibus.
2660 4233 2758 4287 Cui
2800 4234 3167 4301 decumbenti,
3202 4251 3268 4289 ea
3314 4252 3419 4307 qua
3448 4236 3581 4290 obiit
3610 4253 3691 4291 az-

2098 4320 2391 4393 gritudine,
2440 4329 2624 4391 Optata
2680 4320 2773 4376 filii
2828 4323 2981 4376 adest
3028 4323 3359 4393 praesentia;
3407 4324 3690 4379 adoranda

2097 4410 2263 4463 tradit
2292 4410 2569 4480 mysteria,
2601 4420 2839 4465 extrema
2870 4427 2979 4465 non
3026 4411 3194 4466 multo
3230 4420 3354 4482 post
3397 4416 3691 4482 sepulturae

404 4517 527 4558 cum
548 4502 827 4557 videamus
859 4510 909 4557 et
927 4503 1219 4559 Dominum
1240 4502 1571 4572 pauperibus
1596 4510 1772 4556 ortum
1796 4516 1996 4572 paren-
2015 4488 2067 4547 D
2100 4498 2256 4553 solvit
2312 4498 2594 4569 obsequia,
2644 4508 2898 4569 prompta
2945 4499 3162 4554 solvens
3210 4500 3515 4555 obedientia
3546 4501 3690 4572 quod

405 4591 567 4658 tibus,
600 4600 653 4646 et
681 4590 736 4645 in
765 4591 1026 4662 apostolis
1054 4590 1380 4662 insigniores
1412 4598 1657 4659 sumptos
1705 4606 1770 4645 ex
1812 4589 1995 4660 pisca-

400 4680 629 4735 toribus.
663 4680 818 4735 Unde
839 4687 892 4734 et
922 4680 1114 4735 beatus
1145 4679 1211 4733 ad
1244 4679 1555 4733 Corinthios
1583 4679 1828 4733 scribens
1850 4679 1995 4732 Pau-

398 4768 482 4823 lus
516 4782 529 4823 :
567 4790 588 4814 «
626 4768 834 4836 Videte,
869 4768 1059 4839 inquit,
1110 4768 1326 4833 fratres,
1368 4767 1710 4822 vocationem
1737 4774 1992 4832 vestram,

400 4856 528 4929 quia
556 4872 667 4911 non
709 4856 863 4911 multi
914 4856 1189 4926 sapientes
1246 4856 1541 4910 secundum
1600 4870 1843 4920 carnem,
1886 4871 1996 4910 non

396 4945 551 4999 multi
586 4953 854 5015 potentes,
888 4960 998 5000 non
1044 4944 1198 4999 multi
1245 4943 1486 5009 nobiles;
1521 4944 1620 4999 sed
1669 4961 1790 5015 quae
1830 4944 1996 4998 stulta

397 5041 522 5090 sunt
550 5034 737 5089 mundi
765 5033 930 5106 elegit
977 5034 1144 5101 Deus,
1177 5040 1235 5087 ut
1281 5032 1579 5089 confundat
1607 5034 1902 5103 sapientes,
1944 5039 1997 5086 et

461 5212 536 5277 (8)
568 5212 811 5272 Arialdus,
851 5211 902 5261 in
949 5223 1067 5261 mss.
1109 5210 1289 5261 nostris
1332 5212 1599 5267 Airaldus.
1643 5215 1693 5261 et
1736 5210 1992 5273 Ailardus,

393 5280 508 5331 alibi
558 5281 851 5341 Ayrardus,
893 5292 953 5329 ex
997 5279 1238 5328 monacho
1277 5281 1325 5327 et
1368 5278 1528 5341 priore
1569 5278 1839 5327 Carthasim
1866 5278 1991 5327 Por-

392 5352 572 5407 tarum,
593 5346 820 5397 dimcesis
840 5344 1198 5407 Lugdunensis,
1228 5346 1385 5395 factus
1406 5346 1661 5407 episcopus
1686 5357 1811 5394 anno
1841 5345 1988 5406 1145,

394 5417 615 5463 mortuus
642 5425 722 5462 an.
758 5413 905 5461 1167.

458 5480 535 5541 (9)
564 5480 701 5541 Hugo
727 5479 790 5539 ll,
811 5491 871 5527 ex
895 5479 1117 5540 professo
1156 5478 1429 5529 Carthusia:
1465 5477 1697 5540 Maioris,
1739 5479 1993 5541 episcopus

392 5545 909 5608 Gratianopolitanus,
952 5545 1067 5596 dein
1111 5558 1174 5595 an
1241 5546 1372 5594 1153
1408 5545 1569 5595 factus
1592 5544 1992 5608 archiepiscopus

394 5611 701 5661 Viennensis.
1465 5617 1479 5633 ‘

462 5677 566 5743 (10)
592 5677 891 5740 Maurienna,
935 5677 1077 5739 vulgo
1125 5677 1174 5728 S.
1225 5677 1433 5728 Joannis
1478 5678 1539 5728 de
1586 5678 1897 5744 Mauricum,
1924 5681 1984 5732 ad

2098 4587 2330 4658 imperat
2360 4587 2507 4642 Deus
2555 4586 2679 4658 lege
2710 4588 2968 4651 Mosaica,
3003 4588 3231 4643 dicens:
3272 4612 3293 4635 ιι
3330 4589 3556 4643 Ilonora
3592 4605 3689 4660 pa-

2095 4683 2236 4730 trem
2264 4684 2411 4730 tuum
2445 4683 2497 4730 et
2528 4683 2775 4741 matrem,
2815 4683 2870 4729 ut
2890 4675 3262 4749 sislongaevus
3293 4693 3457 4747 super
3484 4686 3687 4733 terram

2098 4765 2295 4832 (Exod.
2318 4779 2420 4829 xx,
2448 4763 2558 4833 12.)
2595 4788 2616 4812 »
2654 4765 2731 4818 De
2755 4780 2861 4836 qua
2882 4764 3068 4835 utique
3097 4773 3243 4820 terra
3274 4766 3558 4820 Psalmista
3579 4766 3687 4821 Do-

2095 4853 2243 4907 mino
2265 4852 2447 4907 dicere
2466 4852 2739 4906 creditur:
2766 4875 2785 4899 α
2822 4853 2900 4907 Tu
2922 4870 2982 4907 es
3016 4870 3142 4924 spes
3173 4869 3317 4919 mea,
3349 4854 3524 4925 portio
3563 4870 3687 4909 mea

2095 4942 2149 4995 in
2171 4950 2315 4996 terra
2331 4941 2625 4996 viventium
2640 4943 2816 5011 (Psal.
2839 4957 2984 5009 cxu,
3009 4944 3084 5014 6).
3113 4963 3134 4993 ι
3163 4944 3289 4998 Haec
3308 4952 3485 4998 autem
3501 4943 3687 5001 dicere

2094 5030 2269 5085 fuerat
2289 5028 2466 5098 solita,
2491 5030 2637 5100 quod
2651 5030 2781 5084 dum
2801 5047 3096 5103 praegnans
3117 5030 3228 5085 suis
3250 5048 3373 5086 eum
3395 5030 3561 5086 ferret
3581 5032 3687 5086 vis-

2051 5213 2271 5262 -Arcum
2315 5211 2515 5262 ﬂuvium
2557 5224 2586 5262 e
2636 5214 2802 5262 monte
2844 5210 3010 5261 Ciniso
3048 5209 3373 5269 defluentem,
3419 5208 3466 5259 in
3509 5210 3686 5260 ducatu

2091 5278 2366 5340 Sabaudiaa,
2385 5291 2558 5328 versus
2584 5280 2840 5328 orientem.
2867 5278 3056 5327 distans
3080 5276 3411 5340 Gratianopoli
3435 5290 3484 5325 ιι
3508 5278 3573 5326 Μ.
3603 5278 3685 5337 Ρ..

2090 5345 2177 5395 sed
2204 5344 2449 5394 montibus
2474 5346 2751 5407 interrupto
2780 5345 2975 5394 itinere.

2159 5411 2264 5474 (11)
2294 5413 2450 5473 Supra
2485 5411 2755 5461 Valentiam
2800 5411 3035 5460 ltho'lano
3072 5410 3229 5459 inﬂuit
3263 5410 3393 5458 Isara
3414 5408 3516 5474 .‘ad
3541 5421 3684 5470 quem

2089 5470 2281 5537 adjacet
2304 5470 2524 5527 Castrum
2552 5479 2758 5540 Novum,
2786 5478 2943 5527 adhuc
2969 5478 3061 5526 hoc
3083 5480 3303 5537 tempore
3345 5470 3701 5538 Chdlcauncuf

2089 5545 2293 5594 dictum.
2322 5546 2583 5606 Perperam
2612 5545 2791 5604 Wion,-
2816 5545 2862 5591 in
2892 5546 3028 5593 Notis
3052 5544 3113 5592 ad
3155 5542 3407 5606 Martyrol.
3434 5541 3684 5595 Benedict.

2089 5611 2362 5661 Valentiam
2388 5611 2703 5675 Hispanicam
2729 5612 2965 5673 assignat.
