3940 6414
262 331 368 383 765
1321 325 1483 380 VITA
1523 324 1578 379 S.
1621 319 1938 378 HUGONIS
1977 319 2503 376 GRATIANOPOL.
3471 319 3576 372 766

271 453 510 521 ceribus,
547 452 728 508 visum
751 451 855 507 sibi
893 466 992 523 per
1038 449 1311 506 somnium
1358 448 1520 504 fuerit
1563 448 1871 520 elegantem
1901 448 1953 507 A
1974 445 2303 500 tulabundus
2330 445 2582 511 assensit,
2619 453 2729 500 tum
2760 444 2944 500 dilecti
2975 444 3188 500 comitis
3208 444 3455 516 gaudens
3473 444 3574 498 ho-

271 558 491 598 creasse
515 541 1005 612 parvulum,quem
1035 536 1868 607 sistendumDeiconspectibus,
1973 533 2219 601 noribus,
2271 540 2383 587 tum
2451 534 2711 590 Ecclesia
2752 534 2944 589 favens
3005 533 3361 603 profectibus,
3414 533 3568 602 cujus

271 630 445 686 sancti
477 630 555 701 (in
589 629 789 701 quibus
836 635 888 682 et
935 629 1129 682 beatus
1158 634 1275 681 erat
1311 627 1524 695 Petrus)
1556 625 1871 680 deferebant
1971 622 2135 676 etiam
2165 622 2339 677 sacris
2371 621 2560 677 oﬁiciis
2604 623 2837 677 futurum
2878 639 2985 677 non
3032 623 3310 676 dubitabat
3357 638 3565 692 Oppor-

269 719 325 773 in
355 719 574 774 coelum.
609 717 746 774 Hinc
761 716 961 772 factum
990 723 1092 781 est,
1126 715 1321 770 eadem
1349 715 1644 779 adnitente,
1678 721 1736 767 ut
1763 713 1870 766 dis-
1970 718 2174 764 tunum.
2209 712 2277 764 At
2310 727 2438 766 vero
2483 710 2593 776 ille,
2646 712 2931 781 repentino
2964 716 3156 770 timore
3187 711 3468 768 concussis
3495 711 3563 764 ab

267 807 457 862 cendis
489 806 854 877 applicaretur
897 804 1138 871 litteris;
1198 803 1526 873 sperabatur
1567 801 1712 857 enim
1743 802 1868 872 (nec
1968 797 2077 852 imo
2111 799 2431 863 visceribus,
2469 807 2577 853 toto
2625 799 2782 854 reniti
2813 815 3064 872 corpore,
3100 801 3425 874 magnisque
3452 798 3563 855 cla-

265 894 488 966 frustra)
510 893 806 968 singularis
829 893 975 963 apud
991 893 1163 947 Deum
1173 891 1363 963 gratia
1376 889 1586 945 futurus
1599 898 1650 946 et
1666 889 1865 944 meriti.

336 987 388 1040 4.
421 984 637 1038 Amavit
684 991 865 1037 autem
915 981 1098 1036 studia
1141 981 1448 1034 litterarum
1496 994 1605 1033 non
1649 978 1864 1032 medio-

264 1072 465 1138 criter;
497 1078 716 1142 propter
757 1086 877 1141 qua
920 1070 1084 1124 etiam
1128 1068 1184 1122 in
1214 1075 1425 1123 exteras
1467 1065 1740 1138 profectus
1773 1083 1863 1120 re-

263 1162 475 1235 giones,
508 1160 676 1214 multa
707 1159 978 1213 sustinuit.
1015 1159 1190 1212 Inerat
1237 1157 1438 1228 quippe
1467 1156 1565 1222 illi,
1609 1163 1660 1210 et
1690 1171 1861 1226 usque

263 1249 333 1304 ad
363 1249 608 1304 ultimam
640 1254 918 1303 senectam
955 1246 1137 1301 inesse
1167 1261 1277 1300 non
1305 1245 1526 1311 destitit,
1551 1245 1861 1299 verecunda

261 1338 558 1405 sobrietas;
581 1353 701 1408 qua
714 1353 839 1392 eum
860 1343 912 1391 et
928 1335 1069 1391 inter
1089 1350 1216 1389 suos
1237 1334 1399 1390 etiam
1418 1333 1857 1388 necessariorum

259 1443 404 1496 sape
425 1425 659 1497 cogebat
694 1424 837 1479 ferre
870 1423 1131 1494 inopiam,
1157 1423 1286 1477 dum
1307 1437 1409 1476 nec
1429 1421 1638 1487 amicis,
1660 1421 1706 1475 si
1727 1421 1856 1493 quid

259 1531 384 1570 eum
416 1514 674 1586 angebat,
725 1513 935 1583 pudore
985 1512 1158 1567 victus
1187 1518 1402 1582 poterat
1431 1509 1712 1575 conﬁteri;
1748 1525 1854 1580 quo

257 1603 412 1674 quasi
455 1601 606 1657 freno
637 1616 669 1655 a
708 1600 891 1655 multis
933 1599 1398 1670 comprimebatur
1443 1598 1664 1654 illicitis.
1719 1598 1853 1652 Cum

254 1700 435 1746 autem
465 1706 496 1744 a
528 1689 732 1745 scholis
762 1705 1039 1754 reversus,
1078 1688 1354 1754 Valentia,
1388 1686 1480 1742 ubi
1508 1686 1733 1756 majoris
1766 1702 1852 1741 ca-

1967 902 2112 940 mare
2162 887 2406 952 vocibus,
2441 895 2493 940 at
2540 903 2661 942 sese
2705 896 2882 955 atate,
2933 891 3158 956 scientia
3203 897 3256 945 et
3284 896 3560 960 postremo

1964 975 2211 1029 moribus
2241 983 2290 1029 et
2339 975 2450 1030 vita
2479 975 2642 1030 tantis
2682 978 2956 1047 mysteriis
2985 979 3244 1050 imparem
3277 977 3442 1047 capit
3471 975 3559 1031 af-

1964 1061 2202 1127 ﬁrmare,
2238 1079 2340 1118 nec
2370 1063 2638 1118 ullatenus
2655 1065 2785 1134 pati,
2813 1065 2868 1119 in
2890 1083 3001 1122 sua
3021 1068 3210 1122 salutis
3232 1065 3554 1136 periculum,

1962 1167 2063 1206 sua
2088 1151 2288 1206 vilitate
2332 1152 2506 1207 ofﬁcia
2548 1154 2858 1208 veneranda
2908 1154 3122 1210 foedari.
3167 1155 3344 1224 Quam
3373 1153 3557 1225 utique

1961 1239 2030 1295 de
2059 1256 2119 1294 se
2166 1241 2514 1306 sententiam,
2565 1243 2994 1311 profundissima
3023 1244 3322 1299 humilitate
3352 1259 3554 1299 conce-

1958 1335 2126 1398 ptam,
2162 1345 2335 1400 usque
2385 1330 2451 1383 ad
2481 1328 2645 1384 ﬁnem
2675 1346 2785 1385 non
2826 1333 3005 1398 exuit;
3040 1349 3256 1403 semper
3301 1332 3465 1397 enim,
3499 1331 3554 1384 in

1959 1416 2392 1488 quantiscumque
2447 1418 2749 1473 sanctitatis
2807 1429 2860 1474 et
2903 1421 3167 1476 bonorum
3216 1419 3550 1492 profectibus

1957 1520 2206 1574 operum,
2254 1506 2498 1561 inutilem
2551 1523 2611 1562 se
2643 1525 2832 1562 servus
2862 1518 2914 1563 et
2944 1509 3288 1580 pontificatus
3321 1508 3552 1564 admini-

1963 1593 2221 1648 stratione
2267 1594 2546 1667 indignum
2579 1597 2865 1665 protestari
2893 1614 3003 1652 non
3031 1599 3264 1660 erubuit,
3299 1613 3546 1668 semper-

1956 1697 2061 1752 que
2092 1683 2159 1736 ad
2183 1682 2588 1752 deponendum,
2624 1683 2760 1739 sicut
2789 1701 2854 1739 ex
2885 1686 3346 1757 consequentibus
3375 1685 3552 1756 lique-

255 1780 485 1835 nonicus
515 1786 627 1834 erat
677 1777 946 1842 ecclesia,
994 1777 1136 1832 inter
1181 1776 1477 1832 saculares
1507 1784 1559 1830 et
1588 1775 1924 1862 lubricos,B
1953 1769 2047 1835 bit,
2082 1778 2305 1840 paratus
2353 1771 2469 1825 fuit.
2523 1772 2619 1826 Vir
2664 1781 2842 1828 autem
2891 1773 3146 1844 profundi
3191 1773 3420 1840 consilii,
3456 1774 3549 1845 qui

247 1868 464 1938 juvenis
513 1867 657 1932 licet,
707 1866 1054 1938 pudibundus
1119 1866 1493 1920 demoraretur
1539 1871 1590 1918 et
1636 1863 1853 1918 sobrius

255 1958 543 2026 (statuerat
564 1955 728 2020 enim,
765 1954 900 2010 sicut
933 1955 1050 2026 ipse
1080 1953 1314 2018 dicebat,
1334 1953 1404 2008 ab
1425 1952 1573 2008 omni
1591 1953 1851 2023 deinceps

250 2045 710 2102 contaminatione
741 2043 1038 2098 immunem
1068 2059 1147 2110 se,
1171 2043 1287 2098 Deo
1299 2043 1541 2111 juvante,
1581 2043 1846 2112 servare),

249 2134 478 2207 contigit
506 2133 786 2189 dominum
835 2133 1145 2204 Hugonem,
1180 2130 1483 2186 Galliarum
1511 2131 1752 2186 omnium
1783 2146 1848 2185 ex

246 2230 526 2294 pracepto
556 2222 730 2277 beata
753 2221 1032 2276 memoria
1053 2220 1309 2293 Gregorii
1330 2220 1545 2290 septimi
1566 2220 1681 2291 (l2)
1702 2219 1849 2291 lega-

245 2319 379 2377 tum,
412 2311 482 2366 ad
511 2310 761 2366 eamdem
793 2310 979 2365 venire
1008 2309 1281 2364 civitatem
1305 2328 1318 2375 ;
1352 2307 1527 2365 virum
1556 2308 1764 2364 scilicet
1794 2309 1848 2362 in

245 2398 634 2456 ecclesiasticis
663 2398 901 2471 negotiis
933 2405 1216 2453 strenuum
1245 2405 1298 2454 et
1326 2397 1615 2464 famosum,
1647 2397 1846 2453 Eccle-

244 2489 342 2544 sia
364 2488 583 2550 Diensis
603 2495 734 2543 tunc
752 2487 1044 2558 praesulem
1065 2489 1198 2557 (13),
1214 2495 1407 2558 postea
1422 2487 1845 2559 Lugdunensem

239 2577 728 2648 archiepiscopum.
781 2575 888 2644 Qui
946 2590 1178 2632 cernens
1217 2577 1473 2645 juvenem
1533 2575 1842 2648 elegantem

241 2666 418 2732 vultu,
454 2673 660 2720 statura
688 2680 997 2736 procerum,
1032 2664 1248 2736 eloquio
1269 2671 1652 2735 temperatum,
1675 2664 1843 2719 mori-

237 2755 344 2810 bus
391 2753 804 2820 verecundum;
837 2753 1174 2825 edoctusque
1220 2753 1288 2807 ab
1335 2753 1414 2807 eis
1449 2753 1541 2824 qui
1579 2761 1842 2808 noverant

238 2845 398 2913 cujus
430 2851 573 2898 esset
619 2842 941 2898 eruditionis
970 2849 1023 2896 et
1051 2842 1272 2915 generis
1301 2849 1375 2908 et,
1407 2849 1464 2897 ut
1499 2849 1614 2897 erat
1645 2850 1750 2896 tam
1784 2842 1840 2896 in

231 2933 404 2988 rebus
443 2931 696 2986 humanis
738 2947 899 3003 quam
955 2930 1156 2986 divinis
1217 2931 1424 3003 ingenii
1480 2931 1834 3002 perspicacis,

231 3037 547 3094 agnoscens
575 3020 631 3075 in
661 3036 726 3076 eo
756 3035 957 3092 magna
987 3020 1235 3091 quadam
1262 3019 1458 3075 futura
1477 3020 1766 3090 probitatis
1787 3028 1840 3076 et

233 3109 535 3165 sanctitatis
562 3108 817 3181 insignia,
851 3109 1097 3164 hilariter
1117 3116 1170 3164 et
1190 3107 1483 3164 aﬂ'abiliter
1502 3108 1836 3180 amplexatus

232 3207 336 3266 est,
372 3214 580 3271 rogans
609 3206 668 3253 ut
697 3199 765 3252 ad
786 3213 845 3252 se
865 3198 1090 3263 veniret,
1115 3213 1338 3253 suorum
1360 3198 1718 3254 certaminum
1749 3213 1836 3254 co-

232 3304 355 3343 mes
385 3287 595 3342 futurus
617 3295 671 3342 et
695 3287 988 3358 particeps.
1015 3286 1225 3356 Quibus
1247 3303 1356 3341 non
1378 3287 1553 3342 solum
1571 3287 1833 3342 adversus

227 3377 422 3442 laicos,
456 3375 549 3448 qui
571 3375 853 3442 ecclesias,
879 3375 1119 3432 decimas
1139 3391 1204 3432 ac
1225 3377 1541 3432 cameteria
1561 3377 1832 3450 sacrilege

228 3465 566 3530 detinebant,
601 3464 698 3519 sed
730 3472 784 3520 et
819 3472 1010 3520 contra
1037 3465 1372 3532 sacerdotes,
1407 3481 1639 3536 quorum
1668 3466 1829 3521 vitam

225 3554 519 3610 inhonesta
565 3553 822 3625 conjugia
858 3553 1225 3620 maculabant,
1270 3554 1608 3610 Simoniacos
1642 3555 1825 3621 etiam,

226 3642 318 3713 qui
349 3642 645 3713 cupiditate
692 3642 898 3708 cacati,
949 3657 1109 3698 sacra
1135 3641 1471 3714 profanaque
1501 3643 1824 3711 miscebant,

224 3731 418 3802 paucis
442 3731 774 3800 juvantibus,
807 3731 1104 3787 acerrimus
1130 3731 1447 3788 insudabat.
1503 3731 1663 3802 Quod
1709 3733 1827 3805 ipse

223 3819 463 3876 libenter
489 3820 773 3892 amplexus
803 3829 905 3877 est.

863 3977 1094 4035 CAPUT
1125 3977 1191 4032 II.

361 4103 737 4173 Episcopatus
771 4102 1333 4176 GratianOpolitanus
1364 4109 1675 4175 susceptus.

291 4233 344 4284 5.
377 4229 691 4300 Aliquando
721 4229 914 4285 dehinc
945 4233 1205 4302 temporis
1238 4240 1428 4288 exacto
1451 4233 1643 4304 spatio,
1676 4232 1821 4288 idem

219 4317 434 4390 legatus
467 4318 614 4388 apud
642 4319 996 4386 Avenionem,
1044 4336 1149 4375 non
1188 4321 1486 4393 ignobilem
1518 4322 1821 4378 Provinciae

220 4407 516 4472 civitatem,
549 4408 759 4479 grande
789 4408 1082 4462 celebravit
1122 4409 1410 4465 concilium
1440 4411 1577 4481 (14),
1613 4412 1669 4465 in
1711 4427 1818 4483 quo

1959 1858 2233 1928 pradictis
2283 1875 2407 1913 eum
2459 1869 2808 1915 concesserat
2855 1862 3086 1928 clericis,
3137 1863 3238 1917 etsi
3277 1863 3548 1934 gaudebat

1953 1947 2097 2017 quod
2126 1947 2179 2000 in
2211 1947 2311 2003 hac
2342 1955 2498 2003 atate
2521 1956 2572 2003 et
2602 1949 2789 2004 habitu
2820 1951 2958 2020 (erat
2987 1951 3130 2005 enim
3161 1951 3348 2004 habitu
3377 1966 3548 2006 sacu-

1952 2034 2106 2100 laris,
2139 2043 2191 2090 et
2221 2051 2481 2090 annorum
2513 2036 2681 2093 ferme
2713 2038 2903 2111 viginti
2933 2039 3166 2111 septem)
3187 2041 3421 2094 honores
3437 2055 3546 2094 non

1951 2125 2114 2178 modo
2165 2139 2273 2179 non
2324 2133 2609 2197 appeteret
2658 2127 2952 2195 indebitos,
2999 2129 3095 2184 sed
3140 2137 3190 2184 et
3235 2130 3546 2199 repudiaret

1949 2212 2182 2277 oblatos,
2215 2213 2380 2284 coepit
2411 2222 2613 2282 tamen,
2639 2216 2948 2271 rationabili
2969 2233 3075 2288 qua
3097 2217 3334 2288 pollebat
3354 2216 3544 2273 facun-

1949 2300 2041 2354 dia
2070 2301 2186 2370 ejus
2216 2301 2431 2375 erigere
2463 2303 2901 2374 trepidationem,
2939 2305 3101 2360 solari
3132 2306 3538 2372 verecundiam,

1947 2387 2202 2460 frangere
2243 2391 2618 2461 pertinaciam,
2667 2409 2942 2460 asserens,
2977 2394 3032 2448 in
3061 2395 3257 2449 talibus
3288 2396 3374 2450 vel
3401 2397 3538 2450 sub—

1946 2479 2137 2532 eundis
2167 2479 2253 2534 vel
2271 2480 2552 2549 portandis
2574 2482 2854 2548 oneribus,
2874 2498 2982 2537 non
3005 2483 3072 2538 de
3094 2499 3191 2538 sua
3214 2500 3538 2556 quemquam

1944 2565 2160 2633 virtute,
2194 2567 2294 2622 sed
2329 2568 2398 2622 de
2431 2569 2529 2622 Dei
2559 2570 2738 2638 potius
2786 2571 2986 2625 debere
3024 2571 3359 2642 benignitate
3390 2590 3538 2642 pra-

1943 2671 2181 2723 sumere,
2217 2671 2250 2710 a
2281 2672 2388 2727 quo
2419 2657 2643 2712 deberet
2675 2675 2897 2729 sperare
2928 2660 3128 2714 bonum
3151 2662 3296 2732 quod
3326 2661 3532 2729 deerat,

1943 2752 1996 2798 et
2023 2745 2096 2798 ad
2126 2761 2286 2816 quem
2319 2744 2528 2800 referre
2551 2747 2813 2818 quidquid
2831 2757 3136 2819 acceperat.
3161 2750 3331 2818 Hujus
3352 2751 3536 2823 itaque

1942 2840 1992 2888 et
2024 2841 2368 2904 caterorum,
2401 2834 2492 2906 qui
2521 2835 2769 2902 aderant,
2803 2837 3035 2892 virorum
3058 2838 3306 2908 gravium
3338 2855 3535 2895 conso-

1939 2921 2232 2976 lationibus
2255 2922 2458 2978 fractus
2478 2931 2639 2996 atque
2659 2925 2982 2992 hortatibus,
3000 2927 3218 2982 tandem
3239 2928 3534 3000 aliquando

1939 3011 2103 3065 cessit
2133 3011 2380 3066 electioni
2396 3053 2409 3066 .

2009 3103 2060 3153 6.
2096 3100 2335 3155 Praeerat
2363 3107 2545 3156 autem
2575 3117 2640 3156 eo
2669 3089 2914 3172 tempore
2943 3105 3241 3160 Viennensi
3269 3106 3532 3162 Ecclesia

1934 3187 2405 3259 archiepiscopus,
2465 3188 2820 3246 Garmundus
2889 3193 3109 3248 nomine
3171 3196 3304 3263 (45),
3370 3212 3533 3266 quem

1933 3284 2156 3346 propter
2206 3276 2522 3344 Simoniam,
2558 3279 2710 3347 cujus
2751 3280 3048 3336 sustinebat
3095 3282 3397 3350 infamiam,
3430 3283 3532 3339 sibi

1932 3379 2127 3419 manus
2159 3364 2444 3436 imponere
2475 3382 2582 3421 non
2605 3368 2842 3422 admisit.
2870 3369 3089 3425 Cunctis
3111 3371 3314 3443 itaque,
3329 3381 3531 3443 prater

1931 3453 2194 3524 episcopi,
2228 3470 2260 3508 a
2288 3470 2396 3510 non
2446 3455 2563 3510 sine
2601 3457 2908 3511 reverentia
2957 3461 3314 3516 memorando
3342 3462 3528 3534 legato

1931 3543 2161 3613 sumptis
2209 3543 2508 3610 ordinibus,
2563 3546 2757 3600 eodem
2789 3547 3082 3603 comitante
3110 3549 3390 3619 profectus
3420 3559 3522 3618 est,

1928 3640 1982 3684 ut
2012 3646 2043 3685 a
2073 3631 2218 3686 sedis
2249 3633 2562 3702 apostolica
2592 3651 2806 3689 summo
2829 3645 3241 3692 consecraretur
3262 3638 3521 3695 antistite.

1927 3719 2029 3775 Ubi
2061 3720 2210 3785 dum,
2258 3723 2690 3777 consecrationis
2728 3732 2987 3778 statutum
3032 3726 3321 3796 opperiens
3354 3728 3520 3796 diem,

1925 3818 2377 3880 commoraretur,
2401 3813 2455 3865 in
2484 3811 2620 3882 ipsis
2668 3813 3073 3884 quodammodo
3123 3815 3321 3871 divina
3358 3818 3525 3874 servi-

1927 3897 2055 3953 tutis
2090 3898 2279 3963 initiis,
2331 3907 2383 3954 et
2424 3900 2480 3954 in
2525 3901 2712 3971 primis
2757 3917 2931 3958 sacrae
2980 3903 3186 3960 militia
3235 3905 3520 3974 tirociniis,

1925 3986 2302 4058 gravissimam
2349 3989 2520 4044 hostis
2565 3991 2770 4062 antiqui
2828 3991 3317 4064 impugnationem,
3368 3996 3519 4051 rudis

1924 4082 1977 4129 et
2007 4075 2194 4129 talium
2242 4076 2589 4148 inexpertus,
2624 4079 2887 4147 incurrit;
2924 4098 3044 4152 qua
3077 4090 3320 4139 sanctam
3352 4084 3524 4155 ipsius

1921 4162 2173 4230 animam,
2224 4181 2397 4237 usque
2427 4168 2495 4222 ad
2524 4167 2668 4222 illam
2727 4170 3107 4241 agritudinem
3140 4188 3248 4242 qua
3278 4181 3330 4228 et
3359 4174 3524 4230 decu-

1921 4251 2035 4306 buit
2081 4253 2398 4321 moriturus,
2464 4256 2552 4311 die
2599 4265 2891 4330 noctuque,
2944 4277 3087 4315 nunc
3131 4262 3332 4332 acrius,
3375 4281 3522 4322 nunc

1920 4341 2122 4408 mitius,
2161 4359 2271 4396 non
2317 4343 2521 4398 destitit
2563 4347 2898 4402 excruciare.
2953 4348 3092 4416 Quia
3141 4349 3283 4404 enim
3315 4361 3520 4411 sancta

1919 4431 2351 4486 conversationis
2381 4441 2433 4487 et
2463 4433 2749 4489 illustrium
2780 4453 3008 4506 operum
3042 4436 3350 4509 insignibus
3393 4458 3516 4498 me-

218 4496 388 4600 ηξυίίῇ
417 4496 489 4550 ad
522 4496 622 4550 Dei
651 4497 919 4600 hOQPl‘e‘m‘
943 4505 995 4600 ξι
1025 4498 1288 4600 ΕεθῙθεξεξ
1307 4500 1589 4599 “illuuiem
1611 4516 1818 4571 Ρπωοο·
1837 4521 1888 4579 Ι)
1919 4519 2051 4587 ritis,
2086 4535 2342 4591 magnam
2368 4521 2424 4575 in
2454 4523 2655 4593 p0pulo
2687 4525 2787 4580 Dei
2816 4496 3033 4591 famam,
3057 4496 3309 4600 magnam
3330 4496 3509 4586 fuerat

217 4583 304 4638 nio
336 4585 507 4658 digna
554 4585 797 4655 patravit.
839 4586 924 4641 Ad
951 4587 1054 4642 hoc
1092 4588 1396 4653 consilium,
1431 4589 1687 4660 episcopo
1716 4605 1813 4646 ca-

216 4681 394 4728 rentes
455 4682 508 4729 et
556 4674 872 4745 episcOpum
921 4686 1264 4747 quarentes,
1317 4677 1813 4748 Gratianopolitani

214 4777 410 4817 venere
491 4763 770 4829 canonici;
820 4772 1207 4837 compertoque
1237 4765 1526 4836 praefatum
1553 4769 1811 4836 juvenem

214 4851 508 4906 conventui
538 4851 801 4907 interesse
851 4855 1127 4924 praesenti,
1170 4854 1445 4926 petierunt
1475 4857 1808 4927 suppliciter,

214 4937 548 5012 suffragante
580 4940 831 5006 concilio,
867 4942 937 4996 ab
969 4942 1086 5011 ejus
1115 4944 1417 4999 venerabili
1449 4953 1695 5016 patrono,
1725 4947 1812 5000 cui

214 5036 380 5096 grata
403 5028 641 5083 ofﬁcium
663 5030 941 5085 societatis
959 5032 1270 5099 exhibebat,
1294 5041 1352 5087 ut
1372 5035 1515 5088 hunc
1534 5035 1637 5089 sibi
1658 5035 1812 5090 daret

217 5114 330 5171 sine
357 5117 618 5173 dilatione
666 5117 1003 5190 episcopum.
1037 5119 1244 5190 Quibus
1275 5121 1366 5178 ille
1397 5124 1644 5194 protinus
1675 5141 1810 5197 gra-

281 5288 385 5359 (12)
413 5292 468 5341 S.
496 5292 761 5352 Gregorius
785 5293 890 5352 VII,
918 5307 1064 5357 papa,
1091 5299 1204 5346 ante
1227 5297 1584 5349 Hildebrandus
1631 5299 1808 5359 dictus,

214 5358 401 5428 creatus
423 5359 491 5428 22
517 5359 698 5421 Aprilis
724 5373 805 5409 an.
832 5361 980 5423 1075,
1009 5368 1307 5413 mortuusan
1337 5366 1465 5415 1086
1489 5365 1566 5416 die
1590 5366 1655 5417 23
1677 5358 1809 5428 Maii,

214 5433 306 5481 quo
331 5423 597 5486 inscriptus
627 5430 701 5475 est
725 5428 974 5488 Martyrol.
1003 5431 1144 5479 Rom.

282 5488 390 5560 (ll?)
419 5492 612 5560 Diensis
637 5493 893 5556 episcopus
917 5499 1112 5545 creatus
1156 5500 1228 5547 est
1265 5499 1402 5560 Ηυεο
1445 5511 1527 5549 an.
1577 5501 1722 5554 1073.
1752 5513 1809 5549 ac

210 5553 471 5608 translatus
496 5559 560 5611 ad
585 5553 1059 5626 archicpiScopatum
1100 5553 1470 5630 Lugdunensem
1517 5579 1597 5617 an.
1659 5566 1807 5617 1092.

1917 4608 2202 4663 habiturus
2243 4617 2295 4664 et
2342 4610 2596 4680 gloriam,
2651 4629 2718 4667 ne
2751 4613 2979 4668 forsitan
3009 4617 3377 4685 extolleretur,
3411 4636 3514 4674 an-

1917 4697 2103 4769 gelum
2131 4699 2364 4763 Satana,
2397 4700 2536 4755 sicut
2569 4709 2622 4756 et
2644 4702 2829 4756 beatus
2861 4705 3170 4774 Apostolus,
3209 4707 3299 4778 qui
3330 4724 3390 4763 se
3423 4724 3514 4764 co-

1915 4786 2232 4856 laphizaret,
2287 4789 2493 4859 accepit
2524 4791 2599 4858 (II
2643 4790 2763 4846 Cor.
2803 4808 2906 4856 xu,
2936 4793 3011 4863 '7).
3060 4795 3150 4849 Sic
3180 4796 3340 4851 etiam
3370 4800 3516 4869 apud

1915 4876 2238 4945 prophetam
2287 4878 2624 4948 Zachariam,
2677 4880 2806 4935 Jesu
2836 4882 3106 4938 sacerdoti
3135 4901 3357 4958 magno,
3392 4889 3510 4943 veri

1917 4963 2216 5019 Salvatoris
2278 4967 2599 5037 mysterium
2657 4969 2988 5039 praferenti,
3044 4973 3206 5027 Satan
3255 4976 3434 5031 stabat
3482 4993 3516 5032 a

1913 5052 2138 5118 dextris,
2170 5062 2230 5109 ut
2277 5055 2665 5112 adversaretur
2695 5059 2744 5113 ei
2777 5060 2967 5129 (Zach.
3012 5077 3092 5127 ιιι,
3142 5062 3219 5133 5).
3265 5065 3380 5120 Nec
3410 5067 3514 5122 hoc

1913 5141 2243 5210 mirandum,
2295 5159 2420 5199 cum
2472 5146 2806 5202 conditorem
2859 5156 2910 5202 et
2957 5158 3221 5206 rectorem
3269 5153 3514 5209 omnium

2025 5322 2119 5438 sita
2143 5323 2260 5374 urbs
2285 5325 2334 5374 in
2361 5326 2626 5377 meditullio
2668 5327 3015 5391 Delphinatus,
3061 5331 3282 5384 Valentia
3323 5333 3514 5386 distans

1992 5403 2006 5438 ι
2032 5403 2043 5437 ι
2074 5403 2224 5438 mere.

1992 5403 2006 5438 l
2032 5403 2224 5439 lIlDel‘e.

1883 5483 1931 5529 μ’
1980 5454 2082 5529 (⁸14)
2112 5458 2427 5529 Ann01_080,
2454 5459 2503 5529 in
2547 5472 2673 5529 quo.
2718 5460 2934 5529 deposito
2974 5465 3230 5529 Achardo,
3270 5467 3512 5521 Gibilinus

1909 5521 2069 5590 factus
2093 5527 2169 5571 est
2196 5526 2494 5575 Arelatensis
2518 5521 2936 5590 archiepiscopus.

1976 5586 2079 5653 (l5)
2106 5591 2445 5642 Guarmandus
2470 5593 2596 5655 aliis,
2623 5586 2752 5646 sedit
2770 5586 2981 5647 ab'anno
3008 5597 3136 5649 1077
3160 5600 3220 5651 ad
3249 5602 3397 5658 1085.
