3940 6418
405 340 511 393 767

1247 338 1589 396 GUIGONIS
1628 342 1648 395 Ι
1688 340 2096 398 ΟΛΒΤΗΠΞΙιΕ
2135 341 2428 398 MAJORIS
2466 343 2742 400 PRIORIS
2781 345 2846 399 V.

3604 346 3710 399 768

411 463 608 532 Deum,
640 464 872 518 humana
914 480 1079 519 carne
1111 463 1383 529 vestitum,
1417 464 1596 536 impiis
1628 466 1850 520 ausibus
1882 475 2004 520 ten-
2035 466 2090 526 A
2110 467 2282 520 Deum
2314 483 2577 522 venerans
2612 467 2831 533 famulo,
2862 466 2970 522 diei
3000 465 3426 522 consecrationis
3457 467 3578 535 ejus
3607 483 3707 521 ne-

417 559 531 606 tare
587 553 1032 622 praesumpserit;
1082 562 1131 607 et
1178 562 1474 622 postremo,
1537 555 1773 609 ostensis
1845 554 2010 608 totius

414 639 602 694 mundi
633 640 819 711 regnis
851 656 973 696 cum
1008 656 1105 694 sua
1135 641 1329 713 gloria,
1368 665 1388 688 «
1410 644 1557 708 llaec,
1591 643 1860 714 inquiens,
1887 659 2009 697 om-

416 727 507 782 nia
537 728 629 780 tibi
660 728 823 792 dabo,
847 729 892 782 si
918 737 1217 798 prostratus
1238 730 1550 784 adoraveris
1571 747 1659 784 me
1683 731 1901 798 (Matth.
1930 746 2006 796 IV,

417 816 493 885 9),
532 837 552 864 ι
600 816 927 872 idololatria:
976 817 1137 872 etiam
1180 818 1358 872 scelus
1405 819 1738 888 persuadere
1785 827 2011 874 conatus

417 901 594 957 fuerit.
651 904 796 958 Sicut
842 921 980 977 ergo
1025 906 1126 976 ipsi
1159 907 1392 960 Domino
1422 906 1722 960 incredibili
1752 924 2011 977 praesum-

416 991 600 1061 ptione
629 991 1014 1061 idololatriam,
1049 995 1126 1048 sic
1158 1003 1210 1049 et
1241 996 1357 1063 ejus
1388 1011 1547 1049 servo
1580 996 1914 1067 suggerebat
1941 995 2014 1050 vi-

416 1095 581 1150 perea
611 1081 1005 1137 machinatione
1039 1083 1448 1152 blasphemiam,
1475 1084 1678 1138 scilicet
1711 1092 1761 1137 ut
1785 1085 1854 1138 de
1877 1085 2009 1149 Deo,

416 1168 502 1223 vel
533 1169 601 1222 de
631 1169 716 1222 his
745 1187 864 1239 qua:
897 1171 963 1224 ad
995 1173 1166 1226 Deum
1198 1172 1494 1241 pertinent,
1529 1173 1732 1242 aliquid
1755 1173 2013 1243 cogitaret

417 1255 722 1328 indignum.
772 1259 878 1314 Sed
910 1260 1048 1313 sicut
1075 1276 1105 1314 a
1137 1259 1387 1326 Domino,
1423 1261 1520 1326 sic,
1556 1261 1744 1315 eodem
1773 1261 2012 1329 juvante,

419 1344 485 1398 ab
518 1347 635 1413 ejus
664 1363 822 1401 servo
850 1347 1023 1402 victus
1053 1355 1107 1401 et
1133 1348 1390 1402 confusus
1420 1349 1708 1404 abscessit.

494 1435 547 1487 7.
581 1435 716 1488 Cum
749 1435 912 1505 igitur
953 1435 1438 1508 impugnationem,
1483 1445 1540 1490 ut
1583 1438 1836 1502 diximus,
1869 1438 2018 1491 insu-

422 1522 742 1592 spicabilem
774 1524 1034 1579 sensisset
1055 1526 1223 1578 hostis
1246 1525 1470 1596 antiqui,
1498 1539 1758 1595 reputans
1781 1543 1846 1580 ne
1879 1526 2018 1581 forte

422 1610 735 1680 indignatus
752 1612 1039 1668 adversum
1064 1630 1122 1668 se
1144 1613 1332 1668 fuisset
1354 1614 1635 1676 Dominus,
1658 1614 1801 1684 quod
1821 1614 2021 1686 eligen-

422 1699 567 1753 tibus
596 1709 840 1754 cesserat
871 1702 954 1755 vel
984 1702 1204 1768 invitus,
1239 1702 1492 1757 electioni
1523 1703 1577 1756 in
1611 1719 1668 1756 se
1689 1703 1845 1758 facta:
1865 1704 2021 1758 abre-

2110 556 2352 610 cessaria
2383 565 2576 611 cuncta
2609 555 3058 618 subministravit,
3091 553 3442 624 pastoralem,
3478 571 3585 625 quo
3615 555 3710 610 diu

2109 661 2240 698 usus
2287 652 2387 708 est,
2422 644 2669 699 baculum
2701 644 2868 708 dedit,
2901 643 3097 697 additis
3127 642 3465 712 psalmorum
3495 658 3701 698 secun-

2110 733 2240 786 dum
2270 734 2329 786 B.
2375 733 2736 803 Augustinum
2783 731 3288 802 Explanationibus,
3322 746 3444 786 cum
3479 732 3537 786 B.
3571 737 3708 785 Am-

2117 821 2283 874 brosii
2315 821 2608 885 volumine,
2645 821 2794 889 cujus
2825 828 2908 875 est
2938 819 3125 873 titulus
3154 820 3231 872 De
3252 818 3461 885 officiis,
3485 827 3710 890 totoque

2113 925 2220 979 quo
2268 909 2526 979 deinceps
2575 917 2818 980 tempore
2860 908 3008 973 vixit,
3061 916 3320 978 tanquam
3371 923 3558 962 verum
3607 907 3709 962 Dei

2113 997 2373 1051 famulum
2405 997 2618 1052 sincera
2661 997 2950 1052 devotione
3001 995 3310 1066 specialiter
3341 995 3624 1050 honoravit
3656 1004 3711 1051 et

2115 1085 2298 1150 coluit,
2355 1085 2543 1140 sitiens
2586 1086 2700 1153 ejus
2745 1085 3006 1140 instanter
3048 1093 3100 1140 et
3145 1083 3387 1140 consiliis
3424 1083 3617 1139 instrui
3657 1091 3710 1138 et

2115 1174 2357 1228 oratione
2389 1173 2627 1227 defendi.

2187 1265 2238 1315 9.
2274 1261 2367 1315 liis
2414 1261 2487 1315 ita
2516 1277 2622 1315 non
2677 1260 2852 1316 solum
2882 1276 3142 1331 prospere
3197 1261 3294 1315 sed
3360 1267 3412 1315 et
3454 1260 3713 1332 religiose

2117 1349 2369 1419 peractis,
2404 1350 2471 1402 ad
2503 1357 2811 1418 susceptam
2843 1365 3096 1403 reversus
3134 1347 3468 1414 Ecclesiam,
3507 1348 3714 1403 invenit

2117 1438 2322 1492 clerum
2355 1445 2405 1491 et
2435 1437 2713 1507 populum,
2743 1437 2796 1490 in
2828 1437 3024 1491 divinis
3047 1437 3208 1490 nimis
3230 1437 3417 1490 rudem
3443 1444 3493 1491 et
3512 1437 3713 1491 incom-

2118 1526 2372 1596 positum,
2407 1533 2458 1579 et
2483 1533 2797 1580 sanctarum
2829 1525 3272 1580 Observationum
3302 1525 3356 1578 in
3386 1532 3589 1578 tantum
3621 1524 3712 1577 in-

2121 1614 2311 1678 scium,
2346 1621 2402 1667 ut
2433 1629 2540 1668 non
2573 1614 2749 1668 solum
2779 1614 2981 1684 gradus
3011 1611 3281 1667 inferioris
3302 1612 3507 1681 clerici,
3528 1611 3627 1668 sed
3657 1619 3714 1668 et

2121 1702 2437 1756 sacerdotes
2465 1717 2664 1756 uxores
2687 1701 2966 1769 ducerent,
2995 1701 3212 1771 nuptias
3233 1700 3447 1770 publice
3468 1699 3713 1755 celebra-

424 1788 668 1843 nuntiare
699 1790 875 1844 modis
907 1791 1155 1844 omnibus
1185 1791 1524 1855 deliberavit,
1560 1800 1611 1845 et
1642 1807 1828 1846 sacras
1847 1792 2018 1845 admi-
2039 1821 2090 1878 B
2124 1798 2259 1855 rent,
2296 1806 2478 1845 emere
2525 1805 2589 1845 ac
2618 1791 2856 1844 vendere
2888 1797 3078 1844 sancta
3105 1803 3213 1844 non
3242 1788 3575 1853 haesitarent,
3613 1803 3711 1843 ec-

424 1875 792 1943 nistrationes,
852 1879 1049 1949 quibus
1114 1881 1168 1933 in
1219 1880 1337 1934 dies
1398 1896 1456 1933 se
1507 1881 1684 1948 magis
1731 1897 1794 1934 ac
1842 1881 2019 1950 magis

425 1963 718 2034 deputabat
759 1966 1060 2039 indignum,
1106 1968 1252 2021 nullo
1284 1976 1440 2037 pacto
1472 1969 1810 2040 contingere.
1848 1968 2020 2037 Quam

426 2052 892 2120 deliberationem,
945 2063 1004 2108 ut
1063 2056 1309 2126 putabat,
1371 2056 1812 2120 saluberrimam,
1864 2056 2021 2110 simul

426 2156 551 2195 cum
581 2141 701 2211 ipsa
732 2143 1044 2210 tentatione,
1075 2143 1142 2196 ab
1173 2144 1281 2198 imo
1310 2145 1475 2199 corde
1509 2144 1764 2214 lacrymis
1785 2144 2021 2214 profusis

428 2237 590 2300 atque
622 2231 892 2300 suspiriis,
927 2232 997 2298 ei,
1041 2233 1133 2303 qui
1165 2249 1223 2286 se
1253 2233 1499 2299 duxerat,
1533 2233 1803 2287 festinavit
1833 2241 2021 2288 osten-

430 2318 579 2373 dere.
614 2321 681 2372 At
710 2319 800 2374 ille
831 2319 1045 2375 defectu
1076 2321 1212 2389 ejus,
1247 2329 1299 2375 et
1320 2321 1484 2375 nimio
1506 2322 1840 2392 (quanquam
1873 2338 1904 2376 a
1937 2339 2020 2377 re-

429 2406 631 2476 ligione
661 2407 926 2477 profecto)
958 2408 1169 2478 timore,
1201 2425 1264 2463 ex
1296 2417 1450 2478 parte
1472 2409 1689 2464 interim
1712 2410 2021 2464 rationabili

429 2497 788 2564 responsione
820 2496 1026 2560 sedato,
1060 2497 1126 2550 ad
1157 2505 1512 2551 memoratum
1543 2514 1742 2568 papam
1766 2515 2017 2571 pergere,

429 2591 482 2638 et
510 2583 772 2654 quidquid
805 2585 919 2652 ejus
949 2585 1181 2656 angebat
1213 2587 1450 2640 animum
1485 2589 1692 2656 (utpote
1720 2587 1912 2640 Christi
1946 2587 2023 2641 vi-

428 2671 600 2741 cario)
644 2679 812 2728 totum
855 2674 1093 2728 revelare
1136 2675 1319 2730 suasit.
1366 2674 1524 2743 Quod
1575 2691 1696 2730 cum
1746 2676 2023 2730 humiliter

429 2759 734 2833 devoteque
779 2761 1017 2828 fecisset,
1067 2770 1210 2817 tanta
1250 2763 1634 2818 consolationis
1680 2763 1747 2817 ab
1779 2764 1897 2832 ejus
1925 2780 2022 2819 ore

430 2849 620 2920 sagina
667 2849 920 2920 perfusus
969 2859 1072 2916 est,
1115 2859 1433 2923 tantumque
1463 2867 1597 2924 erga
1627 2868 1686 2906 se
1716 2851 2023 2907 dilectionis

431 2945 687 3008 expertus
718 2937 992 3007 affectum,
1038 2947 1096 2994 ut
1125 2940 1194 2995 de
1219 2941 1324 2995 hac
1356 2941 1494 3010 ipsa,
1529 2957 1651 3011 quae
1678 2940 1732 2993 in
1761 2941 2015 3010 despera-

428 3025 636 3081 tionem
666 3043 791 3082 eum
819 3043 960 3098 pene
981 3028 1339 3100 compulerat,
1364 3029 1662 3084 tentatione
1691 3029 1950 3101 gaudere,
1971 3037 2026 3084 et

431 3112 687 3170 felicioris
718 3115 941 3186 insuper
989 3116 1106 3186 spei
1143 3116 1430 3172 materiam
1461 3133 1677 3172 sumere
1709 3126 2020 3190 cogeretur.

432 3202 625 3258 Docuit
653 3202 800 3258 enim
845 3204 1038 3259 beatus
1079 3220 1241 3276 papa,
1281 3211 1466 3275 utpote
1517 3205 1572 3259 in
1619 3206 1781 3261 rebus
1811 3207 1895 3260 his
1924 3223 2025 3262 nec

431 3290 582 3345 rudis
611 3305 715 3347 nec
744 3291 1078 3363 inexpertus,
1111 3309 1342 3366 arguere
1372 3294 1661 3348 Dominum
1683 3301 1736 3348 et
1758 3295 2026 3366 castigare

432 3394 570 3451 quos
600 3379 795 3453 diligit,
828 3388 882 3436 et
908 3397 1127 3436 omnem
1156 3380 1325 3436 ﬁlium
1346 3382 1624 3453 ﬂagellare
1648 3399 1810 3454 quem
1832 3383 2028 3454 recipit

434 3469 616 3540 (Hebr.
649 3485 745 3536 xu,
778 3469 854 3541 6),
890 3477 942 3525 et
973 3469 1096 3526 ideo
1129 3478 1327 3543 quanto
1358 3471 1548 3526 durius
1580 3471 1730 3526 cordi
1771 3472 1888 3540 ejus
1920 3472 2025 3526 im-

430 3565 691 3630 posuerat
719 3558 1020 3630 flagellum,
1054 3567 1200 3614 tanto
1231 3560 1538 3614 evidentius
1565 3568 1809 3630 paterna:
1828 3561 1881 3614 in
1905 3578 2027 3616 eum

430 3647 650 3703 dedisse
686 3648 992 3703 dilectionis
1021 3648 1300 3704 indicium.
1336 3648 1696 3703 Pri-esensisse
1727 3649 1890 3703 etiam
1917 3650 2028 3718 jam

427 3736 651 3808 jamque
681 3736 955 3791 diabolum
1001 3745 1196 3807 quanta
1239 3753 1340 3807 per
1369 3753 1494 3791 eum
1523 3737 1640 3807 ipse
1671 3738 1870 3792 damna
1897 3755 2027 3809 pas-

437 3841 614 3891 surus,
647 3832 844 3896 quanta
883 3825 982 3879 Dei
1013 3825 1245 3895 pOpulus
1276 3825 1492 3879 virtutis
1522 3825 1662 3881 foret
1693 3826 2028 3882 incrementa

434 3920 767 3983 sumpturus,
801 3921 853 3967 et
884 3913 1088 3969 idcirco
1120 3909 1312 3968 omnes
1343 3913 1655 3970 inveterata:
1677 3915 2028 3987 malignitatis

435 4001 712 4056 insumere
743 4009 988 4066 conatus,
1024 4009 1080 4055 ut
1110 4019 1139 4056 a
1171 4002 1342 4057 sacris
1363 4019 1486 4057 eum
1511 4019 1727 4074 quoque
1748 4005 1911 4059 modo
1933 4005 2028 4060 de-

432 4097 638 4145 terrere
682 4091 854 4160 possit
903 4089 1113 4158 oﬂiciis,
1165 4092 1507 4162 permittente
1552 4093 1703 4160 Deo,
1738 4094 1808 4147 ad
1858 4094 2028 4164 ipsius

437 4179 656 4250 quidem
684 4179 1041 4252 ignominiam
1072 4187 1122 4235 et
1151 4196 1400 4252 poenam,
1435 4181 1504 4236 ad
1536 4182 1692 4250 hujus
1721 4191 1902 4238 autem
1929 4199 2027 4239 co-

435 4283 623 4323 ronam
654 4275 706 4323 et
735 4268 966 4341 gloriam
980 4310 992 4323 .

505 4361 557 4412 8.
591 4357 909 4425 Hujusmodi
941 4358 1300 4423 sermonibus,
1335 4366 1386 4414 et
1403 4358 1630 4414 veritate
1653 4359 1830 4430 plenis
1853 4367 1905 4414 et
1926 4375 2029 4415 au-

434 4445 684 4502 ctoritate
731 4446 1015 4512 roboratis,
1069 4462 1174 4502 non
1225 4447 1444 4518 quidem
1474 4448 1770 4503 tentatione
1802 4449 2018 4518 penitus

435 4535 720 4600 exstincta,
753 4535 851 4590 sed
884 4543 1064 4591 tamen
1095 4536 1468 4592 consolatione
1500 4545 1772 4607 suscepta,
1807 4537 2024 4593 anima:-
2045 4522 2096 4581 Ῑ)

436 4624 594 4696 quior
625 4623 868 4690 effectus,
915 4624 1384 4680 consecrationem
1428 4626 1498 4678 ab
1529 4625 1723 4679 eodem
1753 4633 1875 4696 post
1905 4643 2028 4681 mo-

432 4713 614 4769 dicum
642 4715 879 4784 suscepit
911 4713 1299 4784 episcopalem.
1334 4715 1537 4768 Tantus
1559 4721 1740 4769 autem
1763 4722 1814 4769 et
1836 4716 1889 4769 in
1910 4715 2030 4786 ipsa

436 4802 871 4869 consecratione,
904 4810 955 4856 et
986 4810 1097 4857 toto
1123 4802 1216 4857 illo
1249 4818 1356 4873 quo
1383 4802 1583 4857 ibidem
1606 4803 1918 4858 demoratus
1946 4811 2030 4858 est

437 4897 704 4961 tempore,
735 4891 880 4945 illius
908 4889 1008 4945 viri
1037 4889 1169 4943 tanti
1215 4906 1372 4944 amor
1400 4891 1453 4944 in
1485 4907 1609 4945 eum
1641 4899 1893 4946 ostensus
1924 4899 2024 4958 est,

434 4987 493 5034 ut
523 4987 768 5050 patenter
812 4980 1213 5044 ostenderetur,
1267 4978 1462 5034 divime
1501 4980 1555 5033 in
1595 4997 1661 5035 eo
1689 4981 1876 5052 gratia:
1905 4997 2028 5036 ma-

435 5085 605 5140 gnum
635 5068 855 5140 aliquod
884 5068 1242 5138 praesensisse
1273 5069 1625 5140 praesagium.
1661 5069 1768 5124 Sed
1790 5077 1838 5124 et
1861 5070 2030 5125 comi-

433 5156 568 5211 tissa
620 5156 892 5210 Mathildis
940 5158 1073 5225 (16),
1123 5155 1336 5210 habitus
1384 5157 1601 5228 quidem
1660 5157 1898 5222 feminei,
1934 5158 2030 5213 sed

432 5246 595 5300 animi
625 5261 723 5316 per
753 5253 945 5300 cuncta
975 5245 1163 5311 virilis,
1199 5262 1320 5316 qua:
1351 5261 1528 5299 rerum
1558 5248 1916 5301 humanarum
1948 5255 2031 5302 tu-

433 5335 636 5389 multus
685 5343 844 5405 atque
885 5333 1140 5403 pericula,
1181 5333 1355 5387 instar
1385 5334 1745 5403 prephetissa:
1775 5337 2026 5400 Deborae,

433 5423 728 5493 prudenter
759 5423 954 5477 sedare
982 5431 1033 5477 et
1064 5422 1277 5478 fortiter
1304 5430 1533 5477 noverat
1563 5423 1820 5489 tolerare,
1845 5423 1900 5478 in
1931 5441 2030 5480 suo

512 5599 622 5660 (16)
661 5602 781 5650 Acta
815 5600 1008 5662 collegit
1056 5604 1105 5652 et
1140 5602 1290 5653 edidit
1348 5601 1511 5652 ltalice
1549 5603 1835 5653 Franciscus
1881 5604 2033 5653 Maria

441 5667 785 5717 Florentinius.
813 5668 1021 5718 Plurima
1050 5669 1112 5719 de
1149 5683 1206 5720 ea
1242 5669 1470 5721 dicuntur
1493 5669 1544 5721 in
1568 5670 1675 5720 Vita
1713 5671 1765 5720 S.
1817 5671 2032 5721 Anselmi

2055 3170 2101 3230 Ο

2124 1878 2340 1943 clesias,
2390 1878 2712 1943 oblationes,
2762 1878 3005 1932 decimas
3049 1885 3102 1931 et
3139 1877 3453 1932 coemeteria
3484 1876 3627 1942 laici,
3661 1883 3718 1931 et

2124 1983 2312 2021 eorum
2361 1967 2551 2021 ditioni
2593 1966 2907 2021 sacerdotes
2936 1965 3135 2021 subditi
3167 1965 3543 2035 possiderent;
3577 1981 3716 2018 usu-

2124 2054 2251 2109 rarii
2283 2055 2395 2109 sive
2428 2055 2780 2110 fmneratores
2811 2054 3003 2123 injusta
3035 2070 3100 2108 ex
3121 2053 3310 2108 alienis
3331 2053 3545 2107 damnis
3565 2053 3720 2108 lucra

2123 2153 2552 2206 coarcervarent,
2604 2159 2705 2198 nec
2735 2143 2806 2198 ob
2836 2143 2941 2198 hoc
2972 2150 3155 2197 tamen
3185 2143 3364 2196 minus
3389 2156 3579 2196 eorum
3609 2141 3718 2196 ali--

2125 2233 2215 2302 qui
2247 2232 2330 2288 vel
2365 2232 2626 2287 ecclesias
2658 2231 2941 2296 intrarent,
2975 2231 3062 2286 vel
3090 2231 3352 2301 mysteria
3373 2237 3718 2286 sacrosancta

2123 2321 2486 2390 perciperent.
2527 2320 2679 2374 Adeo
2709 2327 2863 2374 erant
2891 2335 3081 2374 omnes
3110 2317 3412 2389 disciplina:
3431 2318 3594 2388 totius
3615 2333 3718 2372 ex-

2124 2418 2321 2480 pertes.
2377 2411 2544 2462 Porro
2594 2407 2896 2462 substantia
2944 2407 3138 2462 domus
3170 2406 3514 2478 episcopalis,
3548 2406 3721 2461 dissi-

2123 2497 2377 2568 pantibus
2408 2512 2516 2552 non
2548 2505 2660 2551 tam
2695 2495 2968 2566 episcopis
2998 2511 3160 2566 quam
3190 2495 3434 2566 tyrannis
3463 2495 3554 2565 qui
3585 2510 3723 2564 prae-

2125 2593 2425 2653 cesserant,
2459 2601 2600 2656 pene
2631 2584 2803 2638 fuerat
2833 2591 2944 2638 tota
2965 2591 3324 2654 consumpta;
3357 2583 3499 2638 unde
3519 2583 3720 2638 multas

2126 2674 2329 2728 ibidem
2354 2674 2514 2728 etiam
2535 2672 2830 2727 necessarii
2852 2673 3024 2727 victus
3044 2672 3253 2741 inopias
3274 2687 3374 2742 per
3394 2671 3577 2742 plures
3596 2687 3725 2741 per-

2125 2763 2244 2816 tulit
2275 2777 2468 2826 annos,
2512 2777 2578 2816 eo
2626 2762 2773 2832 quod
2803 2776 2905 2815 nec
2935 2759 3134 2816 illicitis
3164 2759 3525 2815 contractibus
3555 2759 3722 2829 (sicut

2125 2851 2369 2920 pluribus
2399 2865 2519 2905 mos
2550 2850 2655 2919 est)
2678 2865 2803 2907 suas
2833 2848 3161 2920 indigentias
3191 2847 3450 2919 supplere
3478 2847 3715 2915 volebat,

2126 2947 2180 2995 et
2208 2947 2475 3004 mutuare,
2511 2938 2654 2992 unde
2684 2937 2940 2992 redderet
2970 2952 3081 2992 non
3119 2937 3325 2992 habere
3355 2951 3416 2992 se
3445 2935 3719 3009 cogitans,

2125 3027 2346 3083 minime
2389 3026 2781 3098 praesumebat.
2840 3026 3042 3081 Verum
3089 3032 3167 3079 tot
3211 3032 3264 3080 et
3303 3032 3451 3080 tanta
3479 3024 3724 3096 suscepti

2125 3116 2314 3189 populi
2342 3116 2472 3171 vitia
2501 3115 2588 3170 vel
2618 3121 2862 3186 peccata,
2911 3121 3111 3186 quanta
3148 3113 3426 3186 vigilantia
3453 3113 3724 3184 quibusve

2129 3205 2532 3276 praedicationis
2544 3212 2596 3259 et
2615 3203 2916 3274 discipline
2933 3201 3169 3274 ﬂagellis
3189 3209 3507 3274 persecutus
3523 3200 3686 3258 fuerit
3705 3220 3720 3269 ;

2127 3309 2264 3365 quos
2293 3293 2496 3348 ibidem
2525 3292 2766 3357 labores,
2797 3307 2934 3363 quos
2954 3290 3259 3356 discursus,
3285 3305 3491 3362 quasve
3513 3289 3724 3346 sollici-

2127 3382 2342 3436 tudines
2361 3380 2710 3452 insumpserit
2733 3397 2748 3448 ;
2781 3379 3136 3451 quaejejunia,
3165 3394 3302 3450 quas
3319 3378 3551 3450 vigilias,
3576 3392 3717 3451 quas

2126 3469 2481 3542 psalmodias,
2515 3486 2650 3540 quos
2681 3468 2936 3541 gemitus,
2973 3483 3108 3539 quas
3134 3483 3348 3538 preces,
3373 3482 3618 3539 quosque
3639 3466 3727 3522 la.-

2126 3573 2440 3628 crymarum
2487 3557 2718 3622 imbres,
2762 3557 2832 3611 ad
2861 3555 3259 3626 propitiandum
3287 3570 3389 3626 pro
3419 3555 3499 3610 eis
3529 3555 3722 3610 Domi-

2128 3663 2276 3713 num,
2308 3655 2538 3718 paterna
2569 3661 2665 3715 pro
2705 3644 2783 3700 eis
2824 3644 3206 3714 compassione
3255 3642 3574 3714 profuderit,
3608 3659 3722 3698 non

2129 3744 2211 3790 est
2240 3743 2438 3790 nostra:
2466 3733 2735 3790 facultatis
2765 3732 3041 3788 evolvere.
3075 3733 3182 3788 Sed
3215 3746 3336 3797 nec,
3371 3731 3490 3802 quis
3515 3746 3581 3786 ex
3602 3739 3724 3787 tan-

2128 3825 2196 3878 tis
2215 3824 2495 3879 laboribus
2517 3822 2825 3893 provenerit
2847 3820 3072 3886 fructus,
3091 3820 3296 3878 nostris
3315 3819 3511 3892 exponi
3534 3819 3722 3876 verbis

2129 3922 2221 3968 aut
2251 3920 2430 3982 potest
2459 3919 2549 3966 aut
2587 3927 2723 3982 opus
2753 3919 2852 3977 est,
2885 3926 3008 3965 cum
3038 3925 3220 3965 rerum
3253 3909 3305 3962 in
3331 3907 3523 3963 melius
3552 3908 3725 3963 mani-

2129 4002 2265 4056 festa
2294 4001 2518 4056 mutatio
2548 4000 2784 4070 idipsum
2822 3997 3164 4055 cernentium
3193 3997 3475 4053 evidenter
3503 3996 3720 4069 ingerat

2129 4090 2322 4146 oculis.

2741 4281 2964 4338 CAPUT
2996 4281 3089 4336 III.

2133 4409 2497 4464 Monachum:
2519 4407 2908 4478 Cluniacensi:
2935 4421 3040 4478 per
3068 4421 3308 4478 annum.
3345 4406 3625 4477 Frequens
3657 4407 3724 4461 in

2203 4479 2506 4534 Carthasia
2536 4495 2666 4533 cum
2699 4477 2752 4534 S.
2788 4477 3050 4532 Brun’one
3077 4480 3134 4531 et
3175 4477 3307 4531 aliis
3346 4479 3721 4533 conversatio.

2200 4551 2354 4606 Inter
2383 4550 2719 4622 a/ﬂictiones
2750 4547 2962 4604 donum
2996 4548 3404 4618 lacrymarum.

2203 4724 2286 4774 10.
2322 4721 2443 4790 Ipse
2488 4733 2619 4774 vero
2660 4718 2894 4784 interim,
2944 4725 3301 4788 pennatorum
3349 4717 3406 4772 in
3436 4717 3723 4773 Ezechiele

2129 4807 2458 4874 animalium,
2509 4822 2693 4862 coram
2741 4822 2842 4861 sua
2889 4822 3108 4877 semper
3152 4805 3288 4861 facie
3329 4805 3721 4878 gradientium,

2130 4896 2348 4951 sedulus
2377 4895 2635 4960 imitator,
2671 4911 2792 4950 sese
2821 4903 2946 4949 ante
2978 4911 3038 4949 se
3067 4910 3291 4964 ponere,
3325 4902 3374 4948 et
3406 4911 3501 4948 sua
3527 4893 3612 4949 vel
3631 4911 3727 4965 pe-

2129 4985 2302 5041 ricula
2331 4984 2417 5038 vel
2464 4984 2741 5054 profectus
2789 4983 2974 5037 subtili
3023 4981 3420 5038 examinatione
3451 4982 3727 5038 discutere

2129 5090 2238 5128 non
2269 5073 2540 5128 cessabat.
2575 5073 2959 5142 Contemplans
2988 5071 3168 5142 itaque
3199 5087 3353 5124 suam
3384 5070 3468 5126 vel
3489 5078 3722 5138 mtatem,

2130 5162 2215 5217 vel
2245 5178 2458 5216 morum
2489 5161 2951 5232 imperfectionem
2975 5160 3051 5229 (in
3074 5176 3232 5230 quam
3255 5158 3526 5229 praecipue
3547 5175 3726 5230 usque

2129 5251 2196 5304 ad
2226 5258 2458 5305 mortem
2502 5249 2700 5304 mentis
2730 5250 2918 5304 oculos
2948 5249 3183 5302 intentos
3223 5255 3276 5302 et
3304 5247 3422 5318 ipse
3452 5247 3639 5300 habuit
3671 5256 3726 5302 et

2129 5340 2266 5394 alios
2315 5339 2513 5393 habere
2559 5338 2853 5407 persuasit)
2902 5345 2954 5391 et
3002 5336 3240 5406 suscepti
3284 5335 3499 5406 pondus
3536 5334 3722 5400 oﬂicii,

2130 5427 2360 5483 necdum
2388 5427 2598 5481 duobus
2627 5434 2750 5496 post
2780 5424 3246 5480 consecrationem
3279 5423 3513 5494 eXpletis
3542 5423 3722 5491 annis,

2131 5619 2209 5669 ep.
2237 5606 2488 5720 Lucensigs,
2535 5619 2562 5656 a
2597 5605 2738 5655 nobis
2763 5605 2912 5666 edita,
2943 5605 3004 5656 ad
3027 5604 3159 5656 diem
3198 5605 3262 5654 18
3302 5601 3483 5663 Martii,
3531 5602 3726 5664 potissi-

2133 5684 2264 5720 mum
2287 5685 2396 5720 can.
2461 5709 2473 5720 .

2133 5684 2264 5723 mum
2287 5685 2396 5737 cap.
2423 5684 2473 5722 2.
