3940 6412
269 367 374 420 ’769

1334 358 1498 414 VITA
1539 357 1594 413 S.
1637 353 1956 413 HUGONIS
1994 353 2514 414 GRATIANOPOL.

3473 365 3579 419 7'70

270 482 596 556 contemptis
628 481 903 548 omnibus,
936 481 1092 537 Casa
1120 480 1221 537 Dei
1259 480 1374 551 (17)
1403 479 1608 536 ordinis
1649 477 1939 538 Clunia-A
1973 478 2146 534 Deum
2207 496 2320 536 sua:
2375 479 2675 551 dignationi
2724 479 3093 537 habitaculum
3145 491 3575 560 construentem,

271 572 454 631 censis
483 571 654 628 factus
701 579 783 627 est
813 571 1112 626 monachus
1146 585 1161 624 :
1193 568 1268 624 ibi
1300 569 1502 641 quippe
1540 569 1716 637 majus
1744 575 1875 622 tunc

271 660 630 734 pauperitatis
675 667 729 716 et
776 657 1096 714 humilitatis
1145 655 1384 712 studium
1428 656 1724 712 visebatur.
1769 654 1873 712 Ubi

274 757 613 816 sanctorum,
661 763 893 819 quorum
937 746 1142 801 ibidem
1191 745 1380 801 aderat
1425 745 1601 815 copia,
1636 744 1874 799 virorum

271 853 570 894 succensus
589 835 874 908 exemplis,
895 850 1098 907 eosque
1121 833 1254 900 suis,
1281 849 1590 906 quanquam
1612 832 1868 899 novitius,

271 943 381 983 non
411 925 586 981 minus
628 925 746 997 ipse
789 923 1152 989 succendens,
1182 938 1384 977 annum
1412 921 1579 988 fecit;
1613 937 1737 976 cum
1767 936 1872 976 ca:-

272 1015 406 1071 teris
454 1014 630 1080 bonis,
685 1021 800 1068 tum
850 1011 1122 1084 prmcipue
1180 1011 1480 1066 humilitate
1538 1011 1715 1079 (cujus
1755 1025 1871 1079 prae

270 1102 480 1160 cunctis
509 1101 800 1158 virtutibus
822 1108 1058 1157 sectator
1085 1099 1285 1155 exstitit
1307 1098 1638 1167 indefessus)
1661 1097 1872 1153 cunctis

273 1191 541 1247 amabilis.
579 1191 659 1245 Ita
685 1206 920 1262 namque
951 1205 1073 1245 sese
1094 1189 1324 1260 gerebat
1345 1195 1403 1242 ut
1422 1194 1736 1242 cunctorum
1758 1185 1872 1240 imi-

270 1280 472 1337 tatione
501 1279 710 1351 pariter
737 1285 791 1335 et
819 1278 1167 1334 veneratione
1203 1276 1404 1349 dignus
1435 1275 1709 1331 existeret.
1743 1275 1871 1330 Post

271 1369 376 1425 hoc
406 1376 657 1441 cogente,
691 1366 782 1439 qui
814 1383 874 1422 se
895 1373 1221 1434 sacraverat,
1246 1371 1544 1420 memorato
1564 1363 1710 1420 sedis
1730 1379 1868 1435 apo-

277 1456 485 1512 stolicae
529 1456 764 1528 praesule
811 1454 1083 1528 Gregorio
1112 1453 1363 1525 septimo,
1397 1452 1465 1508 ad
1495 1453 1867 1523 episcopatum

273 1560 306 1600 a
335 1544 688 1611 monasterio,
720 1559 826 1615 quo
867 1543 1084 1599 fervens
1109 1542 1425 1611 intraverat,
1457 1540 1756 1596 ferventior
1786 1548 1869 1595 est

270 1649 545 1699 reversus,
597 1648 662 1688 ex
693 1631 853 1686 unius
883 1631 1011 1686 anni
1044 1631 1234 1686 studiis
1267 1637 1411 1684 tanta
1439 1629 1652 1685 virtutis
1682 1629 1867 1684 incre-

269 1729 458 1778 menta
487 1728 795 1792 reportans,
828 1727 1030 1792 quanta
1061 1718 1129 1775 de
1150 1719 1420 1775 diuturnas
1440 1718 1564 1773 vitae
1586 1716 1868 1772 laboribus

269 1809 358 1866 vix
388 1809 628 1866 assolent
669 1808 858 1876 multi;
892 1824 993 1880 pro
1042 1807 1283 1864 claustro
1321 1805 1863 1878 circumspectionem
1887 1832 1939 1892 B

265 1898 475 1955 habens
504 1897 855 1971 pervigilem,
888 1913 995 1969 qua
1022 1912 1132 1952 non
1161 1903 1367 1951 tantum
1399 1895 1481 1950 sui
1511 1911 1706 1950 sensus
1736 1909 1866 1950 cor-

267 1986 438 2058 poris,
489 1986 588 2042 sed
635 1993 690 2041 et
720 1985 1062 2059 cognitiones
1092 1983 1477 2056 comprimeret
1514 1983 1732 2050 cordis;
1765 1998 1866 2054 pro

276 2075 478 2130 abbate
516 2074 800 2144 justitiam,
851 2090 882 2128 a
911 2075 1062 2144 cujus
1109 2073 1382 2128 mandatis
1429 2087 1532 2128 nec
1587 2071 1866 2142 prosperis

273 2179 515 2236 unquam
543 2163 716 2235 potuit
745 2178 848 2220 nec
877 2162 1128 2218 adversis
1157 2161 1388 2228 abduci;
1422 2176 1526 2232 pro
1555 2175 1866 2233 congrega-

267 2251 415 2308 tione
437 2259 618 2307 autem
638 2251 932 2325 religiosos
952 2250 1191 2323 (quibus,
1216 2257 1440 2322 propter
1459 2249 1594 2304 illud
1625 2267 1638 2304 :
1675 2272 1696 2296 u
1732 2249 1866 2304 Cum

269 2347 461 2396 sancto
488 2348 708 2396 sanctus
737 2340 868 2408 eris,
899 2347 954 2395 et
982 2327 1106 2396 cum
1136 2338 1256 2395 viro
1287 2338 1573 2394 innocente
1603 2337 1866 2392 innocens

271 2428 385 2484 eris
427 2427 502 2501 [II
545 2431 674 2500 Reg.
719 2443 868 2495 χχιι,
910 2427 1022 2500 26],
1061 2448 1083 2478 ι
1117 2441 1305 2484 carere
1349 2440 1630 2498 nunquam
1676 2425 1869 2495 voluit)

269 2517 469 2586 socios,
521 2517 631 2574 imo
682 2524 848 2573 totam
889 2516 1272 2572 universaliter
1322 2515 1650 2581 Ecclesiam,
1704 2529 1866 2585 quam

271 2611 384 2661 tam
423 2605 651 2662 sincera:
681 2605 989 2662 dilectionis
1033 2604 1498 2677 complectebatur
1547 2602 1761 2669 affectu,
1809 2610 1867 2656 ut

267 2695 387 2764 ejus
416 2709 520 2752 nec
565 2694 800 2749 adversa
849 2710 950 2749 nec
996 2709 1266 2765 prospera
1310 2691 1650 2749 inconcussis
1679 2699 1866 2763 posset

241 2771 506 2840 tolerare
524 2781 844 2840 visceribus.
867 2783 1010 2838 Nam
1023 2784 1178 2852 juxta
1199 2781 1332 2837 illud
1352 2780 1602 2852 Apostoli
1636 2798 1649 2835 :
1679 2802 1700 2831 α
1729 2779 1864 2849 Quis

267 2869 594 2939 infirmatur,
625 2879 679 2926 et
707 2887 814 2944 ego
843 2886 952 2926 non
975 2870 1268 2926 infirmor?
1299 2870 1422 2943 quis
1440 2869 1859 2936 scandalizatur,

266 2967 320 3015 et
348 2975 453 3032 ego
481 2975 593 3015 non
620 2959 787 3015 uror?
812 2980 834 3010 ι
868 2959 944 3029 (ΙΙ
969 2958 1091 3015 Cor.
1117 2974 1198 3026 χι,
1222 2961 1336 3030 29),
1363 2974 1584 3030 semper
1602 2957 1866 3013 Ecclesiae

260 3056 312 3104 et
341 3047 620 3103 laetabatur
646 3047 926 3120 prosperis
954 3056 1009 3103 et
1037 3047 1392 3119 torquebatur
1419 3046 1688 3104 adversis.

331 3140 417 3193 11.
452 3137 513 3191 In
542 3136 628 3192 his
659 3136 875 3208 agebat,
927 3143 981 3192 et
1025 3151 1156 3193 ecce
1186 3136 1359 3191 tribus
1391 3136 1624 3191 necdum
1654 3134 1709 3189 in
1741 3133 1863 3206 epi-

265 3231 520 3297 sc0patu,'
547 3233 670 3296 post
694 3195 1034 3281 vmonasterii
1081 3225 1334 3292 reditum,
1366 3223 1652 3296 completis
1680 3195 1856 3290 annis,
1887 3195 1934 3255 Ο

267 3313 424 3369 adest
451 3314 718 3388 magister
747 3315 935 3369 Bruno
963 3314 1011 3385 (1
1023 3317 1097 3386 8),
1132 3314 1216 3370 vir
1240 3313 1508 3386 religione
1530 3311 1861 3385 scientiaque

267 3401 531 3469 famosus,
582 3403 880 3458 honestatis
933 3410 984 3458 et
1033 3402 1318 3475 gravitatis
1347 3417 1412 3459 ac
1442 3401 1606 3457 totius
1638 3401 1861 3457 maturi-

263 3490 388 3546 tatis
415 3477 591 3562 ‘quasi
639 3491 919 3563 quoddam
967 3491 1334 3546 simulacrum.
1382 3490 1629 3545 Habebat
1677 3497 1861 3546 autem

263 3579 445 3635 socios
474 3579 798 3652 magistrum
823 3579 1162 3636 Landuinum
1192 3579 1310 3651 (qui
1340 3587 1463 3651 post
1484 3595 1610 3634 eum
1632 3579 1862 3634 Carthu—

271 3667 368 3724 size
404 3668 557 3739 prior
595 3669 841 3739 exstitit),
893 3669 1032 3725 duos
1075 3668 1398 3740 Stephanos,
1439 3669 1779 3740 Burgensem
1809 3676 1863 3724 et

264 3755 522 3812 Diensem
551 3755 630 3828 (hi
663 3757 720 3812 S.
754 3755 873 3814 Ruﬁ
905 3758 1018 3828 (19)
1049 3757 1296 3814 canonici
1324 3756 1558 3824 fuerant,
1593 3757 1690 3812 sed
1721 3755 1862 3812 desi-

260 3844 414 3900 derio
442 3844 568 3900 vitae
619 3844 874 3901 solitaria:
920 3845 990 3916 ei,
1032 3845 1230 3901 abbate
1277 3845 1513 3912 favente,
1567 3861 1690 3901 sese
1729 3861 1860 3901 con-

259 3933 599 4004 iunxerant),
649 3935 936 4008 Hugonem
986 3935 1173 4003 etiam,
1206 3951 1370 4006 quem
1397 3933 1861 4008 cognominabant

261 4021 636 4094 Capellanum,
668 4038 736 4078 eo
765 4023 910 4095 quod
942 4022 1093 4079 solus
1122 4039 1189 4079 ex
1216 4023 1296 4079 eis
1325 4023 1626 4080 sacerdotis
1657 4022 1858 4095 funge-

261 4119 413 4166 retur
439 4109 650 4178 oﬂicio;
683 4111 824 4167 duos
852 4112 1038 4179 laicos,
1072 4128 1211 4186 quos
1240 4113 1581 4184 appellamus
1612 4113 1859 4168 Conver-

258 4215 372 4266 sos,
396 4199 670 4256 Andream
694 4208 747 4256 et
767 4200 1089 4257 Guarinum.
1110 4200 1441 4270 Quaerebam
1461 4209 1641 4257 autem
1681 4201 1858 4256 locum

260 4287 554 4345 eremiticae
583 4289 708 4346 vita;
753 4304 1076 4361 congruum,
1127 4291 1470 4362 necdumque
1514 4297 1855 4361 repererant.

260 4376 378 4432 Hac
404 4392 539 4448 ergo
583 4393 702 4449 spe,
735 4378 898 4433 simul
929 4386 980 4434 et
1011 4379 1166 4435 suavi
1197 4386 1400 4436 sancte
1427 4377 1859 4436 conversationis

258 4465 378 4533 ejus
407 4465 578 4522 odore
622 4467 887 4534 trahente,
939 4467 1012 4523 ad
1059 4468 1236 4524 virum
1294 4475 1538 4524 sanctum
1568 4474 1854 4523 venerunt.

1977 568 2165 624 stellas
2185 569 2346 624 etiam
2367 577 2578 640 septem
2601 569 2852 625 ducatum
2877 570 2980 624 sibi
3002 580 3326 641 praestantes
3344 575 3573 636 itineris.

1975 658 2144 712 Erant
2173 673 2306 714 vero
2355 665 2407 714 et
2453 657 2508 711 hi
2553 665 2782 735 septem.
2835 657 3181 732 Quapropter
3207 679 3315 719 non
3347 665 3574 724 istorum

1974 753 2204 812 tantum,
2239 746 2336 801 sed
2368 754 2419 802 et
2448 747 2539 819 qui
2570 755 2950 803 successerunt
2971 749 3070 816 eis,
3089 752 3315 808 consilia
3340 755 3579 814 libenter

1973 834 2253 904 amplexus
2285 841 2385 900 est,
2432 843 2484 890 et
2514 851 2687 907 usque
2716 836 2784 890 ad
2815 844 3048 893 mortem
3081 838 3378 900 Carthusiae
3411 845 3570 902 habi-

1975 929 2176 978 tatores
2206 923 2447 978 consiliis
2476 923 2610 978 fovit
2638 939 2859 995 semper
2887 933 2939 980 et
2968 926 3268 985 beneﬁciis.

2047 1014 2132 1067 12.
2166 1011 2314 1066 Licet
2355 1027 2488 1068 vero
2534 1020 2586 1066 et
2615 1011 2769 1082 prius
2802 1012 2969 1068 divini
3002 1019 3205 1072 amoris
3233 1026 3376 1076 totus
3406 1023 3569 1080 arde-

1972 1107 2056 1154 ret
2087 1099 2376 1170 incendiis,
2410 1115 2518 1155 non
2549 1100 2705 1156 aliter
2721 1109 2901 1156 tamen
2919 1103 2988 1157 ad
3009 1104 3310 1177 disciplina:
3331 1111 3591 1172 caelestis,

1971 1188 2233 1244 exercitia
2278 1205 2469 1245 eorum
2518 1189 2782 1260 exemplis
2825 1198 2877 1245 et
2917 1191 3281 1252 familiaritate
3311 1197 3570 1257 inferbuit

1973 1293 2134 1348 quam
2165 1277 2210 1331 si
2241 1277 2539 1332 ﬂammanti
2573 1278 2811 1350 quisfaci
2832 1278 3017 1350 plures
3039 1282 3567 1360 circumponaﬁalias

1971 1365 2248 1421 ardentes.
2296 1367 2429 1421 Erat
2467 1383 2591 1421 cum
2639 1367 2738 1435 eis,
2787 1385 2897 1424 non
2934 1377 2991 1424 ut
3038 1370 3292 1428 dominus
3322 1383 3412 1430 aut
3444 1379 3565 1451 epi-

1971 1468 2188 1524 SOOpus,
2243 1455 2340 1510 sed
2387 1463 2444 1509 ut
2491 1455 2672 1510 socius
2713 1464 2766 1511 et
2813 1457 2985 1513 frater
3028 1459 3381 1531 humillimus,
3414 1475 3466 1521 et
3495 1468 3566 1524 ad

1970 1551 2308 1610 cunctorum,
2342 1552 2603 1616 quantum
2634 1545 2688 1599 in
2718 1545 2839 1616 ipso
2869 1554 3008 1613 erat,
3039 1549 3303 1623 obsequia
3331 1556 3567 1624 paratis-

1971 1631 2159 1697 simus,
2184 1632 2322 1687 adeo
2338 1639 2397 1687 ut
2415 1632 2499 1687 vir
2520 1633 2850 1688 venerabilis
2873 1634 3234 1708 Guilhelmus,
3262 1641 3415 1711 prior
3439 1653 3567 1702 tunc

1970 1720 2025 1774 S.
2061 1720 2351 1788 Laurentii,
2384 1729 2570 1792 postea
2603 1721 2659 1777 S.
2694 1722 2986 1778 Theofredi
3017 1726 3129 1797 (20)
3160 1727 3348 1799 abbas,
3381 1734 3567 1805 magi-

1971 1817 2084 1863 stro
2114 1809 2352 1864 Brunoni
2378 1809 2539 1863 etiam
2566 1809 2685 1879 ipse
2714 1810 2970 1881 religiosa
2999 1813 3288 1872 devotione
3317 1835 3426 1874 non
3449 1838 3564 1878 me-

1969 1897 2230 1953 diocriter
2266 1897 2538 1970 alligatus,
2579 1899 2639 1952 B.
2684 1899 2932 1971 Hugonis
2979 1903 3386 1963 contubernalis
3429 1910 3567 1980 (bini

1969 1987 2170 2058 quippe
2210 1994 2338 2042 tunc
2381 2003 2481 2058 per
2526 1987 2770 2059 singulas
2819 1987 3195 2047 inhabitabant
3224 1995 3392 2051 cellas
3421 2001 3565 2070 apud

1967 2076 2287 2147 magistrum
2340 2075 2690 2146 Brunonem),
2739 2091 2847 2131 non
2893 2077 3087 2134 leviter
3136 2095 3566 2156 conquereretur

1967 2160 2113 2232 quod
2143 2177 2283 2231 pene
2313 2161 2511 2226 omnia,
2544 2161 2613 2215 ad
2647 2161 3003 2218 humilitatem
3048 2169 3371 2238 spectantia,
3418 2173 3564 2231 intra

1967 2249 2162 2304 cellam
2179 2249 2281 2304 sibi
2298 2249 2619 2321 praeriperet
2636 2249 2810 2306 officia
2827 2270 2840 2318 ;
2860 2259 2911 2307 et
2932 2253 3220 2326 episcOpus
3232 2274 3340 2313 non
3353 2275 3561 2332 secum,

1967 2337 2156 2393 saltem
2185 2345 2242 2392 ut
2274 2337 2476 2402 socius,
2511 2337 2609 2393 sed
2638 2339 2818 2410 potius
2850 2352 3269 2400 conversaretur
3296 2355 3354 2402 ut
3383 2348 3563 2408 famu-

1965 2425 2068 2491 lus,
2101 2441 2211 2481 non
2239 2425 2403 2482 licere
2433 2426 2534 2480 sibi
2555 2427 2725 2482 tristis
2746 2443 3002 2485 asserens
3023 2447 3087 2486 ex
3109 2434 3400 2492 servilibus
3422 2455 3562 2511 ope-

1965 2513 2118 2568 ribus
2149 2514 2444 2585 quidquam
2489 2515 2776 2587 attingere,
2823 2533 2946 2588 quaa
2966 2519 3118 2588 juxta
3149 2537 3354 2578 morem
3386 2527 3560 2584 debe-

1966 2603 2093 2657 bant
2123 2619 2223 2672 per
2253 2603 2397 2658 vices
2439 2602 2672 2672 efﬁcere,
2715 2620 2780 2659 eo
2828 2605 2933 2660 sibi
2971 2616 3161 2664 cuncta
3189 2613 3559 2685 praeripiente.

1965 2692 2025 2745 In
2054 2699 2259 2746 tantum
2290 2700 2468 2748 autem
2498 2709 2738 2748 eremum
2769 2694 3002 2750 devotus
3023 2697 3296 2756 incolebat
3317 2705 3557 2775 sedulus,

1964 2787 2023 2834 ut
2053 2796 2176 2835 eum
2205 2781 2471 2852 magister
2498 2782 2679 2836 Bruno
2708 2798 3098 2857 nonnunquam
3131 2788 3281 2846 exire
3311 2793 3558 2864 compel-

1963 2868 2098 2924 leret
2131 2885 2142 2924 :
2181 2891 2202 2917 ‹‹
2248 2869 2342 2935 Ite,
2389 2869 2598 2937 dicens,
2647 2869 2722 2925 ite
2768 2871 2836 2926 ad
2885 2888 3018 2928 oves
3065 2886 3316 2945 vestras;
3348 2881 3556 2954 eisque,

1961 2957 2105 3029 quod
2141 2957 2370 3023 debetis,
2406 2958 2688 3014 exsolvite.
2726 2979 2748 3010 ›
2784 2961 2865 3015 Eo
2897 2969 3159 3035 tempore,
3185 2983 3399 3040 magna
3421 2987 3558 3041 pau-

1962 3047 2186 3116 pertatis
2216 3054 2268 3102 et
2294 3046 2610 3102 humilitatis
2640 3047 2839 3104 ardore
2873 3067 3188 3122 succensus,
3225 3057 3392 3112 voluit
3413 3061 3562 3132 equi-

1964 3141 2170 3190 taturas
2201 3151 2324 3190 suas
2355 3144 2575 3191 cunctas
2611 3137 2870 3206 vendere,
2923 3147 2994 3209 et,
3024 3141 3201 3199 diviso
3231 3149 3560 3219 pauperibus

1963 3224 2160 3294 pretio,
2192 3224 2432 3295 propriis
2461 3223 2694 3295 pedibus
2728 3226 2782 3280 in
2814 3227 3199 3298 praedicatione
3227 3234 3557 3294 discurrere.

1964 3312 2073 3368 Sed
2100 3313 2267 3367 homo
2311 3312 2564 3384 profundi
2594 3314 2797 3382 cordis,
2831 3317 3094 3390 magister
3123 3321 3302 3378 Bruno
3332 3326 3558 3396 scilicet,

1963 3402 2118 3470 cujus
2147 3401 2392 3458 consiliis
2425 3417 2534 3457 non
2555 3402 2716 3458 aliter
2733 3421 2893 3476 quam
2912 3410 3201 3480 praeceptis
3223 3412 3562 3486 obtempera-

1963 3489 2053 3544 bat
2081 3489 2315 3557 abbatis,
2349 3507 2460 3546 non
2491 3493 2787 3560 consensit,
2823 3493 3020 3551 timens
3042 3513 3110 3552 ne
3127 3501 3270 3569 apud
3292 3517 3350 3558 se
3369 3502 3558 3560 forsan

1963 3579 2331 3646 extolleretur,
2383 3587 2474 3635 aut
2501 3595 2534 3634 a
2563 3582 2772 3636 caeteris
2811 3583 2880 3638 de
2921 3585 3297 3656 singularitate
3341 3592 3560 3661 judica-

1963 3677 2111 3725 retur
2139 3668 2430 3740 episcopis,
2463 3677 2553 3724 aut
2584 3669 2755 3742 (quod
2776 3671 3003 3728 dubium
3024 3691 3130 3730 non
3155 3678 3292 3750 erat)
3321 3679 3560 3752 idipsum

1961 3765 2183 3828 propter
2212 3758 2561 3828 asperitatem
2601 3767 2654 3814 et
2683 3759 3106 3832 inaequalitatem
3136 3765 3386 3824 itinerum
3419 3785 3558 3826 con-

1963 3862 2235 3902 summare
2265 3862 2374 3903 non
2401 3855 2607 3919 posset.

2035 3939 2121 3989 13.
2155 3935 2376 3991 Factum
2424 3944 2506 3991 est
2548 3945 2752 4006 autem,
2804 3947 2881 4006 ut,
2913 3941 3041 3996 dum
3074 3946 3400 4017 contemptis
3432 3962 3558 4004 car-

1960 4022 2192 4090 nalibus,
2229 4024 2528 4095 spiritualia
2577 4027 2692 4082 zelo
2724 4026 3054 4086 ferventiore
3085 4041 3408 4102 sectaretur,
3442 4054 3560 4108 prie

1960 4111 2142 4167 nimiis
2171 4112 2394 4184 vigiliis,
2423 4114 2644 4182 jejuniis
2673 4123 2726 4172 et
2755 4116 3102 4187 lectionibus,
3139 4123 3479 4181 orationibus
3508 4135 3563 4183 et

1959 4201 2418 4268 meditationibus,
2462 4211 2514 4256 et
2558 4202 2782 4275 reliquis
2825 4206 3000 4262 sacris
3051 4212 3558 4287 exercitationibus,

1961 4289 2155 4360 capitis
2184 4297 2237 4343 et
2268 4289 2534 4345 stomachi
2578 4292 2965 4362 gravissimam
2996 4296 3275 4354 decideret
3304 4301 3358 4355 in
3388 4303 3561 4375 aegri-

1961 4377 2220 4442 tudinem,
2265 4379 2419 4447 cujus
2468 4379 2736 4434 molestiis
2785 4389 2838 4436 et
2885 4383 3248 4453 cruciatibus,
3281 4391 3429 4444 omni
3454 4390 3564 4450 fide

1961 4465 2422 4537 frequentioribus
2470 4474 2522 4521 et
2575 4468 2898 4535 acrioribus,
2948 4488 3050 4542 per
3092 4475 3449 4548 quadraginta
3489 4481 3563 4537 ad

257 4552 410 4621 Quos
438 4553 528 4610 ille
559 4570 670 4610 non
699 4555 875 4612 solum
893 4563 1177 4628 gratanter
1199 4556 1297 4612 sed
1319 4565 1373 4612 et
1393 4564 1713 4612 reverenter
1735 4571 1856 4610 sus-
1884 4554 1937 4614 D
1960 4555 2138 4610 minus
2167 4571 2361 4623 annos,
2395 4556 2575 4627 quoad
2604 4555 2756 4625 vixit,
2788 4575 3136 4631 nequaquam
3167 4565 3359 4632 caruit,
3395 4574 3561 4640 atque

258 4642 422 4713 cepit,
457 4644 726 4712 tractavit,
761 4652 814 4701 et
842 4645 953 4702 voti
981 4653 1261 4717 compotes
1291 4645 1435 4702 fecit.
1469 4646 1593 4716 Ipso
1621 4660 1857 4716 namque

256 4731 596 4800 consulente,
635 4733 878 4802 juvante,
923 4735 1232 4800 comitante,
1270 4734 1573 4790 Carthusim
1601 4733 1856 4789 solitudi-

255 4835 384 4875 nem
412 4820 750 4877 intraverunt
793 4830 954 4895 atque
985 4830 1387 4880 exstruxerunt.
1422 4823 1643 4878 Viderat
1674 4829 1856 4878 autem

252 4906 398 4964 circa
428 4907 484 4964 id
530 4917 746 4981 tempus
793 4927 892 4982 per
937 4911 1212 4967 somnium
1253 4911 1312 4966 in
1339 4911 1532 4967 eadem
1566 4909 1857 4967 solitudine

325 5083 432 5150 (17)
457 5088 697 5138 Casa-Dei
739 5090 1088 5140 monasterium
1129 5089 1178 5140 in
1222 5089 1484 5148 Arvernia,
1528 5087 1783 5138 fundatum
1828 5101 1857 5139 a

256 5155 306 5202 8.
335 5153 542 5205 Roberto
565 5155 724 5217 primo
747 5154 927 5206 ibidem
953 5157 1152 5218 abbate,
1197 5160 1387 5206 mortuo
1428 5168 1554 5205 anno
1604 5156 1752 5216 1058,
1779 5155 1858 5205 die

257 5221 320 5270 2t
347 5221 553 5285 Aprilis,
582 5222 642 5272 ad
669 5222 807 5283 cujus
834 5225 956 5274 Acta
981 5224 1119 5286 plura
1143 5223 1203 5274 de
1242 5223 1322 5273 illo
1365 5223 1666 5273 monasterio
1689 5222 1858 5272 dicun-

257 5290 356 5338 tur.
417 5289 562 5338 Wion
622 5301 880 5352 perperam
939 5292 993 5341 8.
1053 5292 1306 5352 nugonem
1355 5290 1571 5354 appellat
1627 5289 1854 5339 abbatem

257 5355 627 5407 Caslesiensem.

326 5367 604 5407 818810080!!!
614 5389 627 5405 .

323 5473 430 5539 (18)
455 5477 572 5525 Haec
615 5473 761 5524 latius
812 5474 1094 5526 referuntur
1136 5474 1186 5524 in
1224 5475 1334 5525 Vita
1378 5477 1430 5526 S.
1474 5477 1732 5534 Brunonis,
1794 5474 1856 5524 ad

254 5541 566 5601 60ctobris,
613 5541 729 5592 hinc
772 5541 836 5591 ob
872 5543 1206 5592 sinceritatem
1248 5546 1298 5592 et
1338 5543 1678 5606 antiquitatem
1722 5542 1857 5592 illus-

248 5609 448 5662 tranda.
491 5607 650 5660 ωλι
690 5608 886 5671 Speculi
928 5607 1236 5673 Carthusiae,
1280 5621 1388 5673 cap.
1417 5611 1483 5669 5,
1524 5609 1702 5662 dicitur
1728 5628 1751 5652 ι
1797 5610 1852 5660 8.

1958 4644 2035 4699 ita
2061 4645 2132 4698 ad
2161 4643 2330 4712 illum,
2364 4645 2519 4713 cujus
2547 4661 2716 4716 supra
2748 4647 3113 4716 meminimus,
3149 4650 3363 4713 Satanze
3391 4670 3563 4728 ange-

1957 4733 2090 4799 lum,
2124 4749 2232 4804 quo
2261 4732 2612 4804 multiplicius
2643 4734 3016 4804 colaphizatus
3055 4739 3235 4794 minus
3265 4743 3560 4801 extollere-

1959 4830 2066 4888 tur,
2098 4823 2236 4877 alter
2270 4831 2353 4877 est
2401 4822 2635 4878 additus.
2691 4823 2962 4894 Quantum
3009 4836 3192 4883 autem
3234 4831 3319 4885 his
3349 4832 3562 4892 duabus

1959 4899 2356 4979 afﬂictionibus,
2392 4912 2692 4968 tentatione
2719 4913 2978 4971 videlicet
2998 4924 3050 4972 et
3070 4918 3413 4990 aegritudine,
3444 4929 3562 4979 tan-

1957 5091 2096 5152 Hugo
2121 5088 2256 5139 credi
2282 5088 2441 5139 socius
2467 5087 2516 5138 in
2544 5089 2725 5140 scholis
2752 5086 2905 5141 fuisse
2933 5091 3152 5154 magistri
3178 5093 3434 5148 Brunonis.
3464 5118 3487 5142 ι

2028 5184 2130 5247 (19)
2160 5185 2278 5234 Erat
2303 5187 2404 5234 tum
2431 5186 2524 5234 hoc
2549 5186 2601 5234 8.
2628 5183 2737 5236 Ruﬁ
2765 5175 3107 5239 monasterium
3132 5189 3193 5240 ad
3219 5203 3383 5242 muros
3425 5193 3562 5245 urbis

1958 5251 2341 5322 Avenioncnsis;
2373 5252 2456 5322 sed
2480 5255 2650 5315 postea
2693 5251 2754 5300 ab
2791 5251 3132 5318 Albigensibus
3154 5261 3418 5322 vastatum,
3445 5260 3559 5312 dein

1957 5317 2231 5368 Valentiam
2260 5318 2551 5369 translatum
2575 5324 2666 5371 est.

2024 5411 2129 5472 (20)
2178 5413 2528 5464 Monasterium
2572 5417 2624 5464 S.
2673 5417 2965 5480 Theofredi,
3009 5432 3035 5468 a
3081 5420 3141 5469 S.
3175 5419 3412 5470 Calminio
3434 5421 3558 5472 duce

1953 5482 2286 5552 Arvernorum
2312 5483 2644 5552 exstructum,
2672 5496 2758 5552 sex
2780 5484 2934 5552 leucis
2955 5485 3106 5535 distat
3131 5487 3280 5538 Rodio
3301 5527 3316 5550 ,
3343 5488 3392 5538 in
3418 5488 3557 5549 cujus

1957 5548 2033 5618 est
2055 5544 2561 5618 difecesi.__cdluntur
2608 5551 2662 5600 8.
2710 5549 2975 5602 Calminius
3020 5552 3081 5602 19
3119 5544 3354 5618 Augusti,
3399 5557 3449 5605 et
3477 5544 3556 5604 ’8.

1956 5611 2262 5663 Theofredus
2283 5613 2350 5680 18
2372 5615 2497 5677 Aug.
