3940 6440
423 389 521 442 ’771

1242 390 1584 447 GUIGONIS
1632 391 1654 445 Ι
1699 387 2109 446 (ΞΑΗΤΗΗΞΙᾹΕ
2154 384 2449 441 MAIORIS
2494 384 2772 442 PRIORIS
2818 386 2883 440 V.

3620 386 3721 440 772

418 528 583 586 quam
610 529 802 568 aurum
831 512 886 567 in
933 513 1176 582 fornace,
1229 515 1488 571 decoctus
1533 523 1695 587 atque
1724 522 2009 586 purgatus,
2035 515 2087 573 A
2117 511 2277 582 gulis,
2311 517 2403 565 aut
2430 509 2678 566 obscuris
2725 517 2816 564 aut
2862 507 3088 565 secretis
3117 506 3253 562 locis
3279 520 3376 562 eas
3407 505 3597 562 audire
3627 523 3712 562 so-

413 603 468 657 in
499 602 830 673 spiritualem
861 618 997 675 erga
1019 603 1191 657 Deum
1232 603 1597 671 devotionem,
1623 613 1675 659 et
1697 604 1751 658 in
1773 604 2012 658 omnium

415 690 740 746 afﬂictorum
759 705 946 746 veram
971 693 1410 762 compassionem
1433 693 1753 760 excreverit,
1778 708 1879 747 nec
1897 692 2013 763 ipse

417 779 595 835 adhuc
624 779 813 834 vivens
845 779 914 833 ad
944 779 1187 850 plenum,
1222 781 1266 834 si
1297 781 1458 836 vellet
1489 781 1672 849 etiam,
1705 788 1891 851 posset
1921 796 2013 834 ex-

416 883 641 940 ponere.
676 866 797 936 Quo
827 867 972 922 enim
1022 884 1118 938 per
1170 869 1286 924 haec
1329 869 1504 941 magis
1550 869 1911 941 aﬂligebatur,
1948 883 2012 923 eo

417 956 792 1012 vehementius
822 957 1041 1027 spretis,
1079 973 1200 1028 quae
1228 957 1413 1012 mundi
1443 965 1588 1023 sunt,
1623 957 1677 1011 in
1707 958 1900 1025 Deum,
1935 973 2014 1012 re-

418 1044 625 1116 fugium
655 1060 840 1100 verum
873 1052 924 1099 et
952 1044 1192 1112 unicum,
1225 1052 1365 1099 totus
1387 1044 1734 1112 efferebatur,
1755 1045 2010 1116 volupta-

417 1141 526 1188 tem
568 1133 715 1198 inde,
766 1132 903 1188 sicut
961 1133 1161 1199 aiebat,
1215 1141 1360 1188 tanto
1407 1133 1704 1204 pleniorem
1753 1134 2011 1188 hauriens

416 1228 578 1293 atque
627 1221 958 1287 suaviorem,
1005 1230 1207 1292 quanto
1256 1221 1428 1276 fuerat
1477 1222 1787 1292 angustiam
1815 1237 2012 1292 passus

414 1310 774 1378 acerbiorem,
801 1310 951 1379 juxta
979 1309 1109 1363 illud
1141 1309 1334 1380 psalmi
1368 1327 1381 1364 :
1417 1331 1438 1360 ι
1484 1310 1794 1365 Secundum
1823 1311 2012 1364 multi-

416 1399 658 1454 tudinem
687 1398 939 1454 dolorum
968 1415 1215 1453 meorum
1246 1399 1301 1452 in
1331 1398 1495 1454 corde
1517 1415 1658 1467 meo,
1684 1399 2012 1454 consolatio-

417 1503 515 1544 nes
533 1495 636 1543 tuaz
657 1486 1064 1542 lzetificavemnt
1087 1487 1327 1541 animam
1349 1503 1526 1542 meam
1543 1488 1658 1557 (Ps.
1675 1503 1830 1554 xcm,
1853 1490 1960 1558 19).
1985 1513 2005 1535 ››

415 1575 732 1646 Hujusmodi
783 1575 1109 1630 alteritatum
1162 1576 1276 1647 (21)
1321 1576 1377 1631 in
1425 1593 1491 1630 eo
1540 1576 1608 1630 ad
1648 1575 1811 1631 finem
1839 1593 2011 1647 usque

413 1681 526 1720 non
553 1680 838 1720 cessavere
869 1665 1314 1730 vicissitudines;
1347 1680 1492 1720 nunc
1525 1665 1668 1718 enim
1699 1665 1752 1718 in
1775 1680 2012 1735 superna

414 1753 541 1808 totis
572 1753 782 1808 viribus
825 1752 1158 1823 spiritalibus
1202 1753 1401 1808 erectis
1432 1753 1621 1819 oculis,
1658 1753 1925 1825 gustando
1959 1760 2012 1807 et

413 1841 650 1898 videndo
683 1841 940 1912 quoniam
979 1841 1159 1896 suavis
1207 1850 1288 1895 est
1331 1841 1612 1908 Dominus,
1650 1841 2010 1896 ineffabilibus

415 1929 762 2004 recreabatur
826 1928 1075 2000 gaudiis;
1107 1945 1253 1984 nunc
1299 1927 1703 1983 infirmitatibus
1761 1930 2010 1985 humana:

412 2018 652 2090 pondere
675 2017 923 2087 relapsus
945 2016 1015 2071 ad
1036 2017 1210 2082 solita,
1230 2017 1505 2086 prioribus
1527 2034 1636 2072 non
1657 2019 1887 2074 vacabat
1907 2035 2010 2072 an-

412 2107 626 2179 gustiis.
661 2105 960 2176 Utrobique
991 2105 1242 2175 lacrymz—e
1266 2124 1279 2170 ;
1304 2106 1377 2160 ibi
1407 2122 1504 2176 pro
1536 2107 1756 2178 gaudio,
1793 2106 1880 2162 hic
1909 2123 2010 2177 pro

414 2195 592 2251 taedio.
630 2193 771 2262 Quid
801 2193 996 2264 plura?
1027 2193 1204 2249 Factae
1237 2193 1340 2248 sibi
1369 2193 1584 2249 fuerant
1619 2195 1875 2266 lacrymae
1898 2211 2010 2250 suae

412 2299 583 2355 panes
611 2282 698 2338 die
724 2297 787 2337 ac
820 2289 1018 2348 nocte;
1052 2298 1161 2336 non
1188 2281 1287 2336 has
1330 2282 1412 2336 illi
1456 2299 1736 2353 prospera,
1770 2299 1879 2337 non
1908 2284 2008 2337 has

413 2372 693 2428 siccabant
723 2371 982 2437 adversa;
1016 2371 1102 2426 vix
1125 2371 1332 2443 legere,
1368 2371 1452 2427 vix
1487 2372 1739 2442 psallere,
1774 2371 1861 2428 vix
1891 2372 2008 2427 sine

411 2461 497 2516 his
535 2461 716 2516 divina
743 2458 1008 2514 meditari.
1045 2459 1198 2514 Adeo
1228 2476 1458 2531 namque
1489 2461 1679 2514 harum
1710 2460 1766 2514 in
1812 2475 1876 2515 eo
1907 2476 2006 2514 ex-

411 2547 844 2621 creveratfgratia
877 2556 934 2601 ut
956 2547 1272 2618 frequenter
1291 2564 1391 2603 nec
1412 2548 1612 2613 edenti,
1639 2548 1742 2602 nisi
1759 2548 2001 2616 frenatae,

411 2639 701 2704 deessent;
737 2635 1007 2692 multoties
1038 2638 1179 2691 enim
1219 2653 1316 2707 per
1342 2638 1442 2691 has
1473 2637 1575 2691 sibi
1605 2637 1836 2692 etsociis
1867 2651 2005 2692 con-

409 2728 632 2792 vivium,
663 2726 899 2781 maxime
930 2725 1135 2797 aliquot
1173 2734 1298 2781 ante
1345 2725 1508 2780 finem
1557 2742 1748 2793 annos,
1782 2725 1868 2782 vel
1897 2726 2004 2780 im-

409 2815 750 2888 pediebatur,
779 2813 865 2870 vel
898 2813 1228 2869 fuscabatur.

483 2906 570 2960 14.
611 2903 855 2958 Habebat
904 2903 1104 2974 quippe
1147 2903 1427 2972 lectorem,
1453 2919 1485 2958 a
1515 2919 1623 2975 quo
1654 2909 1874 2959 sanctos
1902 2918 2002 2958 co-

407 2994 578 3060 dices,
611 3007 841 3064 quorum
871 3008 981 3045 non
1009 3006 1213 3062 paucos
1261 2991 1422 3046 scribi
1453 2991 1674 3057 fecerat,
1708 2999 1760 3047 et
1790 2991 1920 3046 alibi
1952 2999 2003 3046 et

407 3082 678 3154 prmeipue
707 3080 810 3134 sibi
839 3080 910 3134 ad
939 3095 1185 3134 mensam
1216 3079 1327 3152 legi
1359 3078 1611 3146 faciebat,
1645 3079 2001 3150 utduplicatis

408 3170 618 3226 deliciis
649 3185 770 3224 sese
809 3184 1046 3239 suosque
1095 3167 1386 3239 saginaret.
1438 3169 1678 3240 Cumque
1710 3168 1902 3224 lectori
1933 3169 2000 3223 de

407 3257 611 3312 divinis
641 3257 729 3312 vel
776 3256 1158 3310 severitatibus
1208 3256 1293 3311 vel
1323 3257 1767 3311 miserationibus
1797 3257 2001 3326 aliquid

408 3345 737 3401 occurrisset
766 3345 1001 3418 insigne,
1035 3344 1270 3415 idipsum
1301 3344 1384 3399 bis
1415 3353 1506 3400 aut
1535 3353 1617 3400 ter
1646 3344 1829 3400 dicere
1850 3360 1998 3400 com-

404 3434 676 3506 pellebat;
717 3450 816 3488 nec
847 3450 1018 3500 mora,
1054 3433 1282 3503 spiritali
1313 3449 1414 3504 per
1452 3433 1789 3503 Scripturam
1837 3433 1998 3488 volu-

403 3531 550 3594 ptate
597 3530 824 3596 gustata,
865 3522 1146 3578 concussis
1193 3522 1262 3576 ab
1309 3522 1417 3577 imo
1466 3521 1786 3585 visceribus,
1836 3522 1995 3576 tantis

401 3612 765 3683 lacrymarum
832 3610 1216 3665 infundebatur
1283 3610 1503 3682 irriguis
1566 3617 1621 3664 ut
1669 3610 1996 3680 voluptatem

402 3701 603 3757 ventris
633 3708 686 3755 et
715 3699 966 3771 gutturis,
1019 3707 1072 3754 et
1121 3699 1223 3753 sibi
1272 3698 1515 3753 funditus
1561 3698 1798 3765 tolleret,
1841 3707 1893 3752 et
1940 3699 1996 3752 in

401 3789 564 3845 sociis
595 3796 947 3858 temperaret.
997 3787 1189 3842 Edocti
1239 3787 1421 3859 itaque
1468 3803 1564 3857 per
1604 3787 1994 3858 experientiam

400 3877 646 3944 comites,
681 3892 804 3932 cum
835 3876 969 3931 tales
1017 3884 1195 3930 motus
1244 3884 1532 3931 cernerent
1565 3875 1868 3942 imminere,
1903 3876 1992 3930 in-

398 3965 637 4021 nuebant
689 3964 880 4020 lectori
929 3965 1128 4020 cedere
1178 3971 1231 4019 et
1273 3964 1664 4036 aliquantisper
1691 3981 1722 4018 a
1756 3965 1991 4035 legendo

396 4068 638 4122 cessare,
670 4061 726 4107 ut
747 4053 928 4107 taliter
949 4051 1256 4107 molestiam
1283 4053 1422 4108 hanc
1444 4061 1668 4123 possent
1687 4053 1757 4107 ad
1778 4061 1991 4124 tempus

393 4141 689 4197 declinare.
725 4142 878 4196 Hanc
908 4150 1091 4196 autem
1131 4141 1297 4196 divini
1328 4142 1565 4196 muneris
1595 4142 1827 4213 gratiam
1854 4157 1990 4212 pec-

396 4238 628 4296 catores,
677 4229 746 4284 ob
794 4229 1194 4285 confessionem
1255 4230 1322 4284 ad
1376 4247 1502 4285 eum
1549 4230 1852 4295 venientes,
1901 4230 1988 4284 vel

393 4319 630 4374 maxime
663 4318 988 4384 sentiebant,
1014 4318 1310 4374 clementer
1331 4319 1473 4374 enim
1491 4320 1590 4373 hos
1607 4319 1988 4390 humiliterque

395 4406 720 4478 suscipiens,
770 4406 1163 4477 patientissime
1216 4407 1497 4472 audiebat;
1533 4407 1824 4478 aliquando
1850 4406 1988 4461 ﬂens

392 4496 510 4568 ipse
540 4512 662 4552 cum
694 4495 964 4561 ﬂentibus,
999 4495 1292 4566 aliquando
1321 4512 1450 4552 vero
1473 4497 1542 4550 ad
1578 4495 1853 4566 lacrymas
1873 4495 1986 4549 suis

2114 600 2239 654 litus
2270 606 2419 665 erat;
2453 597 2550 653 sed
2582 598 2760 668 potius
2790 598 2883 652 ubi
2912 613 2942 651 a
2962 596 3212 668 pluribus
3241 594 3485 665 conspici
3505 602 3710 665 posset,

2113 697 2166 743 et
2195 703 2383 742 aurem
2412 687 2631 759 quidem
2662 687 2794 741 satis
2825 685 3166 741 familiariter
3212 682 3518 754 applicabat
3537 725 3550 748 ,
3583 699 3710 738 ocu-

2112 776 2284 832 lorum
2317 784 2501 830 autem
2529 775 2585 829 in
2613 775 2840 830 alteram
2869 782 3084 846 partem
3125 771 3374 828 vertebat
3402 779 3703 842 aspectum,

2112 865 2357 919 auditum
2386 863 2579 930 solum,
2612 873 2834 934 prOpter
2880 863 3109 917 insidias
3147 859 3370 928 diaboli,
3402 860 3708 928 hujusmodi

2111 953 2346 1026 negotiis
2377 967 2632 1008 asserens
2662 951 3067 1023 applicandum.

2754 1053 2981 1109 CAPUT
3014 1051 3104 1108 IV.

2186 1157 2487 1213 Oculorum
2520 1159 2576 1211 et
2604 1156 2850 1212 aliorum
2881 1170 3150 1280 iezsuum
3174 1168 3240 1208 ac
3272 1153 3478 1225 lingua
3505 1155 3705 1209 sancta

2784 1243 2882 1280 cus
2915 1243 2944 1280 ο
2985 1243 3063 1280 za.

2784 1243 3063 1282 cuszoaza.

2185 1319 2270 1372 15.
2302 1317 2624 1373 Prazdictam
2656 1330 2881 1371 suorum
2902 1313 3187 1370 oculorum
3209 1311 3507 1368 custodiam
3530 1310 3705 1366 incre-

2111 1404 2260 1458 dibili
2293 1421 2508 1476 semper
2550 1412 2601 1461 et
2649 1405 2852 1475 ubique
2899 1400 3386 1472 circumspectione
3430 1399 3699 1466 servabat,

2109 1492 2184 1548 ita
2219 1501 2276 1546 ut
2322 1509 2445 1548 cum
2491 1501 2740 1564 potentes
2771 1507 2836 1547 ac
2867 1490 3079 1546 nobiles
3109 1489 3368 1544 mulieres
3391 1487 3543 1556 juxta
3571 1486 3703 1542 illud

2110 1582 2355 1651 Apostoli
2391 1599 2404 1634 :
2443 1605 2463 1628 α
2500 1581 2587 1637 cui
2617 1582 2900 1645 honorem,
2927 1580 3188 1634 honorem
3225 1578 3400 1646 (Rom.
3426 1590 3550 1641 xm,
3572 1577 3649 1645 Ἰ),
3674 1595 3696 1625 ι

2111 1671 2180 1724 ad
2229 1669 2558 1741 colloquium
2624 1667 2924 1725 honorifice
2994 1667 3346 1738 hilariterque
3394 1663 3705 1734 frequenter

2111 1758 2434 1828 susciperet,
2464 1758 2633 1812 multa
2661 1773 2846 1813 coram
2882 1773 2940 1811 se
2959 1755 3158 1826 diuque
3180 1752 3516 1808 tractantium
3535 1751 3704 1806 facies

2032 1869 2084 1929 Β
2113 1847 2325 1917 penitus
2354 1863 2463 1900 non
2494 1847 2722 1901 videret.
2758 1845 2983 1900 Dicebat
3031 1843 3176 1898 enim
3204 1841 3562 1914 cogitationes
3591 1839 3703 1893 illi-

2112 1935 2247 1990 citas
2278 1934 2589 1989 difﬁcillime
2619 1951 2783 2006 posse
2812 1933 2990 2000 vitari,
3022 1932 3126 1986 nisi
3155 1931 3276 2002 quis
3304 1928 3548 2000 corporis
3578 1943 3704 1982 sen-

2112 2039 2207 2078 sus
2248 2023 2528 2095 vigilantia
2575 2023 2744 2077 multa
2793 2019 3216 2092 compresserit;
3249 2019 3456 2072 intrare
3498 2025 3698 2082 autem,

2112 2113 2409 2166 secundum
2459 2113 2803 2181 PrOphetam,
2837 2118 3070 2165 mortem
3100 2125 3196 2179 per
3224 2110 3324 2162 has
3355 2105 3510 2177 quasi
3541 2105 3700 2160 fene-

2112 2208 2267 2266 stras,
2301 2209 2355 2256 et
2385 2201 2602 2272 ingredi
2630 2201 2824 2255 domos
2855 2206 3071 2254 nostras
3089 2198 3223 2268 (Jcr.
3249 2211 3322 2261 ix,
3345 2198 3458 2264 21).
3484 2195 3564 2248 De
3594 2209 3703 2264 qua

2110 2289 2270 2343 etiam
2300 2289 2610 2344 cohibentia
2639 2303 2896 2343 sensuum
2926 2287 3057 2341 dum
3077 2285 3196 2341 vice
3218 2283 3448 2356 quadam
3469 2298 3590 2337 cum
3621 2296 3700 2336 re-

2110 2377 2318 2449 ligiosis
2350 2377 2677 2448 quibusdam
2708 2376 3110 2448 colloqueretur
3139 2373 3302 2444 (inter
3319 2387 3455 2444 quos
3476 2378 3594 2427 erat
3613 2370 3701 2424 vir

2108 2466 2302 2520 litteris
2353 2474 2405 2521 et
2469 2466 2698 2536 puritate
2745 2465 3073 2535 conspicuus
3123 2479 3137 2516 :
3178 2461 3434 2517 dominus
3490 2459 3701 2515 scilicet

2107 2555 2378 2619 Airaldus,
2410 2555 2857 2625 archipresbyter
2886 2560 3012 2608 tunc
3040 2551 3232 2622 ipsius,
3264 2565 3408 2604 nunc
3428 2548 3701 2604 Maurien-

2106 2643 2291 2697 nensis
2322 2643 2650 2713 episcOpus),
2686 2641 2968 2712 respondit
2998 2640 3142 2694 idem
3172 2639 3255 2694 vir
3284 2637 3498 2693 Domini
3528 2635 3704 2691 Airal-

2105 2732 2208 2785 dus
2256 2731 2458 2801 passim
2510 2747 2568 2785 se
2614 2730 2865 2784 mulieres
2909 2728 3172 2800 aspicere,
3214 2741 3318 2782 nec
3363 2741 3550 2781 earum
3596 2724 3704 2780 sibi

2105 2835 2307 2875 nocere
2338 2819 2676 2885 contuitum;
2709 2825 2791 2872 est
2839 2817 2982 2872 enim
3031 2815 3384 2871 castissimus.
3435 2813 3517 2868 Ad
3548 2813 3697 2884 quod

2102 2909 2213 2972 ille,
2245 2924 2354 2962 non
2386 2923 2420 2962 a
2445 2907 2734 2962 mulierum
2763 2914 2991 2971 tantum,
3026 2905 3124 2960 sed
3153 2920 3186 2959 a
3213 2903 3450 2959 virorum
3480 2917 3700 2974 quoque

2103 2996 2340 3050 vultibus
2372 2995 2643 3065 religiosaa
2672 2994 2868 3050 mentis
2897 2993 3245 3049 avertendum
3275 2990 3553 3063 respondit
3609 2990 3703 3044 in-

2102 3084 2327 3150 tuitum;
2359 3099 2614 3139 asserens
2646 3082 2815 3156 (quod
2846 3081 3182 3154 experientia
3212 3095 3312 3136 sua
3339 3086 3520 3151 potest
3554 3079 3703 3150 quis-

2103 3189 2207 3244 que
2237 3172 2548 3242 conjicere),
2583 3189 2682 3243 per
2712 3170 3150 3228 communionem
3180 3169 3430 3224 humanm
3460 3167 3698 3222 mutabi-

2102 3261 2264 3316 litatis
2331 3273 2490 3332 atque
2546 3260 3003 3331 compassionem,
3071 3257 3187 3314 fieri
3252 3265 3310 3312 ut
3375 3255 3696 3312 affectiones

2100 3350 2377 3420 conspecti
2425 3349 2742 3420 frequenter
2769 3348 2839 3403 ad
2867 3347 3296 3418 conspicientem
3324 3344 3695 3400 inaestimabili

2098 3437 2384 3493 velocitate
2431 3444 2822 3507 pertranseant,
2873 3445 2942 3502 et,
2989 3435 3142 3491 verbi
3199 3433 3388 3505 gratia,
3440 3433 3508 3488 de
3551 3432 3696 3488 irato

2099 3526 2286 3592 iratus,
2322 3534 2374 3581 et
2402 3526 2470 3580 de
2500 3525 2640 3579 tristi
2667 3525 2854 3586 tristis.
2885 3533 2935 3578 ct
2965 3524 3033 3579 de
3063 3523 3378 3578 lasciviente
3409 3519 3499 3575 fiat
3521 3521 3694 3576 lasci-

2095 3615 2286 3680 viens;
2321 3629 2458 3685 quas
2486 3613 2771 3684 passiones
2801 3612 2934 3668 satis
2981 3627 3104 3666 esse
3134 3611 3333 3666 habere
3361 3625 3693 3681 quemquam

2096 3702 2366 3774 proprias,
2399 3718 2510 3756 non
2537 3702 2592 3755 in
2623 3718 2681 3756 se
2702 3700 3069 3757 transcribere
3086 3699 3266 3755 taliter
3285 3698 3492 3753 alienas
3528 3715 3541 3751 :
3569 3697 3695 3752 nul-

2095 3791 2199 3845 lius
2231 3808 2288 3846 se
2319 3791 2479 3846 totius
2511 3790 2855 3861 episcopatus
2887 3789 2971 3844 sui
3001 3789 3266 3855 mulieris,
3292 3794 3486 3858 praeter
3505 3786 3686 3852 unius,

2095 3879 2169 3934 ita
2197 3879 2391 3934 faciem
2422 3879 2724 3950 aspexisse,
2759 3886 2816 3932 ut
2847 3895 2912 3933 ex
2943 3877 3376 3934 consideratione
3406 3874 3607 3942 vultus,
3639 3875 3688 3929 si

2095 3976 2430 4034 occurreret,
2467 3983 2714 4039 quaenam
2755 3974 2922 4033 esset,
2955 3973 3142 4036 posset
3183 3979 3508 4038 agnoscere.
3542 3963 3692 4030 Quid

2095 4057 2196 4112 hac
2225 4056 2578 4127 responsione
2607 4055 2808 4111 castius
2828 4056 2857 4109 ‘P
2887 4055 3016 4125 quid
3033 4052 3477 4124 circumspectius
3497 4053 3526 4107 ?
3556 4051 3692 4123 quid

2092 4145 2435 4215 philosophia
2465 4160 2598 4200 vera
2629 4143 2922 4199 refertius?
2949 4143 3135 4198 Talem
3164 4142 3352 4212 utique
3382 4157 3443 4196 se
3481 4139 3687 4195 mulie-

2092 4234 2243 4287 ribus
2272 4233 2598 4297 exhibuisse,
2632 4231 3034 4297 castissimum;
3067 4230 3196 4286 talia
3225 4230 3280 4284 in
3308 4228 3561 4284 humanis
3596 4227 3688 4283 af-

2090 4321 2414 4377 fectionibus
2431 4320 2752 4386 advertisse,
2773 4320 3230 4390 sapientissimum
3243 4360 3258 4373 .
3287 4319 3426 4373 Hinc
3437 4316 3531 4372 fuit
3551 4316 3692 4372 illud

2091 4409 2235 4481 quod
2265 4425 2389 4465 cum
2418 4409 2486 4464 de
2515 4417 2688 4464 matre
2717 4424 2842 4463 mea
2881 4409 3026 4480 (qua
3064 4423 3188 4463 cum
3219 4422 3305 4476 eo,
3339 4423 3461 4478 quae
3491 4405 3682 4471 voluit,

2090 4498 2330 4568 quandiu
2359 4497 2544 4564 voluit,
2569 4498 2748 4553 locuta
2767 4496 2964 4568 fuerat)
2981 4497 3051 4551 ab
3073 4512 3139 4551 eo
3161 4495 3479 4567 quaesissem
3497 4502 3683 4549 utrum

393 4601 487 4641 eos
519 4585 762 4640 excitans
791 4584 1002 4638 ﬂetibus
1036 4601 1048 4638 :
1083 4585 1227 4655 quod
1257 4600 1366 4639 uno
1397 4584 1625 4654 liquebit
1655 4583 1984 4638 sufficienter
2003 4576 2056 4634 D
2086 4602 2205 4641 eam
2223 4586 2383 4642 valde
2401 4593 2623 4642 senecta
2638 4585 2912 4657 fregisset,
2941 4583 3216 4655 paululum
3239 4599 3426 4640 secum
3448 4598 3690 4654 prame-

394 4674 661 4745 exemplo.
687 4673 780 4727 Vir
799 4673 914 4727 Deo
937 4673 1131 4728 charus
1151 4673 1438 4728 Gauterius
1460 4674 1592 4743 ('22),
1621 4680 1988 4746 cognomento

392 4762 691 4828 Calnesius,
724 4761 814 4833 qui
872 4761 1014 4831 apud
1050 4777 1151 4816 nos
1177 4762 1233 4816 in
1261 4763 1583 4817 monachatu
1615 4762 1705 4816 diu
1735 4761 1988 4816 laudabi-

393 4851 515 4907 liter
559 4850 689 4906 vixit
737 4858 789 4904 et
835 4849 987 4916 obiit,
1041 4850 1251 4904 solebat
1295 4849 1524 4916 referre,
1573 4850 1720 4922 quod
1767 4865 1891 4904 cum
1929 4849 1985 4903 in

393 4938 595 4994 saeculo
644 4937 872 5009 positus,
923 4954 1047 4992 suas
1092 4938 1141 4993 ei
1188 4937 1538 4994 confiteretur
1575 4937 1815 4993 offensas
1848 4938 1987 5008 (erat

392 5027 533 5083 enim
561 5026 614 5081 in
646 5026 896 5082 Ecclesia
927 5025 1435 5096 Gratianopolitana
1466 5026 1661 5081 litteris
1692 5034 1745 5080 et
1774 5027 1984 5081 honore

389 5115 731 5186 praeclarus),
765 5114 1067 5170 incubuerit
1098 5115 1214 5185 ipse
1246 5132 1411 5185 super
1441 5123 1599 5185 caput
1621 5116 1758 5184 ejus,
1785 5123 1837 5169 et
1869 5122 1985 5168 tan-

389 5211 500 5259 tam
529 5203 717 5260 vertici
756 5203 1123 5274 lacrymarum
1169 5203 1428 5259 infuderit
1459 5203 1672 5274 copiam
1706 5211 1761 5258 ut
1791 5203 1982 5258 made-

388 5291 545 5347 factis
557 5293 789 5364 capillis,
813 5293 1073 5348 deorsum
1096 5292 1254 5348 etiam
1272 5293 1428 5348 rivuli
1442 5309 1540 5363 per
1559 5291 1865 5348 confitentis
1887 5307 1984 5347 ora

387 5381 708 5438 deﬂuerent.
743 5383 913 5436 Porro
943 5381 1230 5436 mulierum
1257 5382 1630 5437 confessiones
1659 5396 1768 5436 non
1801 5380 1981 5434 minus

386 5477 543 5526 caute
591 5485 749 5542 quam
791 5470 1027 5541 benigne
1076 5470 1404 5542 suscipiebat
1435 5489 1448 5526 :
1481 5486 1592 5526 non
1621 5470 1766 5525 enim
1795 5469 1850 5524 in
1879 5485 1981 5524 an—

453 5648 563 5713 (21)
594 5649 847 5712 Alteritas,
875 5649 1181 5700 vicissitudo.
1207 5650 1260 5700 S.
1310 5614 1605 5710 Augustinus
1650 5649 1718 5698 De
1769 5648 1978 5707 musica,

385 5715 472 5766 lib.
500 5728 551 5764 vi
579 5729 594 5766 :
629 5734 650 5758 ι
677 5717 798 5766 Cum
839 5715 1132 5768 adhibentur
1163 5728 1248 5781 ea,
1282 5727 1389 5780 quae
1427 5714 1678 5779 nonnulla,
1703 5718 1757 5766 ut
1791 5714 1860 5765 ita
1906 5715 1980 5766 di-

2088 4675 2288 4741 ditans,
2309 4699 2330 4721 «
2356 4675 2576 4741 Nescio,
2599 4675 2790 4746 inquit,
2814 4681 2995 4728 utrum
3008 4673 3076 4728 sit
3089 4681 3242 4728 vetus
3254 4688 3323 4726 an
3335 4687 3464 4727 non.
3493 4692 3516 4722 ι
3537 4670 3683 4726 Hinc

2088 4772 2141 4819 et
2167 4764 2320 4830 illud,
2355 4764 2501 4834 quod
2541 4763 2766 4818 muliere
2804 4762 3060 4834 quadam,
3095 4761 3336 4832 potentia
3365 4759 3686 4815 nobilitate-

2088 4868 2194 4923 que
2222 4853 2508 4923 praeclara,
2541 4852 2694 4921 cujus
2721 4867 2920 4906 nomen
2950 4851 3167 4906 edicere
3187 4850 3457 4915 nolumus,
3481 4848 3534 4901 in
3558 4847 3681 4916 ejus

2085 4948 2400 5010 conspectu,
2452 4955 2614 5010 quam
2661 4955 2880 4995 morose
2916 4938 3141 5010 placuit,
3183 4937 3350 4992 multa
3381 4937 3682 5007 loquente;

2086 5044 2210 5084 cum
2240 5036 2294 5082 et
2322 5029 2458 5099 ipse,
2475 5028 2619 5100 quod
2634 5027 2806 5097 libuit,
2830 5027 3220 5098 respondisset,
3244 5026 3446 5097 illaque
3466 5025 3680 5080 disces-

2085 5117 2266 5183 sisset,
2301 5117 2652 5188 dicerentque
2682 5116 2814 5172 socii
2845 5116 2980 5184 ejus,
3015 5132 3155 5187 quos
3183 5116 3478 5186 prudentes
3498 5121 3551 5168 et
3581 5129 3682 5167 re-

2082 5205 2310 5277 ligiosos
2339 5221 2558 5276 semper
2587 5205 2786 5260 habere
2817 5204 3064 5272 curabat,
3099 5219 3196 5260 cur
3223 5219 3334 5258 non
3365 5219 3485 5258 eam
3517 5201 3689 5257 corri-

2083 5295 2308 5364 puisset,
2334 5294 2478 5365 quod
2509 5310 2570 5349 se
2596 5310 2855 5366 suamque
2891 5292 3086 5348 faciem
3116 5300 3223 5348 tam
3251 5291 3426 5348 facete
3458 5299 3684 5361 tamque

2080 5382 2283 5438 lascive
2312 5382 2525 5452 poliret,
2560 5382 2836 5452 respondit
2867 5381 2976 5446 ille,
3011 5396 3118 5436 non
3149 5380 3266 5435 sine
3282 5380 3510 5434 horrore
3541 5395 3686 5449 quo-

2080 5470 2208 5525 dam
2236 5478 2291 5525 et
2319 5470 2718 5538 exsecratione,
2749 5468 2944 5526 faciem
2976 5469 3094 5538 ejus
3123 5485 3182 5526 se
3213 5468 3430 5540 penitus
3459 5483 3569 5524 non
3599 5467 3691 5524 vi-

2079 5655 2209 5705 cam,
2237 5643 2484 5693 alteritate
2510 5655 2688 5706 corpus
2714 5643 2947 5694 alliciunt.
2980 5664 3000 5686 ι

2148 5709 2258 5775 (22)
2290 5709 2410 5761 Aliis
2436 5709 2693 5761 Galterius
2716 5714 2767 5762 et
2793 5711 3095 5764 Gnatum“.
