3940 6412
465 330 572 384 775

1273 328 1612 384 GUIGONIS
1670 329 1691 383 Ι
1740 324 2148 384 CARTHUSLE
2205 327 2499 385 MAJORIS
2556 329 2833 387 PRIORIS
2890 332 2953 386 V.

3667 336 3777 390 ’776

467 455 735 522 cumiens,
800 461 1010 526 quaerat
1065 452 1182 509 sine
1251 453 1557 509 cessatione
1624 467 1786 525 quem
1840 453 2066 509 devoret
2095 452 2147 510 A
2239 455 2328 508 20.
2381 454 2580 516 Verum
2611 456 2656 510 si
2687 456 2928 512 scribere
2976 455 3206 512 velimus
3254 464 3458 528 quanta
3505 457 3773 514 modera-

466 545 518 614 (I
544 546 706 600 Patr.
746 558 800 610 v,
835 545 927 612 8);
959 542 1132 597 David
1162 549 1215 598 et
1245 542 1597 598 Salomonem
1641 558 1738 613 pro
1760 541 1932 597 oculis
1962 556 2066 612 po-

469 633 668 696 nendo,
702 647 950 702 quorum,
1001 631 1129 702 quia
1165 647 1224 686 se
1265 631 1412 687 circa
1459 631 1716 686 mulieres
1772 631 2066 685 exhibuere

472 719 740 785 licentius,
764 720 900 773 alter
929 735 993 774 ex
1025 734 1238 773 summa
1293 719 1600 774 innocentia
1630 719 1686 773 in
1741 718 2066 774 adulterium

474 808 672 864 decidit
701 816 753 863 et
775 807 1124 864 homicidium
1149 827 1164 874 ;
1196 807 1332 864 alter
1361 808 1428 862 de
1459 807 1745 878 sapientia,
1781 822 1887 877 qua
1916 821 2064 861 mor-

473 903 609 953 tales
637 905 860 954 cunctos
890 906 1221 965 excesserat,
1256 897 1309 952 in
1340 897 1655 952 servitutem
1687 911 1858 967 usque
1914 895 2065 949 desi-

474 988 588 1059 puit
608 986 899 1042 idolorum.
950 986 1236 1042 Desideria
1283 1001 1446 1056 porro
1493 985 1696 1040 ventris
1726 993 1777 1039 et
1832 983 2066 1055 gutturis

471 1076 556 1131 vir
586 1076 776 1131 beatus
819 1076 1076 1130 instantia
1131 1083 1331 1145 quanta
1399 1073 1738 1143 represserit,
1787 1089 1876 1126 res
1925 1072 2064 1141 ipsa,

471 1164 777 1220 tacentibus
801 1163 981 1231 nobis,
1013 1163 1335 1220 certioribus
1362 1163 1558 1234 probat
1589 1160 1826 1216 indiciis.
1864 1159 2070 1230 Capitis

476 1268 714 1325 namque
739 1253 958 1308 dolores
989 1260 1041 1308 et
1071 1251 1356 1317 stomachi,
1387 1251 1472 1304 his
1501 1250 1734 1304 maxime
1765 1249 1931 1304 creati
1963 1255 2070 1301 stu-

473 1341 598 1408 diis,
634 1341 766 1396 satis
788 1349 840 1396 et
871 1357 1036 1412 super
1064 1340 1194 1395 satis
1225 1355 1348 1395 eum
1379 1339 1450 1394 ab
1486 1337 1861 1407 hujuscemodi
1907 1351 2068 1391 mon-

477 1438 653 1486 strant
695 1429 1022 1486 abstinuisse
1051 1429 1280 1485 deliciis.

1117 1571 1340 1628 CAPUT
1367 1571 1434 1626 V.

477 1692 856 1760 Eleemosyme
870 1693 1058 1761 facta,
1082 1703 1321 1761 munera
1334 1689 1544 1758 spreta,
1569 1684 1765 1740 dissidi
1778 1701 1803 1738 τ
1822 1682 2068 1761 motata.

548 1754 879 1827 conciones;
925 1760 1236 1816 auctoritas
1304 1754 1654 1813 summorum
1736 1754 2072 1826 pontiﬁcum

545 1832 798 1902 defensa.

552 1950 638 2002 19.
670 1946 1049 2018 Eleemosynas
1077 1960 1208 2001 sane
1238 1943 1336 1999 fuit
1357 1952 1409 1999 et
1435 1959 1536 2014 per
1565 1959 1623 1996 se
1653 1941 1887 2011 diligens
1917 1954 2074 1994 exse-

477 2044 652 2102 cutor,
683 2043 735 2090 et
763 2035 816 2088 in
843 2033 964 2089 aliis
994 2034 1155 2089 etiam
1187 2032 1429 2088 fervidus
1459 2031 1799 2095 exhortator;
1835 2027 2073 2096 exceptis

480 2123 624 2179 enim
679 2123 873 2180 domus
915 2138 1028 2176 sua:
1095 2123 1351 2178 duntaxat
1383 2117 1817 2183 necessitatibus,
1877 2122 2073 2171 cuncta

477 2228 638 2283 pene,
670 2228 791 2283 quae
819 2209 1081 2281 consequi
1109 2217 1338 2281 poterat,
1373 2225 1480 2263 non
1511 2207 1565 2262 in
1595 2207 1882 2261 thesauros
1933 2219 2071 2259 con-

477 2301 722 2373 gerebat,
756 2308 1100 2370 posterorum
1132 2298 1217 2354 vel
1247 2297 1559 2367 dissipanda
1588 2295 1792 2361 litibus,
1826 2292 1912 2349 vel
1943 2307 2073 2346 con-

478 2390 742 2444 sumenda
762 2387 995 2453 luxibus,
1031 2387 1127 2442 sed
1159 2387 1337 2442 sciens
1369 2386 1500 2440 illud
1533 2383 1778 2455 Apostoli
1816 2399 1829 2436 :
1858 2405 1879 2428 «
1917 2381 2070 2434 Hila-

480 2493 593 2542 rem
625 2477 875 2531 datorem
907 2475 1082 2548 diligit
1113 2476 1258 2530 Deus
1289 2475 1362 2544 (II
1391 2474 1512 2531 Cor.
1537 2489 1616 2539 ix,
1648 2474 1725 2542 ’7),
1764 2496 1785 2519 υ
1803 2468 2071 2525 distribuit

475 2565 630 2620 lmtus
661 2565 966 2638 egentibus.
997 2565 1243 2635 Denique
1264 2563 1496 2618 annulos
1523 2577 1720 2616 aureos
1751 2568 1804 2614 et
1833 2573 2073 2630 gemma-

479 2661 581 2721 tos,
613 2653 841 2710 calicem
871 2651 1033 2708 etiam
1064 2651 1309 2707 similiter
1351 2667 1576 2706 aureum
1623 2650 1882 2718 vendidit,
1917 2661 2068 2706 tem-

475 2759 605 2813 pore
623 2729 840 2816 magna
859 2741 1038 2809 famis,
1072 2740 1284 2795 horreis
1315 2739 1585 2795 defectum
1632 2741 1986 2811 minantibus,
2019 2751 2072 2797 et

475 2831 684 2886 alendis
713 2830 976 2902 impendit
1005 2829 1353 2901 pauperibus.
1387 2829 1718 2898 Adjuvantes
1767 2829 1930 2884 etiam
1960 2846 2070 2885 non

473 2920 694 2974 minime
716 2920 857 2975 hanc
885 2919 940 2973 in
968 2934 1032 2972 eo
1063 2917 1294 2988 gratiam
1338 2924 1587 2986 potentes
1615 2926 1667 2971 et
1713 2918 1943 2984 nobiles,
1979 2919 2070 2989 qui

375 3055 384 3071 ,
473 3015 676 3064 sanctae
705 3007 1133 3063 conversationis
1161 3006 1298 3074 ejus,
1331 3005 1495 3076 longe
1524 3005 1736 3076 lateque
1783 3007 2070 3062 salubriter

475 3097 822 3167 suaviterque
853 3095 1161 3166 fragrantis,
1203 3094 1370 3149 odore
1399 3101 1674 3164 percepto,
1729 3094 1797 3148 de
1846 3096 2068 3150 remotis

475 3184 635 3239 etiam
657 3183 991 3254 regionibus,
1045 3182 1291 3254 quamvis
1339 3197 1463 3236 eum
1505 3197 1613 3236 non
1668 3181 1948 3250 vidissent,
2001 3184 2070 3237 ob

473 3271 712 3328 divinam
755 3278 936 3325 tamen
977 3270 1336 3326 reverentiam
1385 3268 1647 3325 beneficia
1721 3270 1885 3324 multa
1942 3272 2069 3325 mit-

475 3360 680 3414 tebant.
713 3358 908 3415 Procul
930 3374 1038 3413 non
1069 3374 1097 3413 a
1129 3374 1318 3414 mensa
1348 3365 1549 3412 tantum
1581 3358 1712 3426 ejus,
1756 3359 1852 3413 sed
1883 3374 1916 3414 a
1944 3360 2069 3414 totis

475 3449 640 3504 etiam
671 3448 842 3513 atriis,
879 3447 1174 3502 histriones
1213 3455 1467 3518 tanquam
1510 3462 1640 3501 vasa
1670 3447 1987 3517 perditionis
2018 3457 2068 3503 et

474 3552 684 3609 organa
712 3535 986 3601 falsitatis,
1017 3535 1210 3606 procul
1239 3535 1496 3590 militares
1530 3535 1774 3599 clientes,
1812 3544 2066 3607 tanquam

474 3625 790 3697 rapinarum
822 3634 875 3680 et
906 3625 1134 3680 caedium
1165 3632 1216 3678 et
1237 3625 1398 3680 totius
1437 3624 1789 3678 instrumenta
1828 3626 2066 3680 crudeli-

474 3713 618 3778 tatis,
649 3714 836 3784 procul
866 3713 1028 3769 etiam
1077 3713 1308 3784 equites,
1349 3712 1452 3766 nisi
1491 3713 1618 3777 rari,
1667 3721 1721 3767 et
1767 3712 1871 3783 ipsi
1919 3729 2062 3780 raro,

473 3810 834 3874 respectuque
877 3817 1041 3873 quam
1079 3801 1297 3855 maximi
1333 3801 1582 3870 specialis
1632 3802 1746 3871 (25)
1803 3802 2062 3856 utilitatis.

473 3891 596 3946 Non
627 3891 771 3946 enim
805 3906 1019 3961 aequum
1066 3889 1289 3960 putabat
1341 3889 1691 3945 ecclesiarum
1743 3889 1903 3955 bona,
1945 3908 2067 3962 qua)

474 3978 799 4050 patrimonia
830 3986 956 4032 sunt
982 3979 1305 4033 aestimanda
1348 3995 1670 4049 pauperum,
1729 3978 1783 4033 in
1835 3979 2064 4035 aliorum

473 4067 724 4138 expendi,
758 4067 1058 4137 prmsertim
1087 4067 1376 4133 malorum,
1402 4068 1591 4120 usibus
1619 4068 1928 4134 hominum;
1956 4069 2065 4124 imo

474 4155 648 4227 magis
677 4155 1048 4226 semetipsum,
1083 4163 1336 4226 tanquam
1379 4171 1443 4209 ex
1502 4155 1830 4225 pauperibus
1874 4174 2062 4225 unum,

469 4244 710 4315 graviter
739 4244 1049 4309 accusabat,
1079 4243 1223 4314 quod
1251 4243 1354 4298 sibi
1384 4259 1447 4298 ac
1479 4243 1660 4311 sociis,
1685 4245 1754 4299 de
1775 4244 1941 4301 rebus
1963 4245 2067 4300 sibi

471 4332 776 4388 commissis
815 4340 1214 4402 competentem
1269 4340 1503 4386 sumeret
1552 4333 1782 4402 copiam,
1843 4349 1909 4388 ac
1956 4350 2064 4388 non

469 4421 645 4492 potius
674 4421 959 4476 sustineret
990 4437 1111 4475 cum
1141 4420 1472 4490 pauperibus
1505 4429 1557 4474 et
1593 4421 1712 4492 ipse
1741 4437 1948 4492 pauper
1975 4423 2064 4476 in-

2168 539 2314 596 tione
2345 542 2462 598 haec
2491 543 2611 614 ipsa
2640 560 2742 614 pro
2784 543 3058 614 personis,
3108 543 3336 612 viribus,
3383 545 3670 601 affectibus
3721 555 3776 602 et

2168 628 2514 686 facultatibus
2551 632 2873 703 dispensare
2919 632 3110 688 solitus
3165 641 3302 698 erat,
3346 649 3620 706 quamque
3675 650 3774 690 sa-

2169 723 2387 793 pienter
2417 733 2470 779 et
2499 723 2678 778 sobrie
2708 739 2798 778 res
2829 737 2958 777 suas
2985 722 3040 777 in
3061 737 3280 778 suorum
3310 730 3362 778 et
3412 738 3542 780 suos
3563 723 3782 795 spirita-

2168 815 2249 871 les
2280 823 2332 870 et
2360 813 2678 885 corporales
2706 827 2858 876 usus,
2891 825 2992 866 nec
3021 825 3131 866 non
3160 818 3213 866 et
3249 826 3550 882 pauperum
3579 811 3775 867 solatia

2168 903 2520 971 distribuerit,
2553 902 2657 956 erit
2687 900 2906 971 quidem
2935 915 3045 954 non
3075 898 3248 955 solum
3287 900 3592 955 sanctitatis
3630 901 3773 970 ejus,

2167 993 2265 1046 sed
2297 1001 2348 1046 et
2408 991 2640 1046 solertiae
2701 988 3086 1044 documentum
3130 987 3592 1044 evidentissimum
3626 1003 3639 1042 :
3674 988 3778 1044 sed

2169 1079 2390 1136 lectoris
2420 1079 2685 1134 debemus
2714 1077 2887 1133 vitare
2937 1075 3240 1131 fastidium.
3297 1076 3435 1132 Illud
3477 1092 3605 1131 sane
3661 1091 3774 1148 quo

2169 1177 2328 1240 pacto
2350 1167 2625 1238 praeterire
2665 1181 2977 1236 possumus,
3030 1165 3158 1236 quin
3206 1164 3292 1220 vel
3321 1164 3556 1220 breviter
3601 1165 3774 1220 attin-

2170 1273 2385 1329 gamus,
2421 1256 2564 1328 quod
2595 1271 2719 1311 cum
2747 1253 3187 1326 frequentissime
3217 1268 3438 1309 suorum
3477 1261 3529 1309 et
3557 1253 3775 1310 alieno-

2171 1362 2291 1401 rum
2320 1359 2517 1401 causas
2546 1343 2844 1398 mundanas
2874 1350 2925 1397 et
2945 1341 3345 1398 ecclesiasticas
3373 1341 3604 1408 audiret,
3637 1358 3778 1398 ven-

2171 1434 2370 1498 tilaret,
2407 1432 2758 1496 terminaret;
2813 1445 3045 1501 cumque
3075 1429 3128 1484 in
3161 1429 3390 1484 subditis
3420 1429 3521 1484 sibi
3558 1429 3777 1486 clericis

2171 1539 2271 1592 per
2293 1530 2401 1575 tam
2431 1520 2702 1591 prolixum
2733 1519 2856 1574 vita:
2885 1517 3118 1588 spatium
3135 1518 3293 1574 toties
3306 1517 3772 1585 consecrationes,

2171 1609 2619 1682 degradationes,
2648 1607 3142 1672 reconciliationes,
3200 1622 3302 1678 pro
3330 1621 3693 1677 personarum
3725 1615 3780 1662 et

2173 1698 2529 1753 ecclesiarum
2559 1696 2991 1768 competentibus
3029 1695 3210 1751 causis
3249 1703 3303 1750 et
3329 1695 3770 1761 necessitatibus,

2102 1799 2156 1860 Β
2175 1787 2496 1851 celebraret,
2517 1801 2707 1840 manus
2721 1801 2844 1838 suas
2860 1792 3042 1839 tamen
3062 1783 3132 1838 ab
3145 1783 3310 1850 omni,
3329 1783 3628 1839 secundum
3643 1798 3778 1854 pro—

2176 1875 2449 1946 pheticum
2499 1873 2854 1944 prmconium,
2887 1871 3125 1928 excussit
3154 1887 3376 1927 munere
3409 1872 3539 1942 (lsai
3560 1886 3773 1940 χχχιιι,

2178 1966 2292 2032 15).
2333 1964 2411 2017 Eo
2446 1962 2651 2031 judice,
2704 1961 2838 2016 nulli
2894 1976 3151 2032 unquam,
3203 1976 3456 2032 personm
3509 1960 3770 2032 dignitas,

2175 2052 2305 2106 nulli
2327 2051 2572 2122 pecunia:
2617 2049 2820 2120 profuit
2877 2050 3168 2120 quantitas,
3202 2048 3407 2104 nullum
3453 2056 3770 2120 paupertas,

2175 2140 2380 2194 nullum
2411 2147 2827 2211 quantacunque
2857 2136 3154 2193 oﬂiciomm
3185 2137 3300 2192 sive
3316 2137 3574 2192 natalium
3591 2152 3772 2192 rerum

2175 2229 2299 2284 fecit
2329 2228 2682 2294 extremitas;
2715 2243 2825 2282 non
2857 2226 3128 2282 mitiorem
3165 2225 3391 2291 amicus,
3422 2241 3531 2281 non
3576 2225 3771 2280 durio-

2173 2333 2290 2372 rem
2322 2324 2573 2388 expertus
2602 2325 2685 2371 est
2713 2315 3000 2381 inimicus;
3032 2330 3142 2370 non
3168 2314 3577 2387 deargentatam
3635 2328 3776 2370 con-

2172 2401 2328 2456 victis
2358 2401 2443 2457 vel
2501 2400 2880 2456 conﬁtentibus
2920 2397 3178 2469 imposuit
3220 2398 3611 2468 paenitentiam,
3662 2413 3776 2452 non

2173 2484 2449 2540 lucrosam
2471 2483 2524 2537 in
2554 2482 2768 2553 placitis
2821 2481 3061 2537 defendit
3111 2481 3345 2537 ediditve
3396 2481 3769 2544 sententiam;

2174 2588 2282 2626 non
2313 2571 2695 2627 considerabat
2719 2585 3008 2642 personam
3039 2569 3318 2640 pauperis,
3338 2584 3446 2624 non
3466 2567 3771 2624 honorabat

2173 2661 2378 2715 vultum
2400 2660 2632 2730 potentis
2668 2674 2680 2712 :
2715 2658 2861 2730 quod
2892 2657 3036 2712 beati
3065 2657 3165 2714 viri
3202 2673 3267 2713 eo
3307 2656 3620 2728 prasclarius
3647 2656 3772 2712 illu-

2173 2757 2301 2804 strat
2331 2749 2605 2817 meritum,
2638 2762 2745 2818 quo
2775 2747 2948 2801 rarius
2975 2746 3063 2802 vel
3091 2745 3145 2800 in
3183 2747 3562 2817 praesentibus,
3596 2745 3687 2800 vel
3716 2744 3773 2800 in

2171 2837 2455 2908 praeteritis
2484 2837 2644 2890 habet
2685 2835 3012 2906 exemplum.
3054 2833 3266 2903 Quanta
3301 2835 3459 2890 nobis
3489 2835 3592 2890 hoc
3621 2833 3767 2901 loco,

2173 2926 2218 2980 si
2241 2925 2464 2980 laudare
2480 2924 2881 2996 comparatione
2919 2923 3186 2978 malorum
3215 2922 3357 2978 bona
3403 2922 3655 2989 velimus,
3687 2921 3769 2977 of-

2172 3014 2343 3069 fertur
2371 3013 2599 3068 materia
2619 3013 2673 3068 in
2703 3011 3053 3084 praesentium
3093 3019 3401 3082 temporum
3421 3010 3584 3066 faeces
3609 3011 3768 3066 inve—

2171 3103 2373 3169 hendi;
2406 3103 2457 3156 in
2490 3103 2707 3173 quibus,
2741 3117 2865 3157 cum
2896 3100 3166 3155 dedecore
3189 3108 3350 3171 atque
3373 3099 3654 3156 eversione
3671 3099 3770 3154 ho-

2170 3192 2393 3247 nestatis
2424 3198 2475 3246 et
2504 3190 2788 3262 mquitatis,
2821 3189 3052 3259 pecunia
3073 3187 3273 3260 templa
3292 3195 3556 3259 penetrat,
3576 3186 3769 3244 alteria

2169 3280 2422 3344 maculat,
2480 3279 2784 3334 sacerdotia
2829 3277 3124 3342 venundat,
3176 3276 3541 3332 innocentiam
3579 3284 3766 3332 exter-

2170 3365 2356 3429 minat,
2399 3364 2582 3419 omnia
2629 3363 2813 3417 divina
2855 3361 3190 3433 profanaque
3241 3361 3568 3417 contaminat
3601 3360 3612 3415 Ι
3648 3361 3765 3416 Εχ-

2168 3462 2372 3508 czecant
2391 3469 2535 3506 nunc
2566 3467 2791 3506 munera
2820 3450 3007 3506 oculos
3029 3450 3352 3520 sapientum,
3387 3450 3768 3505 etsubvertunt

2169 3542 2333 3597 verba
2357 3542 2663 3610 justorum;
2697 3555 2887 3595 omnes
2904 3539 3133 3609 diligunt
3166 3552 3410 3604 munera,
3465 3546 3768 3609 sequuntur

2169 3631 2553 3686 retributiones
2579 3649 2592 3696 ;
2625 3645 2657 3683 a
2685 3629 2908 3682 minimo
2941 3640 3112 3699 usque
3144 3627 3212 3681 ad
3241 3626 3535 3681 maximum
3573 3642 3766 3681 omnes

2169 3714 2392 3769 avarita:
2422 3714 2656 3779 student,
2699 3728 2731 3767 a
2774 3713 3042 3783 propheta
3089 3727 3261 3783 usque
3308 3711 3375 3764 ad
3425 3711 3766 3766 sacerdotem

2167 3802 2344 3858 cuncti
2375 3802 2577 3858 faciunt
2611 3801 2817 3866 dolum,
2848 3815 2955 3856 non
3001 3796 3182 3855 deficit
3211 3799 3280 3853 de
3322 3799 3517 3869 plateis
3563 3799 3766 3854 nostris

2168 3906 2336 3946 usura
2365 3899 2418 3946 et
2454 3890 2632 3956 dolus,
2665 3898 2943 3961 postremo
2971 3889 3026 3943 in
3054 3888 3228 3959 capite
3253 3889 3493 3944 omnium
3523 3887 3762 3955 avaritia,

2168 3988 2220 4034 et
2241 3979 2484 4050 pecuniae
2512 3978 2771 4034 obediunt
2801 3978 3004 4034 omnia.
3055 3977 3162 4034 Sed
3191 3978 3309 4032 haec
3337 3977 3623 4044 hactenus;
3655 3991 3762 4031 non

2167 4069 2310 4124 enim
2349 4069 2449 4122 ista
2482 4067 2841 4138 suscepimus.

2237 4161 2332 4213 21.
2373 4157 2458 4212 Ad
2495 4157 2594 4212 Dei
2625 4156 2790 4226 igitur
2817 4155 3094 4210 hominem
3132 4154 3302 4209 verba
3344 4161 3640 4220 vertamus,
3674 4153 3766 4225 qui

2167 4245 2546 4316 temporalium
2568 4245 2912 4316 negotiorum
2934 4243 3202 4315 litigiosas
3224 4257 3419 4299 causas
3438 4250 3761 4298 aeternorum

2167 4350 2350 4389 amore
2388 4350 2496 4389 non
2549 4349 2752 4398 amare,
2804 4333 2899 4387 sed
2929 4332 3186 4396 tolerare,
3237 4332 3498 4404 magistra
3543 4330 3758 4402 pietate,

2167 4422 2448 4478 didicerat.
2465 4423 2688 4476 Dicebat
2701 4421 2847 4475 enim
2858 4421 3005 4476 omni
3023 4419 3175 4476 febre
3190 4419 3501 4475 molestiora
3523 4419 3623 4473 sibi
3645 4418 3762 4488 pla-

469 4510 670 4581 0piam.
719 4510 1140 4580 Eleemosynam
1197 4508 1378 4580 igitur,
1413 4515 1470 4562 ut
1525 4508 1779 4576 diximus,
1831 4510 2065 4566 libenter
2093 4507 2290 4577 Dcita,
2323 4511 2609 4582 modisque
2640 4510 2894 4565 omnibus
2923 4509 3008 4563 his
3058 4509 3554 4564 abrenuntiaturum
3588 4506 3632 4561 si
3653 4520 3761 4562 non

469 4598 722 4664 faciebat,
762 4597 948 4654 sedule
1003 4597 1286 4660 suadebat,
1333 4613 1431 4668 pro
1478 4598 1846 4654 satisfactione
1902 4600 2063 4654 etiam

467 4687 854 4757 paenitentibus
873 4685 1211 4757 injungehat.
1245 4685 1372 4741 Haec
1401 4703 1636 4758 namque
1669 4687 1768 4741 tria
1790 4688 2066 4758 prascipue

469 4775 658 4846 culpas
690 4791 817 4830 suas
845 4774 1136 4830 emendare
1167 4774 1503 4846 cupientibus
1557 4777 1817 4830 sectanda
1864 4778 2064 4847 praeci-

467 4863 672 4934 piebat,
695 4863 1018 4927 orationem,
1063 4862 1344 4930 jejunium,
1395 4872 1445 4918 et
1474 4863 1898 4934 eleemosynam,
1957 4881 2066 4920 non

467 4951 763 5006 humanam
793 4952 848 5005 in
873 4953 978 5007 hoc
998 4951 1374 5020 temeritatem,
1408 4953 1503 5006 sed
1547 4953 1923 5023 evangelicum
1971 4970 2064 5008 se-

471 5054 643 5111 quens
673 5038 1073 5096 auctoritatem.
1104 5039 1248 5095 Dicit
1277 5040 1419 5095 enim
1450 5042 1713 5096 Dominus
1767 5042 2065 5112 pessimum

468 5128 856 5184 daamoniorum
886 5145 1062 5201 genus
1094 5127 1212 5196 ejici
1234 5144 1340 5183 non
1379 5145 1562 5200 posse,
1596 5130 1700 5184 nisi
1737 5130 1792 5183 in
1822 5131 2064 5186 oratione

471 5223 522 5271 et
538 5217 744 5286 jejunio
767 5219 956 5286 (Marc.
990 5232 1071 5282 ιχ,
1099 5218 1210 5287 28).
1245 5217 1387 5272 Alibi
1420 5234 1636 5289 quoque
1667 5219 1956 5274 Pharisazis
1985 5219 2064 5273 lo-

469 5321 640 5376 quens
672 5325 690 5360 :
723 5327 744 5354 α
770 5307 927 5368 Date.
961 5305 1150 5376 inquit,
1183 5305 1607 5378 eleemosynam,
1651 5315 1702 5362 et
1732 5322 1861 5363 ecce
1882 5307 2065 5363 omnia

469 5394 672 5450 munda
702 5402 826 5449 sunt
853 5393 1008 5450 vobis
1039 5395 1195 5463 (Luc.
1227 5410 1306 5462 χι,
1340 5395 1413 5466 4).
1453 5419 1474 5443 η

2165 4601 2220 4654 in
2251 4601 2352 4655 hoc
2375 4601 2545 4655 Deum
2577 4615 2636 4654 se
2667 4599 2832 4654 sciret
2870 4597 3229 4653 offensurum.
3288 4597 3552 4652 Intererat
3582 4604 3759 4651 autem

2166 4689 2272 4743 illis
2303 4688 2675 4743 tantummodo
2710 4687 2858 4758 pacis
2905 4687 3148 4751 obtentu,
3204 4685 3437 4740 maxime
3466 4699 3759 4754 pauperum

2168 4786 2329 4847 atque
2359 4777 2714 4832 ecclesiarum
2735 4793 2748 4840 ;
2773 4775 2856 4829 his
2873 4775 3074 4830 etenim
3094 4781 3321 4830 noverat
3341 4773 3563 4844 gravius
3584 4781 3760 4827 motus

2166 4881 2363 4921 nocere
2390 4881 2731 4937 guerrarum.
2763 4863 2865 4919 Ubi
2896 4859 3025 4919 vero
3074 4862 3426 4917 inexorabilia
3473 4862 3528 4915 in
3566 4857 3759 4932 aliqui-

2168 4955 2269 5009 bus
2298 4954 2420 5008 odia
2458 4962 2509 5009 et
2539 4953 2894 5023 inexpiabiles
2923 4959 3201 5022 repererat
3229 4951 3356 5016 iras,
3389 4961 3512 5004 tunc
3542 4949 3758 5003 demum

2167 5042 2478 5107 fortissime,
2510 5042 2578 5097 de
2601 5043 2697 5096 Dei
2720 5040 2848 5095 fisus
2879 5041 3095 5107 auxilio,
3126 5047 3375 5110 totusque
3397 5038 3452 5092 in
3482 5037 3759 5094 charitatis

2167 5139 2329 5202 atque
2359 5130 2674 5184 humilitatis
2707 5129 2915 5184 solutus
2963 5128 3235 5195 affectum,
3285 5126 3674 5181 instantissime
3705 5142 3762 5181 ac

2167 5219 2536 5284 devotissime,
2569 5218 2792 5273 offensis
2812 5261 2824 5284 ,
2858 5232 2960 5288 pro
2989 5217 3074 5272 his
3105 5216 3197 5288 qui
3235 5215 3595 5283 offenderant,
3630 5231 3759 5285 sup-

2167 5308 2421 5378 plicabat.
2447 5307 2492 5363 Ο
2523 5308 2733 5378 quoties
2783 5307 2974 5361 salutis
3019 5306 3268 5360 humanm
3312 5303 3468 5374 quasi
3535 5311 3760 5359 cazcatus

2166 5395 2460 5462 desiderio,
2493 5395 2549 5450 in
2569 5411 2792 5452 cmnosa
2822 5411 2882 5451 se
2910 5410 3011 5466 pro
3041 5393 3243 5449 talibus
3271 5393 3450 5448 causis
3479 5391 3600 5448 loca
3630 5408 3759 5464 pro-

534 5573 636 5637 (25)
663 5573 792 5623 Loco
814 5572 1047 5633 specialis
1069 5573 1120 5624 in
1144 5573 1299 5626 altero
1323 5577 1490 5628 nostro
1511 5586 1607 5626 ms.
1633 5572 1807 5637 legitur
1829 5574 2132 5642 spiritantia,
2160 5575 2284 5642 quod
2308 5578 2359 5627 et
2380 5575 2586 5638 margini
2609 5574 2737 5638 apud
2756 5574 2950 5628 Surium
2969 5572 3242 5639 appositum
3268 5575 3362 5624 est.
