3940 6410
172 263 283 314 ’ΤΠ

1253 261 1412 315 VITA
1455 262 1509 316 S.
1554 259 1872 317 HUGONIS
1911 261 2430 318 GRATIANOPOL.

3389 263 3492 317 778

171 383 311 452 jecit
343 383 356 438 ι
395 382 616 454 quoties
645 383 715 438 ad
743 382 912 453 pedes
945 383 1430 454 contemptibilium
1476 385 1637 440 etiam
1667 401 1792 454 per-
1811 387 1866 447 A
1897 384 1941 438 si
1975 385 2270 450 humilitas,
2305 387 2424 457 quis
2443 384 2744 454 dejectior?
2773 386 2818 440 si
2850 386 3220 456 elecmosyna,
3246 385 3367 455 quis
3387 385 3499 440 lar-

176 485 452 525 sonarum
481 471 574 526 diu
605 477 907 540 prostratus
933 471 1103 538 jacuit
1130 470 1141 525 l
1177 472 1292 526 Nec
1323 471 1501 537 facile,
1527 472 1636 525 imo
1660 488 1799 542 pene

174 573 471 630 nunquam
502 556 871 612 frustrabatur
901 558 1138 628 Optatis;
1172 573 1299 612 nam
1329 567 1380 613 et
1410 560 1457 613 si
1486 560 1576 630 qui
1595 575 1799 630 negas-

179 654 326 712 sent,
366 661 481 700 non
511 646 684 700 solum
715 645 906 716 gratis,
934 645 1033 700 sed
1060 653 1111 699 et
1141 661 1265 700 cum
1287 646 1656 702 satisfactione
1676 663 1800 717 poe-

179 733 451 799 nitentes,
479 732 778 788 offerebant
818 741 1010 804 postea
1046 749 1155 788 non
1205 735 1423 805 roganti
1451 736 1596 805 quod
1625 750 1802 805 nega-

179 829 387 878 verant
419 821 771 892 supplicanti.
805 821 1034 875 Tantam
1065 822 1268 892 quippe
1305 838 1466 876 omne
1495 839 1667 893 genus
1697 825 1801 877 ho-

181 908 404 964 minum
426 909 479 964 ei
528 908 891 965 reverentiam
936 908 1236 974 deferebat,
1275 918 1333 963 ut
1362 911 1534 964 Deum
1564 911 1803 982 graviter

183 995 496 1052 offendisse
525 1013 586 1052 se
615 997 868 1053 crederet
918 996 1167 1068 quisquis
1225 997 1274 1052 ei
1305 998 1578 1068 postulata
1607 1014 1808 1069 negas-

183 1092 287 1142 set.

258 1177 352 1229 22.
389 1173 513 1228 Fuit
542 1173 699 1228 etiam
747 1171 1070 1243 praedicator
1098 1173 1397 1244 egregius;
1439 1182 1557 1228 erat
1602 1174 1802 1244 quippe

189 1276 302 1316 non
323 1260 682 1317 mediocriter
711 1260 1001 1316 litteratus.
1043 1261 1150 1315 Sed
1183 1268 1234 1315 et
1265 1261 1486 1332 ingenio
1510 1269 1560 1316 et
1588 1276 1801 1315 memo-

196 1351 280 1403 ria
309 1350 458 1404 bene
485 1349 749 1420 praeditus
777 1355 913 1411 erat,
946 1348 1265 1419 inquantum
1313 1349 1568 1403 molestia
1609 1349 1802 1418 capitis

194 1452 307 1492 non
356 1437 741 1501 obtundebat;
774 1451 898 1490 nam
930 1444 978 1490 et
1012 1436 1219 1492 litteras
1249 1452 1377 1491 suas
1405 1437 1522 1507 ipse
1545 1437 1797 1502 dictabat,

197 1541 292 1580 eas
321 1524 634 1596 praesertim
667 1539 894 1596 quarum
925 1525 975 1578 ei
1005 1539 1138 1579 cura
1158 1525 1484 1595 propensior
1513 1533 1650 1579 erat.
1675 1525 1802 1579 Ideo

195 1620 382 1667 autem
433 1612 743 1682 praedicans
762 1611 968 1667 facilius
989 1612 1276 1680 suadebat,
1302 1613 1429 1682 quia
1458 1613 1603 1683 quod
1622 1612 1803 1667 verbis

1902 473 2024 541 gior
2044 474 2072 528 ?
2094 473 2139 527 si
2159 474 2352 537 oratio,
2378 474 2500 545 quis
2521 474 2811 529 devotior?
2843 475 2888 528 si
2909 474 3274 544 lacrymarum
3294 473 3497 544 gratia,

1903 560 1958 613 in
1991 577 2096 630 quo
2120 560 2393 616 effusior?
2424 561 2469 615 si
2499 562 2905 632 contemplatio,
2942 562 2994 614 in
3026 577 3134 631 quo
3166 561 3496 616 sublimior?

1903 647 1949 702 si
1979 647 2285 710 tolerantia.
2320 649 2442 719 quis
2473 649 2526 704 in
2560 650 2904 704 tribulatione
2923 648 3114 704 fortior
3136 649 3164 703 ?
3195 648 3241 702 si
3269 649 3494 717 iustitia,

1903 735 2025 806 quis
2054 736 2350 790 districtior
2371 737 2399 790 ?
2430 736 2477 790 si
2506 737 2812 808 prudentia,
2847 737 2972 807 quis
3004 736 3453 807 circumspectior
3471 736 3500 790 ?

1905 823 1951 876 si
1983 824 2362 895 temperantia,
2400 824 2521 895 quis
2551 825 2938 880 moderatior?
2970 827 3193 893 Verum,
3225 839 3346 880 cum
3377 824 3499 880 talis

1905 919 2050 966 esset
2081 926 2146 966 ac
2195 919 2392 977 tantus,
2425 912 2544 983 ipse
2592 920 2794 978 tamen,
2821 913 2980 980 juxta
3011 911 3142 966 illud
3172 912 3498 984 Evangelii:

1909 1019 1930 1049 ι
1968 999 2100 1053 Cum
2129 998 2368 1054 feceritis
2397 1000 2604 1063 omnia,
2637 1000 2799 1055 dicite
2834 1015 2845 1054 :
2883 1000 3036 1055 Servi
3068 999 3285 1054 inutiles
3311 1015 3501 1054 sumus

1903 1087 2068 1155 (Luc.
2109 1102 2248 1155 xvn,
2285 1089 2412 1156 10);
2448 1104 2507 1142 se
2551 1086 2968 1153 infructuosum,
3001 1103 3060 1142 se
3090 1103 3307 1158 semper
3335 1103 3502 1143 accu-

1905 1189 2030 1228 sare
2050 1190 2159 1229 non
2189 1175 2724 1243 cessabatinutilem,
2753 1175 2844 1246 qui
2867 1175 3106 1245 episcopi
3138 1175 3318 1230 locum
3338 1189 3504 1231 occu-

1903 1271 2078 1332 paret,
2114 1263 2356 1332 episc0pi
2377 1263 2842 1319 honoriﬁcentiam
2867 1263 3185 1334 susciperet,
3211 1262 3503 1334 episcopa-

1905 1350 1978 1404 lia
2008 1351 2150 1404 bona
2180 1359 2544 1418 consumeret,
2579 1351 2824 1422 episcopi
2854 1367 2986 1406 vero
3015 1367 3114 1407 nec
3142 1351 3368 1416 merita,
3401 1365 3505 1408 nec

1906 1438 2111 1493 fructus
2139 1439 2384 1493 haberet.
2426 1439 2495 1492 Et
2526 1448 2670 1494 certe
2690 1447 2892 1510 praesto
2925 1447 3075 1495 erant
3126 1455 3248 1510 quae
3280 1444 3505 1510 possent

1904 1525 2072 1581 menti
2102 1526 2216 1594 ejus
2240 1541 2348 1581 non
2377 1526 2542 1584 modo
2573 1527 2819 1582 solamen
2852 1526 3067 1593 afferre,
3111 1525 3210 1582 sed
3235 1535 3290 1581 et
3320 1527 3374 1580 in
3403 1542 3503 1580 su-

1904 1613 2171 1682 perbiam,
2222 1614 2326 1666 nisi
2371 1622 2483 1667 tam
2515 1614 2695 1668 solida
2751 1623 2917 1679 esset,
2951 1614 3229 1670 extollere.
3262 1615 3332 1669 Ut
3358 1612 3505 1668 enim

197 1699 440 1765 dicebat,
475 1699 736 1770 operibus
782 1699 1123 1754 ostendebat.
1160 1701 1228 1754 Ut
1275 1699 1418 1754 enim
1457 1702 1800 1754 commissam
1825 1728 1878 1788 Β
1908 1707 2185 1756 taceamus
2242 1717 2364 1771 quae
2402 1701 2551 1756 clero
2582 1702 2788 1772 pariter
2823 1709 2876 1756 et
2905 1701 3049 1772 plebi
3080 1718 3178 1772 per
3207 1718 3332 1756 eum
3361 1701 3508 1756 bona

197 1787 480 1843 efficacius
525 1787 817 1842 instrueret
859 1787 1096 1858 plebem,
1129 1786 1382 1842 faciendo
1439 1789 1806 1858 praeveniebat

200 1890 540 1940 sermonem,
563 1874 702 1930 sicut
731 1882 783 1930 et
811 1875 879 1929 de
909 1875 1142 1930 Domino
1175 1875 1437 1946 scriptum
1467 1884 1550 1930 est
1584 1891 1596 1930 :
1625 1899 1645 1921 α
1683 1876 1809 1946 quia

200 1963 367 2033 coepit
396 1965 563 2018 Jesus
584 1962 761 2018 facere
783 1969 836 2016 et
863 1963 1064 2018 docere
1095 1965 1242 2032 (Act.
1268 1978 1305 2028 ι,
1341 1965 1416 2032 1).
1441 1983 1462 2012 ι
1500 1963 1811 2018 lnstruebat

201 2051 373 2122 igitur
400 2051 472 2106 ad
525 2050 951 2115 confessionem,
982 2051 1249 2106 excitabat
1295 2051 1364 2106 ad
1413 2052 1807 2120 paenitentiam,

202 2148 524 2211 promptam
546 2140 616 2193 ad
635 2139 1032 2211 ignoscendum
1061 2139 1300 2194 divinam
1319 2140 1672 2194 monstrando
1695 2139 1811 2196 cle-

207 2227 516 2293 mentiam;
567 2243 670 2282 nec
725 2231 996 2298 quaerebat
1052 2227 1107 2281 in
1166 2243 1273 2298 quo
1305 2242 1337 2282 a
1381 2227 1628 2282 litteratis
1659 2228 1813 2298 quasi

211 2315 436 2387 sapiens
466 2315 802 2382 laudaretur,
837 2316 934 2369 sed
981 2315 1124 2386 quod
1156 2315 1225 2370 ab
1256 2315 1590 2369 auditoribus
1621 2324 1673 2370 et
1693 2332 1814 2369 me-

211 2402 316 2458 lius
338 2403 744 2475 intelligeretur
776 2411 829 2458 et
865 2403 1046 2458 utilius
1089 2403 1434 2458 retineretur.
1487 2404 1730 2475 Denique
1761 2404 1817 2458 in

218 2498 436 2546 tantum
481 2491 755 2546 auditores
803 2492 918 2559 ejus
966 2491 1236 2546 interdum
1284 2491 1670 2562 praedicatione
1700 2493 1816 2559 ejus

212 2580 595 2648 movebantur,
632 2587 690 2634 ut
711 2579 964 2650 capitalia
986 2580 1148 2634 etiam
1179 2580 1341 2650 aliqui
1373 2579 1618 2645 crimina,
1643 2581 1816 2634 Deum

213 2667 393 2740 magis
423 2675 682 2724 verentes
711 2682 874 2739 quam
925 2669 1194 2734 homines,
1223 2667 1441 2738 publice
1487 2668 1780 2723 faterentur
1798 2664 1820 2736 ;’

217 2755 363 2826 quod
394 2771 638 2827 sequens
675 2754 973 2811 declarabit
1007 2755 1314 2825 exemplum
1348 2755 1544 2826 :Apud
1590 2755 1818 2810 Vinnai-

224 2858 346 2898 cum
378 2853 622 2900 castrum
653 2844 790 2913 (26),
813 2844 1017 2915 populo
1073 2844 1260 2909 multo,
1305 2844 1376 2899 ad
1421 2843 1819 2899 dedicationem

226 2931 478 2988 ecclesia
508 2940 863 3005 congregato,
896 2932 1122 2987 verbum
1156 2931 1281 2986 fecit
1306 2947 1412 3002 quo
1440 2931 1496 2985 in
1525 2932 1721 2985 multas
1750 2931 1824 2985 la-

223 3034 441 3090 crymas
458 3020 798 3076 audientium
823 3019 993 3075 corda
1023 3020 1265 3075 resolvit.
1286 3020 1366 3075 Ibi
1395 3020 1652 3074 mulieres
1677 3021 1817 3084 duae,

1908 1797 2291 1858 provenerant,
2326 1804 2542 1843 eremus
2599 1789 2921 1853 Cartbusiaa,
2972 1788 3302 1844 Calesiensis
3336 1789 3509 1842 abba-

1910 1875 2003 1940 tia,
2055 1875 2408 1931 excubiarum
2438 1892 2674 1941 eremus,
2738 1876 3070 1947 regularium
3117 1876 3513 1932 canonicorum

1911 1963 2055 2033 apud
2084 1963 2410 2018 Miserenum
2439 1973 2491 2018 et
2521 1964 2665 2034 apud
2695 1963 2751 2019 S.
2814 1963 3114 2035 Georgium
3143 1964 3358 2030 domus,
3392 1963 3512 2034 ipso

1913 2050 2189 2106 adnitente
2219 2059 2520 2121 coeperant,
2552 2052 2672 2122 ipso
2717 2051 3029 2122 spiritaliter
3057 2059 3111 2107 et
3155 2051 3516 2122 corporaliter

1914 2139 2130 2194 fovente
2161 2139 2520 2210 profecerant.
2557 2140 2664 2194 Sed
2696 2139 2814 2210 ipse
2836 2139 3307 2210 imperfectionem
3337 2155 3516 2206 suam,

1916 2241 2023 2299 qua
2044 2241 2146 2282 nec
2164 2228 2458 2296 Apostolus
2481 2227 2721 2292 carebat,
2763 2227 2950 2282 dicens
2985 2241 2998 2281 :
3035 2249 3056 2275 α
3092 2229 3216 2282 Non
3245 2227 3516 2298 quodjam

1917 2314 2222 2384 acceperim
2265 2323 2356 2369 aut
2402 2314 2677 2385 perfectus
2736 2315 2835 2368 sim
2868 2315 3040 2380 (Phil.
3076 2330 3156 2380 III,
3192 2318 3302 2384 12).
3341 2337 3363 2364 ιι
3399 2323 3521 2370 tan-

1918 2403 2197 2458 tummodo
2227 2403 2513 2474 cogitans;
2547 2411 2742 2456 etcum
2775 2402 3061 2457 Psalmista
3092 2403 3308 2459 dicente
3340 2418 3353 2456 :
3391 2425 3413 2450 α
3448 2404 3519 2460 Ut

1919 2491 2110 2550 sciam.
2145 2490 2275 2560 quid
2303 2491 2446 2545 desit
2473 2491 2606 2544 mihi
2637 2491 2813 2560 (Psal.
2847 2504 3094 2556 xxxvm,
3131 2491 3219 2560 5);
3251 2506 3360 2546 non
3390 2490 3524 2562 quid

1920 2578 2022 2632 sibi
2053 2577 2260 2632 virtutis
2292 2577 2528 2643 adesset,
2564 2578 2660 2632 sed
2694 2578 2824 2648 quid
2854 2578 3073 2634 deesset
3103 2578 3286 2634 subtili
3317 2578 3514 2633 admo-

1920 2666 2049 2720 dum
2075 2665 2417 2720 discussione
2443 2666 2818 2732 considerans,
2851 2665 3215 2737 episcopalem
3246 2667 3520 2722 sarcinam

1921 2753 2098 2808 modis
2145 2753 2396 2808 omnibus
2445 2770 2646 2809 exuere
2704 2753 3086 2820 desiderabat;
3120 2770 3226 2825 qua
3254 2753 3524 2810 sententia.

1921 2842 2007 2897 vel
2051 2840 2345 2905 desiderio,
2395 2841 2530 2897 sicut
2559 2842 2614 2895 in
2671 2841 2940 2912 principio
2979 2842 3232 2907 diximus,
3273 2843 3343 2897 ab
3371 2842 3524 2898 initio

1923 2944 2036 2983 sum
2070 2928 2429 2998 promotionis
2459 2929 2526 2982 ad
2557 2937 2785 2984 mortem
2842 2946 3014 3001 usque
3043 2945 3151 2985 non
3182 2931 3379 2986 caruit.

1993 3018 2083 3072 24.
2115 3017 2224 3072 Hac
2254 3016 2418 3088 igitur
2437 3017 2715 3072 voluntate
2732 3017 2784 3071 in
2803 3017 2921 3072 dies
2942 3027 3236 3090 augmenta
3257 3026 3523 3087 sumente,

222 3078 341 3179 qua:
373 3108 540 3177 (sicut
558 3108 832 3179 apparuit)
863 3108 980 3176 ejus
1000 3108 1169 3163 verba
1197 3107 1519 3178 profundius
1539 3124 1668 3163 aure
1701 3078 1824 3163 cor-
1849 3078 1894 3137 Ο
1929 3106 2156 3160 Romam
2202 3078 2413 3175 legatos
2460 3113 2513 3160 et
2560 3105 2766 3160 litteras
2809 3105 2863 3160 in
2912 3078 3224 3177 hocuipsum
3253 3106 3322 3162 ad
3352 3078 3526 3163 vene;

221 3195 306 3250 dis
334 3195 688 3262 imbiberant,
751 3194 1097 3250 audientibus
1138 3195 1388 3265 pluribus
1447 3196 1657 3252 scelera
1685 3210 1824 3251 can-

223 3282 383 3340 fessae
415 3293 543 3340 sunt
572 3299 692 3356 quae
720 3284 1109 3339 commiserant
1137 3303 1150 3350 ;
1179 3292 1232 3339 et
1280 3283 1550 3354 posterior
1607 3284 1825 3355 quidem

225 3372 354 3442 quid
385 3372 604 3438 dixerit,
645 3387 755 3427 non
794 3371 924 3426 satis
951 3371 1217 3427 habemus
1267 3380 1641 3442 compertum;
1675 3372 1828 3442 prior

225 3469 399 3515 autem
431 3477 592 3516 suum
627 3476 686 3516 se
706 3460 946 3532 prodidit
975 3460 1243 3516 occidisse
1273 3460 1550 3515 maritum.
1582 3461 1827 3530 Cumque

224 3547 303 3601 vir
330 3548 433 3604 Dei
474 3548 630 3605 necis
681 3549 991 3621 exquireret
1037 3549 1280 3614 modum,
1343 3549 1526 3604 retulit
1556 3549 1610 3603 in
1645 3564 1826 3603 escam

225 3635 302 3690 illi
330 3652 391 3690 se
419 3636 644 3693 dedisse
671 3652 973 3704 venenum;
1005 3644 1130 3708 post
1161 3653 1284 3708 qua
1333 3637 1497 3706 jussit
1526 3645 1829 3708 praesentes

226 3722 550 3791 abscedere,
605 3731 664 3780 ut
697 3725 748 3780 ei
818 3725 1020 3790 caeteri,
1069 3725 1216 3796 quod
1271 3725 1546 3791 volebant,
1606 3723 1830 3780 liberius

225 3820 448 3880 possent
477 3812 786 3868 ostendere.
832 3813 1006 3868 Tanta
1035 3827 1166 3868 vero
1209 3812 1274 3867 ad
1333 3812 1701 3868 confitendum
1732 3811 1832 3866 fuit

229 3899 452 3972 reliqua:
503 3900 682 3972 plebis
729 3899 1007 3966 instantia,
1069 3908 1128 3955 ut
1175 3917 1243 3955 ne
1299 3899 1582 3955 dimidiam
1612 3900 1832 3972 quidem

231 3994 442 4057 partem
471 3989 610 4060 ejus,
644 3988 702 4044 in
731 3988 826 4044 tali
853 4004 1020 4059 opere
1050 3988 1206 4044 valde
1235 3987 1359 4044 licet
1382 3988 1595 4057 devota,
1627 3988 1834 4044 auscul-

230 4080 345 4130 tare
391 4077 626 4149 quiverit
675 4076 982 4132 tolerantia.
1016 4077 1131 4132 Hoc
1177 4091 1210 4131 a
1248 4076 1367 4132 viro
1398 4084 1554 4132 aetate
1583 4084 1634 4131 et
1666 4091 1831 4132 sanc-

234 4162 381 4219 titate
402 4164 710 4221 reverendo
721 4164 1040 4231 Wilhelmo,
1063 4165 1120 4219 S.
1139 4164 1429 4220 Theofredi
1450 4181 1594 4220 nunc
1613 4165 1829 4230 abbate,

234 4257 360 4308 tunc
388 4255 682 4323 monacho,
712 4269 814 4308 nos
835 4253 1163 4321 audivimus,
1194 4253 1285 4324 qui
1308 4253 1451 4307 beati
1481 4253 1580 4309 viri
1608 4270 1706 4323 per
1733 4269 1833 4307 an-

235 4353 334 4394 nos
364 4341 656 4414 plusquam
711 4341 903 4414 viginti
949 4356 1137 4396 comes
1166 4341 1369 4396 exstitit
1392 4341 1723 4396 individuus.

1926 3193 2111 3248 renda:
2149 3193 2429 3248 memorize
2459 3209 2660 3263 papam
2719 3193 2864 3248 misit
2921 3194 3217 3250 Honorium
3247 3195 3380 3264 (37).
3415 3193 3526 3250 Sed

1926 3297 2051 3337 cum
2081 3280 2244 3353 legati
2294 3281 2558 3350 postulata
2599 3297 2708 3337 non
2749 3281 3152 3353 impetrassent,
3185 3281 3296 3337 imo
3351 3281 3531 3353 magis

1923 3369 2134 3424 litteras
2165 3368 2233 3423 ad
2260 3384 2382 3423 eum
2432 3369 2828 3425 consolatorias
2879 3377 2932 3424 et
2959 3370 3031 3424 ad
3059 3370 3531 3441 perseverandum

1928 3456 2329 3512 exhortatorias
2376 3457 2736 3527 accepissent,
2771 3457 3020 3528 ipsemet,
3046 3458 3292 3528 quamvis
3321 3457 3532 3513 morbis

1928 3560 1994 3600 ac
2025 3552 2306 3600 senectute
2343 3554 2618 3616 gravatus,
2652 3561 2748 3616 spe
2779 3553 2960 3601 tamen
2989 3546 3044 3599 in
3073 3553 3354 3616 posterum
3384 3545 3533 3617 quie-

1929 3633 2117 3688 scendi
2175 3632 2483 3697 roboratus,
2545 3633 2798 3689 eumdem
2854 3633 3160 3688 Romanum
3217 3631 3531 3704 pontiﬁcem

1929 3721 2078 3777 adire
2109 3721 2337 3787 curavit,
2383 3737 2590 3793 rogans
2642 3721 2956 3794 suppliciter
2985 3729 3038 3778 et
3085 3721 3363 3778 obtestans
3412 3720 3530 3777 dari

1930 3808 2194 3865 senectuti
2222 3825 2333 3864 suae
2355 3808 2626 3865 licentiam
2651 3809 2990 3882 quiescendi,
3024 3817 3076 3865 et
3094 3808 3356 3866 Ecclesiae
3378 3810 3528 3865 Gra-

1929 3897 2334 3968 tianopolitanae
2413 3898 2698 3954 meliorem
2785 3897 2840 3953 in
2923 3915 3082 3953 suum
3137 3898 3319 3954 locum
3393 3912 3529 3968 pas-

1929 3993 2105 4040 torem
2136 3985 2523 4041 substituendi.
2563 3986 2670 4040 Sed
2701 4001 2806 4042 nec
2851 3985 2970 4057 ipse
3003 3986 3275 4058 (quamvis
3309 3985 3531 4055 multas,

1933 4082 1989 4127 ut
2023 4073 2266 4143 putabat,
2293 4073 2470 4140 justas
2503 4081 2555 4129 et
2589 4073 2757 4128 animi
2786 4082 2838 4128 et
2867 4073 3112 4144 corporis
3141 4073 3406 4144 allegaret
3435 4089 3536 4130 oc-

1934 4161 2205 4229 casiones)
2239 4161 2534 4230 impetrare
2582 4162 2770 4227 valuit,
2835 4170 2894 4216 ut
2921 4162 3024 4217 sibi
3081 4169 3288 4218 tantum
3335 4169 3388 4218 et
3417 4163 3535 4219 Deo

1935 4263 2129 4303 vacare
2173 4250 2598 4319 permitteretur.
2647 4249 2923 4305 Creditum
2954 4258 3037 4305 est
3065 4250 3211 4305 enim
3241 4250 3388 4320 quod
3418 4249 3538 4306 sola

1935 4336 2248 4392 auctoritate
2291 4346 2343 4391 et
2382 4346 2582 4392 sanctae
2633 4338 3065 4393 conversationis
3119 4337 3368 4408 exemplo
3414 4337 3538 4409 plus

305 4431 396 4484 23.
429 4430 538 4486 Sed
568 4429 784 4500 quando
807 4445 908 4484 nos
936 4430 1117 4486 omnia
1146 4430 1286 4484 bona
1316 4430 1453 4498 ejus,
1482 4430 1568 4484 vel
1601 4429 1836 4483 breviter
1861 4428 1914 4488 D
1935 4433 2121 4496 posset
2159 4425 2304 4495 plebi
2351 4425 2616 4494 prodesse
2652 4425 2911 4494 subjecta:
2939 4425 3136 4482 debilis
3170 4433 3225 4480 et
3269 4433 3534 4498 aegrotus,

237 4518 528 4588 tangendo,
543 4518 818 4574 memoria:
833 4518 1097 4573 mandare
1118 4518 1413 4588 poterimus
1424 4519 1452 4573 ?
1469 4518 1838 4589 Congesserat

240 4617 470 4676 namque
499 4605 554 4660 in
583 4606 733 4660 illum
771 4622 940 4662 unum
969 4606 1153 4662 divina
1182 4606 1361 4678 gratia
1383 4606 1639 4660 virtutum
1670 4621 1836 4661 oma-

238 4701 416 4748 menta
437 4694 689 4764 plurima,
712 4711 834 4766 qua:
861 4695 1139 4766 dispertita
1169 4711 1265 4765 per
1285 4695 1553 4766 singulos,
1573 4694 1838 4764 plurimos

239 4777 476 4836 illustres
507 4781 838 4839 sufficienter
861 4782 1038 4838 facere
1062 4791 1284 4854 possent
1305 4791 1468 4854 atque
1491 4783 1834 4852 conspicuos.

245 4865 301 4921 Si
330 4869 471 4925 enim
495 4871 747 4926 laudatur
765 4872 1006 4938 castitas,
1041 4872 1162 4943 quis
1193 4873 1284 4926 illo
1312 4872 1608 4926 mundior?
1639 4871 1684 4924 si
1716 4887 1839 4926 ser-

243 4956 416 5012 monis
446 4958 666 5025 veritas,
703 4960 824 5030 quis
861 4959 914 5014 in
941 4960 1215 5032 loquendo
1237 4960 1491 5015 cautior?
1521 4959 1567 5014 si
1589 4959 1689 5015 Dei
1705 4960 1839 5015 cha-

248 5041 394 5112 ritas,
429 5047 551 5119 quis
580 5047 918 5105 ferventior?
974 5047 1022 5104 si
1075 5048 1327 5119 proximi,
1361 5048 1482 5120 quis
1505 5047 1791 5118 benignior
1812 5049 1841 5102 ?

318 5217 734 5283 (26)Vinnaicum
760 5224 992 5283 castrum,
1040 5222 1186 5285 vulgo
1242 5221 1394 5284 Vinay
1443 5222 1712 5286 Oppidum,
1759 5235 1846 5272 sex

252 5283 314 5353 Ill.
341 5287 392 5334 P.
423 5289 484 5338 ab
512 5291 788 5341 Antoniano
812 5291 1034 5340 ccenobio
1075 5283 1278 5339 distans,
1331 5283 1382 5339 In
1429 5283 1581 5341 altero
1608 5303 1701 5341 ms.
1728 5290 1847 5353 legi-

254 5351 328 5400 tur
350 5353 654 5418 Imuaicum;
681 5361 730 5408 et
753 5358 898 5407 Surio
923 5356 1170 5418 adjectum
1194 5361 1268 5407 est
1291 5357 1593 5407 Jusnaicum.

463 5555 702 5610 ΡΑτιιοι..
745 5555 924 5611 CLIII.

1938 4527 2102 4586 quam
2133 4513 2312 4584 quivis
2340 4513 2498 4578 alius,
2534 4514 2789 4568 robustus
2837 4513 2961 4568 licet
2991 4520 3043 4568 et
3073 4528 3257 4568 sanus.
3291 4513 3537 4569 Conces-

1937 4601 2014 4656 sis
2061 4602 2245 4671 itaque
2309 4601 2523 4656 czeteris
2571 4617 2692 4673 qua:
2741 4601 2988 4671 petebat,
3040 4601 3448 4672 honoratusque
3506 4615 3542 4657 a

1939 4705 2152 4744 summo
2185 4688 2435 4760 pontifice
2465 4697 2518 4744 et
2547 4688 2860 4744 consolatus
2891 4697 2946 4742 ut
2978 4689 3168 4759 potuit,
3215 4689 3285 4744 ad
3313 4688 3541 4760 propria

1939 4777 2202 4832 remeavit
2227 4796 2240 4842 ;
2275 4777 2579 4833 dimittendi
2610 4786 2791 4833 tamen
2823 4777 3194 4848 episcOpatum
3222 4792 3333 4833 non
3362 4777 3540 4849 depo-

1941 4866 2047 4920 suit
2086 4866 2436 4920 desiderium.

2012 4958 2102 5012 25.
2129 4954 2394 5010 Defuncto
2426 4962 2603 5010 autem
2635 4954 2876 5010 Honorio
2907 4956 3041 5024 (28),
3076 4969 3198 5010 cum
3218 4970 3320 5026 per
3347 4961 3543 5026 tyran-

1942 5043 2123 5100 nicam
2154 5052 2205 5099 et
2229 5042 2634 5099 schismaticam
2655 5043 2885 5112 rabiem,
2910 5059 3021 5100 non
3051 5045 3165 5100 suis
3195 5043 3424 5113 meritis,
3449 5043 3548 5100 sed

2014 5223 2117 5285 (ρι’)
2168 5225 2414 5274 Successit
2454 5223 2645 5273 Calixto
2687 5224 2727 5273 ll
2771 5223 2987 5287 pontifici
3030 5224 3270 5274 Honorius
3309 5222 3371 5284 ll,
3421 5233 3548 5275 anno

1952 5291 2098 5348 1124,
2133 5292 2192 5338 H
2219 5293 2450 5340 Decemb.
2478 5294 2539 5341 lit
2564 5291 2684 5339 obiit
2712 5303 2878 5341 mense
2903 5291 3155 5342 Februarii
3183 5293 3294 5340 anni
3323 5292 3472 5340 H30.

2020 5357 2121 5420 (28)
2151 5359 2398 5409 Successit
2418 5357 2523 5418 jam
2548 5358 2690 5408 dictis
2718 5370 2885 5410 mense
2911 5363 2960 5408 et
2985 5371 3114 5408 anno
3138 5358 3451 5410 Innocentius
3491 5357 3553 5408 II.

3272 5556 3341 5608 23
