3940 6476
384 254 488 308 ’779

1233 253 1574 310 GUlGONIS
1612 254 1635 308 Ι
1672 250 2079 308 CARTHUSIE
2121 248 2409 305 MAIORIS
2448 248 2724 305 PRIORIS
2762 249 2826 303 V.

3569 247 3699 299 780

387 381 746 447 cognatorum
777 382 832 431 et
859 374 1083 429 fratrum
1114 373 1279 428 fultus
1307 374 1599 445 praesidiis,
1629 375 1822 429 Petrus
1851 374 1979 429 Leo-
2006 375 2060 434 Α
2081 380 2133 427 et
2166 372 2548 443 temporalium
2577 387 2765 427 rerum
2813 368 3099 425 continens
3146 366 3370 422 formas.
3412 366 3494 422 Ea
3540 380 3700 439 ergo

386 462 472 516 nis
504 463 618 533 (29)
649 462 911 518 adversus
959 469 1197 517 vestram
1245 461 1628 527 innocentiam,
1661 477 1781 533 quae
1808 461 1981 516 beatae

385 550 667 607 memorias
719 550 960 605 Honorio
1015 557 1392 617 successerat,
1440 550 1769 617 emersisset,
1821 556 1982 619 atque

387 638 494 693 hoc
575 637 659 691 vir
736 638 836 692 Dei
923 638 1229 693 certissime
1303 638 1711 708 comperisset,
1776 636 1983 691 morbis

390 725 536 790 licet,
570 732 628 779 ut
655 724 912 791 diximus,
945 733 995 779 et
1038 734 1196 781 aetate
1242 734 1616 796 consumptus,
1653 725 1771 780 zelo
1801 733 1986 780 tamen

389 813 587 867 domus
618 812 739 880 Dei,
782 814 935 882 cujus
965 812 1227 884 diligebat
1267 814 1545 879 decorem,
1579 812 1818 884 perrexit
1844 811 1981 867 Ani-

386 895 530 951 cium
561 896 694 966 (30).
726 902 785 950 ut
814 895 1068 951 eumdem
1117 912 1241 952 cum
1284 896 1404 951 aliis
1458 896 1731 967 episc0pis
1761 910 1983 951 excom-

387 982 687 1038 municaret
709 982 1138 1039 schismaticum.
1179 982 1312 1052 Qua:
1341 983 1587 1054 profecto
1619 981 1986 1038 excommuni-

385 1070 548 1139 catio,
580 1078 801 1142 propter
846 1071 1217 1126 auctoritatem
1256 1071 1392 1126 tanti
1432 1070 1555 1136 viri,
1588 1070 1814 1126 contulit
1839 1069 1985 1124 mul-

383 1165 499 1213 tum
528 1166 582 1214 et
608 1158 915 1230 profectum
961 1158 1252 1213 Catholicis
1282 1167 1335 1214 et
1390 1158 1776 1213 detrimentum
1806 1156 1985 1212 schis-

383 1244 614 1302 maticis.
638 1245 710 1301 Et
736 1253 886 1302 certe
921 1253 1030 1300 tam
1061 1246 1202 1303 idem
1232 1245 1446 1315 Petrus,
1480 1261 1643 1316 quam
1671 1252 1827 1317 pater
1847 1244 1985 1313 ejus,

385 1341 577 1389 sancto
606 1333 727 1389 viro
775 1332 975 1387 multas
1038 1332 1165 1388 olim
1224 1333 1607 1388 venerationes
1646 1340 1699 1389 et
1730 1332 1990 1403 obsequia

383 1421 753 1493 praestiterant
776 1440 791 1488 ;
826 1421 922 1475 sed
945 1421 1135 1475 beatus
1161 1421 1323 1475 homo
1345 1421 1400 1475 in
1430 1420 1522 1475 tali
1543 1420 1784 1491 negotio,
1808 1420 1863 1474 id
1884 1427 1985 1486 est,

383 1509 480 1563 ubi
537 1507 949 1580 periclitabatur
981 1508 1209 1576 justitia,
1239 1524 1341 1563 nec
1370 1508 1602 1563 amicitia
1650 1508 1987 1574 ﬂectebatur,

385 1610 489 1652 nec
533 1596 776 1667 potentia
804 1596 1124 1651 terrebatur.
1156 1596 1298 1651 Nam
1327 1603 1379 1651 et
1411 1605 1535 1651 ante
1560 1595 1766 1666 aliquot
1794 1610 1988 1662 annos,

2083 461 2362 515 memoriae
2391 470 2542 532 parte
2570 459 2859 515 obliterata
2887 457 3004 512 sive
3019 454 3264 520 confusa,
3286 470 3420 525 pars
3446 454 3540 509 illa
3554 470 3699 526 qua

2084 549 2325 604 veritatis
2354 556 2405 604 et
2431 548 2653 617 justitiaa
2689 545 2964 617 totiusque
2991 543 3160 599 divini
3203 541 3379 598 cultus
3406 542 3699 613 impressa

2083 636 2241 691 lineis
2267 638 2320 691 in
2371 635 2680 690 hominibus
2714 633 2917 689 sanctis
2945 640 2999 688 et
3034 630 3247 702 angelis
3284 637 3492 685 tantum
3536 645 3695 686 con-

2084 724 2226 795 gruit
2263 724 2482 795 pietatis
2527 723 2761 789 actibus,
2818 736 2929 777 non
2973 718 3150 775 solum
3204 733 3360 790 aeque
3401 725 3460 774 ut
3504 717 3694 789 prius,

2085 828 2273 867 verum
2336 812 2501 866 etiam
2557 809 2891 867 constantior
2948 806 3220 863 interdum
3272 806 3695 877 ferventiorque

2085 900 2351 966 innotuit,
2402 900 2541 954 adeo
2595 906 2653 952 ut
2687 897 2888 952 litaniis
2939 903 2995 951 et
3050 894 3278 967 psalmis
3327 893 3694 965 pectorisque

2087 986 2515 1053 contusionibus,
2545 985 2739 1041 diebus
2766 1000 2831 1039 ac
2867 982 3119 1039 noctibus
3150 981 3347 1038 divina
3374 980 3693 1037 clementia

2088 1090 2250 1130 aures
2283 1073 2698 1144 interpellando,
2747 1071 3041 1144 religiosis,
3073 1070 3164 1142 qui
3211 1069 3314 1125 sibi
3343 1069 3694 1137 serviebant,

2087 1178 2354 1218 onerosus
2385 1162 2708 1232 plerumque
2756 1159 2913 1215 fieret
2973 1158 3255 1215 fratribus.

2157 1253 2246 1307 27.
2280 1250 2520 1305 Aderant
2560 1263 2798 1319 namque
2827 1247 2898 1302 ad
2944 1245 3294 1302 serviendum
3339 1245 3409 1313 ei,
3448 1252 3558 1301 tam
3617 1260 3698 1301 ex

2089 1338 2252 1393 sociis
2308 1336 2546 1408 propriis
2582 1351 2744 1407 quam
2801 1351 2870 1390 ex
2924 1342 3115 1391 nostra
3145 1341 3199 1390 et
3228 1333 3547 1400 Calesiensi,
3578 1347 3698 1389 nec

2088 1442 2195 1482 non
2218 1433 2271 1481 et
2290 1424 2619 1480 Excubiensi
2663 1423 2938 1488 domibus,
2975 1429 3100 1478 octo
3129 1420 3217 1477 vel
3260 1436 3478 1487 novem,
3509 1428 3565 1476 et
3590 1420 3695 1475 in-

2090 1514 2304 1570 terdum
2359 1513 2523 1568 etiam
2569 1512 2783 1577 decem,
2816 1510 3016 1581 partim
3062 1509 3306 1575 litterati,
3335 1508 3533 1579 partim
3563 1508 3698 1564 sine

2089 1601 2300 1667 litteris,
2325 1616 2516 1656 omnes
2537 1599 2782 1671 religiosi
2807 1598 3037 1664 fratres;
3062 1611 3166 1653 nec
3186 1596 3298 1652 ulla
3316 1611 3546 1667 prorsus
3566 1611 3702 1667 per-

389 1698 517 1740 cum
563 1684 832 1740 Henricus
891 1684 1191 1755 imperator
1236 1698 1434 1755 papam
1490 1684 1833 1750 Paschalem,
1868 1698 1989 1738 cum
2009 1716 2061 1777 Β
2092 1704 2227 1744 sona
2245 1688 2525 1744 smcularis
2547 1687 2617 1742 ad
2637 1687 2808 1757 ipsius
2839 1685 3225 1741 admittebatur
3254 1682 3597 1755 obsequium.
3618 1683 3698 1738 Hi

386 1777 605 1834 clericis
633 1785 687 1833 et
713 1785 867 1849 parte
889 1778 1106 1843 civium,
1139 1777 1193 1833 in
1215 1777 1450 1833 ecclesia
1481 1778 1519 1831 B
1533 1819 1546 1831 .
1585 1777 1730 1831 Petri
1750 1776 1987 1833 nefanda
2009 1771 2056 1777 “’
2089 1793 2221 1833 vero
2233 1777 2320 1831 die
2336 1784 2609 1847 noctuque
2633 1773 3014 1845 corporalibus
3030 1788 3097 1829 ac
3116 1771 3484 1843 spiritualibus
3501 1786 3705 1827 neces-

387 1866 694 1937 proditione
725 1865 982 1936 cepisset,
1018 1874 1070 1921 et
1099 1880 1288 1921 eorum
1320 1867 1413 1937 qui
1434 1881 1619 1921 secum
1640 1873 1793 1920 erant
1821 1864 1985 1936 capti,

389 1953 593 2025 pietate
621 1953 842 2020 victum,
877 1954 944 2008 ad
994 1952 1181 2008 illicita
1209 1962 1367 2023 pacta
1406 1954 1694 2025 coegisset,
1730 1952 1848 2023 ipse
1874 1968 1989 2023 prae

393 2040 625 2107 cunctis,
659 2048 717 2095 ut
748 2040 892 2111 apud
939 2041 1205 2096 Viennam
1235 2042 1350 2111 (31)
1405 2041 1985 2106 excommunicaretur,

400 2126 619 2196 eﬂ‘ecit;
655 2142 764 2199 qua
794 2127 1374 2196 excommunicatione,
1424 2128 1687 2184 Ecclesiae
1717 2144 1827 2182 suae
1875 2129 1990 2182 Do-

393 2215 543 2271 mino
576 2215 869 2271 roborante
900 2216 1242 2282 sententiam,
1282 2217 1497 2287 tyranni
1526 2216 1671 2270 illius
1700 2216 1755 2270 in
1784 2224 1995 2271 contra-

392 2304 535 2359 rium
563 2311 649 2359 est
693 2310 900 2359 mutata
946 2305 1300 2375 prosperitas,
1334 2312 1387 2359 et
1433 2304 1696 2374 imperiali
1728 2304 1991 2376 dignitate

391 2391 597 2463 privata
627 2392 983 2463 prosperitas.
1017 2392 1335 2447 Declinante
1366 2392 1535 2463 igitur
1581 2391 1993 2463 persecutiones

388 2479 600 2551 praefati
630 2480 957 2535 schismatici
988 2480 1275 2535 serenitate
1312 2488 1517 2545 vestra,
1567 2488 1620 2535 et
1666 2479 1872 2535 Gallias
1903 2479 1992 2533 in-

389 2583 599 2640 gressa,
632 2567 871 2623 occurrit
894 2568 944 2622 ei
985 2568 1284 2622 Valentiam
1317 2569 1376 2623 B.
1439 2569 1615 2639 Ilugo,
1651 2582 1773 2622 cum
1808 2567 1992 2638 lacry—

392 2655 497 2710 mis
525 2670 728 2726 rogans
760 2663 812 2709 et
862 2656 1159 2711 obsecrans
1190 2656 1358 2726 (quod
1391 2663 1441 2711 et
1471 2656 1686 2726 pridem
1732 2656 1802 2709 ab
1831 2663 1992 2710 ante-

396 2758 615 2799 cessore
645 2751 830 2799 vestro
878 2743 1149 2815 petierat),
1183 2752 1241 2798 ut
1269 2743 1477 2799 scilicet
1525 2742 1736 2798 cunctis
1768 2742 1994 2798 sarcinis

391 2838 443 2885 et
496 2830 792 2886 honoribus
830 2832 1216 2886 ecclesiasticis
1273 2831 1671 2896 absolveretur,
1704 2839 1757 2885 et
1814 2830 1996 2885 utilior

393 2918 451 2973 in
477 2918 728 2975 Ecclesia
757 2917 1263 2990 Gratianopolitana
1293 2927 1484 2990 pastor
1515 2918 1851 2990 eligeretur;
1896 2916 1995 2971 sed

393 3022 537 3062 nunc
566 3014 691 3062 tunc
722 3006 943 3077 quidem
972 3007 1265 3076 impetrare
1296 3006 1502 3077 potuit,
1537 3006 1684 3077 quod
1720 3013 1829 3060 tam
1876 3004 1994 3060 eﬂi-

395 3094 597 3150 caciter
624 3094 1005 3166 humiliterque
1034 3094 1241 3165 petivit.

1013 3235 1239 3290 CAPUT
1302 3234 1391 3289 VI.

397 3348 628 3415 Morbus,
659 3347 1024 3404 visitantibus
1052 3350 1273 3404 monita
1302 3348 1458 3415 data,
1481 3362 1653 3416 mors,
1678 3347 1992 3419 sepultura.

467 3466 558 3520 26.
592 3462 682 3519 Ab
712 3463 816 3518 hoc
846 3469 1093 3533 tempore
1135 3462 1301 3533 coepit
1329 3462 1384 3517 in
1410 3462 1528 3517 dies
1558 3462 1737 3535 magis
1784 3462 1997 3533 magis-

408 3567 512 3624 que
542 3550 780 3607 deﬁcere
820 3559 873 3606 et
900 3550 1063 3606 morti
1081 3551 1556 3607 crebrescentibus
1578 3550 1841 3605 molestiis
1861 3565 1996 3621 pro-

401 3640 689 3711 pinquare.
732 3640 778 3695 E
818 3638 1029 3694 duobus
1059 3655 1295 3711 namque
1335 3640 1550 3694 Satanae
1599 3638 1828 3711 angelis,
1862 3653 1999 3709 quos

401 3728 452 3782 ei
489 3728 560 3782 ad
594 3727 1063 3798 colaphizandum,
1122 3742 1192 3782 ne
1230 3727 1605 3795 extolleretur,
1640 3727 1798 3781 datos
1831 3741 1999 3796 supra

398 3815 699 3882 retulimus,
733 3815 1029 3870 tentatione
1059 3814 1311 3869 videlicet
1358 3823 1520 3886 atque
1549 3812 1880 3880 inﬁrmitate,
1911 3813 1998 3869 al-

398 3911 500 3969 ter,
533 3902 589 3957 id
627 3910 711 3957 est
728 3902 975 3968 tentatio,
1006 3902 1081 3956 ita
1121 3902 1416 3957 exstinctus
1447 3910 1530 3957 est
1561 3910 1617 3956 ut
1672 3917 1773 3957 nec
1826 3902 1997 3957 vesti-

398 3990 551 4062 gium
572 3990 689 4058 ejus
715 3989 925 4044 nullum
950 3989 1352 4060 relinqueretur
1379 4008 1393 4053 ;
1428 3989 1569 4044 alter
1600 4004 1752 4055 vero,
1783 3990 1887 4046 hoc
1917 3997 1999 4045 est

398 4076 705 4147 infirmitas,
735 4091 1061 4133 excrescere
1091 4077 1419 4149 quotidianis
1450 4094 1558 4133 non
1589 4078 1827 4133 cessavit
1854 4094 1997 4150 aug-

399 4165 615 4235 mentis,
646 4165 821 4220 donec
852 4164 945 4219 illo
973 4165 1227 4229 obeunte,
1276 4165 1392 4235 ipse
1431 4181 1647 4237 quoque
1693 4165 1902 4238 pariter
1930 4165 1998 4220 ﬁ-

400 4252 628 4309 niretur.
660 4252 768 4309 Sed
800 4268 924 4309 cum
963 4259 1016 4307 et
1046 4261 1208 4307 antea
1238 4268 1457 4323 semper
1496 4252 1681 4309 verbis
1729 4262 1783 4308 et
1811 4253 1999 4325 operi-

403 4341 524 4411 bus,
563 4341 618 4395 in
647 4341 764 4410 ejus
796 4341 961 4396 beata
989 4340 1171 4395 anima
1208 4341 1382 4396 Deum
1429 4342 1677 4397 habitare
1720 4342 1997 4411 claruerit,

2090 1864 2337 1919 sitatibus
2358 1865 2473 1933 ejus
2486 1862 2839 1918 devotissime
2871 1860 3205 1917 serviebant.
3227 1861 3379 1933 Erga
3393 1874 3550 1930 quos,
3570 1875 3701 1914 ser-

2089 1953 2292 2009 vitores
2333 1952 2587 2007 videlicet
2631 1966 2780 2017 suos,
2824 1957 3085 2022 quantum
3107 1949 3162 2003 in
3181 1947 3481 2004 humilitate
3499 1948 3701 2019 (quam

2103 2041 2245 2095 inter
2275 2048 2505 2095 caeteras
2534 2039 2764 2095 virtutes
2792 2038 3064 2110 praecipue
3106 2044 3369 2093 sectatum
3400 2050 3567 2107 supra
3592 2051 3698 2091 re-

2092 2129 2338 2199 tulimus)
2369 2128 2698 2199 profecerat,
2739 2142 3010 2198 quamque
3038 2124 3308 2195 profunde
3341 2124 3466 2195 puri
3506 2123 3701 2180 cordis

2092 2218 2266 2273 sacris
2300 2232 2427 2272 eam
2452 2217 2806 2287 impresserat
2835 2212 3165 2280 recessibus,
3190 2211 3492 2268 manifestis
3509 2220 3705 2268 osten-

2093 2306 2170 2360 dit
2213 2304 2448 2361 indiciis.
2478 2305 2620 2359 Nam
2651 2304 2696 2358 si
2725 2303 2854 2375 quid
2885 2317 3023 2372 Opus
3069 2301 3325 2369 habebat,
3348 2316 3459 2357 non
3485 2315 3518 2355 a
3546 2316 3701 2372 quo-

2094 2410 2256 2465 quam
2277 2409 2467 2449 eorum
2476 2392 2720 2462 jubendo
2733 2400 2989 2463 tanquam
3001 2390 3275 2458 dominus,
3290 2389 3389 2446 sed
3404 2389 3658 2462 rogando
3679 2407 3699 2456 ;

2093 2498 2195 2537 nec
2217 2482 2532 2547 humanam,
2556 2480 2656 2535 sed
2701 2479 2943 2535 divinam
2976 2478 3157 2549 potius
3194 2476 3699 2533 remunerationem

2092 2569 2469 2640 imprecando,
2503 2567 2818 2639 suppliciter
2846 2565 3198 2636 exposcebat,
3244 2565 3402 2621 verbi
3429 2564 3607 2637 gratia
3636 2582 3655 2619 :

2099 2678 2121 2708 ι
2147 2657 2359 2712 Exhibe
2390 2656 2477 2712 vel
2507 2655 2595 2711 fac
2624 2655 2756 2711 mihi
2803 2655 2907 2711 hoc
2936 2661 3028 2709 aut
3062 2652 3198 2709 illud
3237 2659 3465 2724 propter
3490 2654 3697 2721 Deum,

2092 2752 2151 2800 ut
2179 2746 2328 2800 Deus
2376 2744 2483 2799 hoc
2518 2742 2616 2797 tibi
2665 2742 2931 2798 retribuat
2959 2740 3017 2796 in
3064 2740 3265 2796 futuro.
3300 2765 3322 2791 η
3355 2740 3702 2796 Mirabantur

2094 2840 2277 2887 autem
2307 2840 2360 2886 et
2389 2832 2740 2887 vehementer
2788 2829 3075 2900 stupebant
3113 2828 3256 2900 quod
3294 2828 3386 2901 qui
3413 2828 3701 2898 subjectos

2094 2936 2307 2986 omnes,
2340 2927 2394 2975 et
2433 2918 2715 2990 propriam
2744 2917 3045 2989 praesertim
3086 2916 3351 2973 familiam
3395 2924 3546 2973 tanta
3586 2931 3698 2972 au-

2097 3008 2345 3064 ctoritate
2384 3014 2638 3078 tantaque
2714 3006 3006 3062 severitate
3058 3020 3258 3078 regere
3301 3005 3602 3072 consuevit,
3635 3004 3701 3059 in

2095 3095 2438 3167 aegritudine,
2495 3094 2713 3165 quando
2756 3093 2931 3150 solent
2985 3092 3096 3161 alii,
3156 3092 3336 3150 morbi
3381 3092 3694 3148 stimulante

2094 3183 2363 3248 molestia,
2417 3183 2487 3237 ad
2517 3183 2723 3237 irarum
2760 3189 2815 3237 et
2870 3181 3302 3255 indignationum
3356 3189 3535 3237 motus
3563 3196 3694 3236 esse

2094 3271 2468 3342 procliviores,
2503 3277 2708 3325 tantam
2738 3270 3232 3339 mansuetudinem,
3260 3277 3464 3325 tantam
3491 3268 3695 3324 indue-

2097 3366 2183 3413 rat
2211 3358 2588 3413 humilitatem.
2614 3359 2773 3426 Nam,
2800 3358 3013 3413 etiamsi
3067 3358 3189 3430 quis
3226 3358 3316 3416 vel
3341 3357 3555 3414 modice
3592 3372 3692 3412 re-

2095 3447 2480 3518 prehendisset
2516 3462 2661 3513 eum,
2713 3446 2803 3502 vel
2832 3446 3071 3519 aliquam
3097 3446 3407 3503 molestiam
3461 3447 3517 3501 in
3571 3445 3695 3515 ejus

2097 3534 2356 3590 famulatu
2387 3551 2449 3591 se
2467 3534 2755 3605 pertulisse
2784 3533 3027 3601 dixisset,
3051 3535 3318 3606 protimus
3346 3534 3546 3607 pugnis
3564 3549 3697 3607 gra-

2095 3624 2234 3679 viter
2253 3631 2444 3693 pectus
2463 3622 2783 3693 verberans,
2818 3639 2878 3678 se
2913 3638 3071 3678 reum
3090 3623 3383 3693 clamabat,
3416 3630 3472 3678 et
3499 3622 3693 3695 virga-

2096 3727 2219 3765 rum
2249 3710 2597 3781 disciplinam
2621 3710 2826 3782 imponi
2856 3711 2961 3766 sibi
2998 3711 3350 3767 devotissime
3388 3711 3694 3784 ﬂagitabat.

2098 3798 2257 3867 Quod
2297 3799 2424 3870 quia
2454 3798 2636 3855 cuncti
2665 3806 2892 3869 propter
2918 3798 3142 3854 multam
3192 3800 3345 3856 circa
3372 3815 3497 3856 eum
3526 3815 3694 3855 reve-

2096 3887 2331 3942 rentiam
2347 3886 2691 3953 recusabant,
2716 3886 2881 3941 ﬂebat
2906 3886 3162 3955 ubertim,
3184 3886 3694 3959 confessionemque

2096 3975 2267 4042 illam,
2302 3990 2410 4047 qua
2457 3973 2723 4045 mysteria
2753 3974 3130 4031 celebraturas
3159 3976 3237 4030 uti
3273 3975 3452 4032 fuerat
3478 3975 3689 4043 solitus,

2096 4062 2563 4118 innumerabiliter
2594 4063 2895 4133 repetebat.
2929 4063 3179 4119 Psalmos
3208 4071 3425 4136 quoque
3466 4072 3518 4120 et
3546 4063 3691 4120 divi-

2098 4167 2291 4207 narum
2351 4152 2756 4222 Scripturarum
2812 4153 3134 4221 sententias,
3184 4152 3402 4209 litanias
3448 4152 3607 4208 etiam
3636 4159 3692 4209 et

2098 4239 2376 4295 oratiOnes
2396 4239 2797 4298 ecclesiasticas
2825 4239 2915 4296 die
2947 4248 3220 4313 noctuque
3273 4240 3579 4298 incredibili
3600 4240 3692 4295 in-

2099 4326 2298 4382 stantia
2326 4326 2729 4398 frequentabat,
2790 4326 2865 4382 ita
2908 4337 2964 4383 ut
2994 4335 3154 4384 nocte
3189 4343 3301 4384 una
3343 4328 3508 4400 (sicut
3533 4328 3693 4384 nobis

403 4434 519 4485 tum‘
534 4430 809 4501 praecipue
837 4429 892 4483 in
910 4429 1015 4484 hac
1036 4427 1364 4484 inﬁrmitatis
1386 4429 1674 4486 afﬂictione
1696 4438 1993 4501 postrema,

2100 4416 2282 4471 veraci
2311 4415 2620 4471 narratione
2650 4414 2884 4472 relatum
2941 4416 3045 4488 est)
3075 4416 3389 4474 Dominicas
3417 4416 3693 4472 orationes

404 4517 524 4588 quis
554 4517 641 4574 vel
670 4518 857 4589 quanti
886 4518 1027 4572 foret
1077 4517 1275 4586 meriti,
1308 4525 1361 4572 et
1415 4534 1579 4590 quam
1636 4518 1849 4574 sincero
1879 4519 1996 4574 Do-

401 4605 608 4660 minum
633 4614 989 4662 veneraretur
1025 4604 1240 4675 affectu,
1266 4614 1320 4661 et
1355 4622 1519 4677 quam
1550 4622 1682 4663 vera
1708 4606 1997 4662 dilectione

402 4694 456 4748 in
489 4702 597 4749 tam
618 4693 874 4749 diuturna
904 4694 1013 4749 vita
1044 4709 1142 4748 sua
1166 4694 1434 4762 justitiam
1472 4695 1865 4766 veritatemque
1894 4695 1995 4750 de-

401 4781 690 4849 fensasset,
720 4781 893 4837 latere
914 4797 1021 4835 non
1053 4781 1225 4852 potuit
1250 4800 1265 4849 ;
1302 4798 1426 4837 nam
1448 4798 1547 4853 per
1567 4783 1813 4850 ejusdem
1843 4782 1997 4836 infir-

399 4870 599 4925 mitatis
661 4870 885 4925 nimiam
930 4869 1275 4937 violentiam,
1324 4871 1504 4925 deleta
1555 4872 1641 4926 vel
1678 4871 1998 4942 perturbata

399 4966 483 5014 est
527 4974 667 5029 pene
690 4966 799 5014 tota
845 4957 1132 5028 memoria,
1166 4958 1221 5012 in
1270 4973 1336 5013 ea
1368 4959 1631 5014 duntaxat
1683 4967 1839 5031 parte
1874 4976 1996 5032 quae

398 5044 557 5100 bonis
584 5046 852 5116 malisque
895 5045 1196 5100 communis
1226 5053 1327 5112 est,
1361 5053 1415 5100 et
1471 5046 1629 5101 bonis
1686 5047 1755 5102 ad
1788 5048 1991 5116 bonos,

398 5132 557 5187 malis
579 5133 647 5187 ad
677 5133 851 5187 malos
884 5133 1256 5188 indifferenter
1285 5150 1415 5188 usus
1438 5134 1698 5201 deservit,
1740 5135 1994 5190 localium

468 5309 564 5373 (29)
609 5311 779 5361 Petrus
824 5310 1003 5361 Leonis
1050 5312 1297 5362 Romanus
1327 5350 1341 5374 ,
1385 5325 1512 5363 anno
1582 5313 1746 5373 1190,
1798 5314 1994 5363 creatus

397 5376 678 5438 cardinalis,
706 5377 935 5439 antipapa
960 5377 1120 5427 dictus
1164 5378 1429 5428 Anacletus
1454 5380 1524 5438 ll,
1569 5380 1628 5429 de
1671 5392 1765 5440 quo
1806 5382 1995 5440 egimus

400 5443 462 5493 10
481 5442 625 5493 Febr.
651 5443 700 5492 in
722 5444 820 5492 vita
851 5447 904 5492 δ.
932 5444 1177 5493 Guilielmi
1205 5446 1442 5507 eremitze,
1468 5446 1725 5495 occasione
1748 5446 1992 5495 Guilielmi

398 5510 555 5559 ultimi
579 5509 713 5559 ducis
739 5510 1031 5571 Aquitanize,
1058 5523 1088 5559 a
1112 5512 1165 5560 S.
1192 5512 1442 5561 Bernardo
1470 5513 1532 5563 ab
1557 5510 1704 5572 hujus
1728 5512 1993 5565 schismate

400 5576 460 5625 ad
484 5576 755 5627 Innocentii
782 5577 823 5625 ll
848 5576 1179 5626 obedientiam
1207 5577 1414 5627 reducti.

2098 4510 2366 4559 trecentas
2387 4504 2704 4574 expleverit.
2729 4505 2973 4576 Cumque
3000 4521 3033 4559 a
3061 4505 3420 4562 servientibus
3440 4504 3543 4560 sibi
3562 4518 3690 4560 cor-

2097 4592 2386 4664 riperetur,
2421 4593 2567 4664 quod
2611 4593 2729 4649 haec
2759 4593 2975 4664 agendo
3003 4609 3116 4649 non
3144 4594 3323 4650 solum
3360 4608 3460 4650 suo
3487 4592 3688 4665 fatiga-

2096 4680 2299 4736 tionem
2328 4681 2561 4751 corpori,
2597 4681 2695 4736 sed
2724 4681 2887 4737 etiam
2913 4690 3211 4754 augmenta
3239 4681 3513 4754 praeberet
3531 4678 3686 4736 inﬁr-

2095 4769 2285 4836 mitati,
2317 4768 2681 4840 respondebat
2730 4769 2841 4837 ille,
2882 4785 2994 4826 non
3048 4771 3225 4826 solum
3283 4786 3396 4827 non
3422 4769 3547 4825 hinc
3576 4769 3686 4824 suis

2095 4855 2432 4912 incrementa
2460 4857 2716 4924 miseriis,
2762 4857 2861 4914 sed
2917 4858 3144 4931 insuper
3170 4873 3376 4933 magna
3402 4857 3687 4930 provenire

2095 4944 2361 5000 remedia.

2163 5037 2253 5089 28.
2278 5033 2355 5088 Ita
2383 5033 2583 5104 quippe
2613 5033 2697 5088 his
2717 5042 3039 5090 assueverat
3068 5034 3282 5103 studiis,
3306 5042 3359 5091 et
3387 5035 3463 5090 ita
3490 5033 3678 5091 dulce-

2093 5120 2277 5176 dinem
2306 5121 2503 5177 divinaa
2530 5121 2708 5176 laudis
2738 5130 2792 5177 et
2817 5123 3216 5197 obsecrationis
3236 5123 3548 5179 medullitus
3577 5122 3677 5177 im-

2160 5294 2262 5355 (50)
2291 5294 2512 5345 Anicium
2555 5307 2642 5345 seu
2679 5294 2881 5346 Podium
2907 5297 2964 5347 Β.
2992 5296 3161 5347 Maria:
3203 5297 3254 5348 in
3297 5295 3570 5360 Arvernis,
3609 5295 3685 5347 ubi

2092 5360 2334 5411 Gerardus
2357 5374 2435 5424 ep.
2464 5362 2847 5424 Engolismensis
2872 5362 3123 5425 depositus
3143 5366 3236 5415 est.

2159 5453 2263 5517 (3t)
2292 5456 2432 5504 Anno
2460 5454 2608 5517 1119,
2649 5455 2855 5518 praeside
2897 5454 3118 5506 Guidone
3160 5455 3384 5518 archiep.
3428 5454 3684 5517 Viennam,

2092 5522 2140 5569 et
2151 5520 2312 5588 valde
2332 5519 2661 5588 conabor-ante
2703 5522 2758 5573 S.
2802 5520 3111 5587 Godet‘redo,
3138 5534 3217 5588 ep.
3244 5520 3582 5583 Ambianensi,
3610 5523 3688 5586 qui

2093 5585 2269 5636 colitur
2289 5586 2321 5633 8
2342 5584 2581 5636 Novemb.
