3940 6416
25 402 126 454 781

1095 399 1257 453 VITA
1297 398 1354 454 S.
1398 395 1714 454 HUGONIS
1753 397 2274 456 GRATIANOPOL.

3233 407 3339 464 782

18 523 259 590 biberat,
295 529 355 577 ut
387 535 512 578 cum
543 528 742 577 caetera
787 537 927 593 pene
958 521 1138 577 omnia
1167 538 1265 593 per
1294 521 1627 593 passionem,
1653 528 1707 584 Α
1736 523 1933 580 divinis
1968 524 2247 581 beneficiis
2287 541 2395 581 non
2435 528 2552 582 sine
2600 529 2835 598 pectoris
2863 530 3182 587 contusione
3213 546 3345 588 con-

12 619 68 664 ut
96 610 474 680 praediximus,
509 610 699 680 capitis
729 610 797 665 de
830 611 1092 666 memoria
1119 610 1485 684 diffugissent,
1518 612 1637 666 hac
1665 657 1676 664 .

8 715 246 770 prorsus
279 699 348 754 de
379 697 720 754 sanctissima
763 699 881 769 ejus
925 707 1108 753 mente
1144 699 1287 754 nulla
1337 699 1423 754 vel
1469 699 1638 769 phre-

10 787 167 841 nesis
197 787 286 842 vel
331 786 556 841 alterius
598 786 778 842 morbi
824 786 876 842 vi
921 787 1188 857 potuerint
1238 787 1469 842 aboleri.
1525 788 1640 841 Imo

17 882 174 929 tanto
240 874 360 930 hinc
429 873 718 929 instantius
782 881 836 929 et
877 873 1251 930 delectabilius
1302 873 1639 940 revolvebat,

15 970 228 1034 quanto
260 970 480 1032 caetera,
512 961 786 1018 oblivione
830 977 1047 1034 quoque
1070 962 1317 1032 juvante,
1349 961 1524 1016 rarius
1552 961 1640 1015 in-

13 1051 330 1105 cursabant.
379 1051 446 1105 Et
495 1065 621 1106 cum
667 1050 1009 1122 plerumque,
1055 1051 1158 1106 hac
1204 1050 1320 1121 ipsa
1366 1049 1642 1105 oblivione

15 1147 275 1211 cogente,
308 1139 400 1193 ubi
423 1146 589 1205 esset,
617 1137 706 1194 vel
726 1153 850 1195 cum
871 1138 1088 1210 quibuis
1109 1146 1274 1206 esset,
1300 1137 1538 1193 nesciret
1559 1137 1641 1190 in-

17 1234 332 1299 terrogatus
362 1233 547 1281 tamen
577 1226 748 1281 dehis
768 1243 890 1299 quae
906 1226 977 1281 ad
991 1226 1257 1295 justitiam
1278 1225 1644 1296 religionem-

15 1331 127 1386 que
146 1314 515 1386 pertinebant,
543 1314 660 1370 sine
681 1314 1024 1371 cunctatione
1049 1313 1402 1372 veracissime
1425 1313 1640 1384 sapien-

20 1402 348 1475 tissimeque
416 1403 804 1474 respondebat.
867 1403 1006 1459 Nam
1055 1419 1178 1458 cum
1222 1402 1395 1457 falsus
1438 1416 1632 1456 rumor

24 1491 234 1547 exisset
315 1491 462 1562 quod
536 1491 722 1546 comiti
772 1491 1017 1546 Amedeo
1083 1490 1218 1562 (32),
1279 1489 1371 1561 qui
1425 1487 1644 1544 comitis

35 1578 306 1648 Umberti,
335 1579 508 1650 patris
526 1578 780 1635 videlicet
801 1579 904 1648 sui,
926 1586 1146 1634 secutus
1177 1577 1503 1648 exemplum,
1536 1592 1648 1632 non

24 1668 290 1738 exiguam
334 1667 496 1723 beato
547 1667 665 1722 seni
729 1667 1092 1724 reverentiam
1145 1666 1468 1732 exhibebat,
1504 1664 1648 1719 filius

31 1764 196 1810 natus
235 1755 446 1822 fuisset,
501 1762 918 1826 qumrerentque
967 1754 1061 1826 qui
1111 1754 1443 1810 assistebant
1491 1753 1542 1808 ei
1581 1769 1649 1807 an

1741 620 1970 668 testans.
2006 613 2251 681 Quadam
2281 623 2460 670 autem
2482 615 2600 672 vice
2619 617 2841 687 quidam
2871 635 2936 672 ex
2966 619 3149 686 sociis,
3182 621 3348 675 tantis

1741 702 1858 770 ejus
1888 701 2104 757 ﬂetibus
2136 711 2298 774 atque
2331 704 2581 775 suspiriis
2611 713 2810 772 motus,
2844 707 3001 778 quasi
3031 708 3350 764 consolatu-

1741 806 1835 844 rus
1871 806 1884 845 :
1923 811 1945 840 ι
1982 789 2145 859 Quid,
2178 792 2365 862 inquit,
2391 793 2567 861 Pater,
2598 800 2802 848 tantum
2823 794 3060 866 plangis,
3091 812 3216 852 cum
3245 811 3350 852 nec

1741 877 2114 948 homicidium,
2145 895 2248 935 nec
2269 880 2585 950 perjurium,
2609 897 2710 936 nec
2732 882 2878 936 aliud
2909 884 3038 954 quid
3068 884 3350 942 criminale

1743 966 2136 1022 commiseris?
2171 992 2192 1016 ιι
2227 968 2479 1023 Protinus
2531 969 2622 1023 ille
2653 987 2666 1022 :
2704 991 2726 1020 ς
2774 969 2918 1037 Quid
2975 971 3096 1040 hoc,
3153 972 3345 1044 inquit,

1743 1054 1926 1122 refert,
1957 1070 2080 1110 cum
2110 1056 2229 1112 sola
2277 1057 2542 1126 cupiditas
2580 1066 2633 1113 et
2674 1058 2901 1124 vanitas,
2935 1059 2981 1113 si
3017 1059 3202 1115 divina
3239 1076 3351 1117 non

1743 1142 1885 1196 adsit
1901 1142 2208 1211 clementia,
2231 1144 2524 1214 perditioni
2535 1146 2747 1215 possint
2759 1147 3006 1202 humanae
3021 1146 3306 1203 sufﬁcere?
3323 1172 3346 1197 η

1745 1229 1889 1299 Quid
1920 1232 2240 1302 prudentius
2283 1239 2375 1287 aut
2411 1234 2853 1304 compendiosius
2896 1235 2967 1288 ab
3014 1235 3272 1291 incolumi
3300 1243 3354 1292 et

1747 1319 1975 1390 integra
2004 1319 2284 1375 memoriae
2315 1321 2487 1391 potuit
2508 1322 2872 1393 responderi?
2902 1322 3095 1378 Omnia
3125 1341 3246 1396 qua:
3262 1324 3351 1381 vel

1747 1407 1876 1462 boni
1907 1407 2013 1477 piis
2042 1408 2235 1462 studiis
2267 1417 2607 1477 aversantur,
2641 1411 2728 1466 vel
2756 1411 2882 1465 mali
2911 1412 3235 1482 perniciosis
3260 1413 3350 1468 ni-

1747 1494 1899 1550 sibus
1923 1503 2325 1564 consectantur,
2359 1497 2572 1553 duobus
2601 1498 2806 1569 verbis,
2841 1500 3146 1570 cupiditatis
3175 1508 3228 1558 et
3258 1517 3352 1558 va-

1745 1582 1949 1649 nitatis,
1976 1583 2212 1639 inclusit.

1820 1674 1880 1725 31
1895 1713 1908 1726 .
1929 1671 2147 1727 Diensis
2169 1672 2329 1728 etiam
2343 1673 2631 1745 episcopus
2642 1675 2894 1730 dominus
2907 1675 3197 1734 Odolricus
3213 1680 3348 1750 (35),

1747 1774 1888 1814 unus
1919 1776 1986 1816 ex
2015 1761 2133 1829 ejus
2182 1761 2434 1832 alumnis,
2465 1770 2518 1818 et
2561 1763 2616 1816 in
2660 1763 2911 1820 Ecclesia
2942 1765 3354 1840 Gratianopoli-

27 1861 153 1900 eum
185 1844 351 1900 vellet
380 1845 499 1914 ipse
531 1843 822 1914 baptizare,
873 1843 1018 1899 illico
1064 1859 1173 1898 non
1223 1842 1340 1898 sine
1388 1857 1650 1912 asperna-
1678 1871 1730 1932 Β
1751 1856 1879 1904 tana
1909 1864 2009 1920 per
2038 1863 2230 1906 omnes
2277 1850 2516 1906 honores
2545 1868 2718 1924 usque
2767 1853 2837 1908 ad
2867 1853 3189 1911 decanatum
3238 1857 3357 1929 (qui

26 1934 178 1988 tione
209 1932 555 2004 respondens
589 1947 602 1985 :
639 1954 660 1979 α
697 1932 840 1998 Non,
886 1931 1078 2003 inquit,
1112 1947 1144 1986 a
1175 1947 1282 2003 quo
1313 1930 1434 2002 quis
1465 1929 1646 2000 bapti-

23 2029 182 2076 zetur
213 2020 516 2077 curandum
546 2027 628 2075 est
655 2021 791 2092 (33),
828 2035 950 2076 cum
981 2019 1303 2091 baptismus,
1337 2034 1370 2073 a
1399 2035 1645 2090 quocun-

26 2127 132 2181 que
165 2109 352 2176 datus,
396 2109 463 2164 sit
512 2125 730 2180 semper
759 2107 925 2164 idem.
963 2132 985 2158 ιι
1040 2109 1172 2164 Item
1218 2107 1647 2179 disceptantibus

22 2199 168 2254 inter
197 2214 261 2253 se
291 2197 384 2269 qui
414 2197 641 2253 aderant
671 2196 792 2268 quis
841 2211 1219 2253 successorem
1259 2197 1397 2265 ejus,
1430 2211 1495 2251 eo
1525 2195 1646 2266 ipso

22 2293 251 2357 petente
300 2285 418 2354 jam
473 2285 723 2352 electum,
779 2284 835 2339 in
892 2285 1228 2341 sacerdotem
1276 2291 1641 2349 consecraret,

32 2374 288 2429 similiter
314 2373 629 2446 indignatus
687 2373 971 2444 respondit
1019 2389 1131 2428 non
1162 2372 1478 2445 eligendum
1507 2372 1648 2425 intra

32 2461 351 2518 Ecclesiam
380 2461 702 2517 catholicam
723 2460 1114 2530 ordinatorem,
1149 2476 1294 2526 cum,
1322 2459 1447 2514 licet
1477 2459 1649 2513 diver-

31 2551 108 2605 sis
135 2558 189 2606 et
220 2565 258 2604 a
283 2548 518 2605 diversis
547 2548 731 2603 datum
765 2548 1151 2616 sacerdotium,
1184 2563 1292 2603 non
1323 2547 1495 2618 possit
1525 2561 1647 2601 esse

34 2638 339 2694 diversum.
392 2637 788 2709 Indignabatur
834 2645 1016 2692 autem
1045 2636 1098 2692 in
1127 2635 1324 2690 talibus
1353 2634 1567 2691 facilius
1597 2641 1649 2688 et

33 2725 442 2796 vehementius,
476 2725 604 2798 quia
632 2725 721 2782 vel
767 2724 1019 2780 dubitare
1049 2725 1106 2778 in
1135 2723 1221 2778 his
1250 2722 1649 2793 blasphemiam

31 2814 333 2887 deputabat
345 2855 360 2868 .
703 2811 706 2816 ’

95 2907 190 2961 29.
223 2901 653 2959 Accurrentibus
702 2901 864 2957 etiam
896 2901 967 2956 ad
1013 2899 1345 2958 visitandum
1375 2915 1502 2955 eum
1531 2897 1647 2954 cle-

38 2991 166 3048 ricis
191 2998 251 3048 et
278 2989 454 3057 laicis,
487 2990 620 3044 satis
649 2989 880 3045 multum
919 2989 1303 3046 venerabiliter
1332 3002 1398 3043 ac
1429 2987 1646 3054 devote,

33 3087 133 3151 pro
164 3078 417 3151 personis
446 3086 501 3133 et
529 3077 738 3144 ofﬁciis,
770 3077 1007 3133 monitus
1045 3076 1434 3132 saluberrimos
1464 3074 1650 3129 infun-

44 3169 230 3223 debat.
286 3168 434 3222 Inter
493 3182 630 3238 quos
681 3166 991 3238 Guigonem
1033 3165 1324 3233 Desiderii,
1374 3179 1540 3218 unum
1581 3163 1651 3217 de

35 3256 343 3325 majoribus
370 3264 495 3326 post
540 3253 814 3324 comitem,
863 3269 1001 3327 erga
1029 3270 1088 3310 se
1117 3269 1233 3325 pra;
1263 3251 1447 3308 multis
1477 3251 1650 3306 devo-

45 3353 175 3411 tum,
199 3360 331 3400 cum
358 3343 512 3398 flexis
533 3342 764 3414 genibus
792 3342 891 3413 (ita
907 3342 1108 3414 quippe
1136 3357 1327 3396 omnes
1357 3338 1650 3409 faciebant)

40 3441 163 3488 ante
207 3433 412 3489 lectum
463 3433 579 3501 ejus
620 3431 1061 3489 benedictionem
1108 3432 1402 3503 ﬂagitaret,
1457 3449 1650 3491 severa

38 3521 411 3593 increpatione
441 3521 718 3592 corripuit,
763 3521 953 3576 dicens
982 3537 1126 3588 eum,
1178 3521 1405 3591 injustas
1432 3523 1488 3577 in
1516 3522 1651 3577 sub-

39 3610 178 3665 ditos
208 3609 526 3666 exactiones
555 3608 823 3678 faciendo,
857 3608 1054 3665 animae
1103 3625 1217 3665 sua:
1245 3618 1507 3681 perpetua
1535 3618 1650 3666 tor-

8 3709 12 3726 ι
41 3706 224 3753 menta
252 3697 482 3754 lucrari.
516 3697 600 3752 Ad
621 3713 742 3768 quae
771 3696 863 3752 ille
912 3696 1250 3768 stupefactus
1295 3698 1370 3754 ait
1395 3713 1504 3754 non
1535 3699 1652 3754 haec

45 3787 146 3839 sibi
193 3786 266 3840 ab
316 3785 408 3841 illo
458 3786 551 3856 qui
592 3786 705 3854 jam
753 3801 894 3856 pene
936 3786 1074 3842 inter
1115 3794 1362 3841 mortuos
1403 3787 1652 3858 deputari

45 3882 276 3944 poterat,
317 3873 414 3930 sed
443 3888 477 3927 a
504 3875 622 3928 Deo
667 3873 867 3945 potius,
919 3874 1012 3946 qui
1040 3874 1090 3929 ei
1132 3874 1490 3940 revelaverat,
1520 3875 1648 3942 dici,

43 3978 302 4020 asserens
345 3961 730 4036 gravissimam
794 3977 985 4018 revera
1031 3970 1284 4018 recenter
1327 3970 1490 4018 terrae
1539 3979 1652 4019 suae

45 4051 268 4106 multam
298 4051 645 4122 imposuisse,
675 4050 1017 4122 necdumque
1055 4051 1370 4122 accepisse,
1399 4067 1502 4108 nec
1531 4058 1654 4123 post

45 4139 158 4194 hzec
188 4140 306 4210 ejus
335 4139 541 4195 monita
570 4147 924 4210 accepturum
965 4138 1227 4210 deinceps
1257 4155 1400 4194 esse.

114 4232 202 4284 30.
253 4227 577 4284 Carnotinus
623 4227 786 4284 etiam
833 4227 1146 4298 episcopus,
1202 4228 1454 4284 dominus
1497 4227 1651 4282 Gau-

50 4315 217 4373 fridus
245 4317 383 4389 (34),
408 4332 569 4373 servo
590 4316 691 4372 Dei
711 4332 777 4372 ex
806 4331 914 4388 quo
943 4323 1102 4371 notus
1124 4315 1472 4388 singulariter
1492 4315 1653 4370 etiam

49 4405 265 4475 charus,
299 4415 425 4478 post
468 4405 834 4462 visitationem
865 4405 1050 4476 (quam
1081 4403 1132 4459 ei
1176 4411 1326 4459 tanto
1355 4403 1652 4476 gratiorem

48 4500 247 4562 quanto
294 4492 474 4566 magis
521 4492 887 4550 desideratam
937 4491 1282 4561 exhibuerat)
1324 4491 1649 4562 Valentiam,

1749 1945 1872 2007 post
1901 1937 2277 2009 episcopatum
2305 1939 2484 2008 major
2505 1939 2707 1995 ibidem
2735 1949 2817 1996 est
2846 1943 3107 2014 dignitas)
3137 1945 3205 1998 ab
3235 1945 3356 2016 ipso

1746 2034 2055 2095 provectus,
2119 2026 2243 2082 vitae
2301 2027 2577 2100 regularis
2625 2027 2869 2085 habitum
2900 2046 2999 2100 per
3031 2034 3360 2089 reverendae

1747 2128 1942 2169 manus
1979 2114 2308 2170 sanctissimi
2339 2115 2488 2171 senis
2516 2115 2840 2172 desiderans
2869 2133 3104 2186 sumere,
3129 2121 3360 2177 devotus

1747 2201 1987 2267 advenit,
2022 2201 2143 2273 ipso
2191 2203 2306 2271 jam
2352 2204 2540 2271 multa,
2589 2205 2800 2261 morbis
2827 2204 3356 2277 ingravescentibus,

1746 2289 2022 2345 debilitate
2077 2299 2328 2362 gravato.
2362 2293 2526 2360 Cujus
2571 2293 2836 2348 adventus
2880 2310 3062 2362 causa,
3094 2296 3357 2352 ministris

1745 2375 2130 2442 indicantibus,
2191 2378 2275 2433 vir
2347 2378 2536 2434 beatus
2591 2380 2792 2449 audita,
2865 2390 3013 2438 tanto
3069 2385 3358 2441 exsultavit

1747 2465 1967 2536 gaudio,
2028 2473 2286 2537 tantaque
2342 2468 2590 2537 protinus
2647 2476 2700 2523 et
2756 2469 2996 2540 repletus
3053 2471 3257 2540 laetitia,
3293 2481 3354 2529 ut

1746 2553 1944 2608 oblitus
1976 2553 2319 2620 infirmitatis,
2346 2555 2583 2611 venienti
2603 2571 2892 2613 occurrere
2919 2559 3180 2630 gestiens,
3212 2577 3356 2631 pene

1748 2657 1806 2695 se
1836 2642 1904 2696 de
1934 2640 2133 2698 lectulo
2176 2643 2618 2712 praecipitaverit.
2668 2645 2979 2701 Accedente
3025 2655 3209 2703 autem
3236 2649 3352 2720 illo,

1747 2728 2025 2785 osculatus
2055 2737 2137 2784 est
2167 2745 2310 2798 eum,
2336 2739 2389 2786 et
2413 2747 2529 2801 pra:
2557 2732 2760 2803 gaudio
2788 2733 3060 2805 lacrymas
3087 2735 3355 2792 fundens:

1753 2840 1774 2863 α
1810 2817 2005 2882 Exuat,
2061 2817 2261 2891 inquit,
2325 2826 2378 2876 te
2425 2819 2573 2874 Deus
2628 2827 2871 2877 veterem
2926 2823 3202 2880 hominem
3231 2841 3356 2881 cum

1748 2905 1959 2960 actibus
2015 2906 2148 2972 suis,
2209 2914 2262 2962 et
2326 2907 2514 2963 induat
2565 2915 2617 2964 te
2662 2923 2862 2966 novum
2887 2952 2900 2975 ,
2934 2911 3025 2982 qui
3056 2913 3355 2969 secundum

1747 2993 1921 3048 Deum
1951 3001 2166 3050 creatus
2196 3001 2280 3050 est
2315 2995 2371 3050 in
2394 2995 2604 3064 justitia
2631 3004 2684 3051 et
2713 2997 3000 3056 sanctitate
3029 3000 3287 3068 veritatis,
3325 3025 3348 3052 η

1748 3081 2033 3148 memoria,
2063 3089 2121 3136 ut
2141 3083 2258 3152 jam
2313 3083 2517 3139 dictum
2549 3092 2650 3150 est,
2713 3085 2784 3140 ad
2842 3088 3153 3144 communia
3209 3089 3353 3145 ultra

1747 3164 1912 3220 fidem
1942 3164 2248 3232 deﬁciente,
2267 3167 2352 3244 ad
2394 3167 2579 3222 divina
2610 3167 2767 3224 solito
2813 3185 3204 3243 nonnunquam
3232 3189 3354 3228 am-

1749 3253 1893 3324 plius
1922 3254 2274 3311 exuberante.
2301 3255 2438 3310 Nam
2484 3264 2533 3311 et
2563 3264 2687 3327 post
2731 3257 2900 3313 multa
2927 3260 3271 3316 sanctissima
3299 3268 3354 3317 et

1751 3342 2106 3397 saluberrima
2123 3342 2331 3398 monita
2359 3359 2483 3399 cum
2504 3344 2698 3411 abiret,
2731 3345 2963 3401 necdum
2993 3348 3129 3402 atria
3158 3356 3356 3404 cuncta

1750 3429 2055 3496 transisset,
2102 3429 2158 3484 id
2203 3430 2363 3485 etiam
2418 3431 2683 3487 mandare
2739 3433 2950 3488 curavit
2977 3441 3036 3489 ut
3064 3435 3133 3490 de
3158 3435 3352 3507 caligis

1750 3517 1980 3588 pedules
2007 3517 2370 3584 abscinderet,
2429 3527 2696 3590 quatenus
2752 3529 2952 3591 praeter
3007 3523 3178 3593 pedes
3208 3531 3352 3578 totus

1745 3607 1956 3674 jaceret
1977 3606 2233 3672 vestitus;
2264 3606 2485 3662 dolebat
2510 3607 2654 3662 enim
2681 3609 2974 3665 nonnullos
3001 3609 3057 3663 in
3088 3610 3350 3682 religioso

1750 3694 1958 3758 habitu,
1993 3694 2063 3748 ad
2119 3695 2414 3750 sanctitatis
2472 3696 2740 3764 injuriam,
2800 3698 2946 3752 tibiis
2975 3697 3214 3754 dormire
3241 3715 3349 3754 nu-

1750 3781 1914 3837 datis.
1945 3783 2074 3838 Post
2102 3784 2237 3850 haec,
2265 3783 2580 3852 juvantibus
2610 3785 2889 3852 ministris,
2921 3786 2978 3840 in
3005 3787 3224 3858 planum
3253 3787 3351 3844 de-

1752 3871 1961 3928 scendit
1983 3872 2175 3938 solum,
2202 3880 2606 3944 prostratusque
2630 3873 2684 3929 in
2706 3873 2919 3941 faciem,
2953 3891 3180 3947 magnas
3210 3877 3347 3944 Deo,

1751 3976 1852 4030 pro
1882 3975 1948 4015 eo
1978 3961 2124 4031 quod
2171 3961 2372 4016 factum
2429 3960 2622 4029 fuerat,
2651 3977 2799 4018 cum
2847 3963 3102 4035 lacrymis
3138 3964 3350 4036 gratias

1751 4048 1979 4115 obtulit;
2011 4049 2096 4104 his
2138 4048 2370 4116 indiciis,
2432 4059 2688 4122 quantum
2729 4051 2958 4106 salutem
3012 4052 3350 4110 desideraret

1751 4137 2061 4203 humanam,
2092 4153 2232 4207 pene
2257 4139 2370 4208 jam
2402 4138 2690 4195 defunctus
2716 4140 3034 4196 ostendens.

1822 4229 1910 4280 32.
1942 4225 2139 4280 Ridere
2166 4233 2365 4292 autem,
2399 4227 2483 4281 vel
2523 4227 2712 4282 otiosis
2764 4243 2956 4284 vacare
3002 4227 3207 4296 verbis,
3257 4236 3351 4285 aut

1751 4328 2003 4368 rumores
2033 4313 2250 4369 inutiles
2295 4312 2542 4380 recitare,
2595 4315 2888 4371 Servitores
2937 4331 3084 4382 suos,
3133 4332 3346 4388 nequa-

1751 4395 1922 4470 quam'
1950 4401 2218 4472 patienter
2271 4402 2541 4470 habebat;
2591 4403 2772 4458 statim
2819 4403 2966 4458 enim
3002 4405 3108 4460 hoc
3164 4403 3346 4474 ipsum

1750 4506 1942 4545 severa
1969 4489 2338 4560 increpatione
2387 4488 2655 4557 frenabat,
2696 4506 2952 4546 asserens
2981 4499 3225 4562 tempora
3249 4492 3348 4549 ﬂe-

52 4580 145 4635 ubi
195 4591 325 4638 tunc
371 4581 557 4652 eratis,
607 4582 676 4638 ad
719 4581 887 4638 vestri
928 4579 1276 4651 praesentiam
1306 4596 1648 4647 reversurus,
1671 4575 1723 4635 D
1752 4578 1895 4633 tibus
1922 4578 2108 4634 debita
2135 4585 2189 4632 et
2211 4577 2559 4648 pcenitentiaa,
2593 4578 2913 4650 occupanda
2941 4579 3211 4647 lamentis,
3244 4595 3349 4637 nec

57 4682 198 4737 cum,
238 4669 369 4741 quid
400 4686 466 4724 ex
497 4685 596 4725 sua
623 4669 782 4726 vobis
818 4677 975 4740 parte
1003 4669 1111 4725 dici
1140 4668 1476 4740 prmciperet,
1507 4683 1656 4740 qua-

56 4766 219 4825 reret,
250 4759 327 4814 ait
355 4758 445 4814 ille
473 4766 532 4813 ut
559 4775 661 4830 pro
709 4774 771 4814 se
817 4766 1000 4814 vestra
1040 4757 1349 4828 benignitas
1393 4756 1493 4812 Dei
1537 4757 1652 4812 cle-

14 4913 21 4924 ι
48 4846 307 4902 mentiam
328 4854 598 4903 exoraret.
623 4845 730 4903 Sed
760 4854 813 4902 et
832 4845 922 4902 hic
955 4861 1080 4901 cum
1100 4852 1369 4917 quaereret
1395 4845 1526 4917 quid
1555 4859 1653 4915 pro

53 4949 110 4987 se
135 4935 302 4990 vellet
329 4935 474 4991 orari
508 4952 521 4989 :
560 4957 580 4982 α
603 4935 670 4990 Ut
690 4936 856 5001 Deus,
889 4934 1082 5006 inquit,
1115 4933 1171 4988 in
1199 4949 1288 4989 me
1316 4934 1654 4989 mundanum

53 5022 377 5095 exstinguat,
430 5031 481 5078 et
529 5039 682 5078 suum
728 5021 993 5078 accendat
1037 5037 1303 5077 amorem.
1341 5045 1363 5071 »
1415 5021 1653 5092 ldipsum

53 5109 342 5182 religiosos
369 5111 578 5177 fratres,
605 5111 699 5183 qui
723 5110 972 5166 sedulum
1002 5109 1106 5166 sibi
1137 5110 1467 5165 exhibebant
1495 5110 1657 5164 obse-

55 5197 260 5267 quium,
293 5199 594 5272 saapissime
623 5198 970 5270 precabatur,
1018 5215 1176 5254 reum
1203 5215 1264 5254 se
1293 5207 1346 5254 et
1373 5198 1655 5269 indignum

126 5373 237 5437 (32)
261 5378 351 5428 Hic
376 5381 452 5428 est
478 5378 720 5428 Amedeus
749 5377 825 5437 ll,
853 5388 1016 5427 comes
1047 5377 1330 5436 Sabaudiae,
1357 5376 1481 5428 ﬁlius
1504 5378 1659 5427 Hum-

62 5437 187 5507 berti
211 5443 276 5504 ll,
303 5445 397 5503 cui,
421 5457 547 5494 anno
571 5445 720 5504 1103,
747 5445 936 5493 mortuo
964 5444 1225 5506 successit,
1252 5444 1302 5494 in
1321 5444 1480 5507 Cypro
1501 5443 1658 5493 insula

73 5506 328 5560 defunctus
352 5510 582 5560 Kalendis
605 5511 804 5586 Aprilis,
830 5522 910 5562 an.
940 5511 1090 5560 1149.

57 5588 479 5710 δᾶἐὲἕᾶοεδοὶιίεθῑ
521 5593 627 5644 sive
673 5595 715 5645 is
756 5593 1012 5658 episcopus
1055 5593 1200 5646 fuerit
1224 5630 1239 5657 ,
1277 5594 1378 5645 sive
1420 5594 1660 5656 parochus

1753 4666 2053 4731 cachinnis,
2115 4680 2218 4723 nec
2271 4666 2574 4738 nugacibus
2629 4665 3000 4734 relationibus,
3031 4683 3134 4724 nec
3161 4668 3350 4724 otiosis

1753 4755 1976 4810 terenda
2005 4753 2367 4809 sermonibus.
2398 4754 2574 4820 Unde,
2605 4771 2932 4826 quesumus,
2967 4755 3128 4811 etiam
3157 4755 3349 4811 etiam-

1755 4859 1860 4914 que
1892 4843 2254 4908 considerent,
2291 4842 2383 4913 qui
2413 4841 2590 4897 mirari
2613 4842 2717 4896 nisi
2745 4842 2963 4897 insolita
2989 4859 3100 4899 non
3129 4851 3345 4912 norunt,

1754 4940 1934 4986 utrum
1954 4931 2041 4987 vel
2071 4930 2126 4985 in
2158 4930 2471 5000 Scripturis,
2514 4931 2600 4986 vel
2630 4930 2687 4985 in
2714 4931 2966 4986 humanis
2995 4931 3351 4987 relationibus

1753 5020 1861 5074 tale
1892 5018 2184 5090 quidquam
2209 5033 2372 5073 nosse
2394 5018 2686 5089 potuerint,
2708 5026 2760 5073 et
2788 5026 2970 5073 utrum
2990 5035 3099 5074 non
3128 5020 3351 5076 omnino

1756 5107 2093 5178 impossibile
2131 5115 2182 5163 et
2227 5115 2415 5162 contra
2461 5115 2726 5173 naturam,
2783 5114 2837 5162 et
2867 5107 2989 5162 ideo
3035 5107 3357 5165 incredibile

1757 5195 1920 5251 etiam
1967 5195 2230 5262 videatur,
2295 5195 2539 5266 potuisse
2594 5195 2866 5252 hominem
2913 5196 3214 5267 corporalia
3243 5204 3296 5253 et
3323 5211 3357 5252 a

1827 5374 1926 5437 (3t)
1951 5375 2087 5427 Sedit
2123 5376 2386 5427 Gaufridus
2427 5377 2488 5425 ab
2527 5388 2654 5426 anno
2693 5375 2822 5426 1116
2855 5376 2915 5426 ad
2961 5375 3123 5436 1138,
3167 5375 3358 5440 legatus

1758 5443 2050 5505 apostolicus
2076 5443 2345 5493 Innocentii
2373 5444 2434 5504 ll,
2456 5455 2600 5505 quem
2621 5455 2750 5493 anno
2777 5443 2905 5493 “50
2931 5442 3128 5506 excepit
3151 5441 3356 5493 Carnuti

1759 5516 1809 5559 et
1829 5509 1930 5571 jam
1957 5509 2221 5559 reducebat
2244 5510 2294 5558 in
2334 5509 2545 5560 Italiam.

1829 5592 1933 5656 (35)
1961 5592 2080 5642 Aliis
2121 5592 2358 5642 Odoricus
2393 5597 2442 5643 et
2475 5593 2699 5644 Uldricus
2720 5632 2734 5657 ,
2779 5593 2859 5656 qui
2903 5591 3115 5644 traditur
3173 5592 3359 5643 vixisse

1760 5671 1914 5721 usque
1940 5658 2001 5710 ad
2027 5669 2210 5710 annum
2240 5659 2388 5709 1144.
