3940 6418
597 344 701 400 ’783

1438 345 1778 402 GUIGONIS
1821 346 1840 400 1
1879 343 2287 400 CARTHUSl/E
2337 343 2630 400 MAIORIS
2672 343 2947 400 PRIORIS
2988 345 3052 400 V.
3787 346 3875 400 784

596 482 770 540 puero
799 475 1056 523 consueta
1085 467 1153 522 de
1190 467 1457 523 memoria
1503 469 1757 538 perdere,
1790 476 1842 522 et
1871 467 2050 523 divina
2080 482 2189 522 non
2209 470 2261 528 Α
2297 466 2452 532 feria,
2486 468 2633 523 circa
2661 467 3009 537 gallicinium,
3042 466 3106 520 B.
3143 465 3322 536 Hugo,
3355 463 3496 520 inter
3523 464 3606 519 sui
3637 466 3876 536 temporis

595 556 857 627 potuisse,
905 571 1027 611 cum
1072 555 1128 610 id
1172 557 1352 626 potius
1398 564 1605 612 natura:
1651 557 1738 611 vel
1784 554 2194 611 consuetudinis

593 644 778 716 exigat
806 643 964 708 ratio,
999 651 1055 698 ut
1085 643 1385 714 spiritualia
1415 652 1465 698 et
1501 645 1705 710 divina,
1739 653 1994 714 tanquam
2025 642 2194 698 subti-

590 731 732 787 liora
761 731 817 786 in
859 731 1038 786 minus
1086 739 1321 796 assueta,
1373 739 1642 803 captuque
1689 730 2013 795 difficiliora,
2045 730 2192 800 prius

593 819 929 884 abscedant;
961 819 1054 873 illa
1080 835 1230 884 vero,
1262 827 1447 889 utpote
1477 819 1828 874 familiariora
1861 826 1913 873 et
1942 819 2192 872 humane

594 904 893 961 inﬁrmitati
923 906 992 960 ad
1021 906 1369 977 cogitandum
1391 905 1655 971 faciliora,
1687 906 1886 960 diutius
1912 912 2189 960 maneant.

589 992 749 1061 Quod
779 993 826 1048 si
855 1008 940 1059 ea,
975 1009 1096 1064 quae
1126 994 1265 1050 circa
1285 1002 1502 1050 sanctos
1525 995 1839 1066 contingere
1857 993 2050 1056 solent,
2083 1008 2190 1064 quo

590 1081 798 1137 rariora
827 1096 893 1136 eo
925 1089 1050 1136 sunt
1092 1082 1256 1136 etiam
1293 1082 1645 1147 mirabiliora,
1696 1082 1826 1152 quid
1869 1097 1935 1136 eo
1963 1080 2189 1135 mirabi-

587 1167 715 1234 lius,
773 1169 927 1237 cujus
984 1184 1081 1239 pro
1165 1169 1250 1224 sui
1326 1170 1564 1235 raritate,
1649 1185 1751 1224 nec
1797 1169 1851 1224 in
1907 1169 2190 1239 scripturis

584 1255 776 1323 ullum,
837 1271 940 1312 nec
985 1257 1040 1310 in
1094 1257 1349 1311 humanis
1388 1257 1554 1312 rebus
1617 1265 1791 1312 exstat
1839 1256 2193 1326 exemplum?

582 1344 652 1398 Et
710 1343 907 1399 sentiat
977 1344 1206 1416 quisque
1264 1345 1406 1415 quod
1466 1345 1598 1410 vult,
1659 1343 1818 1399 nobis
1877 1352 2054 1399 autem
2111 1343 2191 1398 vi-

581 1431 743 1486 detur
770 1432 894 1502 (nec
928 1431 1084 1487 aliter
1135 1432 1444 1502 peritiores,
1496 1448 1591 1486 eos
1638 1432 1877 1486 maxime
1926 1432 2018 1501 qui
2047 1432 2189 1501 phy-

583 1518 756 1574 sicam
828 1528 1041 1584 norunt,
1111 1535 1369 1574 sensuros
1446 1519 1840 1588 existimamus)
1914 1535 2021 1573 non
2088 1518 2188 1572 mi-

579 1623 684 1662 nus
728 1607 1021 1679 singulare,
1076 1607 1344 1671 minusve,
1397 1607 1505 1661 imo
1543 1607 1681 1662 forte
1731 1606 1961 1677 amplius
2020 1605 2188 1659 fuisse

576 1694 843 1760 mirabile,
870 1695 1012 1749 inter
1040 1703 1119 1749 tot
1150 1702 1368 1766 tamque
1409 1695 1694 1749 diuturnas
1740 1703 1792 1749 et
1833 1694 2061 1750 acerbas
2089 1709 2186 1748 ce-

2294 555 2583 625 episcopos
2611 555 2873 625 operibus
2902 562 2954 610 et
2993 553 3136 608 fama
3167 552 3479 623 singularis,
3512 560 3703 622 pacata
3730 553 3872 608 domo

2291 649 2360 697 et
2373 642 2582 697 cunctis
2613 641 2817 697 referta
2845 642 3022 710 bonis,
3048 640 3343 697 commissa
3373 640 3534 695 etiam
3563 639 3800 696 Ecclesia
3821 656 3874 695 ac

2291 729 2452 799 plebe
2481 730 2774 801 tranquilla
2801 745 2936 800 pace
2958 728 3188 794 fruente,
3211 727 3466 799 migravit
3484 728 3550 782 ad
3579 729 3875 793 Dominum,

2291 833 2667 872 successorem
2721 817 3068 872 substitutum
3125 817 3237 885 jam
3303 816 3407 870 sibi
3453 816 3879 871 Carthusiensem

2289 904 2450 973 (sicut
2482 905 2574 959 diu
2603 903 2947 976 multumque
2967 905 3368 960 desideraverat
3387 905 3533 973 ante)
3557 903 3878 975 relinquens.

2291 992 2578 1046 Servatum
2608 1000 2688 1047 est
2719 1000 2901 1047 autem
2932 1007 3130 1062 corpus
3161 991 3278 1060 ejus
3323 991 3674 1062 insepultum,
3719 1007 3877 1062 usque

2290 1080 2362 1134 ad
2413 1080 2626 1134 tertiam
2673 1080 2954 1151 sequentis
3023 1079 3382 1135 hebdomadze
3423 1079 3634 1147 feriam,
3681 1080 3877 1134 serenis

2291 1167 2485 1222 diebus
2516 1176 2567 1222 et
2596 1168 2811 1233 calidis,
2842 1168 2917 1223 ita
2946 1175 3003 1223 ut
3031 1183 3193 1223 nemo
3239 1167 3583 1223 desideraret
3629 1174 3875 1232 aestatem,

2287 1254 2612 1310 mirantibus
2641 1255 2902 1326 plurimis,
2937 1255 3083 1326 quod
3131 1271 3231 1310 nec
3262 1254 3551 1310 clementia
3595 1254 3758 1323 aeris,
3790 1270 3878 1309 nec

2287 1343 2686 1398 circumstantis
2731 1345 3048 1414 constipata
3093 1343 3450 1398 multitudinis
3478 1350 3632 1409 astu,
3665 1358 3767 1398 nec
3792 1358 3878 1398 ce-

2289 1446 2511 1485 reorum
2542 1431 2723 1486 calore
2752 1431 3079 1489 tabesceret.
3111 1432 3194 1486 Ad
3236 1431 3394 1499 cujus
3421 1429 3763 1486 venerandas
3791 1447 3882 1486 ex-

2288 1518 2508 1588 sequias
2549 1527 2661 1573 tres
2709 1527 3058 1575 accurrerunt
3101 1518 3362 1590 episcopi,
3415 1517 3652 1585 Diensis,
3681 1517 3884 1574 Gratia-

2286 1606 2653 1675 n0politanus,
2705 1607 3064 1673 Carnotinus;
3100 1607 3193 1678 qui
3235 1606 3565 1678 praecedenti
3611 1606 3720 1673 die,
3768 1615 3880 1677 post

2289 1693 2608 1762 secundam,
2638 1709 2800 1765 quam
2833 1694 2881 1748 ei
2913 1694 2968 1748 in
3000 1695 3102 1750 hac
3125 1711 3220 1749 sua
3238 1694 3428 1749 ultima
3457 1693 3732 1748 debilitate
3759 1694 3878 1749 visi-

578 1781 725 1837 rebri
747 1782 1054 1853 passiones,
1101 1781 1340 1838 divinam
1378 1782 1750 1853 cognitionem
1779 1790 1939 1853 atque
1969 1782 2187 1836 invoca-
2214 1809 2267 1869 B
2293 1781 2552 1834 tationem
2601 1781 2938 1847 exhibuerat,
3008 1782 3096 1836 vix
3144 1782 3362 1836 tandem
3411 1789 3758 1848 recesserat;
3803 1797 3880 1836 ro-

578 1869 783 1924 tionem
820 1877 874 1924 et
919 1869 1233 1940 religiosam
1291 1884 1398 1924 non
1457 1870 1762 1940 perdidisse
1816 1869 2181 1934 devotionem,

583 1971 750 2028 quam
769 1956 908 2012 inter
928 1957 1144 2012 eculeos
1163 1957 1523 2028 ardentesque
1551 1957 1780 2011 laminas
1807 1965 1862 2011 et
1891 1971 2187 2011 succensas

581 2043 870 2100 craticulas
920 2045 1272 2115 insuperabili
1316 2045 1621 2101 constantia
1682 2045 2038 2100 Christianam
2076 2060 2186 2100 non

578 2147 812 2202 negasse
842 2130 1026 2186 fidem.
1060 2131 1142 2186 Ibi
1182 2132 1347 2197 enim,
1391 2133 1536 2202 quod
1566 2131 1802 2197 infestat,
1835 2133 2068 2187 exterius
2098 2140 2184 2186 to-

576 2225 691 2272 tum
720 2219 1021 2290 ingeritur;
1053 2219 1141 2274 hic
1172 2220 1291 2289 ipsa
1316 2220 1542 2275 rationis
1573 2220 1930 2274 instrumenta
1959 2220 2184 2290 ipsaque

577 2305 882 2362 divinorum
914 2315 967 2362 et
990 2307 1343 2363 humanorum
1375 2325 1654 2373 sensuum,
1707 2307 1864 2378 quasi
1909 2308 2186 2362 cellarium

579 2395 863 2459 memoria,
895 2395 1224 2450 intrinsecus
1253 2396 1676 2466 impugnantur;
1709 2403 1762 2450 et
1801 2395 1890 2466 qui
1922 2395 2000 2449 eis
2031 2411 2184 2464 prae-

577 2482 718 2536 sidet
745 2482 977 2551 animus,
1010 2498 1118 2538 non
1143 2483 1360 2538 aliunde
1411 2499 1514 2539 nec
1561 2483 1689 2538 alibi
1733 2499 1894 2553 quam
1925 2499 1988 2538 ex
2023 2482 2102 2536 eis
2133 2489 2186 2537 et

579 2569 637 2625 in
665 2569 744 2624 eis
774 2569 970 2640 quibus
993 2571 1170 2639 juvari
1211 2571 1494 2636 debuerat,
1527 2571 1870 2642 dignioribus
1899 2570 2102 2626 scilicet
2133 2577 2186 2624 et

577 2658 1008 2723 sublimioribus,
1042 2658 1252 2730 sibique
1282 2675 1384 2728 pro
1411 2659 1493 2713 sui
1532 2659 1826 2712 subtilitate
1857 2657 2188 2726 conjunctio-

581 2745 732 2800 ribus
763 2745 847 2799 sui
879 2746 1122 2816 corporis
1151 2747 1421 2817 partibus,
1456 2753 1771 2801 attentatur.
1814 2746 2020 2800 Horum
2047 2745 2182 2800 alte-

581 2849 699 2888 rum
731 2832 786 2886 in
819 2835 1133 2888 revereudis
1171 2835 1526 2904 martyribus,
1561 2833 1792 2889 alterum
1842 2833 2103 2887 miramur
2130 2833 2185 2886 in

577 2928 638 2982 B.
674 2922 930 2998 Hugone.
965 2924 1353 2979 Verumtamen
1409 2922 1512 2976 hoc
1559 2921 1637 2975 illi
1684 2937 1786 2976 nec
1833 2936 2035 2975 novum
2082 2935 2184 2975 nec

581 3031 775 3072 recens
815 3013 1010 3077 fuerat,
1061 3011 1117 3064 in
1164 3026 1278 3064 sua:
1325 3024 1563 3080 namque
1608 3008 1806 3062 mentis
1843 3007 2180 3072 excessibus,

581 3119 720 3174 quos
749 3102 933 3172 utique
952 3099 1180 3155 crebros
1210 3106 1262 3152 et
1283 3097 1542 3151 sublimes
1569 3096 1826 3161 habebat,
1849 3095 2054 3150 relictis
2075 3109 2184 3149 non

583 3190 761 3244 solum
790 3187 1020 3252 caeteris,
1057 3185 1154 3240 sed
1187 3192 1239 3240 et
1260 3192 1434 3239 semet
1459 3183 1559 3238 sub
1582 3198 1968 3253 se,supernam
1998 3181 2182 3237 dulce-

579 3277 762 3333 dinem
817 3273 1212 3330 delectabiliter
1268 3279 1487 3343 gustare
1529 3271 1721 3325 solitus
1779 3269 1988 3336 fuerat;
2037 3270 2182 3325 unde

589 3365 752 3420 etiam
781 3364 849 3418 ad
879 3363 933 3417 id
961 3360 1278 3417 recurrebat
1319 3359 1570 3424 afflictus,
1604 3358 1749 3428 quod
1777 3357 2034 3412 incolumi
2061 3357 2182 3412 fue-

581 3460 662 3508 rat
719 3451 951 3507 dulcius.
1013 3451 1254 3519 Apparet
1285 3447 1450 3519 igitur
1492 3448 1554 3501 B.
1604 3447 1911 3517 Hugonem,
1964 3444 2101 3500 sicut
2129 3451 2182 3500 et

577 3548 826 3596 sanctum
854 3539 977 3604 Job,
1002 3537 1125 3592 ideo
1149 3535 1310 3590 tantis
1331 3533 1733 3588 tribulationum
1761 3532 2017 3603 procellis
2049 3548 2180 3587 exa-

576 3629 824 3701 gitatum,
871 3625 1143 3696 tantisque
1208 3623 1453 3678 dolorum
1505 3620 1820 3675 fornacibus
1863 3620 2030 3674 instar
2064 3620 2182 3675 auri

577 3717 885 3780 decoctum,
916 3722 973 3768 ut
1002 3721 1056 3769 et
1084 3711 1154 3767 ad
1184 3710 1500 3766 societatem
1557 3715 1866 3763 sanctorum
1914 3708 2099 3779 purior
2127 3715 2181 3764 et

581 3803 779 3860 clarior
805 3803 932 3857 hinc
963 3800 1151 3864 exiret,
1176 3807 1230 3853 et
1254 3797 1401 3869 quod
1422 3812 1529 3852 non
1560 3796 1845 3867 superficie
1874 3805 2050 3862 tenus,
2081 3797 2178 3852 sed

583 3907 652 3946 ex
681 3890 807 3946 totis
835 3887 1090 3944 medullis
1120 3888 1295 3942 Deum
1325 3885 1608 3950 dilexerat,
1641 3884 1876 3939 mundus
1906 3899 2180 3956 agnosce-

584 3987 687 4044 ret,
719 3977 849 4032 dum
882 3976 951 4031 ab
980 3976 1098 4044 ejus
1127 3973 1466 4030 invocatione
1514 3989 1615 4029 nec
1642 3972 1848 4028 doloris
1877 3988 1978 4028 nec
2009 3974 2178 4043 phre-

581 4066 731 4122 nesis
761 4065 847 4120 vis
879 4080 1001 4120 cum
1031 4063 1139 4117 ulla
1169 4069 1560 4132 compesceret.
1593 4060 1732 4130 Quid
1762 4060 1919 4132 plura
1938 4061 1966 4114 ?
1996 4062 2057 4114 In
2097 4059 2179 4114 his

582 4169 756 4225 usque
783 4152 852 4208 ad
880 4151 1127 4207 ultimum
1158 4150 1534 4221 perseveravit
1565 4149 1832 4220 spiritum.
1867 4151 2012 4221 Erga
2028 4165 2180 4203 suam

584 4241 951 4308 Carthusiam,
984 4240 1207 4310 ejusque
1251 4237 1492 4309 priorem
1540 4237 1826 4309 indignum
1865 4237 2033 4307 (quod
2062 4236 2178 4292 sine

582 4329 839 4400 lacrymis
864 4343 971 4383 non
1012 4327 1319 4395 scribimus)
1361 4325 1651 4396 specialem
1682 4324 2046 4388 dilectionem,
2079 4339 2179 4380 eo-

579 4434 701 4474 rum
730 4419 786 4472 in
814 4416 975 4471 tantis
1027 4413 1402 4470 afﬂictionibus
1459 4413 1722 4469 memoria
1767 4428 1875 4468 non
1915 4412 2176 4477 carendo,

580 4507 962 4562 demonstrans
975 4545 988 4559 .

652 4597 740 4649 33.
771 4596 928 4649 Anno
968 4592 1150 4662 itaque
1208 4590 1278 4644 ab
1323 4587 1696 4644 Incarnatione
1752 4587 1968 4643 Domini
1995 4587 2174 4642 mille-

578 4682 718 4737 simo
747 4681 1045 4737 centesimo
1076 4679 1358 4750 trigesimo
1389 4677 1648 4742 secundo,
1669 4677 1845 4732 aetatis
1873 4692 2037 4747 porro
2066 4693 2176 4730 sua:

577 4771 648 4824 ad
676 4770 853 4823 minus
883 4767 1237 4840 octogesimo,
1283 4781 1472 4820 mense
1503 4772 1714 4835 quarto,
1748 4763 2174 4819 consecrationis

581 4865 761 4911 autem
816 4856 1002 4911 itidem
1054 4855 1123 4908 ad
1167 4854 1344 4908 minus
1393 4851 1846 4923 quinquagesimo
1908 4852 2168 4917 secundo,

579 4943 840 5000 Kalendis
868 4942 1086 5014 Aprilis,
1131 4948 1281 4998 sexta
1312 4947 1435 4996 ante
1478 4939 1784 4995 Palmarum
1832 4939 2171 4997 Dominicam

2288 1883 2444 1938 gans,
2481 1877 2538 1923 ut
2570 1869 2616 1922 si
2667 1869 2820 1924 brevi
2869 1868 3144 1938 deficeret,
3191 1877 3314 1941 post
3351 1885 3476 1924 eum
3531 1869 3700 1942 (quod
3729 1877 3780 1925 et
3806 1869 3880 1923 fa-

2285 1964 2428 2010 ctum
2460 1958 2564 2026 est)
2595 1957 2844 2026 protinus
2888 1957 3213 2012 mitteretur.

2358 2046 2445 2099 34.
2481 2045 2675 2099 Statim
2722 2061 2853 2100 vero
2884 2053 2938 2100 ut
2977 2046 3095 2114 ejus
3141 2045 3323 2100 obitus
3365 2044 3512 2100 fama
3556 2045 3878 2117 percrebuit,

2285 2141 2661 2202 accurrerunt,
2695 2149 2803 2188 non
2836 2149 2902 2188 ex
2933 2149 3032 2188 suo
3079 2142 3281 2189 tantum
3329 2133 3667 2205 episcopatu,
3699 2134 3794 2190 sed
3823 2151 3879 2190 ex

2286 2220 2510 2275 remotis
2567 2236 2784 2292 quoque
2852 2221 3167 2292 regionibus
3215 2221 3640 2277 innumerabiles
3684 2222 3875 2294 p0puli,

2287 2323 2474 2363 cereos
2531 2324 2596 2364 ac
2652 2309 2857 2364 diversi
2915 2311 3138 2382 generis
3207 2310 3510 2365 oblationes
3565 2308 3872 2366 afferentes.

2287 2396 2480 2451 Omnis
2507 2403 2662 2462 aetas,
2715 2413 2878 2451 sexus
2921 2405 3084 2468 atque
3132 2397 3372 2453 conditio
3415 2397 3765 2453 devotissime
3793 2413 3876 2452 os-

2285 2483 2608 2538 culabantur
2662 2485 2830 2554 pedes
2870 2485 3006 2552 ejus,
3059 2484 3328 2540 intantum
3356 2492 3414 2540 ut
3443 2485 3692 2540 sandalia
3747 2486 3875 2556 ipsa,

2286 2579 2541 2642 tanquam
2574 2571 2743 2626 tincta
2771 2571 2952 2641 pellis,
2982 2571 3155 2626 saliva
3182 2571 3384 2642 pariter
3409 2580 3462 2628 et
3490 2572 3746 2644 lacrymis
3782 2573 3876 2627 ob-

2287 2667 2675 2724 scurarentur;
2707 2675 2833 2714 nam
2865 2669 2915 2714 et
2959 2659 3217 2716 lactentes
3257 2659 3628 2716 offerebantur
3659 2660 3878 2732 parvuli,

2285 2763 2394 2818 quo
2424 2756 2532 2801 tam
2562 2748 2733 2803 sancti
2763 2747 3008 2818 corporis
3027 2755 3172 2803 tactu
3203 2749 3464 2804 adversus
3495 2749 3678 2804 omnia
3711 2749 3877 2804 muni-

2286 2842 2470 2889 rentur
2498 2835 2750 2890 adversa.
2803 2835 3060 2891 Nonnulli
3111 2836 3271 2892 etiam
3318 2835 3566 2892 sandalia
3603 2837 3748 2908 ipsa,
3799 2853 3878 2893 ar-

2285 2922 2520 2978 dentiori
2547 2921 2652 2977 ﬁde
2676 2923 2999 2993 osculando)
3030 2923 3392 2991 mordebant;
3425 2923 3631 2996 aliquid
3665 2925 3792 2981 inde
3819 2925 3877 2980 ob

2286 3009 2772 3066 sanctificationem
2828 3026 3015 3067 secum
3070 3010 3217 3067 ferre
3267 3011 3530 3067 volentes.
3575 3013 3779 3067 Annuli
3823 3027 3877 3068 ac

2286 3098 2492 3152 nummi
2522 3106 2575 3153 et
2604 3115 2691 3154 res
2721 3099 2844 3155 alia:
2885 3107 3074 3154 sancto
3103 3099 3518 3170 applicabantur
3557 3100 3801 3172 corpori,
3833 3108 3880 3155 ut

2286 3200 2352 3239 eo
2401 3185 2613 3256 sepulto
2676 3203 2774 3256 pro
2820 3186 3066 3258 reliquiis
3130 3187 3476 3242 haberentur.
3526 3187 3774 3244 Aderant
3818 3202 3878 3244 ex

2286 3273 2485 3328 nostris
2515 3282 2569 3328 et
2616 3273 3018 3329 Calesiensibus
3059 3282 3219 3346 atque
3248 3275 3684 3332 Excubiensibus
3713 3277 3878 3348 plures

2283 3362 2555 3429 conversi,
2590 3363 2949 3418 sanctissima:
2963 3363 3140 3434 glebae
3161 3363 3414 3419 custodes
3443 3363 3672 3430 assidui,
3705 3381 3876 3420 mona-

2283 3449 2505 3503 chorum
2567 3465 2784 3520 quoque
2840 3457 2911 3512 et.
2940 3450 3262 3506 clericorum
3327 3467 3451 3506 cum
3498 3451 3872 3508 ecclesiasticis

2282 3536 2630 3606 apparatibus
2651 3553 2850 3608 greges
2871 3553 3033 3608 quam
3053 3537 3273 3609 plurimi
3296 3555 3312 3604 ;
3343 3545 3520 3594 tantus
3534 3547 3722 3596 autem
3750 3556 3871 3597 con-

2283 3639 2477 3678 cursus
2505 3625 2744 3696 undique
2773 3625 2950 3679 fuerat
2977 3625 3185 3696 populi,
3220 3633 3273 3681 et
3321 3634 3434 3681 tam
3480 3635 3642 3699 grata
3680 3628 3871 3684 cunctis

2282 3711 2440 3764 etiam
2470 3710 2713 3767 defuncti
2758 3713 3066 3782 presentia,
3100 3720 3159 3768 ut
3198 3713 3289 3768 vix
3342 3714 3564 3770 tandem
3611 3731 3737 3771 eum
3765 3731 3869 3787 per-

2280 3798 2524 3854 miserint
2572 3799 2808 3870 sepeliri.
2859 3800 3106 3872 Denique
3153 3801 3339 3872 quinta
3379 3800 3747 3859 defunctionis
3773 3804 3864 3868 die,

2281 3887 2457 3956 tertia,
2500 3895 2559 3942 ut
2613 3887 2869 3953 diximus,
2917 3896 3040 3959 post
3077 3888 3295 3944 Palmas
3343 3888 3501 3960 feria,
3549 3890 3868 3963 deceperunt

2281 3975 2488 4044 turbas,
2537 3975 2912 4046 promittentes
2961 3977 3108 4047 quod
3175 3977 3354 4048 ipsum
3395 3986 3546 4034 extra
3592 3980 3869 4036 ecclesiam

2281 4061 2539 4118 efferrent
2583 4071 2640 4118 ut
2683 4080 2806 4120 eum
2851 4064 3076 4120 liberius
3123 4074 3176 4121 et
3220 4065 3557 4122 intuerentur
3584 4075 3641 4123 et
3687 4077 3868 4139 tange-

2280 4159 2421 4205 rent.
2472 4153 2586 4207 Hac
2645 4152 2829 4224 itaque
2877 4169 2976 4224 spe
3023 4153 3379 4222 exeuntibus,
3425 4162 3477 4210 et
3520 4155 3598 4211 ita
3654 4156 3867 4213 ecclesia

2278 4239 2459 4294 Beata:
2489 4255 2708 4310 semper
2736 4239 2964 4313 virginis
2997 4241 3202 4309 Mariae,
3245 4241 3338 4296 ubi
3366 4243 3722 4314 sepeliendus
3745 4250 3864 4307 erat,

2279 4342 2345 4381 ex
2374 4335 2527 4396 parte
2555 4337 2818 4393 vacuata;
2874 4329 3141 4384 obseratis
3187 4329 3434 4400 protinus
3462 4329 3778 4388 ﬁrmissime
3798 4332 3866 4401 ja-

2279 4413 2420 4480 nuis,
2457 4415 2601 4470 sacri
2631 4415 2883 4486 corporis
2919 4417 3250 4472 veneranda
3279 4416 3540 4488 reliquiae,
3572 4418 3628 4474 in
3662 4434 3865 4491 praepa-

2208 4495 2396 4556 Drato
2441 4504 2802 4575 sarcophago,
2857 4519 2981 4559 cum
3026 4503 3198 4560 multa
3243 4505 3549 4562 reverentia
3593 4515 3649 4562 et
3674 4506 3866 4580 ingenti

2275 4589 2686 4645 lamentantium
2730 4590 2937 4662 pariter
2978 4599 3033 4647 et
3073 4591 3414 4662 psallentium
3463 4593 3726 4662 clamore,
3773 4609 3864 4666 po-

2275 4686 2496 4734 nuntur.
2528 4679 2854 4749 Frequentia
2884 4694 3046 4750 porro
3077 4680 3360 4736 turbarum
3389 4681 3534 4737 circa
3565 4683 3862 4754 sepulcrum

2273 4767 2409 4833 ejus,
2443 4766 2608 4822 modo
2636 4767 2812 4822 rarior
2840 4769 3006 4822 modo
3034 4767 3275 4836 densior,
3309 4769 3380 4824 ob
3413 4786 3569 4840 spem
3597 4771 3793 4828 divina:
3816 4771 3862 4824 in

2273 4868 2332 4906 se
2357 4853 2739 4920 miserationis,
2791 4862 3017 4926 propter
3063 4854 3303 4928 ingentia
3351 4857 3494 4914 beati
3523 4857 3630 4914 viri
3657 4858 3856 4924 merita,

2272 4955 2417 4996 nunc
2447 4957 2618 5012 usque
2649 4950 2981 5013 perseverat.
