3938 6446
528 355 637 410 ’78³7

1408 351 1749 410 GUIGONIS
1786 352 1834 407 II
1873 349 2279 407 CARTHUSLE
2315 346 2609 405 MAJORIS
2646 345 2938 404 PRIOBJS.

3742 339 3859 393 788

524 460 3843 494 Α

722 613 1584 747 GUIGONIS
1664 607 2788 745 CARTHUSIIE
2877 598 3638 738 PRIORIS

1752 852 1827 906 Ε]
1834 853 1922 908 US
1958 850 2257 907 NOMINIS
2296 846 2603 905 SECUNDI

852 1030 1182 1180 LIBER
1259 1034 1397 1179 DE
1474 1032 2346 1206 QUADRIPERTIN
2417 1027 3001 1179 EXEBCITIO
3092 1023 3501 1174 CELL/E.

2019 1306 2338 1351 AOCEDUNT

529 1474 840 1535 BERNARDI
908 1474 1259 1537 Carthusiae
1314 1475 1647 1536 Portarum
1704 1476 1886 1554 primi
1942 1474 2209 1553 prioris;
2268 1473 2557 1545 Joaums,
2619 1470 2920 1550 Stephani
2978 1488 3052 1529 nn
3106 1467 3468 1544 Casuram,
3540 1464 3857 1544 ejusdem

1746 1580 2096 1642 Carthusiae
2125 1578 2575 1640 monachorum
2600 1624 2615 1654 ,

1692 1704 2684 1907 EI’ISTOLZE

2062 2024 2222 2069 ΝΕσΝ
2226 2026 2308 2069 ON

825 2170 1201 2231 Alexandri
1227 2168 1355 2229 III
1372 2185 1560 2248 papa:
1590 2169 1682 2227 ad
1709 2168 2134 2227 Arthaudum
2151 2170 2440 2245 priorem
2473 2167 2853 2228 Carthasim
2884 2164 3170 2226 Alverioe
3197 2163 3529 2241 Epistola.

583 2330 746 2401 (Bibl.
779 2330 890 2386 PP.
923 2329 1125 2399 XXIV,
1159 2331 1315 2396 1463,
1348 2344 1414 2385 ex
1443 2329 1695 2385 Manuali
1732 2328 2152 2395 Scutariorum,
2184 2342 2318 2384 cura
2349 2336 2402 2383 et
2431 2328 2610 2383 studio
2639 2328 2782 2384 Petri
2811 2326 3082 2383 Francisci
3110 2326 3449 2395 Cumana-ru,
3484 2324 3791 2382 societatis.

1833 2424 1862 2478 J
1867 2440 1962 2479 esu
1990 2424 2314 2495 presbyteri,
2349 2424 2494 2479 edito
2507 2426 2552 2494 .)

897 2703 1065 2807 DE
1136 2702 1998 2831 SEQUENTIBUS
2080 2704 2774 2869 OPUSCULIS
2851 2707 3466 2811 P/EFATIO.

595 2956 733 3026 Quia
751 2956 870 3012 haec
880 2951 1139 3025 opuscula
1158 2950 1306 3007 curis
1327 2950 1530 3007 nostris
1544 2950 1723 3007 lucem
1741 2965 1884 3006 nunc
1904 2950 2140 3022 primum
2170 2952 2221 3013 Α
2242 2949 2613 3021 reperiuntur.
2679 2949 2775 3004 His
2822 2948 2975 3021 quasi
3022 2948 3266 3023 vestigiis
3307 2950 3547 3022 deducti,
3595 2950 3756 3006 illum
3777 2952 3843 3005 B.

540 3045 832 3117 aspiciunt,
864 3050 919 3099 et
946 3041 1136 3114 ignota
1164 3039 1333 3096 fuisse
1352 3038 1601 3094 videntur
1640 3040 1803 3094 etiam
1847 3038 2134 3095 Theodoro

544 3136 771 3199 Petraea,
805 3131 897 3203 qui
914 3145 1182 3202 nusquam
1208 3143 1399 3185 eorum
1425 3127 1669 3182 meminit
1695 3128 1750 3182 in
1802 3127 2135 3184 Bibliotheca

546 3221 923 3289 Carthusiana,
982 3226 1172 3274 nostra
1226 3233 1361 3273 sane
1412 3217 1677 3272 interesse
1722 3216 2016 3281 credimus,
2076 3224 2135 3272 ut

547 3310 742 3383 quibus
769 3325 837 3365 ex
860 3306 1224 3374 bibliothecis,
1275 3313 1330 3362 et
1358 3321 1521 3378 quam
1553 3303 1778 3361 vetustis
1819 3320 1887 3360 ex
1925 3304 2135 3360 codici-

548 3400 651 3454 bus
696 3397 1012 3469 prodierint,
1068 3394 1264 3468 quibus
1309 3394 1379 3449 ab
1457 3392 1771 3450 auctoribus
1824 3393 2136 3464 conscripta

547 3485 763 3553 fuerint,
814 3492 867 3541 et
911 3483 1095 3556 qualia
1165 3481 1399 3554 denique
1456 3480 1581 3551 sint,
1639 3496 1741 3552 per
1786 3495 1888 3536 nos
1928 3479 2050 3552 ipso
2079 3480 2135 3535 in

547 3574 727 3647 operis
755 3571 1026 3630 vestibulo
1055 3571 1411 3649 intelligatur.

547 3682 589 3737 Ι.
620 3682 885 3752 Liberpe
904 3679 1314 3752 quadripertito
1349 3678 1625 3752 exercitio
1640 3678 1843 3752 Asella,
1877 3679 2137 3752 auctore

619 3754 710 3819 (ut
743 3746 991 3819 videtur)
1060 3746 1323 3821 Guigone,
1364 3749 1553 3821 priore
1626 3748 1955 3813 Carthasim,
2015 3746 2135 3817 ejus

620 3822 873 3879 nominis
919 3819 1183 3876 secundo;

619 3929 775 3984 Hunc
820 3925 1017 3981 librum
1045 3940 1113 3980 ex
1142 3923 1331 3980 codice
1374 3923 1675 3979 Carthusiaa
1698 3918 1986 3979 Portarum
2033 3921 2135 3976 de-

550 4015 885 4087 scripsimus,
916 4013 1115 4070 deinde
1168 4027 1235 4067 ex
1269 4010 1460 4068 codice
1513 4011 1812 4066 Carthusiaa
1855 4008 2033 4075 Parci,
2080 4009 2138 4063 in

548 4102 892 4169 Cenomanis,
909 4108 1163 4173 acceptas
1190 4099 1467 4156 variantes
1495 4098 1702 4170 aliquot
1725 4098 2009 4167 lectiones,
2044 4098 2140 4153 ubi

549 4207 687 4264 Opus
710 4191 924 4262 fuit§vel
953 4189 1122 4245 textui
1157 4195 1215 4243 ut
1254 4187 1500 4243 saniores
1537 4186 1900 4258 alligavimus,
1959 4186 2047 4242 vel
2066 4186 2138 4242 ad

2232 3038 2319 3095 cui
2373 3045 2635 3094 tractatus
2673 3037 2775 3093 iste
2833 3038 3165 3109 inscribitur,
3225 3040 3467 3111 priorem
3530 3039 3848 3095 Carthusie

2234 3126 2702 3192 Wittheamensis,
2728 3127 2875 3182 haud
2891 3126 3056 3181 alium
3069 3143 3192 3183 esse
3214 3128 3524 3184 censuimus
3536 3143 3570 3183 a
3584 3129 3835 3193 Bovone,

2231 3231 2446 3288 magna:
2466 3213 2750 3286 religionis
2779 3221 2831 3268 et
2859 3214 3078 3285 spiritus
3101 3215 3404 3286 prophetici
3423 3216 3562 3283 viro,
3587 3232 3756 3288 quem
3775 3216 3837 3271 S.

2233 3303 2478 3375 Hugonis
2489 3302 2885 3358 Lincolniensis
2907 3302 3148 3374 episcopi
3159 3304 3280 3359 Vita
3292 3303 3572 3374 prolixior,
3588 3305 3843 3377 quinque

2232 3393 2289 3447 in
2315 3392 2485 3447 libros
2512 3390 2727 3463 digesta
2755 3390 2826 3444 ab
2855 3397 3074 3446 auctore
3107 3392 3223 3461 ejus
3252 3392 3575 3459 domestico,
3610 3392 3840 3465 Hugoni

2232 3496 2299 3537 ex
2326 3478 2509 3550 priore
2539 3477 2965 3534 Wittheamensi
3001 3479 3069 3534 ad
3101 3480 3473 3552 episcOpatam
3523 3489 3838 3552 assumpto,

2234 3582 2377 3623 anno
2407 3567 2608 3622 Christi
2636 3565 2750 3622 fere
2789 3569 2946 3632 1186,
2978 3567 3034 3622 in
3083 3568 3327 3637 ejusdem
3376 3569 3839 3624 Wittheamensis

2234 3654 2536 3711 Carthusiae
2603 3654 3071 3711 administratione
3131 3657 3467 3712 successisse
3521 3655 3833 3722 conﬁrmat,

2234 3759 2359 3800 cum
2385 3750 2509 3799 ante
2540 3742 2775 3815 quinque
2794 3743 3088 3799 admodum
3107 3759 3281 3800 annos
3301 3760 3631 3818 magnopere
3647 3754 3840 3801 auctor

2232 3832 2444 3898 fuisset,
2477 3838 2535 3886 ut
2563 3831 2868 3903 Anglorum
2901 3832 3021 3903 regi
3042 3833 3203 3905 Hugo
3223 3833 3369 3889 idem
3403 3833 3831 3888 Wittheamensi

2232 3918 2418 3975 domui
2470 3918 2807 3990 praefuturus
2862 3919 3256 3976 concederetur
3289 3920 3411 3976 :sic
3470 3920 3614 3975 enim
3668 3921 3838 3976 habet

2234 4006 2354 4063 Vita
2381 4006 2473 4061 illa
2503 4007 2559 4061 S.
2591 4006 2857 4077 Hugonis,
2922 4006 3018 4063 lib.
3052 4022 3112 4074 η,
3146 4023 3196 4064 c.
3231 4012 3262 4063 3
3300 4027 3314 4075 ;
3347 4008 3401 4062 in
3434 4008 3835 4064 consultatione

2235 4096 2452 4150 Patrum
2499 4093 2967 4151 Carthusiensium
3042 4112 3208 4166 super
3264 4112 3330 4152 eo
3360 4096 3623 4168 negotio:
3673 4098 3827 4154 Unus

2235 4185 2394 4250 Bovo,
2420 4198 2581 4256 quem
2609 4186 2806 4255 postea
2820 4185 3072 4255 priorem
3119 4183 3461 4239 Witthamite
3491 4184 3589 4241 hoc
3627 4187 3834 4256 sapius

546 4288 790 4335 nostrum
819 4278 1095 4348 exemplar
1123 4275 1266 4331 inter
1323 4289 1497 4330 uncos
1537 4273 1936 4339 adnotavimus,
1997 4290 2137 4344 prae-
2166 4297 2216 4358 Β
2236 4282 2588 4351 referentem
2608 4279 2948 4346 audivimus,
2983 4296 3020 4335 a
3067 4281 3180 4335 Deo
3204 4281 3389 4336 exisse
3418 4281 3645 4337 verbum
3684 4284 3837 4351 regis

547 4368 728 4423 missis
748 4366 941 4422 litteris
960 4368 1107 4422 Par:
1139 4362 1335 4434 quibus
1362 4358 1646 4417 Parcensis
1668 4362 1840 4418 codex
1855 4361 2136 4434 significa-
2236 4369 2557 4435 asserebat;
2588 4367 2657 4423 de
2685 4368 2916 4439 Hugone
2947 4367 3064 4422 hac
3094 4367 3389 4436 subjiciens
3414 4384 3426 4422 :
3450 4370 3671 4425 Credite
3691 4386 3834 4425 mea

547 4464 711 4513 retur.
734 4454 840 4524 Qui
859 4461 1038 4509 autem
1054 4452 1153 4505 has
1168 4450 1418 4506 diversas
1437 4449 1699 4504 lectiones
1709 4450 1780 4505 ad
1791 4466 1879 4505 me
1895 4451 2137 4506 transmi-

548 4544 618 4598 sit
645 4543 727 4614 yir
744 4540 1191 4605 humanissimus,
1226 4544 1390 4609 atque
1426 4537 1720 4592 admodum
1767 4540 2130 4604 venerandus,

546 4632 781 4687 domnus
810 4631 1049 4685 Joannes
1078 4627 1340 4691 Chauvet,
1390 4625 1667 4696 generalis
1721 4627 1898 4682 scriba
1929 4627 2137 4682 ordinis

545 4717 967 4784 Carthusiensis,
1000 4714 1162 4770 simul
1205 4713 1484 4770 admonuit
1533 4729 1658 4769 eum
1712 4714 1956 4770 codicem
1998 4716 2135 4770 Par-

544 4822 766 4863 censem
787 4805 857 4860 de
886 4804 1106 4858 illorum
1133 4818 1256 4858 esse
1284 4817 1508 4858 numero
1540 4817 1678 4873 quos
1712 4810 1931 4859 sanctus
1980 4803 2135 4858 Gau-

544 4895 721 4950 fridus
749 4894 818 4949 de
875 4892 1157 4957 Lauduno,
1219 4889 1647 4945 Cenomanensis
1701 4891 1989 4962 episcopus
2035 4892 2137 4964 (sic

546 4983 691 5039 enim
734 4982 901 5054 vulgo
954 4986 1318 5050 nuncupatur,
1377 4977 1623 5049 quamvis
1678 4978 1824 5034 nulla
1879 4980 2136 5035 Romanae

544 5070 693 5127 sedis
712 5068 1028 5125 auctoritate
1072 5066 1416 5135 vindicatus),
1477 5065 1772 5122 Carthusiae
1826 5067 1978 5123 Parci
2009 5067 2134 5123 fun-

542 5160 702 5214 dator
761 5155 1051 5224 secundus,
1101 5154 1151 5208 ei
1193 5153 1377 5209 domui
1450 5153 1677 5208 contulit
1729 5154 1873 5210 circa
1936 5171 2136 5211 annum

545 5245 744 5300 Christi
774 5246 930 5300 1244.
965 5241 1124 5311 Quod
1154 5241 1199 5297 si
1220 5241 1291 5295 ita
1346 5240 1529 5311 habet,
1575 5239 1853 5298 afﬁrmare
1907 5258 2136 5299 necesse

546 5332 647 5388 erit
675 5325 1008 5401 descriptum
1036 5346 1159 5386 esse
1199 5329 1470 5383 Parcense
1518 5328 1654 5383 illud
1683 5330 1961 5400 exemplar
2012 5339 2135 5387 ante

545 5435 716 5475 annos
747 5419 958 5477 circiter
985 5419 1439 5490 quadringentos.
1484 5417 1769 5472 Portarum
1798 5433 1930 5474 vero
1961 5420 2134 5475 codex

544 5507 705 5563 etiam
722 5507 981 5563 vetustior
1038 5524 1103 5561 ex
1152 5523 1218 5563 eo
1274 5509 1714 5580 deprehenditur,
1771 5508 1917 5580 quod
1968 5508 2138 5564 habet

2233 4458 2530 4527 parvitati.
2546 4455 2703 4510 Inter
2716 4456 3009 4526 praecipua
3025 4456 3292 4511 Ecclesiae
3310 4455 3621 4511 luminaria
3647 4458 3834 4529 ipsum

2236 4547 2300 4599 in
2347 4544 2498 4599 brevi
2535 4543 2800 4611 audietis,
2828 4560 2995 4616 super
3026 4544 3443 4600 candelabrum
3468 4545 3833 4600 ecclesiastici

2232 4634 2526 4704 regiminis
2564 4631 2867 4687 sublevari.
2910 4631 3134 4687 Dudum
3152 4631 3298 4687 mihi
3326 4632 3633 4688 virtutibus
3657 4634 3828 4704 Hugo,

2236 4721 2525 4792 episcopus
2539 4722 2727 4792 potius
2745 4721 2898 4774 visus
2920 4724 3006 4775 est
3018 4736 3186 4792 quam
3201 4720 3512 4777 monachus
3541 4722 3830 4777 exstitisse

2232 4809 2430 4863 Notatu
2451 4815 2631 4862 autem
2650 4807 2817 4878 digna
2844 4823 2935 4862 res
2951 4815 3051 4875 est,
3086 4809 3230 4881 quod
3248 4808 3303 4885 ip
3333 4808 3662 4864 dedicatoria
3688 4810 3827 4864 scri-

2233 4895 2378 4949 bitur
2407 4896 2498 4950 :B.
2521 4896 2685 4950 Prior
2701 4912 3016 4968 pauperum
3058 4895 3287 4964 Christi,
3317 4896 3413 4969 qui
3432 4898 3494 4952 in
3535 4896 3827 4953 Wittheam

2231 4987 2652 5039 commanentes
2690 4997 2701 5036 :
2731 4983 2990 5039 ordinem
3017 4987 3155 5039 sunt
3215 4984 3672 5040 Carthusiensem
3709 5003 3826 5057 pra

2235 5071 2390 5141 fessi.
2416 5069 2538 5138 Qua
2569 5069 2741 5125 forma
2764 5079 2816 5125 et
2833 5071 3014 5144 Guigo
3037 5071 3249 5143 priorV
3280 5071 3498 5142 majoris
3535 5072 3827 5128 Carthusiae

2236 5160 2314 5215 sic
2335 5158 2544 5214 orditur
2564 5159 2853 5231 prologum
2868 5160 3004 5215 Vitae
3020 5159 3075 5213 S.
3095 5160 3339 5231 Hugonis
3363 5159 3605 5231 episcopi
3622 5160 3826 5217 Gratiav

2233 5246 2551 5318 nopolitani.
2574 5248 2810 5304 Domino
2838 5252 2895 5304 et
2912 5250 3075 5304 Patri
3094 5248 3450 5315 charissima,
3481 5265 3547 5304 ac
3580 5264 3828 5305 reveren-

2232 5335 2461 5391 dissimo
2474 5336 2619 5391 sedis
2635 5336 2957 5407 apostolicae
2970 5336 3231 5408 pontiﬁci
3242 5335 3829 5406 Innocentio,Carthu-

2232 5424 2507 5479 siensium
2522 5440 2836 5497 pauperum
2856 5441 3047 5480 servus
3058 5425 3288 5479 inutilis
3301 5424 3487 5495 Guigo,
3501 5429 3827 5496 perpetuam

2231 5514 2499 5578 salutem,
2523 5521 2649 5577 etc.,
2674 5519 2727 5566 et
2748 5511 3159 5566 Carthusieuses
3180 5512 3455 5580 Majorevi,
3471 5510 3615 5565 inter
3635 5513 3827 5582 episto-

542 5610 707 5651 voces
738 5596 1007 5667 quasdam
1060 5596 1371 5652 remotioris
1440 5598 1560 5664 arvi,
1591 5605 1643 5653 et
1701 5613 1730 5651 a
1784 5613 1924 5669 puro
1980 5597 2132 5652 Latio
2157 5649 2200 5670 Α
2230 5600 2989 5667 lasPetriCluniacensis,lib.
3014 5614 3089 5668 γι,
3115 5600 3358 5670 epist.23
3381 5601 3580 5655 :Pctro
3604 5601 3827 5658 Venera-

543 5683 719 5757 magis
771 5684 1144 5752 abhorrentes,
1206 5701 1326 5756 qua
1395 5685 1451 5740 in
1507 5685 1761 5742 Parcensi
1836 5685 2138 5743 emendatae

2155 5649 2203 5712 Ο

2237 5688 2336 5745 bili
2358 5693 2413 5745 et
2444 5688 2765 5745 honorando
2795 5690 2894 5745 Dei
2921 5688 3109 5759 gratia
3140 5688 3611 5749 Cluniacensium
3629 5688 3825 5759 abbati,
