3938 6396
179 408 284 463 789

1136 406 1339 462 LIBER
1378 406 1474 460 DE
1505 404 1889 462 EXERCITIO
1928 407 2185 465 CELLIE.
2217 440 2286 450 —
2314 411 2528 468 PRIEF.

3379 418 3485 472 790

172 531 607 605 fraterhumilis
617 531 1203 603 pauperumtfajorevi
1212 533 1368 603 prior
1381 535 1630 601 vocatus,
1645 533 1852 592 cumA
1882 532 2073 603 priore
2120 535 2242 591 loco
2286 536 2433 592 Bovo
2472 537 2765 596 Carthasim
2791 541 3124 607 monachus,
3157 548 3270 596 tum
3300 539 3481 614 Guigo

177 621 389 677 eisdem
431 618 796 692 pauperibus,
848 622 1127 674 aeternam
1158 636 1192 673 a
1230 620 1469 675 Domino
1497 621 1769 676 salutem.

181 708 253 765 Ut
280 706 507 762 minime
534 706 758 761 dubium
789 705 856 760 sit
887 706 1019 777 quin
1064 706 1406 761 Carthusiani
1448 706 1632 777 prisco
1663 724 1782 763 aevo

175 811 456 869 pauperes
505 794 672 865 vulgo
718 793 1087 864 cognominati
1125 793 1363 862 fuerint;
1396 794 1542 866 quod
1574 795 1780 851 scilicet

181 899 375 939 eorum
419 882 592 939 victus
636 897 701 938 ac
748 882 975 936 vestitus
1020 881 1107 937 vel
1136 882 1368 937 tenuitas
1397 882 1485 938 vel
1514 883 1782 953 asperitas

180 987 299 1043 prae
317 970 530 1026 caeteris
555 969 819 1025 emineret
844 987 858 1023 :
882 985 1043 1041 quam
1063 969 1118 1023 in
1134 986 1273 1035 rem,
1296 969 1561 1025 videndus
1585 979 1783 1040 praeter

181 1059 319 1115 alios
356 1059 547 1114 Petrus
588 1057 959 1122 Venerabilis,
990 1057 1085 1113 lib.
1117 1058 1166 1111 Il
1196 1059 1275 1112 De
1304 1057 1599 1124 miraculis,
1631 1073 1684 1113 c.
1712 1063 1781 1116 28

181 1156 237 1204 et
262 1150 352 1217 29,
393 1146 486 1218 qui
533 1152 586 1202 et
613 1144 801 1217 quanti
848 1144 1036 1201 fecerit
1065 1145 1447 1200 Carthusiense
1476 1146 1779 1201 institutum

184 1249 333 1306 saepe
392 1234 528 1289 alias
592 1232 872 1299 declarat;
899 1233 1204 1304 praesertim
1266 1249 1397 1289 vero
1452 1233 1578 1287 libri
1643 1233 1781 1290 sexti

185 1321 419 1393 epistola
465 1320 788 1377 duodecima
830 1321 900 1375 ad
939 1321 1245 1391 Eugenium
1275 1336 1493 1392 papam,
1528 1321 1784 1377 vicesima

184 1418 379 1482 quarta
426 1410 497 1464 ad
540 1408 731 1464 fratres
790 1408 1077 1477 Majorevi,
1142 1416 1196 1463 et
1244 1409 1667 1481 quadragesima
1713 1409 1783 1465 ad

181 1498 435 1553 Basiliam
455 1497 697 1568 priorem
716 1497 1039 1551 Carthasim.
1062 1497 1219 1552 Nunc
1238 1512 1399 1567 porro
1416 1499 1782 1568 procedamus

184 1586 256 1641 ad
283 1585 669 1657 inquirendum
693 1585 854 1653 hujus
894 1591 1176 1639 auctorem
1223 1584 1404 1655 Operis
1441 1600 1452 1638 :
1484 1601 1647 1656 quem
1677 1585 1781 1639 etsi

180 1681 376 1728 neuter
394 1673 568 1729 codex
588 1673 657 1727 de
675 1672 895 1728 nomine
917 1672 1227 1743 appellavit,
1251 1672 1577 1744 quibusdam
1598 1681 1780 1727 tamen

183 1760 457 1832 insparsis
505 1776 690 1815 rerum
741 1760 1027 1829 adiunctis,
1058 1760 1129 1814 ad
1160 1760 1469 1832 Guigonem
1497 1776 1562 1815 ex
1594 1761 1778 1831 priore

184 1848 511 1916 Carthasim,
567 1849 686 1917 ejus
722 1848 959 1903 nominis
1002 1848 1263 1913 secundo,
1298 1864 1399 1903 nos
1427 1848 1584 1920 quasi
1612 1864 1777 1903 manu
1809 1877 1862 1938 B

181 1937 411 1992 deduxit
437 1936 529 2009 qui
558 1937 816 1991 nimirum
854 1936 1105 1991 abdicato
1134 1937 1473 2007 generalatu,
1506 1937 1575 1991 ad
1607 1952 1780 1991 annos

179 2025 474 2081 duodecim
518 2033 817 2095 superstes,
869 2024 1137 2095 privatam
1186 2025 1244 2078 in
1289 2025 1577 2080 Carthusia
1619 2025 1783 2080 vitam

179 2114 298 2186 egit
322 2132 336 2179 ;
366 2113 504 2168 obiit
532 2121 713 2168 autem
735 2115 777 2168 V
810 2113 1084 2168 Kalendas
1114 2112 1389 2179 Octobris,
1415 2128 1559 2168 anno
1585 2113 1784 2169 Christi

180 2206 344 2271 1188,
407 2217 533 2257 cum
575 2202 688 2270 jam
731 2208 856 2256 ante
931 2200 1211 2256 biennium
1250 2202 1398 2257 Bovo
1463 2201 1785 2257 Wittheami

182 2289 432 2361 priorem
493 2305 662 2362 agere
710 2288 987 2359 coepisset.
1051 2289 1191 2343 Nam
1234 2274 1533 2359 in‘primis
1573 2296 1781 2356 auctor,

179 2377 361 2449 capite
426 2379 512 2442 15,
562 2383 616 2432 et
661 2377 866 2449 passim
914 2376 1039 2431 aliis
1083 2376 1220 2431 locis
1270 2376 1685 2431 Carthusianum
1724 2392 1784 2431 se

178 2465 384 2537 prodit.
435 2465 646 2520 Deinde
696 2480 823 2521 cum
871 2464 998 2520 citet
1044 2464 1251 2535 pluries
1293 2465 1447 2533 juxta
1501 2465 1779 2536 antiquam

178 2552 416 2610 formam
465 2559 663 2608 statuta
707 2552 998 2623 Guigonis,
1033 2569 1156 2623 quae
1183 2559 1377 2623 postea
1405 2568 1548 2607 anno
1578 2552 1784 2607 Christi

181 2645 342 2710 1259,
400 2640 555 2696 aliter
621 2640 833 2712 digesta
889 2646 1051 2705 sunt;
1094 2639 1277 2695 medio
1342 2647 1589 2710 tempore
1644 2640 1786 2694 inter

181 2728 496 2801 Guigonem
525 2727 762 2798 primum
803 2726 920 2798 (qui
963 2726 1185 2797 scripsit
1219 2726 1365 2783 circa
1393 2743 1592 2782 annum
1624 2726 1785 2798 1130)

183 2825 237 2875 et
265 2832 475 2873 annum
508 2819 645 2874 1259
675 2815 967 2886 scripsisse
997 2814 1150 2870 illum
1180 2830 1409 2871 necesse
1431 2822 1531 2870 est.
1556 2814 1638 2870 Ad
1668 2816 1787 2871 haec

184 2905 385 2962 eodem
414 2904 506 2960 illo
534 2903 710 2974 capite
741 2906 827 2973 15,
861 2910 914 2958 et
942 2902 1076 2959 locis
1099 2902 1240 2970 aliis,
1265 2903 1503 2974 loquitur
1525 2910 1785 2974 tanquam

182 3000 511 3066 potestatem
557 2991 787 3059 habens,
842 3006 907 3047 ac
953 2991 1168 3062 priores
1210 2992 1361 3062 ipsos
1387 2991 1549 3046 totius
1578 2991 1786 3045 ordinis

185 3081 595 3137 Carthusiensis
637 3079 785 3136 velut
831 3079 888 3134 in
914 3079 1160 3151 generali
1192 3079 1429 3150 capitulo
1481 3086 1787 3150 praesentes

182 3169 502 3242 alloquitur,
537 3175 590 3224 et
621 3183 688 3225 ea
727 3168 1121 3223 sententiarum
1168 3167 1439 3240 gravitate
1470 3167 1782 3238 compellat,

182 3274 306 3331 quae
334 3265 426 3313 aut
452 3256 727 3330 generalis
747 3255 1027 3327 praepositi
1064 3255 1461 3321 auctoritatem,
1486 3263 1576 3309 aut
1596 3255 1785 3310 saltem

187 3347 306 3416 ejus
336 3345 687 3418 magistratus
741 3344 870 3400 olim
912 3343 1055 3414 gesti
1098 3343 1355 3414 reliquias
1402 3343 1635 3399 redolet.
1668 3343 1787 3398 Fuit

184 3434 357 3506 igitur
384 3441 577 3489 auctor
605 3441 656 3489 et
685 3432 989 3488 Carthasim
1017 3431 1213 3497 incola,
1238 3439 1291 3487 et
1318 3430 1604 3503 praecipuae
1636 3431 1692 3485 in
1721 3446 1787 3485 ea

184 3521 491 3595 dignitatis.
542 3523 718 3592 Atque
758 3521 876 3576 haec
917 3520 1101 3575 omnia
1145 3519 1236 3575 vix
1264 3519 1508 3574 invenias
1540 3518 1594 3573 in
1624 3535 1788 3590 quem

186 3618 313 3682 apte
324 3609 672 3675 conveniant,
687 3624 813 3665 cum
829 3608 900 3662 ab
915 3622 1024 3663 uno
1038 3608 1146 3663 hoc
1169 3606 1421 3680 Guigone
1439 3606 1783 3663 discesseris:

183 3699 256 3756 de
283 3712 394 3771 quo
440 3698 558 3753 haec
600 3696 768 3752 tradit
813 3696 1034 3769 quidam
1067 3696 1184 3765 ejus
1233 3695 1444 3751 ordinis
1493 3694 1733 3767 scriptor
1768 3712 1783 3750 :

190 3788 421 3859 Magnus
438 3803 576 3842 sane
592 3787 698 3854 vir,
717 3784 1042 3841 admirabili
1062 3785 1377 3849 docilitate,
1402 3788 1459 3840 et
1480 3784 1788 3856 prudentia

186 3876 315 3932 sine
330 3874 497 3931 dubio
512 3875 765 3930 humana
784 3874 1019 3944 majore,
1039 3872 1512 3944 contemplationi
1527 3889 1592 3928 ac
1612 3872 1788 3944 quieti

187 3966 444 4036 impense
473 3962 716 4029 deditus,
753 3978 788 4017 a
808 3962 1060 4033 capitulo
1092 3962 1348 4033 generali
1376 3960 1787 4017 absolutionem

185 4054 358 4124 petiit
378 4056 438 4108 et
464 4053 705 4123 accepit,
738 4066 879 4107 onus
899 4050 1047 4105 illud
1076 4050 1183 4105 sibi
1206 4051 1367 4120 longe
1388 4050 1786 4120 gravissimum

189 4141 510 4208 excutiens,
540 4139 684 4212 quod
703 4154 761 4195 se
780 4140 973 4195 minus
995 4137 1261 4195 idoneum
1277 4140 1536 4210 putaret,
1561 4140 1790 4209 prapter

188 4229 680 4301 inexperientiam
699 4243 894 4283 rerum
918 4227 1322 4291 humanarum,
1347 4240 1484 4298 quas
1502 4225 1687 4281 multa
1707 4224 1791 4280 di-

188 4319 457 4373 vinarum
503 4315 978 4388 contemplatione
1013 4315 1371 4384 neglexerat.
1398 4314 1535 4368 Pius
1560 4313 1790 4369 tandem

194 4402 363 4473 Guigo
375 4401 645 4472 spiritum
656 4400 728 4454 ad
746 4400 930 4455 lucem
943 4399 1163 4454 emittit
1168 4401 1526 4470 perpetuam,
1544 4413 1579 4453 v
1593 4397 1792 4452 Kalen-

191 4489 291 4544 das
327 4488 576 4546 Octobris
594 4490 751 4557 1188,
781 4502 933 4543 anno
965 4489 1031 4543 12
1052 4489 1181 4558 post
1202 4486 1613 4541 absolutionem
1637 4502 1650 4538 :
1673 4502 1790 4541 non

1882 635 1949 681 ex
1977 622 2159 691 priore
2204 624 2398 677 domus
2446 624 2711 692 ejusdem.
2764 628 2831 681 Et
2859 628 2977 683 haec
3008 628 3226 698 quidem
3255 628 3481 699 imprae-

1882 709 2178 764 sentiarum
2208 726 2274 765 ex
2306 711 2638 779 conjectura.
2673 714 2734 768 In
2766 723 3044 784 posterum
3068 716 3112 769 si
3143 716 3271 788 quid
3300 716 3481 772 diver-

1882 812 2000 851 sam
2030 797 2083 851 in
2112 798 2433 852 sententiam
2462 816 2620 855 novas
2645 801 2781 855 lueis
2827 802 3110 869 affulserit,
3143 818 3245 859 nos
3272 803 3329 859 in
3360 820 3483 861 eam

1881 885 2023 939 ultro
2052 900 2117 941 ac
2146 886 2397 940 labentes
2425 889 2811 943 concedemus.

1954 971 2221 1028 Caeterum
2250 974 2305 1029 in
2336 974 2438 1030 hoc
2458 991 2627 1046 opere
2654 976 2841 1031 mirari
2871 979 2993 1049 quis
3024 979 3198 1049 possit
3234 978 3375 1050 quod
3405 979 3482 1035 ait

1881 1069 2089 1126 auctor,
2125 1076 2247 1132 cap.
2300 1066 2389 1131 28,
2436 1064 2704 1134 reprobos
2734 1066 2960 1137 angelos
2989 1067 3307 1123 charitatem
3336 1083 3482 1122 nan-

1883 1164 2049 1220 quam
2076 1149 2352 1215 habuisse,
2407 1151 2650 1223 adeoque
2693 1154 2975 1209 charitatis
3005 1155 3226 1226 quidem
3252 1170 3484 1226 capaces

1881 1236 2073 1306 fuisse,
2103 1252 2212 1292 non
2240 1246 2421 1293 tamen
2449 1240 2765 1295 charitatem
2797 1242 3108 1312 capientes;
3139 1242 3484 1299 Ezechielem

1883 1340 1984 1395 pro
2014 1341 2073 1379 se
2102 1324 2367 1398 allegans,
2391 1342 2519 1397 cap.
2569 1343 2772 1395 xxvm,
2794 1346 2954 1385 versu
2980 1334 3065 1395 13,
3089 1331 3275 1401 juncta
3304 1331 3480 1387 inter-

1882 1412 2183 1483 pretatione
2245 1414 2418 1469 sancti
2479 1414 2735 1486 Gregorii
2802 1432 2975 1487 papae.
3043 1418 3268 1489 Ruperti
3350 1434 3482 1474 sane

1883 1495 2145 1550 institisse
2173 1496 2388 1551 videtur
2416 1498 2682 1568 vestigiis,
2718 1500 2821 1555 hoc
2858 1501 3037 1570 ipsum
3066 1501 3363 1557 asserentis
3383 1502 3481 1556 lib.

1885 1598 1923 1649 ι,
1957 1584 2037 1638 De
2066 1584 2325 1653 operibus
2357 1584 2649 1651 Trinitatis,
2682 1601 2806 1657 cap.
2843 1590 2928 1657 16,
2962 1597 3016 1643 et
3044 1589 3237 1644 eodem
3267 1605 3334 1644 ex
3358 1589 3482 1645 loco

1884 1671 2205 1737 Ezechielis,
2242 1672 2353 1727 imo
2382 1680 2436 1726 et
2466 1673 2723 1744 Gregorii
2750 1690 2931 1745 papae,
2952 1693 3115 1747 quem
3136 1677 3225 1733 hic
3247 1676 3485 1747 sublegit

1886 1773 1950 1814 ac
1980 1775 2119 1828 pene
2149 1759 2508 1829 transcripsit.
2543 1762 2611 1815 At
2630 1760 2765 1815 istos
2786 1778 2883 1817 seu
2905 1764 3092 1819 Patres
3114 1780 3211 1819 seu
3231 1764 3485 1820 doctores

1886 1855 2010 1901 sunt
2041 1847 2130 1917 qui
2161 1847 2438 1917 esplicant
2459 1847 2528 1903 de
2550 1848 2812 1904 charitate
2829 1851 3047 1921 actuali,
3072 1867 3237 1923 quam
3259 1851 3487 1924 angelos

1887 1934 2155 2004 reprobos
2206 1951 2479 2006 nunquam
2526 1936 2782 1993 habuisse
2820 1939 2964 1992 haud
2993 1939 3347 2009 improbabile
3378 1948 3483 2006 est,

1881 2023 2184 2093 praesertim
2222 2023 2400 2093 posita
2422 2024 2787 2095 quorumdam
2809 2026 3097 2093 sententia,
3125 2028 3483 2083 asserentium

1882 2127 1981 2166 eos
2026 2127 2136 2166 uno
2199 2118 2407 2165 tantum
2470 2112 2693 2166 instanti
2727 2129 2755 2167 a
2782 2114 2960 2183 primo
3018 2130 3115 2170 suo
3154 2116 3374 2171 condita
3416 2116 3487 2170 ad

1882 2198 2095 2269 lapsum
2144 2215 2316 2270 usque
2370 2200 2694 2270 perstitisse.
2750 2199 2888 2268 Quia
2936 2210 3115 2256 tamen
3154 2203 3487 2273 probabilius

1885 2295 1966 2342 est
1997 2295 2108 2341 tam
2138 2287 2362 2342 brevem
2394 2303 2503 2342 non
2536 2287 2704 2343 fuisse
2736 2289 3061 2360 angelorum
3090 2290 3256 2356 viam,
3279 2299 3332 2345 et
3362 2292 3486 2364 quia

1883 2374 2083 2430 frustra
2122 2374 2286 2429 infusi
2336 2374 2656 2429 viderentur
2702 2376 2916 2431 habitus
2945 2378 3408 2447 supernaturales,
3442 2378 3489 2433 si

1884 2462 2096 2517 nullum
2112 2478 2349 2533 unquam
2366 2462 2423 2516 in
2453 2470 2634 2517 actum
2655 2464 3063 2535 prorupissent;
3096 2465 3283 2520 malim
3304 2465 3491 2522 dicere

1885 2565 2009 2606 cum
2067 2551 2277 2606 Joanne
2319 2550 2606 2617 Martinon,
2656 2550 2798 2622 disp.
2841 2554 2931 2621 43,
2973 2553 3040 2607 de
3071 2553 3316 2623 Angelis,
3351 2563 3485 2610 sect.

1886 2642 1937 2707 5,
1969 2654 2025 2692 n.
2058 2640 2145 2707 41,
2199 2638 2542 2694 Ezechielem
2590 2655 2716 2694 cum
2760 2639 3031 2710 Gregorio
3076 2641 3256 2711 potius
3284 2641 3487 2697 intelli-

1885 2726 2097 2799 gendos
2127 2726 2193 2781 de
2224 2726 2531 2795 charitate,
2564 2743 2680 2783 non
2701 2729 3061 2799 simpliciter,
3084 2729 3181 2784 sed
3198 2733 3370 2785 aucta
3382 2745 3488 2801 per

1884 2816 2132 2881 merita;
2167 2818 2234 2869 ut
2260 2812 2483 2869 indicat
2520 2814 2748 2871 verbum
2769 2815 2967 2886 repleri
2995 2817 3120 2882 ;vel
3138 2818 3314 2872 etiam
3342 2833 3483 2873 con-

1883 2905 2171 2958 summata
2190 2917 2292 2973 per
2314 2902 2725 2957 beatitudinem
2750 2908 2805 2959 et
2829 2904 3089 2975 gloriam,
3114 2905 3209 2960 ubi
3227 2904 3484 2962 charitas

1884 2991 1947 3045 in
1967 2994 2103 3045 actu
2121 2990 2367 3046 secundo
2388 2994 2554 3045 tanto
2575 2991 2761 3060 major
2780 2995 2835 3046 et
2855 2992 3136 3048 intensior
3150 2996 3253 3058 est,
3273 2996 3486 3064 quanto

1884 3078 2025 3133 visio
2054 3078 2154 3133 Dei
2180 3081 2422 3149 prastat
2445 3079 2605 3133 actui
2631 3078 2783 3147 ﬁdei.
2807 3078 2984 3133 Minus
3000 3087 3180 3134 autem
3199 3079 3487 3151 probabile

1887 3173 1969 3220 est
2000 3166 2147 3238 quod
2196 3165 2348 3220 aiunt
2396 3166 2555 3236 Hugo
2604 3166 2674 3221 de
2702 3166 2901 3222 Sancto
2931 3167 3147 3223 Victore
3177 3167 3233 3222 in
3263 3176 3488 3224 bumma

1811 3225 1858 3285 Ο
1888 3225 2131 3309 Sentent.
2192 3260 2354 3309 tract.
2404 3225 2551 3319 2,2.
2584 3256 2660 3321 2;
2709 3254 2897 3309 Petrus
2942 3254 3283 3311 Lombardus
3325 3255 3383 3310 in
3426 3260 3483 3323 2,

1886 3341 2012 3396 dist.
2046 3344 2098 3407 3,
2132 3348 2253 3411 part
2283 3357 2361 3406 n;
2396 3341 2773 3397 Bonaventara
2802 3341 3024 3411 ididem,
3046 3342 3175 3397 dist.
3206 3346 3260 3411 4,
3293 3350 3394 3398 art.
3429 3348 3482 3412 1,

1886 3437 2077 3502 quaest.
2128 3433 2182 3495 2,
2231 3436 2290 3485 et
2317 3428 2406 3484 alii
2452 3429 2719 3499 nonnulli,
2760 3430 3203 3501 angelos'malos
3242 3431 3299 3486 in
3339 3438 3485 3487 statu

1885 3533 2035 3589 pura;
2065 3524 2275 3572 natura
2304 3524 2518 3573 creatos
2550 3516 2739 3586 fuisse,
2775 3533 2880 3573 nec
2907 3518 3016 3572 ulla
3043 3518 3221 3591 gratia
3240 3519 3484 3575 seucha-

1885 3605 2046 3660 ritate
2092 3604 2349 3660 habitaali
2396 3604 2723 3675 praedictos;
2758 3605 2905 3676 quod
2952 3605 3204 3676 angelico
3262 3606 3484 3663 Doctori

1887 3693 2221 3761 adversatur,
2254 3701 2446 3765 quaest.
2481 3695 2570 3760 62,
2595 3700 2700 3748 art.
2734 3696 2784 3763 3,
2805 3694 2915 3749 imo
2935 3701 2989 3750 et
3009 3694 3212 3754 sanctis
3232 3695 3482 3751 Patribus

1889 3781 2097 3838 Graecis
2144 3798 2301 3854 mque
2356 3798 2420 3837 ac
2475 3781 2699 3849 Latinis,
2758 3776 2807 3837 si
2862 3781 3002 3838 bene
3057 3782 3272 3838 illorum
3328 3799 3486 3839 mens

1886 3869 2237 3940 percipiatur.
2289 3869 2426 3925 Vide
2468 3869 2800 3941 interpretes
2848 3870 3168 3939 Ezechielis,
3202 3871 3271 3926 ad
3302 3870 3484 3927 locum

1887 3957 2247 4029 propositam,
2280 3964 2333 4013 et
2362 3957 2649 4029 theologos
2691 3957 3047 4014 scholasticos
3076 3958 3132 4014 in
3173 3959 3334 4015 citata
3360 3959 3487 4016 loca

1887 4045 2128 4118 Magistri
2157 4053 2209 4102 et
2247 4044 2311 4099 S.
2366 4046 2607 4112 Thomae,
2640 4062 2856 4102 necnon
2901 4046 3200 4114 Patavium,
3243 4055 3374 4104 tom.
3411 4049 3484 4105 ill

1886 4133 2335 4205 Theologicorum
2369 4133 2706 4205 dogmatum.
2739 4134 2834 4189 lib.
2869 4151 2886 4188 ι
2918 4150 3038 4207 cap.
3076 4139 3162 4192 16.

1889 4331 1954 4387 II.
2007 4329 2285 4387 Bernardi
2334 4331 2659 4407 Carthasim
2700 4333 3008 4407 Portarum
3058 4334 3235 4404 primi
3272 4334 3486 4407 prioris

2457 4402 2709 4472 epistola:
2742 4405 2876 4459 tres.

197 4571 1789 4646 tamvioendirationecommendabilis,quamquibusdam
1816 4580 1868 4640 D
1961 4579 2129 4648 Hujus
2159 4577 2439 4647 Bernardi,
2486 4578 2768 4633 Portarum
2815 4578 2978 4649 primi
3014 4578 3232 4650 prioris,
3285 4586 3339 4635 et
3367 4581 3487 4649 ejus

194 4652 375 4736 supra
385 4664 704 4720 humanum
721 4668 952 4720 natura:
971 4678 1200 4719 cursum
1213 4663 1383 4718 dictis
1398 4663 1676 4733 factisque
1687 4660 1787 4717 ad-

194 4753 495 4809 mirabilis.
528 4752 932 4824 Appellabatur
946 4750 1068 4806 ideo
1092 4767 1128 4806 a
1154 4751 1436 4822 plerisque
1464 4751 1651 4805 omine
1673 4766 1789 4805 non

194 4840 362 4896 inani
375 4840 652 4911 Angelus;
672 4840 769 4913 qui
784 4840 847 4895 ob
877 4840 1010 4894 vitae
1032 4839 1443 4907 innocentiam,
1459 4838 1790 4909 angelorum

195 4930 370 4998 ferias
380 4932 606 5001 postera
632 4945 668 4984 a
694 4931 879 4984 morte
897 4928 1021 4983 luce
1033 4927 1183 5000 apud
1214 4942 1445 4998 superos
1478 4942 1640 4998 agere
1668 4942 1790 4981 me-

196 5017 441 5083 ruit.Ita,
461 5017 506 5071 si
517 5023 717 5072 nostra;
726 5016 1053 5085 conjecturas
1070 5014 1224 5071 locus
1238 5014 1790 5086 est,ediderit,Guigo

197 5118 334 5175 opus
352 5104 496 5162 istud
514 5104 584 5159 ad
602 5105 878 5161 Bovonem
896 5102 1235 5158 Witthamiae
1261 5103 1502 5173 priorem
1525 5102 1667 5159 circa
1690 5117 1793 5157 an-

197 5207 325 5247 num
341 5191 542 5248 Christi
563 5195 719 5258 1187,
745 5190 1003 5264 spiritalis
1026 5191 1141 5260 ejus
1177 5192 1318 5246 uteri
1343 5190 1512 5245 filium
1537 5207 1597 5246 se
1621 5206 1795 5261 appe-

199 5278 336 5347 lans,
377 5279 608 5336 fortasse
629 5280 777 5353 quod
809 5279 905 5335 illo
941 5278 1204 5350 praefecto
1246 5278 1486 5349 spiritus,
1515 5287 1605 5333 aut
1629 5294 1797 5334 cons-

202 5366 409 5424 cientia:
429 5385 541 5424 suae
561 5384 888 5425 arcanorum
904 5367 1123 5424 conscia
1134 5368 1445 5438 arbitroque
1465 5383 1593 5422 usus
1608 5366 1802 5423 fuisset

207 5454 262 5509 in
298 5456 601 5513 Carthusia.
643 5457 787 5513 Sane
803 5456 1039 5512 Bovonis
1059 5471 1173 5527 prae
1196 5455 1450 5526 Guigone
1467 5454 1802 5511 excellentiae

106 5571 126 5583 ο
202 5543 511 5600 nonnullius
542 5552 922 5617 argumentum
944 5551 1046 5611 est,
1072 5543 1291 5615 quodin
1310 5542 1511 5597 tabulis
1530 5541 1610 5597 rei
1631 5549 1804 5614 gestae

202 5628 342 5686 inter
385 5633 635 5689 abbatem
679 5631 1004 5690 Bonaavallis
1050 5639 1105 5687 et
1152 5631 1457 5686 Jocelinum
1501 5631 1805 5688 Carthasim

206 5718 458 5791 priorem,
493 5722 633 5778 datis
663 5723 730 5777 ad
758 5737 960 5778 annum
1012 5725 1168 5792 1185,
1201 5730 1368 5779 testes
1409 5720 1804 5791 inscribuntur,

1888 4666 2281 4738 discipulorum
2311 4665 2533 4721 Joannis
2564 4680 2630 4721 ac
2655 4665 2933 4737 Stephani,
2966 4683 3100 4738 quas
3127 4667 3216 4723 hic
3235 4668 3488 4725 dedimus

1891 4755 2167 4826 epistolas,
2217 4753 2311 4809 uni
2348 4754 2613 4809 debemus
2659 4755 3012 4811 membraneo
3059 4762 3113 4810 et
3142 4756 3300 4811 bona:
3343 4764 3491 4814 nota;

1891 4859 1996 4899 ms.
2044 4843 2219 4899 codici
2254 4842 2438 4914 inclyti
2481 4843 2800 4898 monasterii
2843 4843 3127 4909 Jariensis,
3180 4844 3326 4915 quod
3356 4844 3489 4900 olim

1892 4949 1922 4987 a
1950 4932 2124 5003 primo
2173 4946 2272 4986 suo
2309 4938 2502 4987 exortu
2550 4931 3015 4999 Condatescense,
3060 4932 3254 4987 exinde
3299 4935 3493 4989 sancti

1894 5019 2149 5090 Augendi
2195 5018 2310 5075 sive
2354 5019 2624 5090 Eugendi,
2672 5019 2969 5075 novissime
3024 5021 3223 5076 Sancti
3269 5019 3494 5079 Claudii

1895 5114 2267 5179 nuncupatum
2295 5115 2396 5162 est.

1968 5200 2014 5252 A
2044 5195 2269 5251 fundata
2309 5197 2594 5251 Portarum
2623 5195 2928 5261 Carthusia,
2976 5197 3079 5253 hoc
3110 5204 3213 5264 est,
3253 5197 3319 5251 ab
3347 5214 3494 5255 anno

1900 5284 2099 5340 Christi
2126 5287 2263 5339 1115
2292 5300 2467 5355 usque
2496 5284 2565 5339 ad
2596 5300 2796 5339 annum
2826 5284 3043 5341 circiter
3066 5289 3224 5351 1260,
3252 5286 3496 5359 quinque

1901 5374 2122 5428 omnino
2149 5372 2453 5428 Bernardos
2489 5372 2705 5442 priores
2736 5372 2786 5427 ei
2811 5371 2996 5427 domui
3027 5356 3312 5443 prefuissé
3340 5356 3498 5429 coin-

1901 5470 2114 5532 pertum
2156 5460 2314 5515 nobis
2379 5467 2480 5527 est,
2532 5461 2618 5515 vel
2669 5460 2944 5516 admonitu
2991 5461 3198 5516 domini
3250 5463 3501 5534 Hugonis

1906 5551 2059 5618 Buat,
2128 5549 2183 5602 in
2252 5547 2537 5603 Carthusia
2617 5548 2876 5617 Majorevi
2958 5549 3327 5619 coadjutoris,
3384 5550 3504 5615 .viri

1905 5635 2318 5704 humanissimi,
2360 5644 2413 5691 et
2472 5636 2556 5690 sui
2614 5636 2847 5691 maxime
2897 5635 3107 5691 ordinis
3150 5637 3504 5694 historiarum

1907 5723 2289 5790 scientissimi;
2336 5725 2421 5780 vel
2469 5724 2807 5794 inspectione
2856 5724 2975 5795 ipsa
3039 5724 3504 5800 autographarum
