3938 6428
442 402 540 458 ’791

1310 404 1654 461 GUIGONIS
1696 407 1739 459 Il
1782 400 2190 458 CARTHUSIzE
2231 402 2525 459 MAIORIS
2564 401 2864 459 PRIORIS.

3629 399 3738 452 792

443 532 686 583 veterum
746 524 1066 582 tabularum.
1117 527 1176 582 ln
1242 536 1435 599 quarto
1486 537 1538 583 et
1584 528 1771 598 quinto
1820 527 2034 580 discer-
2061 525 2323 583 Anensis
2346 527 2694 582 Bemardum
2711 526 3157 582 Moriennensem
3179 523 3518 594 episcopum,
3545 519 3598 574 in
3621 519 3734 590 pri-

443 613 636 669 nendis
666 612 798 668 nihil
854 613 1151 669 admodum
1182 615 1385 683 negotii
1414 614 1535 669 fuit.
1581 614 1847 682 Quartum
1869 615 2034 676 enim,

444 709 806 774 cognomento
837 702 904 756 de
931 703 1121 766 Turre,
1155 719 1220 756 ex
1241 703 1422 771 priore
1445 704 1737 756 Portarum
1760 701 2038 771 praefuisse

445 796 657 845 constat
700 789 793 844 toti
839 789 1015 843 ordini
1054 789 1422 845 Carthusiensi
1476 791 1546 844 ab
1602 805 1746 844 anno
1784 791 1918 843 1253
1969 787 2040 842 ad

448 878 604 933 1258.
637 875 836 945 Quinto
884 891 1190 948 cognomen
1239 877 1337 931 fuit
1384 878 1449 932 de
1497 878 1709 943 Samia,
1759 877 1848 947 qui
1890 882 1943 930 et
1973 875 2040 928 ab

447 978 593 1019 anno
621 963 834 1019 circiter
858 967 994 1020 1256
1017 965 1087 1019 ad
1119 967 1274 1031 1260,
1309 965 1591 1020 Portarum
1621 965 1860 1034 priorem
1893 963 2031 1032 egit.

445 1054 516 1107 At
569 1050 706 1107 alios
751 1052 1057 1107 Bernardos
1095 1060 1207 1106 tres
1254 1053 1554 1122 superioris
1605 1053 1705 1107 aevi
1757 1054 2040 1106 Portarum

446 1139 656 1210 priores
673 1140 832 1210 (quos
851 1140 1098 1211 plerique
1133 1141 1425 1210 scriptores
1455 1142 1510 1194 in
1531 1157 1699 1194 unum
1717 1140 2042 1206 contlarunt)

446 1226 781 1299 distinguere
821 1243 950 1284 sane
1000 1244 1161 1299 quam
1208 1243 1499 1298 operosum
1551 1236 1653 1283 est.
1710 1228 1899 1282 Paucis
1933 1243 2043 1281 rem

449 1331 734 1385 exsequar,
769 1316 946 1386 quoad
977 1323 1159 1371 tamen
1203 1317 1513 1387 argumenti
1544 1316 1681 1370 ratio
1711 1314 1866 1370 feret.

521 1398 734 1452 Primus
769 1399 1072 1454 Bernardus
1115 1401 1402 1454 Portarum
1448 1400 1620 1469 prior,
1656 1399 1801 1454 idem
1837 1406 1890 1452 et
1919 1397 2046 1452 fun-

449 1485 610 1540 dator
637 1485 752 1551 fuit,
785 1501 851 1542 ex
880 1488 1146 1542 monacho
1176 1487 1524 1542 Benedictino
1567 1488 2035 1554 Ambroniacensi,

453 1587 596 1628 anno
640 1573 837 1628 Christi
900 1578 1056 1639 1115,
1117 1575 1258 1628 unde
1299 1583 1351 1629 et
1401 1577 1680 1628 Portarum
1725 1574 2032 1638 Carthusia,

454 1661 688 1732 primum
709 1677 740 1716 a
768 1661 972 1729 majore
999 1662 1366 1717 Carthusiacis
1396 1662 1697 1733 Alpesjure
1717 1662 2047 1733 antiquitatis

453 1749 636 1805 locum
665 1750 889 1815 obtinet,
932 1757 985 1804 et
1033 1758 1113 1804 est
1161 1750 1365 1805 ordinis
1407 1750 1571 1805 totius
1601 1757 1723 1820 post
1754 1749 2049 1806 secundam

457 1836 792 1892 Calabricam
839 1837 1017 1892 tertia.
1081 1837 1248 1905 Hujus
1304 1837 1508 1892 obitum
1553 1853 1616 1892 ac
1658 1837 1834 1892 forma
1877 1837 2046 1892 adno-

457 1932 626 1978 tatum
659 1923 772 1995 legi
824 1924 882 1978 in
936 1924 1265 1995 Necrologio
1304 1924 1560 1992 Majorevi
1593 1925 1770 1993 (cujus
1811 1924 2045 1980 nominis

455 2010 728 2082 originem
763 2011 1119 2065 indicabimus
1156 2011 1212 2064 in
1233 2011 1534 2081 appendice
1564 2013 1724 2080 hujus
1761 2011 2045 2076 Manualis,

456 2113 608 2153 num.
652 2098 762 2167 31).
805 2100 994 2153 Pridie
1037 2099 1168 2154 Idus
1203 2099 1496 2153 Februarii
1535 2097 1671 2155 obiit
1706 2100 2050 2166 Bernartius,

451 2187 678 2257 primus
697 2187 853 2257 prior
883 2188 1208 2249 Portarum,
1245 2187 1446 2242 MCLII.
1475 2186 1708 2254 Sedjam
1730 2187 1899 2240 multo
1930 2193 2055 2240 ante

462 2272 827 2329 abdicaverat.
883 2273 1099 2328 Etenim
1163 2290 1228 2328 ex
1292 2274 1495 2328 tabulis
1560 2274 1838 2342 Majorevi,
1913 2289 2055 2348 anno

471 2361 670 2416 Christi
735 2362 890 2428 1147,
941 2360 1029 2416 die
1079 2360 1217 2416 festo
1266 2361 1321 2416 S.
1374 2361 1595 2416 Thomas
1642 2361 1893 2432 apostoli,
1936 2378 2056 2416 me-

463 2447 618 2504 minit
647 2448 964 2505 Bellicensis
995 2448 1078 2504 sui
1108 2449 1455 2520 episcopatus
1493 2449 1723 2504 abdicati
1750 2451 2057 2504 Bernardus

465 2536 534 2592 de
565 2537 758 2604 Portis,
785 2537 1040 2608 idemque
1061 2538 1342 2592 Portarum
1369 2544 1496 2593 tunc
1525 2538 1778 2608 prior.At
1805 2545 1921 2593 erat
1945 2529 2067 2605 jam

466 2624 754 2695 episcopus
797 2624 1113 2680 Bellicensis
1156 2625 1469 2681 Willelmus
1512 2625 1774 2680 Kalendis
1823 2626 2066 2696 Septem-

463 2712 580 2767 bris
611 2715 767 2770 HH.
800 2713 1052 2768 Testatur
1081 2713 1227 2767 enim
1256 2713 1419 2768 Falco
1440 2714 1820 2785 Lugdunensis
1839 2714 2059 2769 archie-

466 2800 743 2872 piscopus,
777 2815 842 2855 eo
874 2814 1017 2855 anno
1050 2800 1255 2855 Christi
1290 2802 1447 2867 1141,
1482 2801 1777 2856 indictione
1809 2816 1880 2868 iv,
1915 2816 2058 2872 pon-

458 2886 694 2943 ‘tiﬁcatus
725 2887 1024 2944 Innocentii
1054 2903 1213 2959 papae
1244 2889 1293 2943 ll
1321 2903 1464 2944 anno
1493 2903 1595 2953 xu,
1628 2889 1711 2944 sui
1738 2905 1906 2959 porro
1935 2890 2056 2960 epi-

470 2984 722 3046 scopatus
768 2991 913 3030 anno
956 2975 1218 3042 secundo,
1253 2975 1513 3030 Kalendis
1543 2977 1896 3046 Septembris,
1929 2976 2059 3031 luna

464 3064 557 3129 27,
611 3062 829 3118 venisse
881 3063 952 3118 ad
991 3079 1051 3118 se
1100 3059 1432 3118 Bemardum
1479 3064 1762 3118 Portarum
1800 3064 2056 3134 priorem,

471 3166 592 3206 cum
628 3149 847 3216 Poncio,
898 3150 1128 3217 Bosone,
1178 3158 1229 3204 et
1275 3151 1549 3220 Stephano
1597 3151 1840 3219 ejusdem
1869 3152 2062 3206 domus

471 3237 772 3303 monachis,
823 3237 913 3308 qui
964 3237 1034 3292 ab
1083 3251 1228 3293 anno
1275 3238 1475 3293 Christi
1520 3242 1677 3303 1115,
1742 3255 1840 3310 per
1877 3239 2069 3310 viginti

474 3323 711 3396 quinque
739 3324 970 3395 amplius
1022 3341 1194 3380 annos
1223 3325 1278 3380 in
1311 3341 1496 3381 eremo
1541 3326 1822 3382 Portarum
1854 3327 2069 3382 Christo

477 3413 712 3469 Domino
751 3413 1142 3481 deservierant,
1201 3421 1260 3468 ut
1305 3414 1372 3469 de
1417 3429 1530 3468 suae
1558 3414 1777 3469 ditionis
1809 3414 2069 3470 limitibus

479 3508 601 3556 orta
665 3500 806 3555 inter
871 3500 1079 3556 vicinos
1147 3501 1538 3569 controversia,
1602 3501 1775 3572 ipsius
1823 3503 2072 3558 Falconis

477 3587 895 3659 archiepiscopi,
928 3602 1141 3644 necnon
1173 3588 1450 3644 Guillelmi
1470 3588 1788 3645 Bellicensis
1809 3589 2071 3661 episcopi,

477 3683 641 3746 atque
700 3675 953 3731 Ismionis
1029 3675 1514 3733 Ambroniacensis
1576 3677 1786 3732 abbatis
1851 3677 2073 3734 arbitrio

476 3763 846 3818 dirimeretur.
871 3764 992 3819 Fuit
1011 3773 1189 3820 autem
1209 3764 1407 3820 exinde
1421 3764 1744 3820 Guillelmus
1760 3764 2075 3821 Bellicensis

477 3851 765 3923 episcopus
795 3851 988 3907 saltem
1015 3867 1188 3923 usque
1218 3853 1296 3907 ad
1328 3868 1532 3908 annum
1562 3854 1722 3909 1157.
1744 3852 1880 3908 Cum
1909 3852 2077 3923 igitur

477 3941 788 3996 Bemardus
835 3941 904 3996 de
951 3941 1109 3996 Porta
1157 3941 1346 4012 (quem
1388 3957 1420 3995 a
1465 3940 1743 3995 Bernardo
1787 3941 1855 3995 de
1902 3941 2076 3996 Portis

479 4044 588 4084 non
609 4029 1013 4100 distinguimus)
1025 4036 1232 4084 tantum
1247 4028 1548 4084 monachus
1558 4028 1842 4083 Portarum
1863 4029 2079 4099 legatur

477 4116 537 4170 in
579 4116 870 4188 diplomate
919 4117 1188 4182 Portensi,
1247 4116 1373 4171 dato
1423 4115 1493 4171 ad
1541 4131 1746 4170 annum
1809 4119 1966 4182 1135,
2015 4131 2078 4171 m

481 4205 671 4259 Nonas
700 4205 820 4260 Maii
860 4204 954 4271 (de
1001 4220 1108 4276 quo
1161 4211 1216 4259 et
1252 4219 1354 4258 nos
1403 4203 1564 4268 infra,
1609 4203 1664 4258 in
1704 4203 1981 4273 Stephano
2011 4203 2080 4259 de

481 4292 801 4363 Chalmeto),
851 4292 1004 4347 illum
1049 4291 1232 4348 medio
1282 4299 1529 4362 tempore
1583 4290 1725 4346 inter
1783 4306 1845 4346 ιιι
1895 4292 2080 4347 Nonas

481 4380 652 4436 Maias
683 4384 840 4446 1135,
874 4389 925 4434 et
956 4379 1164 4434 Kalend
1176 4395 1237 4434 as
1259 4379 1612 4449 Septembres
1634 4379 1936 4447 anniti“,
1961 4381 2080 4450 epi—

483 4483 708 4539 scOpum
737 4468 1094 4524 Bellicensem
1150 4466 1316 4522 fuisse
1345 4482 1574 4522 necesse
1606 4475 1690 4522 est
1717 4486 1730 4532 ;
1764 4467 1873 4522 imo
1901 4467 2081 4523 medio

2140 613 2340 682 vilegio
2367 614 2550 668 eidem
2574 612 2838 669 Ecclesia:
2867 625 3149 675 concesso,
3179 625 3212 664 a
3241 608 3495 664 Conrado
3523 609 3735 662 Roma-

2139 716 2336 754 norum
2367 718 2518 772 rege,
2551 717 2690 755 anno
2741 701 2896 771 regni
2943 700 3058 767 ejus
3103 705 3316 762 octavo,
3363 696 3450 750 die
3492 695 3736 766 Appari-

2146 788 2305 843 tionis
2365 788 2580 843 Domini
2649 791 2868 858 (nempe
2911 789 2942 839 6
2988 785 3274 852 Januarii),
3316 798 3459 838 anno
3500 798 3630 839 vero
3668 783 3740 836 ab

2144 877 2517 931 lncarnatione
2567 875 2784 930 Domini
2837 876 2994 929 1146.
3045 871 3324 928 Abdicarit
3362 879 3544 926 autem
3588 885 3739 926 anno

2143 964 2355 1030 eodem,
2371 965 2456 1020 vel
2475 964 2719 1034 proxime
2747 962 2995 1034 sequenti
3017 964 3172 1027 1147,
3201 976 3307 1032 quo
3328 959 3482 1014 illum
3501 958 3742 1014 vidimus

2143 1053 2427 1106 Portarum
2455 1052 2717 1105 duntaxat
2747 1065 3005 1120 priorem,
3038 1049 3125 1104 die
3179 1047 3386 1102 mensis
3417 1046 3741 1102 Decembris

2144 1143 2230 1192 21.
2266 1139 2361 1193 Hic
2394 1148 2474 1193 est
2523 1139 2823 1193 Bernardus
2868 1138 2936 1191 de
2981 1138 3159 1191 Porta.
3211 1151 3306 1189 seu
3345 1135 3413 1188 de
3445 1133 3640 1199 Portis,
3673 1133 3746 1187 ad

2147 1242 2310 1296 quem
2374 1227 2552 1281 adhuc
2599 1227 2868 1296 privatum
2922 1232 3045 1278 sunt
3079 1223 3324 1294 epistolae
3371 1223 3426 1276 S.
3479 1220 3748 1276 Bernardi

2145 1313 2562 1368 Clarevallensis
2604 1313 2816 1368 abbatis
2858 1316 2956 1366 153
3007 1319 3060 1366 et
3089 1313 3211 1377 154,
3247 1310 3302 1364 in
3336 1309 3532 1380 quibus
3561 1316 3742 1363 testa-

2145 1411 2233 1455 tur
2262 1418 2320 1456 se
2368 1403 2486 1468 ejus
2534 1403 2753 1455 hortatu
2799 1407 2851 1455 et
2903 1398 3110 1455 crebris
3165 1397 3410 1468 epistolis
3440 1396 3745 1463 incitatum,

2148 1503 2428 1543 sermones
2455 1489 2656 1558 aliquot
2698 1487 3092 1556 conscripsisse
3139 1485 3194 1539 in
3226 1485 3445 1540 Cantica
3475 1484 3734 1539 Salomo-

2148 1577 2249 1630 nis.
2283 1576 2657 1646 Eumdemque
2687 1575 3025 1630 Bernardum
3044 1574 3112 1627 de
3130 1572 3306 1628 Portis
3331 1573 3400 1627 ab
3424 1570 3748 1626 Innocentio

2149 1679 2291 1735 papa
2335 1665 2380 1717 II
2444 1672 2690 1719 vocatum
2754 1662 2922 1718 fuisse
2977 1660 3045 1716 ad
3091 1660 3326 1732 aliquem
3372 1659 3750 1729 episcopatum

2149 1753 2204 1806 in
2232 1751 2629 1823 Longobardia,
2663 1750 3125 1805 Mediolanensem
3155 1749 3339 1804 dicunt
3358 1746 3623 1812 nonnulli,
3648 1762 3750 1801 ne-

2075 1865 2129 1925 Β
2153 1840 2265 1894 scio
2297 1855 2402 1910 quo
2433 1847 2583 1894 certo
2621 1846 2672 1893 et
2719 1837 2826 1893 fide
2873 1838 3041 1909 digno
3082 1845 3304 1891 auctore
3333 1842 3562 1891 testatur
3590 1834 3742 1889 idem

2152 1929 2207 1983 S.
2241 1928 2567 1991 Bernardus,
2603 1926 2850 1997 sequenti
2881 1925 3110 1995 epistola
3139 1928 3260 1989 155,
3295 1938 3404 1995 qua
3433 1931 3591 1994 rogat
3639 1923 3744 1976 im-

2151 2031 2320 2086 pense
2351 2015 2743 2079 Innocentium,
2776 2022 2834 2068 ut
2865 2013 3176 2069 Bemardus
3205 2012 3274 2068 de
3304 2012 3482 2066 Portis
3511 2026 3756 2082 congru-

2153 2103 2348 2158 entiori
2375 2103 2498 2158 loco
2525 2111 2686 2174 atque
2717 2103 2868 2157 alteri
2898 2101 3097 2172 populo
3127 2107 3457 2155 reservetur.
3483 2100 3598 2154 Nec
3635 2097 3751 2152 fru-

2157 2199 2307 2255 stra;
2337 2207 2462 2244 nam
2490 2191 2581 2244 ille
2622 2206 2718 2260 pro
2768 2188 3145 2259 Longobardio
3175 2189 3490 2257 episcOpatu
3527 2186 3756 2241 sortitus

2157 2287 2238 2333 est
2266 2279 2619 2333 Bellicensem
2667 2294 2762 2348 per
2790 2278 2844 2331 id
2874 2285 3088 2346 tempus
3129 2276 3273 2347 quod
3311 2274 3749 2345 designavimus.

2157 2363 2345 2417 Dictus
2376 2369 2458 2416 est
2487 2370 2664 2416 autem
2699 2362 2762 2415 de
2795 2363 3006 2422 Portis,
3038 2375 3070 2414 a
3100 2359 3355 2430 quopiam
3385 2359 3540 2426 hujus
3569 2357 3758 2411 nomi-

2156 2451 2240 2504 nis
2271 2450 2471 2518 praedio
2492 2451 2519 2504 ?
2551 2449 2760 2504 Eodem
2791 2449 2910 2518 ipso
2949 2447 3219 2513 fortassis,
3253 2447 3308 2500 in
3341 2462 3448 2518 quo
3466 2447 3760 2500 Portarum

2158 2538 2440 2593 Carthusia
2469 2537 2693 2592 fundata
2725 2545 2827 2602 est,
2864 2537 2951 2591 cui
2981 2552 3104 2590 sese
3127 2535 3349 2590 addixit.
3374 2533 3576 2590 Saltum
3607 2532 3760 2587 enim

2158 2625 2311 2680 illum
2334 2627 2444 2694 jam
2475 2625 2602 2680 olim
2648 2628 2847 2679 Porta:
2900 2623 3263 2694 appellabant,
3295 2623 3439 2694 quod
3471 2622 3524 2675 in
3555 2637 3622 2676 eo
3655 2636 3759 2674 na-

2161 2714 2282 2768 tivaa
2312 2714 2444 2782 ipse
2490 2729 2675 2782 rupes,
2731 2712 2896 2767 certis
2938 2711 3074 2766 locis
3121 2710 3269 2766 velut
3319 2709 3536 2764 artificis
3588 2723 3762 2762 manu

2162 2801 2363 2856 excitas
2392 2808 2573 2872 portas
2619 2801 3024 2855 ementirentur.
3069 2799 3220 2854 Dicet
3263 2798 3552 2869 quispiam,
3585 2795 3764 2853 veteri

2162 2905 2222 2944 se
2264 2896 2320 2942 ut
2366 2889 2675 2944 Bernardus
2721 2887 3149 2942 Mauriennensis
3193 2903 3223 2940 a
3253 2885 3542 2941 Bellicensi
3587 2883 3758 2939 fuerit

2162 2977 2319 3047 plane
2367 2977 2650 3037 diversus:
2683 2983 3002 3047 argumento
3032 2974 3332 3047 necrologii
3377 2972 3663 3042 Majorevi,
3699 2971 3755 3024 in

2163 3080 2268 3136 quo
2298 3065 2368 3118 ad
2400 3080 2510 3120 xvu
2542 3063 2818 3119 Kalendas
2847 3061 3120 3118 Januarrii
3148 3063 3254 3117 hoc
3285 3069 3494 3116 tantum
3521 3059 3761 3116 ascribi-

2163 3159 2252 3207 tur
2287 3167 2298 3204 :
2335 3152 2482 3207 Obiit
2508 3151 2827 3207 Bernardus
2857 3151 2921 3205 de
2953 3151 3157 3217 Portis,
3181 3151 3491 3204 monachus
3514 3153 3570 3204 et
3609 3149 3765 3219 cpis-

2167 3256 2334 3311 copus
2367 3241 2603 3306 Bellicii,
2657 3238 2856 3293 MCLII.
2909 3237 3263 3292 Adnotandus
3301 3237 3445 3290 enim
3479 3236 3767 3291 videbatur

2169 3328 2331 3383 etiam
2379 3327 2724 3397 episcopatus
2769 3324 3196 3380 Mauriennensis
3247 3325 3291 3378 si
3339 3324 3516 3380 eidem
3545 3339 3764 3395 quoque

2169 3414 2472 3486 obtigisset.
2507 3415 2708 3468 Verum
2737 3429 2860 3468 cum
2889 3413 3129 3468 moriens
3151 3413 3459 3468 Bernardus
3475 3413 3544 3467 de
3561 3412 3760 3479 Portis,

2170 3516 2276 3558 nec
2302 3509 2449 3557 esset
2477 3500 2905 3556 Mauriennensis
2947 3501 3255 3572 episcOpus,
3289 3515 3392 3556 nec
3421 3500 3760 3565 Bellicensis,

2172 3589 2268 3644 sed
2299 3597 2504 3644 tantum
2533 3589 2818 3644 Portarum
2849 3588 3019 3659 prior,
3052 3604 3086 3644 a
3114 3588 3400 3644 Bellicensi
3439 3588 3620 3658 potius
3654 3587 3767 3658 epi-

2173 3685 2397 3748 scopatu
2439 3677 2798 3748 appellandus
2846 3677 2963 3738 fuit,
3021 3677 3091 3732 ad
3141 3678 3300 3746 cujus
3336 3677 3546 3731 titulum
3593 3677 3769 3746 primo

2173 3773 2517 3821 consecratus
2580 3764 2772 3820 fuerat.
2852 3766 3012 3821 Nunc
3081 3765 3288 3837 reliqua
3351 3779 3765 3836 prosequamur.

2173 3853 2327 3909 Prior
2365 3861 2483 3909 erat
2529 3855 2813 3910 Portarum
2834 3853 3140 3910 Bernardus
3156 3854 3224 3908 de
3249 3854 3425 3908 Portis
3446 3867 3589 3908 anno
3609 3854 3766 3918 1147,

2176 3957 2242 3998 ex
2270 3941 2529 4012 episcOpo
2559 3941 2846 3998 Bellicensi
2883 3949 2937 3997 et
2979 3941 3402 3997 Mauriennensi.
3436 3940 3604 4014 Igitur
3635 3942 3768 3996 Ber-

2175 4030 2378 4084 nardus
2410 4031 2689 4084 Portarum
2717 4029 2925 4100 primus
2954 4029 3102 4100 prior
3137 4043 3200 4084 ac
3229 4028 3500 4089 fundator.
3534 4029 3626 4099 qui
3645 4027 3770 4083 vixit

2175 4133 2346 4188 usque
2391 4117 2461 4171 ad
2518 4133 2719 4172 annum
2790 4121 2948 4182 1152,
2982 4116 3318 4173 Bemardum
3353 4116 3421 4172 de
3458 4116 3631 4171 Portis
3663 4117 3770 4184 jam

2178 4205 2244 4259 ab
2277 4220 2420 4260 anno
2469 4205 2664 4260 saltem
2714 4207 2851 4260 1117
2906 4205 3008 4260 sibi
3051 4204 3358 4261 suffecerat.
3403 4203 3550 4259 Obiit
3592 4212 3770 4259 autem

2179 4300 2408 4364 uterque
2440 4293 2529 4348 hic
2576 4293 2885 4350 Bernardus
2913 4308 3057 4348 anno
3091 4296 3227 4350 1152
3252 4337 3265 4359 ,
3300 4292 3554 4348 fundator
3594 4291 3768 4363 pridie

2181 4381 2305 4435 Idus
2352 4380 2652 4447 Februarii,
2686 4382 2823 4436 alter
2868 4396 2989 4436 xvn
3041 4380 3318 4436 Kalendas
3346 4380 3619 4445 Januarii;
3672 4377 3766 4434 sed

2181 4478 2359 4523 tamen
2386 4469 2474 4524 hic
2503 4469 2651 4538 prius
2683 4469 2817 4536 illo;
2848 4469 2977 4541 quia
3008 4484 3162 4524 more
3191 4468 3468 4524 Gallorum
3499 4476 3758 4531 veterum,

482 4565 730 4626 tempore
760 4557 901 4611 inter
931 4571 1102 4611 annos
1151 4559 1289 4610 1135
1321 4562 1373 4610 et
1417 4558 1575 4609 1138.
1607 4556 1744 4610 Nam
1771 4556 2081 4611 Bernardus
2108 4553 2161 4612 D
2180 4572 2354 4611 annus
2384 4557 2471 4611 hic
2503 4560 2637 4611 1152
2669 4557 2952 4612 ducendus
2982 4564 3066 4611 est
3094 4572 3125 4610 a
3155 4557 3435 4621 Paschate,
3468 4556 3555 4612 vel
3585 4557 3654 4610 ab
3686 4555 3766 4608 [n-

486 4645 556 4700 de
601 4645 776 4699 Portis
827 4644 995 4700 fuisse
1052 4659 1271 4714 quoque
1333 4644 1591 4698 asseritur
1657 4644 2084 4698 Mauriennensis

487 4731 773 4803 episcopus
811 4739 934 4802 post
961 4731 1260 4795 Airaldum,
1295 4731 1451 4799 cujus
1481 4730 1687 4786 obitum
1717 4747 1858 4786 anno
1889 4731 2084 4786 Christi

492 4823 628 4875 1138
696 4819 975 4875 ascribunt
1061 4819 1530 4874 Mauriennenses.
1626 4819 1868 4874 Meminit
1938 4827 2085 4875 certe

485 4907 692 4964 Airaldi
739 4915 792 4962 et
842 4905 1103 4962 Bernardi
1143 4906 1530 4977 episcoporum
1585 4907 2084 4962 Mauriennensium

489 5011 556 5050 ex
629 4994 928 5060 monachis,
1014 4991 1306 5048 Gaufridus
1382 4994 1555 5048 abbas
1631 4995 1963 5050 Altecumbze
2030 4995 2086 5049 in

490 5083 611 5140 Vita
671 5082 843 5136 sancti
896 5079 1040 5134 Petri
1092 5080 1516 5136 Tarentasiensis
1565 5082 1814 5152 episcOpi
1879 5083 1958 5149 (ut
2005 5089 2088 5137 est

490 5170 547 5224 in
624 5184 728 5223 ms.
801 5183 922 5223 meo
986 5168 1301 5236 exemplari)
1369 5168 1462 5222 lib.
1540 5184 1578 5232 ι,
1661 5183 1784 5238 cap.
1865 5172 1951 5233 16,
2035 5177 2089 5223 et

491 5264 783 5326 utrumque
811 5271 842 5309 e
885 5257 1166 5310 Portarum
1215 5255 1501 5310 Carthusia
1544 5263 1882 5326 assumptum
1931 5255 2087 5310 affir-

494 5351 646 5398 mant
684 5343 1144 5398 Mauriennenses.
1208 5343 1433 5398 Videtur
1488 5359 1618 5413 ergo
1668 5344 1971 5398 Bemardus
2020 5343 2089 5398 de

495 5431 671 5486 Portis
700 5431 867 5486 fuisse
899 5431 1324 5488 Mauriennensis
1354 5431 1644 5501 episcopus
1686 5447 1751 5485 ex
1782 5431 2086 5494 Bellicensi,

495 5519 563 5574 ab
593 5535 733 5574 anno
775 5524 908 5575 1138
971 5535 1144 5590 usque
1192 5519 1260 5574 ad
1303 5535 1505 5573 annum
1551 5520 1740 5573 saltem
1777 5521 1931 5580 1146,
1967 5533 2089 5573 cum

498 5607 826 5680 appellatum
857 5607 1152 5682 legerimus
1183 5608 1238 5662 in
1267 5623 1399 5661 mss.
1424 5606 1617 5661 tabulis
1639 5606 1901 5662 Ecclesiae
1927 5606 2080 5662 Vieno

2183 4645 2517 4712 carnatione,
2564 4646 2668 4699 hoc
2716 4653 2817 4709 est,
2869 4660 2904 4699 a
2953 4649 3022 4702 25
3072 4644 3269 4709 Martii,
3317 4659 3427 4698 non
3473 4651 3672 4707 autem,
3715 4647 3768 4695 ut

2181 4747 2348 4799 nunc,
2379 4747 2406 4784 a
2438 4732 2699 4786 Kalendis
2744 4731 3037 4786 Ianuariis.
3085 4732 3168 4787 Ab
3210 4731 3363 4786 obitu
3416 4730 3674 4786 Bernardi
3703 4729 3768 4783 de

2183 4820 2380 4888 Portis,
2412 4835 2583 4891 usque
2624 4820 2694 4874 ad
2739 4819 2947 4875 obitum
2977 4819 3238 4874 Bernardi
3270 4819 3462 4874 domus
3494 4820 3768 4873 Portarum

2184 4907 2502 4974 fundatoris,
2554 4914 2679 4961 sunt
2724 4906 2842 4962 dies
2888 4906 3112 4962 omnino
3160 4910 3248 4961 58.
3296 4907 3398 4961 Per
3426 4908 3530 4962 hoc
3559 4914 3765 4974 tempus

2185 5003 2460 5065 superstes
2505 4996 2811 5050 Bernardus
2861 4994 3118 5050 fundator
3145 4995 3457 5050 Antelmum
3496 5009 3593 5048 seu
3620 4994 3766 5048 Nan-

2185 5082 2429 5148 telmum,
2461 5099 2621 5137 suum
2649 5083 2778 5136 olim
2807 5083 3093 5147 novitium,
3128 5089 3252 5137 tunc
3281 5089 3458 5136 autem
3495 5098 3561 5136 ex
3590 5080 3766 5152 priore

2187 5170 2503 5238 Carthusia,
2542 5171 2816 5225 Bernardo
2860 5171 2928 5226 de
2969 5171 3142 5225 Portis
3187 5170 3239 5224 in
3299 5171 3581 5224 Portarum
3629 5166 3768 5238 prio-

2188 5265 2304 5313 ratu
2333 5258 2622 5313 substituit.
2656 5259 2914 5329 Unusque
2944 5265 2997 5312 et
3026 5257 3173 5312 idem
3194 5267 3276 5312 est
3294 5258 3600 5312 Bernardus
3627 5254 3770 5326 prior

2189 5345 2492 5414 Portarum,
2525 5347 2592 5401 de
2622 5361 2729 5415 quo
2767 5353 2956 5400 auctor
3001 5345 3229 5416 aequalis
3261 5345 3396 5400 Vitae
3427 5346 3482 5400 S.
3515 5339 3758 5405 Antelmi,

2190 5448 2308 5502 cap.
2342 5437 2395 5497 2,
2427 5433 2555 5488 dicit
2583 5433 2729 5503 quod
2759 5433 3068 5488 Antelmum
3097 5433 3152 5486 in
3183 5432 3467 5487 Carthusia
3492 5433 3766 5487 Portarum

2193 5521 2458 5590 receperit
2483 5539 2497 5585 ;
2530 5529 2583 5575 et
2611 5536 2730 5590 cap.
2768 5524 2850 5584 10,
2887 5521 3161 5591 quodjam
3181 5521 3334 5574 senio
3357 5520 3564 5590 gravis,
3589 5520 3770 5573 domus

2193 5608 2476 5662 Portarum
2506 5609 2879 5678 praefecturam
2909 5608 2962 5663 in
2987 5609 3297 5664 Antelmum
3328 5608 3604 5662 derivarit.
3637 5607 3770 5660 Prae-
