3938 6396
186 396 292 450 ’793

1128 388 1328 444 LIBER
1379 387 1473 445 DE
1512 386 1898 443 EXERCITIO
1939 417 2005 427 —
2034 389 2255 444 PREF.
2295 390 2552 446 CELLzE.

3391 391 3496 445 79L

187 515 287 571 fuit
313 513 598 569 Antelmus
617 511 733 568 fere
791 511 1030 576 biennio,
1063 527 1236 584 usque
1265 512 1334 566 ad
1391 525 1592 566 annum
1623 512 1781 577 1154,
1813 512 1868 572 Α
1887 512 2255 580 numeramus)
2295 527 2328 567 a
2377 512 2654 567 nativitate
2685 513 2884 567 Christi
2931 513 3018 568 vel
3046 529 3080 568 a
3107 512 3366 569 Kalendis
3393 514 3492 567 Ja-

186 603 423 674 indeque
452 601 523 657 ad
552 616 706 656 suam
735 599 992 656 cellulam
1011 598 1068 653 in
1099 599 1443 654 Carthusiam
1465 597 1785 669 primariam

115 725 135 733 οι
189 690 367 746 rediit.
424 691 554 746 Post
607 688 959 756 novennium,
989 703 1190 758 nempe
1218 702 1364 742 anno
1396 690 1554 754 1163,
1587 701 1788 741 conse-

188 785 368 836 cratus
398 784 480 832 est
501 778 556 831 in
577 776 894 848 episcopum
927 775 1284 831 Bellicensem
1313 775 1383 830 ab
1410 774 1529 844 ipso
1552 773 1787 828 Alexan-

191 863 292 918 dro
320 875 462 933 papa
488 861 580 926 IIl,
615 860 702 914 die
729 859 1036 914 Nativitatis
1092 859 1264 914 beatae
1293 858 1476 913 Mariae
1531 856 1782 928 virginis.

193 965 314 1021 quae
344 957 455 1003 tum
516 948 569 1001 in
627 947 969 1002 Dominicam
1015 947 1328 1002 incurrebat
1364 963 1377 999 :
1412 959 1533 1000 cum
1591 959 1788 1013 nempe

195 1045 342 1092 esset
366 1036 544 1091 littera
574 1035 929 1091 Dominicalis
961 1035 1020 1089 F.
1055 1033 1188 1089 obiit
1217 1041 1403 1088 autem
1451 1047 1596 1087 anno
1628 1033 1786 1099 1178,

194 1126 539 1196 episcopatus
571 1122 655 1178 sui
676 1137 773 1191 xv,
809 1130 961 1176 sexto
991 1121 1268 1176 Kalendas
1289 1120 1437 1184 Julii,
1471 1127 1592 1190 post
1622 1119 1788 1173 Com-

191 1213 480 1285 pletorium
517 1226 528 1265 :
563 1219 615 1266 et
646 1212 766 1280 ejus
788 1209 1078 1280 depositio,
1109 1225 1207 1264 seu
1235 1208 1355 1263 dies
1385 1208 1679 1279 sepulturae
1709 1206 1790 1262 sic

190 1308 272 1356 est
325 1300 584 1355 adnotata
623 1299 678 1353 in
726 1297 1058 1370 Necrologio
1106 1296 1366 1366 Majorevi
1401 1314 1413 1350 :
1446 1310 1483 1349 v
1511 1295 1790 1351 Kalendas

190 1389 330 1446 Julii
358 1389 492 1444 obiit
535 1387 873 1442 Nantelmus
930 1386 1259 1442 Bellicensis
1290 1385 1602 1456 episcopus.
1637 1384 1706 1436 At
1733 1382 1790 1436 in

197 1475 448 1532 Ecclesia
476 1473 764 1531 Bellicensi
787 1473 982 1529 colitur
1000 1473 1121 1545 ipso
1150 1473 1239 1528 die
1269 1472 1468 1542 obitus,
1500 1479 1654 1526 sexto
1685 1471 1790 1524 Ka-

189 1565 381 1620 lendas
407 1562 552 1631 Julii,
607 1563 708 1618 sub
752 1561 972 1618 nomine
1027 1552 1283 1630 Antelmi,
1316 1575 1441 1616 cum
1497 1567 1682 1614 tamen
1737 1565 1790 1614 et

189 1668 314 1708 eum
347 1650 704 1718 Carthusiani,
737 1657 790 1706 et
819 1649 936 1721 ipse
967 1665 1026 1705 se
1081 1648 1431 1704 Nantelmum
1463 1646 1782 1720 appellaret.

188 1739 328 1796 Vide
357 1738 736 1810 appendicem,
766 1754 918 1794 num.
950 1741 1004 1794 2.

1887 600 2095 670 nuariis
2127 603 2283 668 1153,
2315 601 2407 670 qni
2449 608 2630 655 tamen
2687 601 2866 656 adhuc
2926 609 3041 656 erat
3090 609 3294 655 tantum
3328 604 3488 668 1152,

1889 683 2061 737 Gallis
2089 699 2118 737 a
2148 686 2216 739 25
2247 684 2423 738 Martii
2472 693 2732 756 sequente
2782 701 2938 739 suum
2967 699 3170 740 annum
3201 687 3338 739 1153
3379 700 3484 740 au-

1890 771 2194 841 spicaturis.

1959 856 2088 909 Post
2118 855 2453 909 Bernardum
2483 855 2804 922 secundum,
2852 863 3216 929 cognomento
3246 855 3315 912 de
3348 857 3484 912 Por-

1889 942 1974 1008 tis,
1998 940 2096 996 fuit
2125 942 2440 997 Nantelmus
2471 943 2620 1013 prior
2647 943 2934 998 Portarum
2973 945 3182 1010 tertius,
3215 943 3332 998 fere
3388 959 3488 1013 per

1890 1030 2189 1095 biennium,
2240 1031 2343 1086 hoc
2373 1039 2456 1085 est
2484 1031 2551 1084 ab
2583 1046 2727 1086 anno
2750 1035 2885 1085 1152
2917 1032 2982 1085 ad
3017 1034 3172 1086 1154.
3208 1031 3304 1086 Cui
3335 1031 3488 1085 abdi-

1889 1119 2052 1184 canti,
2077 1125 2135 1172 ut
2165 1119 2219 1172 in
2259 1135 2412 1172 suam
2461 1119 2761 1175 Carthusias
2789 1119 3138 1174 solitudinem
3167 1135 3227 1175 se
3269 1119 3488 1189 recipe-

1890 1215 1992 1273 ret,
2017 1207 2284 1262 successit
2312 1206 2619 1262 Bernardus
2650 1207 2840 1262 tertius
2875 1226 2888 1262 :
2921 1208 3013 1279 qui
3043 1207 3241 1262 deinde
3270 1214 3490 1262 creatus

1891 1296 1960 1349 ab
1991 1295 2301 1350 Alexandro
2331 1310 2471 1366 papa
2516 1296 2588 1350 ΙΙΙ
2621 1295 2839 1350 Diensis
2867 1296 3178 1366 episcopus,
3201 1295 3490 1352 virtutibus

1891 1390 1944 1440 et
1973 1382 2251 1438 miraculis
2300 1383 2510 1438 claruit.

1961 1471 2043 1527 De
2073 1471 2351 1527 Bernardo
2382 1472 2558 1542 primo
2588 1473 2705 1528 haec
2734 1473 2789 1528 in
2840 1472 3030 1529 codice
3067 1487 3172 1528 ms.
3209 1474 3490 1528 Portarum

1860 1565 1952 1615 'se
1979 1559 2185 1630 legisse
2239 1560 2372 1615 mihi
2425 1567 2652 1616 testatus
2682 1569 2766 1616 est
2823 1561 3057 1616 domnus
3114 1561 3273 1634 Hugo
3304 1561 3481 1616 Buat:

1890 1649 2206 1704 Nonnullas
2238 1650 2508 1720 epistolas
2536 1648 2609 1704 ad
2640 1652 2910 1704 virtutem
2947 1653 3004 1706 et
3032 1649 3104 1705 ad
3132 1651 3313 1704 vitam
3341 1650 3484 1706 reli-

1892 1737 2107 1806 giosam
2155 1741 2576 1793 cemmonentes
2622 1738 2875 1809 scripsit,
2908 1752 3150 1810 quarum
3204 1737 3490 1809 praecipue

259 1827 548 1883 Nantelmo
604 1826 887 1883 excedenti
918 1843 948 1883 e
993 1827 1275 1882 Portarurr.
1336 1825 1604 1897 prioratu,
1647 1838 1790 1880 anno
1817 1861 1870 1922 B
1894 1825 2191 1893 habentur,
2225 1826 2298 1880 ad
2329 1827 2629 1880 Falconem
2659 1825 2938 1881 decanum
2959 1824 3412 1897 Lugdunensem,
3435 1827 3492 1880 et

190 1917 350 1983 1154,
383 1915 648 1972 successit
676 1915 1004 1982 Bernardus,
1039 1914 1234 1970 tertius
1254 1915 1370 1983 ejus
1400 1913 1636 1969 nominis
1657 1913 1789 1968 Por-

183 2011 364 2059 tarum
400 2004 572 2074 prior,
620 2011 673 2058 et
729 2003 924 2059 exinde
977 2002 1194 2058 Diensis
1239 2002 1547 2073 episcopus,
1581 2001 1650 2056 de
1680 2016 1788 2072 quo

183 2091 602 2148 nomenclatura
647 2091 888 2162 priorum
937 2089 1256 2158 Carthusiae,
1309 2090 1548 2161 antiquis
1577 2089 1790 2143 statutis

189 2189 243 2237 et
301 2179 585 2252 impressis
639 2179 1022 2252 manuscriptis
1081 2179 1312 2246 adnexa,
1373 2178 1476 2234 sub
1535 2176 1789 2248 Guigone

188 2269 379 2340 priore
408 2268 724 2334 Carthusize,
758 2268 916 2337 hujus
958 2266 1193 2322 nominis
1224 2266 1486 2332 secundo,
1519 2265 1665 2322 circa
1693 2280 1789 2320 an-

194 2373 326 2412 num
355 2355 555 2410 Christi
579 2358 715 2410 1176
751 2371 761 2408 :
798 2358 871 2412 Eo
897 2358 1142 2427 tempore
1163 2355 1360 2424 ﬂoruit
1381 2355 1640 2409 dominus
1660 2355 1791 2408 Ber-

190 2444 431 2514 nardus,
491 2445 630 2500 olim
679 2444 838 2516 prior
892 2445 1216 2511 Portarum,
1244 2446 1444 2514 postea
1501 2443 1791 2514 episcopus

188 2535 434 2600 Diensis,
467 2534 563 2605 qui
583 2536 832 2589 mortuos
851 2532 1166 2596 suscitavit,
1202 2533 1441 2603 leprosos
1468 2528 1786 2595 mandavit,

193 2626 249 2678 et
279 2620 608 2677 innumeris
654 2621 787 2676 aliis
829 2621 1043 2676 claruit
1070 2620 1389 2674 miraculis.
1421 2619 1490 2672 Et
1519 2618 1574 2671 in
1604 2617 1792 2672 codice

189 2726 297 2766 ms.
323 2710 612 2764 Portarum
641 2707 846 2780 legisse
875 2723 933 2763 se
963 2707 1179 2774 asserit,
1208 2707 1321 2775 jam
1375 2720 1540 2776 supra
1569 2720 1602 2759 a
1631 2705 1792 2760 nobis

189 2798 446 2854 laudatus
474 2797 706 2851 domnus
736 2797 894 2866 Hugo
925 2796 1076 2860 Buat,
1110 2796 1228 2850 hac
1255 2793 1376 2864 ipsa
1402 2793 1572 2848 verba
1600 2793 1668 2847 ad
1690 2809 1790 2863 pa-

191 2886 380 2959 ginam
413 2886 476 2940 42
513 2902 525 2938 :
561 2884 669 2940 Sub
726 2884 884 2940 beato
912 2883 1180 2956 pontifice
1237 2881 1566 2937 Alexandro
1598 2881 1789 2951 tertio,

190 2975 356 3031 nobis
387 2976 615 3044 ereptus
673 2977 757 3028 est
806 2973 1046 3027 domnus
1075 2969 1398 3026 Bernardus
1425 2971 1583 3040 prior
1610 2985 1792 3041 quon-

189 3064 319 3120 dam
349 3066 562 3129 noster,
607 3077 730 3116 vere
761 3061 845 3116 vir
873 3061 972 3116 Dei
1017 3063 1074 3115 et
1117 3062 1371 3123 sanctus,
1406 3061 1472 3112 ut
1503 3058 1793 3130 episcOpus

189 3151 412 3207 Diensis
440 3149 844 3222 praeﬁceretur.
878 3149 1010 3202 Tum
1044 3147 1248 3220 pagina
1270 3145 1518 3218 sequenti
1553 3163 1566 3199 :
1599 3145 1792 3217 Itaque

193 3242 431 3296 sanctus
454 3237 540 3292 vir
567 3236 892 3293 Bernardus
942 3237 1328 3309 episcopatum
1359 3234 1614 3290 Diensem
1641 3234 1792 3288 mira

187 3327 498 3400 patientia,
532 3325 739 3396 majori
765 3325 1002 3397 pietate,
1034 3327 1090 3378 et
1147 3323 1565 3394 ferventissimo
1596 3320 1793 3376 chari-

200 3420 318 3471 tate
348 3414 704 3486 gubernavit,
739 3427 969 3486 ovesque
995 3412 1225 3484 propria
1253 3410 1505 3466 mirabili
1535 3409 1794 3465 dexteri-

196 3507 316 3559 tate
347 3503 412 3558 de
441 3504 607 3572 fauce
638 3503 849 3556 tartari
877 3499 1090 3572 eripuit
1120 3502 1178 3555 et
1203 3499 1480 3554 liberavit.
1513 3497 1793 3553 Bernardo

193 3591 326 3647 huic
355 3590 536 3654 tertio,
569 3603 694 3644 cum
725 3588 795 3643 ad
826 3587 1200 3659 episcopatum
1256 3586 1513 3641 Diensem
1569 3592 1794 3641 vocatus

197 3687 299 3746 est,
334 3677 671 3734 successisse
698 3676 915 3731 videtur
951 3676 1260 3746 Stephanus
1303 3674 1456 3745 prior
1483 3676 1790 3738 Portarum,

203 3767 357 3837 cujus
388 3765 592 3821 mentio
623 3765 693 3820 ad
723 3779 928 3819 annum
974 3764 1174 3820 Christi
1217 3766 1376 3833 1171,
1408 3763 1463 3817 in
1490 3762 1640 3817 bulla
1668 3761 1795 3818 Ale-

204 3855 396 3911 xandri
429 3868 586 3925 papae
617 3853 709 3908 ΙΙΙ.
742 3856 821 3909 Ac
844 3851 1078 3908 fortasse
1105 3852 1196 3908 hic
1224 3851 1342 3923 ipse
1372 3858 1454 3906 est
1489 3851 1796 3921 Stephanus

199 3944 269 4000 de
299 3942 602 4009 Chalmeto,
635 3941 704 3996 de
734 3956 842 4012 quo
872 3940 1034 3996 infra.
1069 3940 1344 4012 Stephano
1371 3939 1634 3995 successit
1681 3940 1795 3995 Ro-

195 4034 480 4099 sthannus,
514 4045 676 4102 quem
724 4028 964 4100 appellat
991 4028 1142 4084 bulla
1179 4027 1324 4083 Lucii
1355 4043 1508 4098 papae
1539 4027 1632 4093 IlI,
1668 4027 1798 4083 data

195 4120 262 4174 ad
291 4134 352 4174 In
382 4119 571 4174 Nonas
597 4117 922 4173 Februarias
954 4121 1113 4182 1182,
1164 4115 1456 4171 indictione
1488 4131 1526 4169 1.
1560 4117 1795 4170 Bernar-

194 4208 324 4263 dum
351 4222 484 4264 vero
516 4206 734 4261 tertium
765 4205 894 4277 quia
937 4205 1186 4276 plerique
1232 4219 1426 4258 omnes
1472 4203 1790 4273 scriptores,

195 4296 354 4352 etiam
385 4294 727 4351 Carthusiani
759 4293 1110 4359 recentiores,
1141 4300 1198 4347 ut
1251 4293 1446 4347 Petrus
1477 4292 1656 4359 Sutor,
1689 4292 1794 4346 Pe-

193 4391 312 4440 trus
369 4382 696 4448 Dorlandus,
747 4381 1066 4438 Theodorus
1121 4382 1360 4436 Petraeus
1393 4387 1447 4436 et
1476 4380 1796 4435 Laurentius

197 4473 390 4528 Surius
420 4471 476 4526 in
505 4471 628 4526 Vita
648 4471 706 4526 S.
731 4471 993 4540 Stephani
1015 4469 1232 4525 Diensis
1253 4468 1517 4538 episcopi,
1542 4484 1663 4524 cum
1687 4469 1796 4524 Ca-

1892 1914 1964 1969 ad
1993 1914 2250 1970 eumdem
2277 1915 2394 1981 iam
2411 1915 2735 1986 episcopum
2764 1916 3007 1984 factum,
3034 1914 3106 1969 ad
3134 1912 3490 1984 Aymondum

1887 2001 1953 2057 de
1981 2002 2259 2067 Rohieres,
2295 2001 2366 2056 ad
2397 2001 2742 2056 Rainaldum
2784 2002 3094 2069 inclusum,
3126 2001 3198 2056 ad
3218 2001 3496 2057 moniales

1888 2090 1956 2144 de
1988 2091 2278 2160 Lugdune,
2304 2090 2374 2144 ad
2393 2090 2712 2145 Berlionem
2741 2091 3066 2162 episcopum
3092 2091 3484 2156 Bellicensem,

1888 2178 1960 2232 ad
1987 2179 2270 2232 moniales
2298 2179 2364 2232 de
2394 2179 2603 2245 Blesio,
2647 2177 2719 2233 ad
2754 2179 3070 2248 Eugenium
3114 2193 3322 2250 papam
3349 2219 3364 2244 ,
3419 2177 3494 2232 ad

1888 2267 2081 2322 divum
2137 2266 2488 2321 Bernardum
2550 2265 2883 2321 Clarevallis
2932 2265 3226 2332 abbatem,
3305 2268 3362 2320 et
3419 2263 3494 2319 ad

1891 2356 2192 2410 Ismionem
2212 2353 2465 2409 abbatem
2502 2355 3053 2422 Ambroniacensem,
3077 2368 3200 2425 qua:
3229 2353 3486 2409 omnium

1889 2446 1974 2498 est
2014 2441 2443 2512 pulcherrima,
2499 2443 2562 2496 in
2619 2459 2729 2513 qua
2779 2442 3150 2497 declarantur
3177 2456 3364 2497 causa:
3390 2456 3495 2496 cur

1892 2529 2307 2586 monasterium
2336 2528 2703 2602 dereliquerit
2735 2532 2791 2584 et
2812 2529 2886 2583 ad
2908 2544 3162 2584 eremum
3184 2529 3494 2584 Portarum

1893 2619 2268 2688 transfugerit
2292 2637 2311 2683 ;
2341 2618 2625 2688 incipiens
2646 2618 2707 2671 in
2740 2616 2857 2672 haec
2894 2617 3060 2672 verba
3093 2635 3111 2672 :
3141 2615 3224 2688 [In
3251 2622 3494 2670 montem

1891 2705 2102 2760 salvum
2131 2712 2184 2760 te
2240 2705 2345 2771 fac,
2378 2721 2446 2759 ne
2477 2712 2528 2758 et
2558 2714 2611 2758 tu
2643 2704 2804 2759 simul
2835 2703 3074 2777 pereas.]
3106 2705 3184 2758 Ex
3227 2703 3311 2758 bis
3341 2703 3493 2774 epis-

1891 2793 2016 2848 tolis
2046 2801 2158 2848 tres
2185 2800 2389 2847 tantum
2415 2792 2482 2846 ad
2511 2806 2612 2847 nos
2642 2793 2999 2848 devenerunt.

1962 2881 2143 2936 Prima
2171 2881 2237 2935 ad
2289 2883 2589 2951 Aymonem
2637 2880 2706 2935 de
2764 2881 3064 2946 Varennes,
3091 2886 3144 2934 et
3193 2882 3494 2950 Aymonem

1891 2969 1962 3025 de
1991 2969 2247 3035 Rohoria,
2282 2969 2362 3024 De
2395 2967 2522 3039 fuga
2555 2968 2758 3024 saculi.
2792 2969 2872 3023 De
2903 2968 3100 3040 quibus
3137 2967 3266 3024 viris
3295 2967 3494 3022 memi-

1892 3057 1972 3112 nit
1999 3057 2083 3111 his
2115 3057 2299 3112 verbis
2327 3056 2648 3110 tabularium
2671 3056 2930 3122 Arveriae,
2963 3056 3105 3111 inter
3134 3056 3250 3124 ejus
3281 3055 3498 3110 domus-

1895 3145 2275 3201 benefactores
2306 3146 2477 3217 Aymo
2506 3149 2563 3199 et
2579 3145 2732 3217 Hugo
2766 3145 2833 3200 de
2883 3145 3164 3201 Varennes
3195 3145 3498 3214 aediﬁcave-

1820 3214 1868 3274 Ο
1897 3239 2036 3291 runt
2084 3214 2416 3299 Ecclesium,
2449 3249 2647 3304 nempe
2668 3214 2938 3289 'Arverive.
2971 3234 3145 3305 Aymo
3175 3233 3242 3288 de
3272 3233 3496 3289 Rivoria

1895 3323 2034 3393 fecit
2065 3322 2468 3377 dormitorium
2513 3324 2786 3392 fratrum.

1969 3409 2223 3465 Secunda
2254 3417 2336 3464 est
2365 3410 2436 3464 ad
2458 3408 2902 3464 sanctimoniales
2922 3408 3338 3482 Lugdunenses,
3361 3409 3497 3464 hor-

1895 3498 2086 3555 tatoria
2114 3498 2183 3553 ad
2215 3497 2612 3568 capessendam
2641 3513 2842 3568 magno
2870 3497 3072 3564 animo,
3106 3513 3272 3569 quam
3301 3513 3500 3553 recens

1895 3594 2268 3656 susceperant,
2303 3587 2613 3658 regularem
2643 3585 3008 3656 disciplinam.
3049 3585 3169 3641 Duo
3189 3585 3498 3656 puellarum

1891 3675 2161 3731 asceteria
2200 3674 2587 3746 Lugdunensia
2633 3681 2900 3729 memorat
2947 3673 3244 3730 Leidradus
3275 3673 3499 3745 Lugdu-

1896 3763 2084 3820 nensis
2112 3763 2576 3834 archiepiscopus,
2624 3763 2678 3818 in
2716 3761 2966 3833 Epistola
2994 3762 3062 3817 ad
3093 3761 3341 3818 Carolum
3371 3763 3491 3817 Ma-

1896 3869 2064 3925 gnum
2087 3867 2099 3906 :
2123 3853 2187 3908 In
2206 3853 2420 3917 eadem,
2444 3851 2638 3923 inquit,
2659 3853 2894 3908 civitate
2911 3851 3057 3907 alias
3075 3853 3396 3907 restauravi
3411 3866 3500 3908 ec-

1897 3943 2120 3997 clesias.
2171 3943 2350 3998 Unam
2370 3941 2593 4012 quidem
2614 3941 2677 3995 in
2710 3939 2977 3997 honorem
3008 3941 3232 3996 Sancta:
3259 3940 3500 3996 Eulaliae

1897 4028 2017 4101 (ubi
2065 4031 2184 4100 fuit
2229 4030 2665 4098 monasterium)
2722 4027 3073 4101 puellarum)
3131 4030 3194 4084 in
3233 4029 3501 4085 honorem

1898 4119 1953 4175 S.
1992 4117 2210 4186 Georgii
2244 4131 2256 4169 :
2287 4133 2455 4188 quam
2478 4117 2544 4171 de
2589 4118 2732 4174 Novo
2763 4118 2981 4188 operui,
3013 4120 3074 4172 et
3093 4133 3167 4172 ex
3199 4121 3362 4188 parte
3380 4132 3502 4172 ma-

1897 4207 2079 4261 cerias
2111 4207 2232 4275 ejus
2250 4205 2315 4260 de
2331 4204 2727 4275 fundamentis
2749 4207 2930 4261 erexi.
2969 4204 3106 4259 Tum
3134 4205 3325 4276 paucis
3345 4204 3504 4262 inter-

1891 4294 2052 4361 jectis
2085 4311 2097 4347 :
2121 4294 2528 4349 Monasterium
2549 4309 2761 4365 quoque
2781 4293 3128 4365 puellarum,
3151 4293 3212 4348 in
3232 4294 3502 4350 honorem

1897 4385 2085 4439 sancti
2098 4383 2254 4437 Petri
2272 4381 2612 4447 dedicatum,
2631 4381 2728 4437 ubi
2743 4397 2949 4453 corpus
2967 4382 3158 4437 sancti
3179 4382 3505 4438 Annemun—

1898 4471 1956 4526 di
1976 4471 2247 4542 martyris
2275 4469 2577 4526 humatum
2600 4473 2685 4525 est
2703 4469 2869 4542 (quod
2884 4471 3001 4540 ipse
3022 4473 3257 4526 sanctus
3280 4474 3505 4543 martyr

189 4561 328 4616 nisio
358 4567 565 4625 nostro,
620 4566 674 4614 et
705 4560 978 4629 Saussayo
1009 4559 1064 4613 in
1114 4558 1229 4612 suis
1287 4557 1710 4630 Martyrologiis,
1745 4565 1798 4613 et
1825 4568 1878 4626 1)
1902 4564 1957 4617 et
1998 4560 2291 4631 episcopus
2306 4558 2592 4627 instituit)
2625 4573 2718 4628 ego
2761 4575 2794 4613 a
2821 4558 3219 4627 fundamentis
3252 4561 3371 4613 tam
3401 4559 3501 4614 Ee-

190 4648 310 4704 aliis
352 4647 648 4719 plerisque,
711 4663 856 4703 nunc
909 4662 1036 4704 cum
1093 4645 1374 4702 Bernardo
1401 4645 1606 4716 primo,
1634 4646 1798 4701 modo

193 4751 317 4792 cum
363 4735 607 4792 secundo
664 4735 1048 4802 confuderunt,
1084 4735 1162 4790 sic
1219 4733 1378 4789 nobis
1405 4733 1482 4788 illi
1543 4750 1610 4789 ex
1639 4734 1800 4789 dictis

198 4823 546 4880 discernendi
586 4831 728 4878 sunt.
894 4889 897 4898 .

271 4913 484 4967 Primus
503 4911 831 4980 Bernardus,
855 4911 1111 4968 fundator
1130 4911 1326 4967 domus
1343 4912 1629 4968 Portarum
1656 4926 1798 4967 anno

200 5003 356 5068 1115,
389 5017 455 5056 ex
502 5001 773 5056 monacho
821 5000 1310 5066 Ambroniacensi,
1361 5000 1663 5071 prioratum
1686 5001 1798 5069 jam

197 5089 539 5144 abdicaverat
569 5088 658 5143 die
715 5089 887 5144 sancti
916 5089 1140 5143 Thomas
1196 5089 1430 5159 apostoli
1474 5091 1630 5154 1147,
1665 5090 1798 5144 Ber-

195 5177 423 5231 nardum
452 5177 522 5232 de
553 5177 723 5232 Portis
754 5193 820 5232 ex
850 5176 1133 5232 Bellicensi
1165 5178 1425 5248 episcopo
1455 5178 1567 5232 sibi
1600 5177 1800 5232 substi-

193 5271 369 5320 tuens.
390 5267 458 5320 At
487 5265 763 5320 Bernardo
784 5265 852 5320 de
883 5265 1060 5320 Portis
1099 5273 1318 5320 mortuo
1344 5269 1501 5331 1152,
1536 5281 1654 5319 xvn
1689 5267 1797 5320 Ka-

191 5349 377 5407 lendas
433 5353 705 5418 Januarii,
741 5353 792 5409 ei
851 5361 1131 5424 superstes
1201 5354 1514 5408 Bernardus
1593 5354 1798 5423 primus

195 5439 540 5496 Nantelmum
571 5458 636 5496 ex
667 5441 852 5513 priore
882 5442 1208 5508 Carthusiae,
1241 5443 1526 5497 Portarum
1561 5443 1798 5512 priorem

193 5529 485 5584 constituit.
526 5529 640 5585 Nec
671 5530 841 5586 multo
888 5538 1030 5599 post,
1090 5546 1287 5601 nempe
1351 5530 1545 5585 diebus
1577 5533 1642 5584 58
1675 5540 1798 5600 post

192 5615 392 5672 obitum
423 5617 683 5673 Bernardi
715 5619 783 5673 de
834 5618 1010 5673 Portis
1057 5619 1292 5673 excessit
1322 5635 1351 5673 e
1383 5618 1520 5673 vivis
1551 5620 1797 5674 Bernar-

195 5703 294 5759 dus
339 5705 563 5777 primus,
605 5706 776 5778 pridie
820 5706 947 5762 Idus
1002 5697 1315 5774 Februarii,
1350 5721 1494 5761 anno
1526 5707 1607 5774 (ut
1628 5708 1792 5765 hodie

1901 4649 2105 4705 clesias
2124 4663 2292 4720 quam
2313 4647 2540 4704 domum
2571 4647 2892 4702 restauravi
2923 4663 2940 4699 :
2971 4645 3067 4702 ubi
3097 4662 3252 4702 nunc
3279 4649 3500 4702 sancti-

1901 4737 2179 4794 moniales
2196 4750 2433 4791 numero
2452 4739 2518 4792 32
2548 4734 2861 4790 secundum
2881 4735 3315 4791 institutionem
3331 4751 3503 4806 regu-

1905 4827 2087 4882 larem
2116 4826 2362 4881 viventes
2393 4823 2648 4880 habitare
2669 4823 2962 4880 videntur.
2993 4823 3126 4878 Cum
3151 4830 3328 4880 autem
3358 4837 3505 4880 nunc

1904 4921 2109 4970 scateat
2136 4913 2458 4986 Lugdunum
2489 4911 2802 4968 monialium
2850 4911 3134 4978 coenobiis,
3168 4911 3237 4967 de
3276 4912 3332 4966 S.
3359 4911 3504 4968 Petri

1904 5003 2240 5059 monasterio
2304 5001 2800 5070 Benedictinarum,
2869 4999 3164 5056 etiamnum
3217 5001 3413 5072 Opibus
3441 5015 3506 5057 ac

1906 5092 2173 5162 religione
2237 5090 2438 5161 inclyto
2469 5133 2483 5156 ,
2543 5089 2807 5144 Bernardi
2878 5089 3148 5146 Portensis
3217 5089 3506 5160 epistolam

1907 5181 2114 5251 accipio
2152 5195 2218 5236 ea
2247 5179 2460 5234 ratione
2489 5177 2636 5250 quod
2667 5178 2783 5246 ejus
2811 5194 2930 5234 aevo
2988 5177 3210 5234 unicum
3256 5178 3507 5251 Lugduni

1906 5269 2073 5326 fuisse
2103 5269 2427 5324 existimem.
2459 5269 2598 5322 Nam
2629 5274 2787 5322 vetus
2851 5266 2984 5322 illud
3015 5267 3071 5322 S.
3126 5266 3356 5322 Eulalia
3388 5267 3506 5336 (ubi

1908 5374 2052 5414 nunc
2126 5357 2273 5412 aedes
2324 5358 2380 5412 S.
2443 5356 2694 5428 Georgii)
2737 5371 2836 5411 suo
2908 5363 3153 5426 tempore
3202 5357 3318 5424 jam
3360 5355 3508 5411 desi-

1909 5455 2022 5501 tum
2077 5446 2280 5501 indicat
2327 5445 2644 5500 Leidradus.
2703 5444 2824 5500 Alia
2880 5459 3047 5514 porro
3122 5444 3306 5500 omnia
3378 5452 3511 5514 puta

1911 5533 2303 5601 Clarissarum,
2382 5533 2865 5589 Carmelitanarum
2913 5531 3357 5587 Annuntiatarum
3383 5574 3395 5596 ,
3458 5539 3515 5587 et

1910 5630 2127 5691 caetera,
2161 5631 2284 5692 post
2339 5623 2670 5677 Bernardum
2698 5621 2920 5678 fundata
2959 5636 3082 5676 esse
3130 5635 3239 5677 non
3281 5620 3508 5675 dubium

1911 5719 2012 5768 est.
