  <div class='ocr_page' id='page_1' title='image "/cluster/home/n/w/nwhite01/storage/ocr_20150623/153-154/uc1.31175019678096/403.png"; bbox 0 0 3938 6408; ppageno 0'>
   <div class='ocr_carea' id='block_1_1' title="bbox 444 400 549 453">
    <p class='ocr_par' dir='ltr' id='par_1_1' title="bbox 444 400 549 453">
     <span class='ocr_line' id='line_1_1' title="bbox 444 400 549 453; baseline 0.01 -1"><span class='ocrx_word' id='word_1_1' title='bbox 444 400 549 453; x_wconf 83' lang='grc'><strong>795</strong></span> 
     </span>
    </p>
   </div>
   <div class='ocr_carea' id='block_1_2' title="bbox 1307 393 2851 455">
    <p class='ocr_par' dir='ltr' id='par_1_2' title="bbox 1307 393 2851 455">
     <span class='ocr_line' id='line_1_2' title="bbox 1307 393 2851 455; baseline -0.003 0"><span class='ocrx_word' id='word_1_2' title='bbox 1307 398 1651 455; x_wconf 86' lang='lat' dir='ltr'><strong>GUIGONIS</strong></span> <span class='ocrx_word' id='word_1_3' title='bbox 1700 399 1748 454; x_wconf 86' lang='lat' dir='ltr'><strong>II</strong></span> <span class='ocrx_word' id='word_1_4' title='bbox 1796 396 2203 454; x_wconf 78' lang='lat' dir='ltr'><strong>CARTHUSLE</strong></span> <span class='ocrx_word' id='word_1_5' title='bbox 2232 393 2525 451; x_wconf 75' lang='lat' dir='ltr'><strong>MAIORIS</strong></span> <span class='ocrx_word' id='word_1_6' title='bbox 2573 394 2851 452; x_wconf 78' lang='lat' dir='ltr'><strong>PRIORIS</strong></span> 
     </span>
    </p>
   </div>
   <div class='ocr_carea' id='block_1_3' title="bbox 3623 399 3734 451">
    <p class='ocr_par' dir='ltr' id='par_1_3' title="bbox 3623 399 3734 451">
     <span class='ocr_line' id='line_1_3' title="bbox 3623 399 3734 451; baseline 0 0"><span class='ocrx_word' id='word_1_7' title='bbox 3623 399 3734 451; x_wconf 80' lang='lat'><strong>796</strong></span> 
     </span>
    </p>
   </div>
   <div class='ocr_carea' id='block_1_4' title="bbox 511 518 3737 595">
    <p class='ocr_par' dir='ltr' id='par_1_4' title="bbox 511 518 3737 595">
     <span class='ocr_line' id='line_1_4' title="bbox 511 518 3737 595; baseline -0.001 -20"><span class='ocrx_word' id='word_1_8' title='bbox 511 520 695 576; x_wconf 87' lang='lat' dir='ltr'><strong>Tertia</strong></span> <span class='ocrx_word' id='word_1_9' title='bbox 750 520 820 575; x_wconf 92' lang='lat' dir='ltr'><strong>ad</strong></span> <span class='ocrx_word' id='word_1_10' title='bbox 875 520 1194 576; x_wconf 80' lang='lat' dir='ltr'><strong>Rainaldum</strong></span> <span class='ocrx_word' id='word_1_11' title='bbox 1250 522 1541 592; x_wconf 91' lang='lat' dir='ltr'><strong>inclusum,</strong></span> <span class='ocrx_word' id='word_1_12' title='bbox 1571 523 1802 595; x_wconf 73' lang='lat' dir='ltr'><strong>qualiter</strong></span> <span class='ocrx_word' id='word_1_13' title='bbox 1843 536 2030 577; x_wconf 90' lang='lat' dir='ltr'><strong>coram</strong></span> <span class='ocrx_word' id='word_1_14' title='bbox 2051 522 2106 581; x_wconf 79' lang='grc' dir='ltr'><strong>Α</strong></span> <span class='ocrx_word' id='word_1_15' title='bbox 2131 521 2309 575; x_wconf 84' lang='lat' dir='ltr'><strong>etiam</strong></span> <span class='ocrx_word' id='word_1_16' title='bbox 2340 533 2469 574; x_wconf 87' lang='lat' dir='ltr'><strong>cum</strong></span> <span class='ocrx_word' id='word_1_17' title='bbox 2500 519 2759 589; x_wconf 73' lang='lat' dir='ltr'><strong>episcopi,</strong></span> <span class='ocrx_word' id='word_1_18' title='bbox 2785 518 3033 587; x_wconf 84' lang='lat' dir='ltr'><strong>abbates,</strong></span> <span class='ocrx_word' id='word_1_19' title='bbox 3057 523 3159 574; x_wconf 90' lang='lat' dir='ltr'><strong>aut</strong></span> <span class='ocrx_word' id='word_1_20' title='bbox 3195 520 3579 591; x_wconf 69' lang='lat' dir='ltr'><strong>cujuscunque</strong></span> <span class='ocrx_word' id='word_1_21' title='bbox 3613 519 3737 590; x_wconf 85' lang='lat' dir='ltr'><strong>dig-</strong></span> 
     </span>
    </p>
   </div>
   <div class='ocr_carea' id='block_1_5' title="bbox 441 609 2030 681">
    <p class='ocr_par' dir='ltr' id='par_1_5' title="bbox 441 609 2030 681">
     <span class='ocr_line' id='line_1_5' title="bbox 441 609 2030 681; baseline 0 -18"><span class='ocrx_word' id='word_1_22' title='bbox 441 609 674 663; x_wconf 91' lang='lat' dir='ltr'><strong>Domiuo</strong></span> <span class='ocrx_word' id='word_1_23' title='bbox 702 609 773 662; x_wconf 91' lang='lat' dir='ltr'><strong>sit</strong></span> <span class='ocrx_word' id='word_1_24' title='bbox 798 609 1108 664; x_wconf 88' lang='lat' dir='ltr'><strong>vivendum.</strong></span> <span class='ocrx_word' id='word_1_25' title='bbox 1142 610 1347 681; x_wconf 89' lang='lat' dir='ltr'><strong>Ecquis</strong></span> <span class='ocrx_word' id='word_1_26' title='bbox 1404 620 1550 665; x_wconf 91' lang='lat' dir='ltr'><strong>esset</strong></span> <span class='ocrx_word' id='word_1_27' title='bbox 1604 610 1899 665; x_wconf 87' lang='lat' dir='ltr'><strong>Rainaldus</strong></span> <span class='ocrx_word' id='word_1_28' title='bbox 1927 610 2030 676; x_wconf 75' lang='lat' dir='ltr'><strong>iste</strong></span> 
     </span>
    </p>
   </div>
   <div class='ocr_carea' id='block_1_6' title="bbox 434 696 2026 759">
    <p class='ocr_par' dir='ltr' id='par_1_6' title="bbox 434 696 2026 759">
     <span class='ocr_line' id='line_1_6' title="bbox 434 696 2026 759; baseline -0.001 -8"><span class='ocrx_word' id='word_1_29' title='bbox 434 696 697 759; x_wconf 85' lang='lat' dir='ltr'><strong>inclusus,</strong></span> <span class='ocrx_word' id='word_1_30' title='bbox 730 696 913 750; x_wconf 91' lang='lat' dir='ltr'><strong>docuit</strong></span> <span class='ocrx_word' id='word_1_31' title='bbox 941 713 1028 752; x_wconf 89' lang='lat' dir='ltr'><strong>me</strong></span> <span class='ocrx_word' id='word_1_32' title='bbox 1086 706 1242 751; x_wconf 87' lang='lat' dir='ltr'><strong>vetus</strong></span> <span class='ocrx_word' id='word_1_33' title='bbox 1299 700 1618 752; x_wconf 84' lang='lat' dir='ltr'><strong>membrana</strong></span> <span class='ocrx_word' id='word_1_34' title='bbox 1679 715 1709 753; x_wconf 90' lang='lat' dir='ltr'><strong>e</strong></span> <span class='ocrx_word' id='word_1_35' title='bbox 1762 697 2026 751; x_wconf 87' lang='lat' dir='ltr'><strong>tabulario</strong></span> 
     </span>
    </p>
   </div>
   <div class='ocr_carea' id='block_1_7' title="bbox 434 783 2028 854">
    <p class='ocr_par' dir='ltr' id='par_1_7' title="bbox 434 783 2028 854">
     <span class='ocr_line' id='line_1_7' title="bbox 434 783 2028 854; baseline 0.001 -17"><span class='ocrx_word' id='word_1_36' title='bbox 434 783 712 851; x_wconf 85' lang='lat' dir='ltr'><strong>Majorevi,</strong></span> <span class='ocrx_word' id='word_1_37' title='bbox 744 799 867 854; x_wconf 79' lang='lat' dir='ltr'><strong>quae</strong></span> <span class='ocrx_word' id='word_1_38' title='bbox 895 784 1101 854; x_wconf 84' lang='lat' dir='ltr'>incipit,</span> <span class='ocrx_word' id='word_1_39' title='bbox 1142 787 1313 840; x_wconf 85' lang='lat' dir='ltr'><strong>Guido</strong></span> <span class='ocrx_word' id='word_1_40' title='bbox 1346 786 1410 841; x_wconf 84' lang='lat' dir='ltr'><strong>de</strong></span> <span class='ocrx_word' id='word_1_41' title='bbox 1443 787 1687 851; x_wconf 81' lang='lat' dir='ltr'><strong>Aranda,</strong></span> <span class='ocrx_word' id='word_1_42' title='bbox 1724 785 2028 854; x_wconf 88' lang='lat' dir='ltr'><strong>descripta-</strong></span> 
     </span>
    </p>
   </div>
   <div class='ocr_carea' id='block_1_8' title="bbox 432 871 2028 942">
    <p class='ocr_par' dir='ltr' id='par_1_8' title="bbox 432 871 2028 942">
     <span class='ocr_line' id='line_1_8' title="bbox 432 871 2028 942; baseline 0.001 -17"><span class='ocrx_word' id='word_1_43' title='bbox 432 887 538 942; x_wconf 91' lang='lat' dir='ltr'><strong>que</strong></span> <span class='ocrx_word' id='word_1_44' title='bbox 566 879 648 926; x_wconf 91' lang='lat' dir='ltr'><strong>est</strong></span> <span class='ocrx_word' id='word_1_45' title='bbox 678 886 711 925; x_wconf 92' lang='lat' dir='ltr'><strong>a</strong></span> <span class='ocrx_word' id='word_1_46' title='bbox 740 872 899 925; x_wconf 88' lang='lat' dir='ltr'><strong>nobis</strong></span> <span class='ocrx_word' id='word_1_47' title='bbox 927 871 984 925; x_wconf 91' lang='lat' dir='ltr'><strong>in</strong></span> <span class='ocrx_word' id='word_1_48' title='bbox 1038 874 1353 941; x_wconf 81' lang='lat' dir='ltr'><strong>Appendice</strong></span> <span class='ocrx_word' id='word_1_49' title='bbox 1413 874 1571 941; x_wconf 82' lang='lat' dir='ltr'><strong>hujus</strong></span> <span class='ocrx_word' id='word_1_50' title='bbox 1631 874 1909 926; x_wconf 86' lang='lat' dir='ltr'><strong>Manualis.</strong></span> <span class='ocrx_word' id='word_1_51' title='bbox 1947 874 2028 926; x_wconf 91' lang='lat' dir='ltr'><strong>Ea</strong></span> 
     </span>
    </p>
   </div>
   <div class='ocr_carea' id='block_1_9' title="bbox 434 954 2029 1026">
    <p class='ocr_par' dir='ltr' id='par_1_9' title="bbox 434 954 2029 1026">
     <span class='ocr_line' id='line_1_9' title="bbox 434 954 2029 1026; baseline -0.001 -17"><span class='ocrx_word' id='word_1_52' title='bbox 434 956 625 1010; x_wconf 80' lang='lat' dir='ltr'><strong>charta</strong></span> <span class='ocrx_word' id='word_1_53' title='bbox 653 954 769 1009; x_wconf 88' lang='lat' dir='ltr'>sine</span> <span class='ocrx_word' id='word_1_54' title='bbox 785 963 913 1009; x_wconf 89' lang='lat' dir='ltr'><strong>nota</strong></span> <span class='ocrx_word' id='word_1_55' title='bbox 936 956 1219 1026; x_wconf 88' lang='lat' dir='ltr'><strong>temporis,</strong></span> <span class='ocrx_word' id='word_1_56' title='bbox 1243 971 1367 1013; x_wconf 90' lang='lat' dir='ltr'><strong>cum</strong></span> <span class='ocrx_word' id='word_1_57' title='bbox 1388 957 1528 1011; x_wconf 90' lang='lat' dir='ltr'><strong>inter</strong></span> <span class='ocrx_word' id='word_1_58' title='bbox 1558 965 1721 1011; x_wconf 89' lang='lat' dir='ltr'><strong>testes</strong></span> <span class='ocrx_word' id='word_1_59' title='bbox 1745 958 2029 1026; x_wconf 84' lang='lat' dir='ltr'><strong>llugonem</strong></span> 
     </span>
    </p>
   </div>
   <div class='ocr_carea' id='block_1_10' title="bbox 434 1042 2027 1115">
    <p class='ocr_par' dir='ltr' id='par_1_10' title="bbox 434 1042 2027 1115">
     <span class='ocr_line' id='line_1_10' title="bbox 434 1042 2027 1115; baseline 0.001 -19"><span class='ocrx_word' id='word_1_60' title='bbox 434 1042 694 1111; x_wconf 82' lang='lat' dir='ltr'><strong>Majorevi</strong></span> <span class='ocrx_word' id='word_1_61' title='bbox 723 1051 1123 1112; x_wconf 82' lang='lat' dir='ltr'><strong>procuratorem</strong></span> <span class='ocrx_word' id='word_1_62' title='bbox 1180 1045 1548 1114; x_wconf 84' lang='lat' dir='ltr'><strong>subscriptum</strong></span> <span class='ocrx_word' id='word_1_63' title='bbox 1596 1045 1814 1113; x_wconf 86' lang='lat' dir='ltr'><strong>habeat,</strong></span> <span class='ocrx_word' id='word_1_64' title='bbox 1865 1059 2027 1115; x_wconf 87' lang='lat' dir='ltr'><strong>quem</strong></span> 
     </span>
    </p>
   </div>
   <div class='ocr_carea' id='block_1_11' title="bbox 436 1130 2029 1189">
    <p class='ocr_par' dir='ltr' id='par_1_11' title="bbox 436 1130 2029 1189">
     <span class='ocr_line' id='line_1_11' title="bbox 436 1130 2029 1189; baseline 0 -4"><span class='ocrx_word' id='word_1_65' title='bbox 436 1131 557 1187; x_wconf 63' lang='lat' dir='ltr'><strong>aliae</strong></span> <span class='ocrx_word' id='word_1_66' title='bbox 583 1130 783 1185; x_wconf 64' lang='lat' dir='ltr'><strong>tabula:</strong></span> <span class='ocrx_word' id='word_1_67' title='bbox 810 1131 960 1187; x_wconf 89' lang='lat' dir='ltr'><strong>circa</strong></span> <span class='ocrx_word' id='word_1_68' title='bbox 998 1147 1198 1186; x_wconf 91' lang='lat' dir='ltr'><strong>annum</strong></span> <span class='ocrx_word' id='word_1_69' title='bbox 1230 1132 1426 1186; x_wconf 83' lang='lat' dir='ltr'><strong>Christi</strong></span> <span class='ocrx_word' id='word_1_70' title='bbox 1480 1133 1624 1189; x_wconf 77' lang='grc'><strong>1134</strong></span> <span class='ocrx_word' id='word_1_71' title='bbox 1682 1132 1735 1185; x_wconf 90' lang='lat' dir='ltr'>id</span> <span class='ocrx_word' id='word_1_72' title='bbox 1791 1132 2029 1185; x_wconf 90' lang='lat' dir='ltr'><strong>muneris</strong></span> 
     </span>
    </p>
   </div>
   <div class='ocr_carea' id='block_1_12' title="bbox 434 1218 2029 1291">
    <p class='ocr_par' dir='ltr' id='par_1_12' title="bbox 434 1218 2029 1291">
     <span class='ocr_line' id='line_1_12' title="bbox 434 1218 2029 1291; baseline 0 -18"><span class='ocrx_word' id='word_1_73' title='bbox 434 1220 675 1291; x_wconf 75' lang='lat' dir='ltr'><strong>gessisse</strong></span> <span class='ocrx_word' id='word_1_74' title='bbox 730 1218 1075 1291; x_wconf 82' lang='lat' dir='ltr'><strong>signiﬁcant;</strong></span> <span class='ocrx_word' id='word_1_75' title='bbox 1108 1220 1197 1276; x_wconf 87' lang='lat' dir='ltr'><strong>vel</strong></span> <span class='ocrx_word' id='word_1_76' title='bbox 1224 1236 1289 1275; x_wconf 83' lang='lat' dir='ltr'><strong>ex</strong></span> <span class='ocrx_word' id='word_1_77' title='bbox 1342 1222 1447 1275; x_wconf 92' lang='lat' dir='ltr'><strong>hoc</strong></span> <span class='ocrx_word' id='word_1_78' title='bbox 1503 1220 1721 1285; x_wconf 84' lang='lat' dir='ltr'><strong>indicio,</strong></span> <span class='ocrx_word' id='word_1_79' title='bbox 1782 1220 2029 1274; x_wconf 81' lang='lat' dir='ltr'><strong>Rainaldi</strong></span> 
     </span>
    </p>
   </div>
   <div class='ocr_carea' id='block_1_13' title="bbox 434 1307 2025 1378">
    <p class='ocr_par' dir='ltr' id='par_1_13' title="bbox 434 1307 2025 1378">
     <span class='ocr_line' id='line_1_13' title="bbox 434 1307 2025 1378; baseline -0.002 -16"><span class='ocrx_word' id='word_1_80' title='bbox 434 1308 504 1362; x_wconf 92' lang='lat' dir='ltr'><strong>ad</strong></span> <span class='ocrx_word' id='word_1_81' title='bbox 536 1308 592 1362; x_wconf 93' lang='lat' dir='ltr'><strong>S.</strong></span> <span class='ocrx_word' id='word_1_82' title='bbox 652 1307 1058 1378; x_wconf 85' lang='lat' dir='ltr'><strong>Ragnebertum</strong></span> <span class='ocrx_word' id='word_1_83' title='bbox 1079 1308 1274 1363; x_wconf 91' lang='lat' dir='ltr'><strong>inclusi</strong></span> <span class='ocrx_word' id='word_1_84' title='bbox 1307 1316 1521 1363; x_wconf 75' lang='lat' dir='ltr'><strong>aetatem</strong></span> <span class='ocrx_word' id='word_1_85' title='bbox 1570 1316 1830 1377; x_wconf 80' lang='lat' dir='ltr'><strong>agnoscat</strong></span> <span class='ocrx_word' id='word_1_86' title='bbox 1882 1307 2025 1376; x_wconf 87' lang='lat' dir='ltr'><strong>licet,</strong></span> 
     </span>
    </p>
   </div>
   <div class='ocr_carea' id='block_1_14' title="bbox 436 1395 2031 1466">
    <p class='ocr_par' dir='ltr' id='par_1_14' title="bbox 436 1395 2031 1466">
     <span class='ocr_line' id='line_1_14' title="bbox 436 1395 2031 1466; baseline 0.001 -17"><span class='ocrx_word' id='word_1_87' title='bbox 436 1395 584 1466; x_wconf 91' lang='lat' dir='ltr'><strong>quod</strong></span> <span class='ocrx_word' id='word_1_88' title='bbox 613 1402 666 1450; x_wconf 89' lang='lat' dir='ltr'><strong>et</strong></span> <span class='ocrx_word' id='word_1_89' title='bbox 694 1411 760 1450; x_wconf 86' lang='lat' dir='ltr'><strong>ex</strong></span> <span class='ocrx_word' id='word_1_90' title='bbox 788 1396 907 1465; x_wconf 92' lang='lat' dir='ltr'><strong>ipso</strong></span> <span class='ocrx_word' id='word_1_91' title='bbox 935 1396 1239 1449; x_wconf 87' lang='lat' dir='ltr'><strong>tabularum</strong></span> <span class='ocrx_word' id='word_1_92' title='bbox 1269 1397 1589 1451; x_wconf 83' lang='lat' dir='ltr'><strong>charactere</strong></span> <span class='ocrx_word' id='word_1_93' title='bbox 1618 1396 2031 1464; x_wconf 79' lang='lat' dir='ltr'><strong>deprehendere</strong></span> 
     </span>
    </p>
   </div>
   <div class='ocr_carea' id='block_1_15' title="bbox 440 1481 2029 1554">
    <p class='ocr_par' dir='ltr' id='par_1_15' title="bbox 440 1481 2029 1554">
     <span class='ocr_line' id='line_1_15' title="bbox 440 1481 2029 1554; baseline -0.003 -16"><span class='ocrx_word' id='word_1_94' title='bbox 440 1490 542 1539; x_wconf 86' lang='lat' dir='ltr'><strong>est.</strong></span> <span class='ocrx_word' id='word_1_95' title='bbox 577 1481 699 1538; x_wconf 89' lang='lat' dir='ltr'><strong>Fuit</strong></span> <span class='ocrx_word' id='word_1_96' title='bbox 727 1482 893 1554; x_wconf 85' lang='lat' dir='ltr'><strong>igitur</strong></span> <span class='ocrx_word' id='word_1_97' title='bbox 908 1483 999 1539; x_wconf 85' lang='lat' dir='ltr'><strong>hic</strong></span> <span class='ocrx_word' id='word_1_98' title='bbox 1028 1482 1324 1538; x_wconf 79' lang='lat' dir='ltr'><strong>Rainaldus</strong></span> <span class='ocrx_word' id='word_1_99' title='bbox 1340 1483 1569 1538; x_wconf 88' lang='lat' dir='ltr'><strong>eremita</strong></span> <span class='ocrx_word' id='word_1_100' title='bbox 1590 1484 1848 1548; x_wconf 84' lang='lat' dir='ltr'><strong>inclusus,</strong></span> <span class='ocrx_word' id='word_1_101' title='bbox 1870 1498 2029 1537; x_wconf 90' lang='lat' dir='ltr'><strong>seor-</strong></span> 
     </span>
    </p>
   </div>
   <div class='ocr_carea' id='block_1_16' title="bbox 440 1569 2028 1642">
    <p class='ocr_par' dir='ltr' id='par_1_16' title="bbox 440 1569 2028 1642">
     <span class='ocr_line' id='line_1_16' title="bbox 440 1569 2028 1642; baseline 0 -17"><span class='ocrx_word' id='word_1_102' title='bbox 440 1570 544 1625; x_wconf 86' lang='lat' dir='ltr'><strong>sim</strong></span> <span class='ocrx_word' id='word_1_103' title='bbox 572 1585 606 1626; x_wconf 92' lang='lat' dir='ltr'><strong>a</strong></span> <span class='ocrx_word' id='word_1_104' title='bbox 634 1569 887 1625; x_wconf 84' lang='lat' dir='ltr'><strong>fratribus</strong></span> <span class='ocrx_word' id='word_1_105' title='bbox 917 1570 1113 1626; x_wconf 87' lang='lat' dir='ltr'><strong>cellam</strong></span> <span class='ocrx_word' id='word_1_106' title='bbox 1142 1572 1369 1637; x_wconf 89' lang='lat' dir='ltr'><strong>habens,</strong></span> <span class='ocrx_word' id='word_1_107' title='bbox 1416 1571 1561 1625; x_wconf 90' lang='lat' dir='ltr'><strong>haud</strong></span> <span class='ocrx_word' id='word_1_108' title='bbox 1590 1571 1781 1642; x_wconf 89' lang='lat' dir='ltr'><strong>procul</strong></span> <span class='ocrx_word' id='word_1_109' title='bbox 1835 1586 1868 1625; x_wconf 93' lang='lat' dir='ltr'><strong>a</strong></span> <span class='ocrx_word' id='word_1_110' title='bbox 1905 1585 2028 1625; x_wconf 91' lang='lat' dir='ltr'><strong>mo-</strong></span> 
     </span>
    </p>
   </div>
   <div class='ocr_carea' id='block_1_17' title="bbox 433 1658 2031 1731">
    <p class='ocr_par' dir='ltr' id='par_1_17' title="bbox 433 1658 2031 1731">
     <span class='ocr_line' id='line_1_17' title="bbox 433 1658 2031 1731; baseline -0.001 -17"><span class='ocrx_word' id='word_1_111' title='bbox 433 1659 671 1715; x_wconf 91' lang='lat' dir='ltr'><strong>nasterio</strong></span> <span class='ocrx_word' id='word_1_112' title='bbox 692 1659 748 1715; x_wconf 91' lang='lat' dir='ltr'><strong>S.</strong></span> <span class='ocrx_word' id='word_1_113' title='bbox 772 1659 1105 1731; x_wconf 80' lang='lat' dir='ltr'><strong>Bagneberti</strong></span> <span class='ocrx_word' id='word_1_114' title='bbox 1123 1659 1617 1728; x_wconf 88' lang='lat' dir='ltr'><strong>Benedictinorum,</strong></span> <span class='ocrx_word' id='word_1_115' title='bbox 1650 1659 1795 1730; x_wconf 90' lang='lat' dir='ltr'><strong>quod</strong></span> <span class='ocrx_word' id='word_1_116' title='bbox 1822 1658 2031 1713; x_wconf 91' lang='lat' dir='ltr'><strong>duabus</strong></span> 
     </span>
    </p>
   </div>
   <div class='ocr_carea' id='block_1_18' title="bbox 438 1746 2030 1803">
    <p class='ocr_par' dir='ltr' id='par_1_18' title="bbox 438 1746 2030 1803">
     <span class='ocr_line' id='line_1_18' title="bbox 438 1746 2030 1803; baseline -0.001 -1"><span class='ocrx_word' id='word_1_117' title='bbox 438 1747 732 1803; x_wconf 88' lang='lat' dir='ltr'><strong>admodum</strong></span> <span class='ocrx_word' id='word_1_118' title='bbox 752 1746 925 1803; x_wconf 88' lang='lat' dir='ltr'><strong>leucis</strong></span> <span class='ocrx_word' id='word_1_119' title='bbox 972 1747 1202 1803; x_wconf 91' lang='lat' dir='ltr'><strong>horariis</strong></span> <span class='ocrx_word' id='word_1_120' title='bbox 1245 1748 1449 1803; x_wconf 88' lang='lat' dir='ltr'><strong>abesta</strong></span> <span class='ocrx_word' id='word_1_121' title='bbox 1471 1748 1754 1803; x_wconf 87' lang='lat' dir='ltr'><strong>Portarum</strong></span> <span class='ocrx_word' id='word_1_122' title='bbox 1797 1748 2030 1802; x_wconf 88' lang='lat' dir='ltr'><strong>Carthu-</strong></span> 
     </span>
    </p>
   </div>
   <div class='ocr_carea' id='block_1_19' title="bbox 437 1835 2032 1908">
    <p class='ocr_par' dir='ltr' id='par_1_19' title="bbox 437 1835 2032 1908">
     <span class='ocr_line' id='line_1_19' title="bbox 437 1835 2032 1908; baseline 0 -18"><span class='ocrx_word' id='word_1_123' title='bbox 437 1835 558 1890; x_wconf 90' lang='lat' dir='ltr'><strong>sia:</strong></span> <span class='ocrx_word' id='word_1_124' title='bbox 592 1843 646 1891; x_wconf 89' lang='lat' dir='ltr'><strong>et</strong></span> <span class='ocrx_word' id='word_1_125' title='bbox 672 1851 704 1890; x_wconf 89' lang='lat' dir='ltr'><strong>a</strong></span> <span class='ocrx_word' id='word_1_126' title='bbox 729 1836 1084 1908; x_wconf 72' lang='lat' dir='ltr'><strong>Ragneberto</strong></span> <span class='ocrx_word' id='word_1_127' title='bbox 1139 1835 1433 1891; x_wconf 82' lang='lat' dir='ltr'><strong>Radeberti</strong></span> <span class='ocrx_word' id='word_1_128' title='bbox 1485 1836 1639 1891; x_wconf 92' lang='lat' dir='ltr'><strong>ducis</strong></span> <span class='ocrx_word' id='word_1_129' title='bbox 1683 1835 1794 1891; x_wconf 82' lang='lat' dir='ltr'><strong>ﬁlio</strong></span> <span class='ocrx_word' id='word_1_130' title='bbox 1832 1851 2032 1891; x_wconf 89' lang='lat' dir='ltr'><strong>nomen</strong></span> 
     </span>
    </p>
   </div>
   <div class='ocr_carea' id='block_1_20' title="bbox 435 1923 2030 1995">
    <p class='ocr_par' dir='ltr' id='par_1_20' title="bbox 435 1923 2030 1995">
     <span class='ocr_line' id='line_1_20' title="bbox 435 1923 2030 1995; baseline -0.001 -16"><span class='ocrx_word' id='word_1_131' title='bbox 435 1923 621 1989; x_wconf 84' lang='lat' dir='ltr'><strong>habet,</strong></span> <span class='ocrx_word' id='word_1_132' title='bbox 653 1939 814 1995; x_wconf 86' lang='lat' dir='ltr'><strong>quem</strong></span> <span class='ocrx_word' id='word_1_133' title='bbox 850 1923 981 1978; x_wconf 87' lang='lat' dir='ltr'><strong>olim</strong></span> <span class='ocrx_word' id='word_1_134' title='bbox 1027 1923 1254 1985; x_wconf 86' lang='lat' dir='ltr'><strong>Ebroini</strong></span> <span class='ocrx_word' id='word_1_135' title='bbox 1292 1923 1529 1995; x_wconf 86' lang='lat' dir='ltr'><strong>nequitia</strong></span> <span class='ocrx_word' id='word_1_136' title='bbox 1558 1931 1854 1994; x_wconf 84' lang='lat' dir='ltr'><strong>martyrem</strong></span> <span class='ocrx_word' id='word_1_137' title='bbox 1882 1923 2030 1978; x_wconf 85' lang='lat' dir='ltr'><strong>fecit.</strong></span> 
     </span>
    </p>
   </div>
   <div class='ocr_carea' id='block_1_21' title="bbox 436 2010 2033 2068">
    <p class='ocr_par' dir='ltr' id='par_1_21' title="bbox 436 2010 2033 2068">
     <span class='ocr_line' id='line_1_21' title="bbox 436 2010 2033 2068; baseline 0.001 -2"><span class='ocrx_word' id='word_1_138' title='bbox 436 2010 594 2067; x_wconf 84' lang='lat' dir='ltr'><strong>Prius</strong></span> <span class='ocrx_word' id='word_1_139' title='bbox 622 2019 804 2067; x_wconf 88' lang='lat' dir='ltr'><strong>autem</strong></span> <span class='ocrx_word' id='word_1_140' title='bbox 832 2011 888 2066; x_wconf 92' lang='lat' dir='ltr'>id</span> <span class='ocrx_word' id='word_1_141' title='bbox 943 2011 1334 2067; x_wconf 88' lang='lat' dir='ltr'><strong>monasterium</strong></span> <span class='ocrx_word' id='word_1_142' title='bbox 1382 2012 1767 2068; x_wconf 87' lang='lat' dir='ltr'><strong>Bebronnense</strong></span> <span class='ocrx_word' id='word_1_143' title='bbox 1819 2028 2033 2067; x_wconf 89' lang='lat' dir='ltr'><strong>nuncu-</strong></span> 
     </span>
    </p>
   </div>
   <div class='ocr_carea' id='block_1_22' title="bbox 439 2099 2033 2171">
    <p class='ocr_par' dir='ltr' id='par_1_22' title="bbox 439 2099 2033 2171">
     <span class='ocr_line' id='line_1_22' title="bbox 439 2099 2033 2171; baseline -0.001 -16"><span class='ocrx_word' id='word_1_144' title='bbox 439 2099 694 2171; x_wconf 90' lang='lat' dir='ltr'><strong>pabatur,</strong></span> <span class='ocrx_word' id='word_1_145' title='bbox 726 2113 762 2155; x_wconf 90' lang='lat' dir='ltr'><strong>a</strong></span> <span class='ocrx_word' id='word_1_146' title='bbox 788 2099 1075 2155; x_wconf 88' lang='lat' dir='ltr'><strong>Bebronna</strong></span> <span class='ocrx_word' id='word_1_147' title='bbox 1105 2115 1213 2171; x_wconf 92' lang='lat' dir='ltr'><strong>quo</strong></span> <span class='ocrx_word' id='word_1_148' title='bbox 1241 2100 1460 2155; x_wconf 87' lang='lat' dir='ltr'><strong>alluitur</strong></span> <span class='ocrx_word' id='word_1_149' title='bbox 1494 2107 1733 2156; x_wconf 90' lang='lat' dir='ltr'><strong>torrente</strong></span> <span class='ocrx_word' id='word_1_150' title='bbox 1762 2115 1774 2153; x_wconf 90' lang='lat'>:</span> <span class='ocrx_word' id='word_1_151' title='bbox 1808 2114 1874 2156; x_wconf 93' lang='lat' dir='ltr'><strong>ac</strong></span> <span class='ocrx_word' id='word_1_152' title='bbox 1906 2100 2033 2154; x_wconf 87' lang='lat' dir='ltr'><strong>fun-</strong></span> 
     </span>
    </p>
   </div>
   <div class='ocr_carea' id='block_1_23' title="bbox 438 2188 2036 2255">
    <p class='ocr_par' dir='ltr' id='par_1_23' title="bbox 438 2188 2036 2255">
     <span class='ocr_line' id='line_1_23' title="bbox 438 2188 2036 2255; baseline -0.001 -11"><span class='ocrx_word' id='word_1_153' title='bbox 438 2188 629 2244; x_wconf 87' lang='lat' dir='ltr'><strong>datum</strong></span> <span class='ocrx_word' id='word_1_154' title='bbox 660 2188 839 2244; x_wconf 86' lang='lat' dir='ltr'><strong>fuerat</strong></span> <span class='ocrx_word' id='word_1_155' title='bbox 873 2202 907 2245; x_wconf 87' lang='lat' dir='ltr'><strong>a</strong></span> <span class='ocrx_word' id='word_1_156' title='bbox 935 2188 992 2244; x_wconf 93' lang='lat' dir='ltr'><strong>S.</strong></span> <span class='ocrx_word' id='word_1_157' title='bbox 1033 2188 1341 2244; x_wconf 88' lang='lat' dir='ltr'><strong>Domitiano</strong></span> <span class='ocrx_word' id='word_1_158' title='bbox 1393 2189 1607 2255; x_wconf 84' lang='lat' dir='ltr'><strong>abbate,</strong></span> <span class='ocrx_word' id='word_1_159' title='bbox 1643 2189 1712 2242; x_wconf 91' lang='lat' dir='ltr'><strong>ad</strong></span> <span class='ocrx_word' id='word_1_160' title='bbox 1762 2188 2036 2244; x_wconf 86' lang='lat' dir='ltr'><strong>Kalendas</strong></span> 
     </span>
    </p>
   </div>
   <div class='ocr_carea' id='block_1_24' title="bbox 436 2276 2037 2349">
    <p class='ocr_par' dir='ltr' id='par_1_24' title="bbox 436 2276 2037 2349">
     <span class='ocr_line' id='line_1_24' title="bbox 436 2276 2037 2349; baseline 0 -18"><span class='ocrx_word' id='word_1_161' title='bbox 436 2276 609 2332; x_wconf 79' lang='lat' dir='ltr'><strong>Julius</strong></span> <span class='ocrx_word' id='word_1_162' title='bbox 652 2276 1060 2349; x_wconf 86' lang='lat' dir='ltr'><strong>Martyrologiis</strong></span> <span class='ocrx_word' id='word_1_163' title='bbox 1097 2276 1382 2347; x_wconf 89' lang='lat' dir='ltr'><strong>inscripto.</strong></span> <span class='ocrx_word' id='word_1_164' title='bbox 1414 2277 1502 2343; x_wconf 65' lang='lat' dir='ltr'><strong>1n,</strong></span> <span class='ocrx_word' id='word_1_165' title='bbox 1523 2278 1679 2345; x_wconf 86' lang='lat' dir='ltr'><strong>cujus</strong></span> <span class='ocrx_word' id='word_1_166' title='bbox 1708 2276 1836 2342; x_wconf 89' lang='lat' dir='ltr'><strong>vita,</strong></span> <span class='ocrx_word' id='word_1_167' title='bbox 1874 2291 2037 2348; x_wconf 87' lang='lat' dir='ltr'><strong>quam</strong></span> 
     </span>
    </p>
   </div>
   <div class='ocr_carea' id='block_1_25' title="bbox 437 2365 2035 2435">
    <p class='ocr_par' dir='ltr' id='par_1_25' title="bbox 437 2365 2035 2435">
     <span class='ocr_line' id='line_1_25' title="bbox 437 2365 2035 2435; baseline -0.001 -14"><span class='ocrx_word' id='word_1_168' title='bbox 437 2381 504 2421; x_wconf 85' lang='lat' dir='ltr'><strong>ex</strong></span> <span class='ocrx_word' id='word_1_169' title='bbox 534 2365 703 2420; x_wconf 85' lang='lat' dir='ltr'><strong>veteri</strong></span> <span class='ocrx_word' id='word_1_170' title='bbox 732 2366 980 2434; x_wconf 89' lang='lat' dir='ltr'><strong>ejusdem</strong></span> <span class='ocrx_word' id='word_1_171' title='bbox 1009 2365 1330 2420; x_wconf 88' lang='lat' dir='ltr'><strong>monasterii</strong></span> <span class='ocrx_word' id='word_1_172' title='bbox 1351 2365 1540 2420; x_wconf 91' lang='lat' dir='ltr'><strong>codice</strong></span> <span class='ocrx_word' id='word_1_173' title='bbox 1570 2365 1700 2419; x_wconf 93' lang='lat' dir='ltr'><strong>olim</strong></span> <span class='ocrx_word' id='word_1_174' title='bbox 1731 2365 2035 2435; x_wconf 90' lang='lat' dir='ltr'><strong>descripsi-</strong></span> 
     </span>
    </p>
   </div>
   <div class='ocr_carea' id='block_1_26' title="bbox 436 2453 2036 2524">
    <p class='ocr_par' dir='ltr' id='par_1_26' title="bbox 436 2453 2036 2524">
     <span class='ocr_line' id='line_1_26' title="bbox 436 2453 2036 2524; baseline -0.001 -16"><span class='ocrx_word' id='word_1_175' title='bbox 436 2470 575 2522; x_wconf 89' lang='lat' dir='ltr'><strong>mus,</strong></span> <span class='ocrx_word' id='word_1_176' title='bbox 626 2453 1029 2509; x_wconf 82' lang='lat' dir='ltr'><strong>emendandum</strong></span> <span class='ocrx_word' id='word_1_177' title='bbox 1073 2461 1156 2507; x_wconf 91' lang='lat' dir='ltr'><strong>est</strong></span> <span class='ocrx_word' id='word_1_178' title='bbox 1193 2453 1345 2517; x_wconf 92' lang='lat' dir='ltr'><strong>illud,</strong></span> <span class='ocrx_word' id='word_1_179' title='bbox 1398 2454 1544 2524; x_wconf 93' lang='lat' dir='ltr'><strong>quod</strong></span> <span class='ocrx_word' id='word_1_180' title='bbox 1605 2454 1662 2509; x_wconf 92' lang='lat' dir='ltr'><strong>S.</strong></span> <span class='ocrx_word' id='word_1_181' title='bbox 1696 2454 2036 2508; x_wconf 92' lang='lat' dir='ltr'><strong>Domitianus</strong></span> 
     </span>
    </p>
   </div>
   <div class='ocr_carea' id='block_1_27' title="bbox 429 2541 2033 2613">
    <p class='ocr_par' dir='ltr' id='par_1_27' title="bbox 429 2541 2033 2613">
     <span class='ocr_line' id='line_1_27' title="bbox 429 2541 2033 2613; baseline -0.001 -16"><span class='ocrx_word' id='word_1_182' title='bbox 429 2541 625 2598; x_wconf 88' lang='lat' dir='ltr'><strong>Juliani</strong></span> <span class='ocrx_word' id='word_1_183' title='bbox 653 2543 930 2613; x_wconf 68' lang='lat' dir='ltr'><strong>Apostataa</strong></span> <span class='ocrx_word' id='word_1_184' title='bbox 953 2541 1390 2612; x_wconf 88' lang='lat' dir='ltr'><strong>persecutionem</strong></span> <span class='ocrx_word' id='word_1_185' title='bbox 1421 2542 1629 2613; x_wconf 81' lang='lat' dir='ltr'><strong>fugisse</strong></span> <span class='ocrx_word' id='word_1_186' title='bbox 1659 2542 1876 2597; x_wconf 90' lang='lat' dir='ltr'><strong>dicitur.</strong></span> <span class='ocrx_word' id='word_1_187' title='bbox 1908 2542 2033 2597; x_wconf 90' lang='lat' dir='ltr'><strong>Non</strong></span> 
     </span>
    </p>
   </div>
   <div class='ocr_carea' id='block_1_28' title="bbox 430 2630 2039 2701">
    <p class='ocr_par' dir='ltr' id='par_1_28' title="bbox 430 2630 2039 2701">
     <span class='ocr_line' id='line_1_28' title="bbox 430 2630 2039 2701; baseline -0.001 -15"><span class='ocrx_word' id='word_1_188' title='bbox 430 2630 575 2686; x_wconf 82' lang='lat' dir='ltr'><strong>enim</strong></span> <span class='ocrx_word' id='word_1_189' title='bbox 604 2630 658 2685; x_wconf 92' lang='lat' dir='ltr'><strong>id</strong></span> <span class='ocrx_word' id='word_1_190' title='bbox 687 2630 980 2686; x_wconf 89' lang='lat' dir='ltr'><strong>convenire</strong></span> <span class='ocrx_word' id='word_1_191' title='bbox 1002 2638 1180 2699; x_wconf 91' lang='lat' dir='ltr'><strong>potest</strong></span> <span class='ocrx_word' id='word_1_192' title='bbox 1231 2645 1359 2685; x_wconf 91' lang='lat' dir='ltr'><strong>cum</strong></span> <span class='ocrx_word' id='word_1_193' title='bbox 1389 2631 1455 2684; x_wconf 91' lang='lat' dir='ltr'><strong>iis</strong></span> <span class='ocrx_word' id='word_1_194' title='bbox 1501 2646 1621 2701; x_wconf 76' lang='lat' dir='ltr'><strong>quae</strong></span> <span class='ocrx_word' id='word_1_195' title='bbox 1668 2630 1941 2685; x_wconf 82' lang='lat' dir='ltr'><strong>adduntur</strong></span> <span class='ocrx_word' id='word_1_196' title='bbox 1968 2630 2039 2685; x_wconf 91' lang='lat' dir='ltr'><strong>de</strong></span> 
     </span>
    </p>
   </div>
   <div class='ocr_carea' id='block_1_29' title="bbox 430 2717 2035 2789">
    <p class='ocr_par' dir='ltr' id='par_1_29' title="bbox 430 2717 2035 2789">
     <span class='ocr_line' id='line_1_29' title="bbox 430 2717 2035 2789; baseline -0.001 -15"><span class='ocrx_word' id='word_1_197' title='bbox 430 2718 723 2775; x_wconf 88' lang='lat' dir='ltr'><strong>Domitiani</strong></span> <span class='ocrx_word' id='word_1_198' title='bbox 775 2718 1171 2789; x_wconf 82' lang='lat' dir='ltr'><strong>congressibus</strong></span> <span class='ocrx_word' id='word_1_199' title='bbox 1224 2733 1349 2773; x_wconf 89' lang='lat' dir='ltr'><strong>cum</strong></span> <span class='ocrx_word' id='word_1_200' title='bbox 1409 2717 1694 2773; x_wconf 88' lang='lat' dir='ltr'><strong>Vincentio</strong></span> <span class='ocrx_word' id='word_1_201' title='bbox 1744 2718 2035 2785; x_wconf 85' lang='lat' dir='ltr'><strong>Lirinensi,</strong></span> 
     </span>
    </p>
   </div>
   <div class='ocr_carea' id='block_1_30' title="bbox 434 2806 2039 2878">
    <p class='ocr_par' dir='ltr' id='par_1_30' title="bbox 434 2806 2039 2878">
     <span class='ocr_line' id='line_1_30' title="bbox 434 2806 2039 2878; baseline -0.001 -15"><span class='ocrx_word' id='word_1_202' title='bbox 434 2806 639 2863; x_wconf 84' lang='lat' dir='ltr'><strong>Hilario</strong></span> <span class='ocrx_word' id='word_1_203' title='bbox 694 2806 1027 2873; x_wconf 80' lang='lat' dir='ltr'><strong>Arelatensi,</strong></span> <span class='ocrx_word' id='word_1_204' title='bbox 1059 2815 1112 2861; x_wconf 88' lang='lat' dir='ltr'><strong>et</strong></span> <span class='ocrx_word' id='word_1_205' title='bbox 1158 2806 1429 2861; x_wconf 87' lang='lat' dir='ltr'><strong>Eucherio</strong></span> <span class='ocrx_word' id='word_1_206' title='bbox 1476 2806 1847 2878; x_wconf 88' lang='lat' dir='ltr'><strong>Lugdunensi,</strong></span> <span class='ocrx_word' id='word_1_207' title='bbox 1897 2821 2039 2878; x_wconf 93' lang='lat' dir='ltr'><strong>quos</strong></span> 
     </span>
    </p>
   </div>
   <div class='ocr_carea' id='block_1_31' title="bbox 434 2894 2034 2965">
    <p class='ocr_par' dir='ltr' id='par_1_31' title="bbox 434 2894 2034 2965">
     <span class='ocr_line' id='line_1_31' title="bbox 434 2894 2034 2965; baseline -0.001 -15"><span class='ocrx_word' id='word_1_208' title='bbox 434 2894 591 2950; x_wconf 88' lang='lat' dir='ltr'><strong>annis</strong></span> <span class='ocrx_word' id='word_1_209' title='bbox 618 2894 731 2952; x_wconf 86' lang='lat' dir='ltr'><strong>fere</strong></span> <span class='ocrx_word' id='word_1_210' title='bbox 778 2902 997 2952; x_wconf 87' lang='lat' dir='ltr'><strong>centum</strong></span> <span class='ocrx_word' id='word_1_211' title='bbox 1054 2902 1177 2965; x_wconf 86' lang='lat' dir='ltr'><strong>post</strong></span> <span class='ocrx_word' id='word_1_212' title='bbox 1229 2894 1504 2949; x_wconf 88' lang='lat' dir='ltr'><strong>Julianum</strong></span> <span class='ocrx_word' id='word_1_213' title='bbox 1550 2894 1809 2949; x_wconf 79' lang='lat' dir='ltr'><strong>floruisse</strong></span> <span class='ocrx_word' id='word_1_214' title='bbox 1841 2910 2034 2950; x_wconf 89' lang='lat' dir='ltr'><strong>omnes</strong></span> 
     </span>
    </p>
   </div>
   <div class='ocr_carea' id='block_1_32' title="bbox 434 2992 657 3039">
    <p class='ocr_par' dir='ltr' id='par_1_32' title="bbox 434 2992 657 3039">
     <span class='ocr_line' id='line_1_32' title="bbox 434 2992 657 3039; baseline 0 0"><span class='ocrx_word' id='word_1_215' title='bbox 434 2992 657 3039; x_wconf 88' lang='lat' dir='ltr'><strong>norunt.</strong></span> 
     </span>
    </p>
   </div>
   <div class='ocr_carea' id='block_1_33' title="bbox 459 3134 2010 3207">
    <p class='ocr_par' dir='ltr' id='par_1_33' title="bbox 459 3134 2010 3207">
     <span class='ocr_line' id='line_1_33' title="bbox 459 3134 2010 3207; baseline -0.003 -16"><span class='ocrx_word' id='word_1_216' title='bbox 459 3136 552 3191; x_wconf 90' lang='lat' dir='ltr'><strong>IlI.</strong></span> <span class='ocrx_word' id='word_1_217' title='bbox 584 3136 826 3193; x_wconf 77' lang='lat' dir='ltr'><strong>Joannis</strong></span> <span class='ocrx_word' id='word_1_218' title='bbox 858 3138 1167 3191; x_wconf 88' lang='lat' dir='ltr'><strong>Portarum</strong></span> <span class='ocrx_word' id='word_1_219' title='bbox 1195 3135 1463 3191; x_wconf 86' lang='lat' dir='ltr'><strong>monachi</strong></span> <span class='ocrx_word' id='word_1_220' title='bbox 1479 3135 1729 3207; x_wconf 71' lang='lat' dir='ltr'><strong>epistolae</strong></span> <span class='ocrx_word' id='word_1_221' title='bbox 1748 3134 2010 3206; x_wconf 90' lang='lat' dir='ltr'><strong>quinque.</strong></span> 
     </span>
    </p>
   </div>
   <div class='ocr_carea' id='block_1_34' title="bbox 2129 605 3737 678">
    <p class='ocr_par' dir='ltr' id='par_1_34' title="bbox 2129 605 3737 678">
     <span class='ocr_line' id='line_1_34' title="bbox 2129 605 3737 678; baseline 0 -17"><span class='ocrx_word' id='word_1_222' title='bbox 2129 608 2337 662; x_wconf 89' lang='lat' dir='ltr'><strong>nitatis</strong></span> <span class='ocrx_word' id='word_1_223' title='bbox 2354 623 2611 677; x_wconf 78' lang='lat' dir='ltr'><strong>persona:</strong></span> <span class='ocrx_word' id='word_1_224' title='bbox 2640 607 2923 662; x_wconf 80' lang='lat' dir='ltr'><strong>adessent.</strong></span> <span class='ocrx_word' id='word_1_225' title='bbox 2975 607 3114 660; x_wconf 89' lang='lat' dir='ltr'><strong>Nam</strong></span> <span class='ocrx_word' id='word_1_226' title='bbox 3164 606 3221 661; x_wconf 93' lang='lat' dir='ltr'><strong>S.</strong></span> <span class='ocrx_word' id='word_1_227' title='bbox 3264 605 3550 661; x_wconf 80' lang='lat' dir='ltr'><strong>Antelmus</strong></span> <span class='ocrx_word' id='word_1_228' title='bbox 3577 606 3737 678; x_wconf 89' lang='lat' dir='ltr'><strong>prio-</strong></span> 
     </span>
    </p>
   </div>
   <div class='ocr_carea' id='block_1_35' title="bbox 2130 693 3734 762">
    <p class='ocr_par' dir='ltr' id='par_1_35' title="bbox 2130 693 3734 762">
     <span class='ocr_line' id='line_1_35' title="bbox 2130 693 3734 762; baseline 0.001 -15"><span class='ocrx_word' id='word_1_229' title='bbox 2130 703 2248 748; x_wconf 90' lang='lat' dir='ltr'><strong>ratu</strong></span> <span class='ocrx_word' id='word_1_230' title='bbox 2281 694 2499 762; x_wconf 88' lang='lat' dir='ltr'><strong>majoris</strong></span> <span class='ocrx_word' id='word_1_231' title='bbox 2521 694 2822 748; x_wconf 68' lang='lat' dir='ltr'><strong>Carthusiae</strong></span> <span class='ocrx_word' id='word_1_232' title='bbox 2854 693 3065 748; x_wconf 89' lang='lat' dir='ltr'><strong>abierat</strong></span> <span class='ocrx_word' id='word_1_233' title='bbox 3122 709 3267 749; x_wconf 88' lang='lat' dir='ltr'><strong>anno</strong></span> <span class='ocrx_word' id='word_1_234' title='bbox 3312 693 3512 747; x_wconf 89' lang='lat' dir='ltr'><strong>Christi</strong></span> <span class='ocrx_word' id='word_1_235' title='bbox 3570 696 3734 749; x_wconf 85' lang='lat'><strong>1151.</strong></span> 
     </span>
    </p>
   </div>
   <div class='ocr_carea' id='block_1_36' title="bbox 2131 781 3741 852">
    <p class='ocr_par' dir='ltr' id='par_1_36' title="bbox 2131 781 3741 852">
     <span class='ocr_line' id='line_1_36' title="bbox 2131 781 3741 852; baseline 0 -17"><span class='ocrx_word' id='word_1_236' title='bbox 2131 782 2264 836; x_wconf 92' lang='lat' dir='ltr'><strong>Inde</strong></span> <span class='ocrx_word' id='word_1_237' title='bbox 2292 796 2425 836; x_wconf 90' lang='lat' dir='ltr'><strong>vero</strong></span> <span class='ocrx_word' id='word_1_238' title='bbox 2451 797 2516 836; x_wconf 83' lang='lat' dir='ltr'><strong>ex</strong></span> <span class='ocrx_word' id='word_1_239' title='bbox 2545 782 2753 851; x_wconf 90' lang='lat' dir='ltr'><strong>privato</strong></span> <span class='ocrx_word' id='word_1_240' title='bbox 2782 781 2931 851; x_wconf 82' lang='lat' dir='ltr'><strong>prior</strong></span> <span class='ocrx_word' id='word_1_241' title='bbox 2963 783 3240 836; x_wconf 85' lang='lat' dir='ltr'><strong>Portarum</strong></span> <span class='ocrx_word' id='word_1_242' title='bbox 3288 781 3388 835; x_wconf 90' lang='lat' dir='ltr'><strong>fuit</strong></span> <span class='ocrx_word' id='word_1_243' title='bbox 3416 797 3518 852; x_wconf 89' lang='lat' dir='ltr'><strong>per</strong></span> <span class='ocrx_word' id='word_1_244' title='bbox 3579 782 3741 837; x_wconf 88' lang='lat' dir='ltr'><strong>bien-</strong></span> 
     </span>
    </p>
   </div>
   <div class='ocr_carea' id='block_1_37' title="bbox 2129 869 3738 940">
    <p class='ocr_par' dir='ltr' id='par_1_37' title="bbox 2129 869 3738 940">
     <span class='ocr_line' id='line_1_37' title="bbox 2129 869 3738 940; baseline 0.001 -17"><span class='ocrx_word' id='word_1_245' title='bbox 2129 869 2297 936; x_wconf 89' lang='lat' dir='ltr'><strong>nium,</strong></span> <span class='ocrx_word' id='word_1_246' title='bbox 2328 870 2398 923; x_wconf 90' lang='lat' dir='ltr'><strong>ab</strong></span> <span class='ocrx_word' id='word_1_247' title='bbox 2442 883 2585 923; x_wconf 89' lang='lat' dir='ltr'><strong>anno</strong></span> <span class='ocrx_word' id='word_1_248' title='bbox 2626 869 2831 924; x_wconf 88' lang='lat' dir='ltr'><strong>scilicet</strong></span> <span class='ocrx_word' id='word_1_249' title='bbox 2866 871 3000 926; x_wconf 77' lang='lat'><strong>1152</strong></span> <span class='ocrx_word' id='word_1_250' title='bbox 3031 869 3102 924; x_wconf 91' lang='lat' dir='ltr'><strong>ad</strong></span> <span class='ocrx_word' id='word_1_251' title='bbox 3134 870 3290 934; x_wconf 71' lang='grc'><strong>1154,</strong></span> <span class='ocrx_word' id='word_1_252' title='bbox 3327 884 3448 940; x_wconf 68' lang='lat' dir='ltr'><strong>quas</strong></span> <span class='ocrx_word' id='word_1_253' title='bbox 3478 876 3738 940; x_wconf 87' lang='lat' dir='ltr'><strong>tempora</strong></span> 
     </span>
    </p>
   </div>
   <div class='ocr_carea' id='block_1_38' title="bbox 2130 956 3737 1027">
    <p class='ocr_par' dir='ltr' id='par_1_38' title="bbox 2130 956 3737 1027">
     <span class='ocr_line' id='line_1_38' title="bbox 2130 956 3737 1027; baseline 0 -16"><span class='ocrx_word' id='word_1_254' title='bbox 2130 971 2256 1011; x_wconf 84' lang='lat' dir='ltr'><strong>Cum</strong></span> <span class='ocrx_word' id='word_1_255' title='bbox 2294 957 2504 1011; x_wconf 81' lang='lat' dir='ltr'><strong>Joanne</strong></span> <span class='ocrx_word' id='word_1_256' title='bbox 2539 957 2608 1013; x_wconf 92' lang='lat' dir='ltr'><strong>de</strong></span> <span class='ocrx_word' id='word_1_257' title='bbox 2637 956 3003 1012; x_wconf 87' lang='lat' dir='ltr'><strong>Montemedio</strong></span> <span class='ocrx_word' id='word_1_258' title='bbox 3032 965 3159 1027; x_wconf 87' lang='lat' dir='ltr'><strong>apte</strong></span> <span class='ocrx_word' id='word_1_259' title='bbox 3199 964 3594 1027; x_wconf 86' lang='lat' dir='ltr'><strong>comparantur.</strong></span> <span class='ocrx_word' id='word_1_260' title='bbox 3632 957 3737 1011; x_wconf 80' lang='lat' dir='ltr'><strong>Vix</strong></span> 
     </span>
    </p>
   </div>
   <div class='ocr_carea' id='block_1_39' title="bbox 2130 1044 3735 1114">
    <p class='ocr_par' dir='ltr' id='par_1_39' title="bbox 2130 1044 3735 1114">
     <span class='ocr_line' id='line_1_39' title="bbox 2130 1044 3735 1114; baseline 0.001 -16"><span class='ocrx_word' id='word_1_261' title='bbox 2130 1053 2311 1099; x_wconf 89' lang='lat' dir='ltr'><strong>autem</strong></span> <span class='ocrx_word' id='word_1_262' title='bbox 2368 1045 2608 1099; x_wconf 90' lang='lat' dir='ltr'><strong>adducor</strong></span> <span class='ocrx_word' id='word_1_263' title='bbox 2670 1053 2727 1099; x_wconf 90' lang='lat' dir='ltr'><strong>ut</strong></span> <span class='ocrx_word' id='word_1_264' title='bbox 2781 1046 2977 1099; x_wconf 89' lang='lat' dir='ltr'><strong>harum</strong></span> <span class='ocrx_word' id='word_1_265' title='bbox 3033 1044 3387 1114; x_wconf 87' lang='lat' dir='ltr'><strong>epistolarum</strong></span> <span class='ocrx_word' id='word_1_266' title='bbox 3447 1053 3735 1100; x_wconf 87' lang='lat' dir='ltr'><strong>auctorem</strong></span> 
     </span>
    </p>
   </div>
   <div class='ocr_carea' id='block_1_40' title="bbox 2131 1132 3731 1203">
    <p class='ocr_par' dir='ltr' id='par_1_40' title="bbox 2131 1132 3731 1203">
     <span class='ocr_line' id='line_1_40' title="bbox 2131 1132 3731 1203; baseline 0.001 -17"><span class='ocrx_word' id='word_1_267' title='bbox 2131 1146 2427 1203; x_wconf 86' lang='lat' dir='ltr'><strong>agnoscam</strong></span> <span class='ocrx_word' id='word_1_268' title='bbox 2454 1134 2719 1187; x_wconf 83' lang='lat' dir='ltr'><strong>Joannem</strong></span> <span class='ocrx_word' id='word_1_269' title='bbox 2750 1132 3064 1203; x_wconf 88' lang='lat' dir='ltr'><strong>quemdam,</strong></span> <span class='ocrx_word' id='word_1_270' title='bbox 3097 1148 3163 1186; x_wconf 88' lang='lat' dir='ltr'><strong>ex</strong></span> <span class='ocrx_word' id='word_1_271' title='bbox 3192 1132 3391 1187; x_wconf 88' lang='lat' dir='ltr'><strong>abbate</strong></span> <span class='ocrx_word' id='word_1_272' title='bbox 3422 1132 3731 1187; x_wconf 79' lang='lat' dir='ltr'><strong>Abundan-</strong></span> 
     </span>
    </p>
   </div>
   <div class='ocr_carea' id='block_1_41' title="bbox 2129 1219 3737 1290">
    <p class='ocr_par' dir='ltr' id='par_1_41' title="bbox 2129 1219 3737 1290">
     <span class='ocr_line' id='line_1_41' title="bbox 2129 1219 3737 1290; baseline 0.001 -18"><span class='ocrx_word' id='word_1_273' title='bbox 2129 1220 2236 1285; x_wconf 70' lang='lat' dir='ltr'><strong>tize,</strong></span> <span class='ocrx_word' id='word_1_274' title='bbox 2288 1221 2612 1274; x_wconf 89' lang='lat' dir='ltr'><strong>monachum</strong></span> <span class='ocrx_word' id='word_1_275' title='bbox 2640 1220 2914 1285; x_wconf 78' lang='lat' dir='ltr'><strong>Arverize;</strong></span> <span class='ocrx_word' id='word_1_276' title='bbox 2948 1221 3051 1275; x_wconf 90' lang='lat' dir='ltr'><strong>hoc</strong></span> <span class='ocrx_word' id='word_1_277' title='bbox 3080 1228 3183 1287; x_wconf 90' lang='lat' dir='ltr'><strong>est,</strong></span> <span class='ocrx_word' id='word_1_278' title='bbox 3226 1236 3292 1274; x_wconf 86' lang='lat' dir='ltr'><strong>ex</strong></span> <span class='ocrx_word' id='word_1_279' title='bbox 3328 1219 3737 1290; x_wconf 79' lang='lat' dir='ltr'><strong>Augustiniano</strong></span> 
     </span>
    </p>
   </div>
   <div class='ocr_carea' id='block_1_42' title="bbox 2130 1306 3729 1379">
    <p class='ocr_par' dir='ltr' id='par_1_42' title="bbox 2130 1306 3729 1379">
     <span class='ocr_line' id='line_1_42' title="bbox 2130 1306 3729 1379; baseline 0.001 -17"><span class='ocrx_word' id='word_1_280' title='bbox 2130 1308 2543 1362; x_wconf 90' lang='lat' dir='ltr'><strong>Carthusianum</strong></span> <span class='ocrx_word' id='word_1_281' title='bbox 2574 1308 2665 1379; x_wconf 92' lang='lat' dir='ltr'><strong>qui</strong></span> <span class='ocrx_word' id='word_1_282' title='bbox 2697 1307 2971 1362; x_wconf 91' lang='lat' dir='ltr'><strong>nonnullis</strong></span> <span class='ocrx_word' id='word_1_283' title='bbox 2999 1308 3054 1362; x_wconf 92' lang='lat' dir='ltr'><strong>in</strong></span> <span class='ocrx_word' id='word_1_284' title='bbox 3100 1307 3316 1363; x_wconf 88' lang='lat' dir='ltr'><strong>schedis</strong></span> <span class='ocrx_word' id='word_1_285' title='bbox 3346 1306 3550 1379; x_wconf 89' lang='lat' dir='ltr'><strong>legitur</strong></span> <span class='ocrx_word' id='word_1_286' title='bbox 3578 1323 3729 1363; x_wconf 89' lang='lat' dir='ltr'><strong>anno</strong></span> 
     </span>
    </p>
   </div>
   <div class='ocr_carea' id='block_1_43' title="bbox 2130 1394 3733 1467">
    <p class='ocr_par' dir='ltr' id='par_1_43' title="bbox 2130 1394 3733 1467">
     <span class='ocr_line' id='line_1_43' title="bbox 2130 1394 3733 1467; baseline 0.001 -19"><span class='ocrx_word' id='word_1_287' title='bbox 2130 1396 2326 1449; x_wconf 88' lang='lat' dir='ltr'><strong>Christi</strong></span> <span class='ocrx_word' id='word_1_288' title='bbox 2359 1400 2494 1449; x_wconf 76' lang='lat'><strong>1202</strong></span> <span class='ocrx_word' id='word_1_289' title='bbox 2525 1410 2555 1449; x_wconf 89' lang='lat' dir='ltr'><strong>e</strong></span> <span class='ocrx_word' id='word_1_290' title='bbox 2585 1395 2721 1449; x_wconf 80' lang='lat' dir='ltr'><strong>vivis</strong></span> <span class='ocrx_word' id='word_1_291' title='bbox 2750 1396 2954 1451; x_wconf 88' lang='lat' dir='ltr'><strong>abiisse</strong></span> <span class='ocrx_word' id='word_1_292' title='bbox 2985 1411 2999 1449; x_wconf 89' lang='lat'><strong>:</strong></span> <span class='ocrx_word' id='word_1_293' title='bbox 3032 1395 3156 1466; x_wconf 89' lang='lat' dir='ltr'><strong>quia</strong></span> <span class='ocrx_word' id='word_1_294' title='bbox 3184 1394 3252 1448; x_wconf 90' lang='lat' dir='ltr'>iis</span> <span class='ocrx_word' id='word_1_295' title='bbox 3280 1410 3402 1465; x_wconf 61' lang='lat' dir='ltr'><strong>qua</strong></span> <span class='ocrx_word' id='word_1_296' title='bbox 3423 1394 3534 1449; x_wconf 86' lang='lat' dir='ltr'><strong>dixi</strong></span> <span class='ocrx_word' id='word_1_297' title='bbox 3559 1409 3733 1467; x_wconf 87' lang='lat' dir='ltr'><strong>argu-</strong></span> 
     </span>
    </p>
   </div>
   <div class='ocr_carea' id='block_1_44' title="bbox 2130 1482 3738 1538">
    <p class='ocr_par' dir='ltr' id='par_1_44' title="bbox 2130 1482 3738 1538">
     <span class='ocr_line' id='line_1_44' title="bbox 2130 1482 3738 1538; baseline 0 -1"><span class='ocrx_word' id='word_1_298' title='bbox 2130 1484 2326 1537; x_wconf 86' lang='lat' dir='ltr'><strong>mentis</strong></span> <span class='ocrx_word' id='word_1_299' title='bbox 2356 1483 2591 1537; x_wconf 85' lang='lat' dir='ltr'><strong>Joannes</strong></span> <span class='ocrx_word' id='word_1_300' title='bbox 2622 1483 2709 1537; x_wconf 91' lang='lat' dir='ltr'><strong>hic</strong></span> <span class='ocrx_word' id='word_1_301' title='bbox 2747 1491 2936 1537; x_wconf 87' lang='lat' dir='ltr'><strong>noster</strong></span> <span class='ocrx_word' id='word_1_302' title='bbox 2982 1491 3036 1538; x_wconf 90' lang='lat' dir='ltr'><strong>et</strong></span> <span class='ocrx_word' id='word_1_303' title='bbox 3084 1484 3363 1537; x_wconf 84' lang='lat' dir='ltr'><strong>Portarum</strong></span> <span class='ocrx_word' id='word_1_304' title='bbox 3415 1482 3738 1538; x_wconf 88' lang='lat' dir='ltr'><strong>Carthusia-</strong></span> 
     </span>
    </p>
   </div>
   <div class='ocr_carea' id='block_1_45' title="bbox 2130 1570 3482 1642">
    <p class='ocr_par' dir='ltr' id='par_1_45' title="bbox 2130 1570 3482 1642">
     <span class='ocr_line' id='line_1_45' title="bbox 2130 1570 3482 1642; baseline -0.001 -16"><span class='ocrx_word' id='word_1_305' title='bbox 2130 1588 2251 1639; x_wconf 88' lang='lat' dir='ltr'><strong>nus,</strong></span> <span class='ocrx_word' id='word_1_306' title='bbox 2286 1579 2340 1627; x_wconf 88' lang='lat' dir='ltr'><strong>et</strong></span> <span class='ocrx_word' id='word_1_307' title='bbox 2368 1571 2460 1626; x_wconf 90' lang='lat' dir='ltr'><strong>illo</strong></span> <span class='ocrx_word' id='word_1_308' title='bbox 2488 1572 2697 1626; x_wconf 90' lang='lat' dir='ltr'><strong>Joanne</strong></span> <span class='ocrx_word' id='word_1_309' title='bbox 2727 1571 2995 1642; x_wconf 88' lang='lat' dir='ltr'><strong>antiquior</strong></span> <span class='ocrx_word' id='word_1_310' title='bbox 3024 1570 3482 1641; x_wconf 88' lang='lat' dir='ltr'><strong>deprehenditur.</strong></span> 
     </span>
    </p>
   </div>
   <div class='ocr_carea' id='block_1_46' title="bbox 2132 1748 3742 1821">
    <p class='ocr_par' dir='ltr' id='par_1_46' title="bbox 2132 1748 3742 1821">
     <span class='ocr_line' id='line_1_46' title="bbox 2132 1748 3742 1821; baseline -0.004 -14"><span class='ocrx_word' id='word_1_311' title='bbox 2132 1752 2220 1807; x_wconf 87' lang='lat' dir='ltr'><strong>IV.</strong></span> <span class='ocrx_word' id='word_1_312' title='bbox 2242 1750 2516 1821; x_wconf 78' lang='lat' dir='ltr'><strong>Stephani</strong></span> <span class='ocrx_word' id='word_1_313' title='bbox 2536 1751 2602 1803; x_wconf 88' lang='lat' dir='ltr'><strong>de</strong></span> <span class='ocrx_word' id='word_1_314' title='bbox 2626 1748 2936 1821; x_wconf 85' lang='lat' dir='ltr'><strong>Chalmeto,</strong></span> <span class='ocrx_word' id='word_1_315' title='bbox 2956 1748 3248 1821; x_wconf 13' lang='lat' dir='ltr'><strong>imonachi</strong></span> <span class='ocrx_word' id='word_1_316' title='bbox 3270 1749 3598 1813; x_wconf 87' lang='lat' dir='ltr'><strong>Portarum,</strong></span> <span class='ocrx_word' id='word_1_317' title='bbox 3623 1748 3742 1821; x_wconf 74' lang='lat' dir='ltr'><strong>epi-</strong></span> 
     </span>
    </p>
   </div>
   <div class='ocr_carea' id='block_1_47' title="bbox 2203 1817 3744 1890">
    <p class='ocr_par' dir='ltr' id='par_1_47' title="bbox 2203 1817 3744 1890">
     <span class='ocr_line' id='line_1_47' title="bbox 2203 1817 3744 1890; baseline -0.003 -15"><span class='ocrx_word' id='word_1_318' title='bbox 2203 1817 2349 1876; x_wconf 83' lang='lat' dir='ltr'><strong>stola</strong></span> <span class='ocrx_word' id='word_1_319' title='bbox 2363 1822 2436 1875; x_wconf 90' lang='lat' dir='ltr'><strong>ad</strong></span> <span class='ocrx_word' id='word_1_320' title='bbox 2456 1822 2700 1878; x_wconf 87' lang='lat' dir='ltr'><strong>novitios</strong></span> <span class='ocrx_word' id='word_1_321' title='bbox 2720 1820 2917 1875; x_wconf 84' lang='lat' dir='ltr'><strong>Sancti</strong></span> <span class='ocrx_word' id='word_1_322' title='bbox 2938 1819 3193 1890; x_wconf 82' lang='lat' dir='ltr'><strong>Sulpicii,</strong></span> <span class='ocrx_word' id='word_1_323' title='bbox 3214 1819 3289 1874; x_wconf 90' lang='lat' dir='ltr'><strong>De</strong></span> <span class='ocrx_word' id='word_1_324' title='bbox 3309 1817 3744 1890; x_wconf 83' lang='lat' dir='ltr'><strong>perseverantia</strong></span> 
     </span>
    </p>
   </div>
   <div class='ocr_carea' id='block_1_48' title="bbox 2059 1867 2445 1946">
    <p class='ocr_par' dir='ltr' id='par_1_48' title="bbox 2059 1867 2445 1946">
     <span class='ocr_line' id='line_1_48' title="bbox 2059 1867 2445 1946; baseline 0 -1"><span class='ocrx_word' id='word_1_325' title='bbox 2059 1867 2113 1928; x_wconf 79' lang='grc' dir='ltr'>Β</span> <span class='ocrx_word' id='word_1_326' title='bbox 2206 1892 2445 1946; x_wconf 85' lang='lat' dir='ltr'><strong>ordinis.</strong></span> 
     </span>
    </p>
   </div>
   <div class='ocr_carea' id='block_1_49' title="bbox 2205 2034 3744 2109">
    <p class='ocr_par' dir='ltr' id='par_1_49' title="bbox 2205 2034 3744 2109">
     <span class='ocr_line' id='line_1_49' title="bbox 2205 2034 3744 2109; baseline -0.003 -15"><span class='ocrx_word' id='word_1_327' title='bbox 2205 2039 2507 2095; x_wconf 85' lang='lat' dir='ltr'><strong>Richardus</strong></span> <span class='ocrx_word' id='word_1_328' title='bbox 2538 2040 2604 2094; x_wconf 93' lang='lat' dir='ltr'><strong>de</strong></span> <span class='ocrx_word' id='word_1_329' title='bbox 2636 2037 2897 2093; x_wconf 90' lang='lat' dir='ltr'><strong>Benuntia</strong></span> <span class='ocrx_word' id='word_1_330' title='bbox 2923 2037 3005 2105; x_wconf 88' lang='lat' dir='ltr'><strong>(ut</strong></span> <span class='ocrx_word' id='word_1_331' title='bbox 3032 2036 3148 2109; x_wconf 89' lang='lat' dir='ltr'><strong>legi</strong></span> <span class='ocrx_word' id='word_1_332' title='bbox 3176 2036 3233 2092; x_wconf 90' lang='lat' dir='ltr'><strong>in</strong></span> <span class='ocrx_word' id='word_1_333' title='bbox 3261 2034 3619 2109; x_wconf 86' lang='lat' dir='ltr'><strong>autographis</strong></span> <span class='ocrx_word' id='word_1_334' title='bbox 3648 2042 3744 2091; x_wconf 86' lang='lat' dir='ltr'><strong>ta—</strong></span> 
     </span>
    </p>
   </div>
   <div class='ocr_carea' id='block_1_50' title="bbox 2133 2122 3747 2194">
    <p class='ocr_par' dir='ltr' id='par_1_50' title="bbox 2133 2122 3747 2194">
     <span class='ocr_line' id='line_1_50' title="bbox 2133 2122 3747 2194; baseline -0.003 -12"><span class='ocrx_word' id='word_1_335' title='bbox 2133 2128 2297 2194; x_wconf 91' lang='lat' dir='ltr'><strong>bulis,</strong></span> <span class='ocrx_word' id='word_1_336' title='bbox 2313 2127 2455 2182; x_wconf 89' lang='lat' dir='ltr'><strong>datis</strong></span> <span class='ocrx_word' id='word_1_337' title='bbox 2476 2127 2545 2181; x_wconf 91' lang='lat' dir='ltr'><strong>ad</strong></span> <span class='ocrx_word' id='word_1_338' title='bbox 2566 2126 2783 2182; x_wconf 89' lang='lat' dir='ltr'><strong>tertium</strong></span> <span class='ocrx_word' id='word_1_339' title='bbox 2796 2126 2984 2181; x_wconf 93' lang='lat' dir='ltr'><strong>Nonas</strong></span> <span class='ocrx_word' id='word_1_340' title='bbox 3005 2124 3149 2190; x_wconf 84' lang='lat' dir='ltr'><strong>Maii,</strong></span> <span class='ocrx_word' id='word_1_341' title='bbox 3173 2139 3314 2179; x_wconf 90' lang='lat' dir='ltr'><strong>anno</strong></span> <span class='ocrx_word' id='word_1_342' title='bbox 3338 2122 3537 2180; x_wconf 88' lang='lat' dir='ltr'><strong>Christi</strong></span> <span class='ocrx_word' id='word_1_343' title='bbox 3578 2122 3747 2193; x_wconf 80' lang='grc'><strong>1135)</strong></span> 
     </span>
    </p>
   </div>
   <div class='ocr_carea' id='block_1_51' title="bbox 2135 2212 3745 2286">
    <p class='ocr_par' dir='ltr' id='par_1_51' title="bbox 2135 2212 3745 2286">
     <span class='ocr_line' id='line_1_51' title="bbox 2135 2212 3745 2286; baseline -0.002 -16"><span class='ocrx_word' id='word_1_344' title='bbox 2135 2215 2337 2286; x_wconf 89' lang='lat' dir='ltr'><strong>aliquot</strong></span> <span class='ocrx_word' id='word_1_345' title='bbox 2379 2213 2573 2269; x_wconf 89' lang='lat' dir='ltr'><strong>fundos</strong></span> <span class='ocrx_word' id='word_1_346' title='bbox 2606 2214 2754 2269; x_wconf 90' lang='lat' dir='ltr'><strong>dedit</strong></span> <span class='ocrx_word' id='word_1_347' title='bbox 2802 2212 3107 2268; x_wconf 67' lang='lat' dir='ltr'><strong>Carthusia:</strong></span> <span class='ocrx_word' id='word_1_348' title='bbox 3136 2213 3441 2278; x_wconf 86' lang='lat' dir='ltr'><strong>Portarum,</strong></span> <span class='ocrx_word' id='word_1_349' title='bbox 3474 2214 3539 2267; x_wconf 84' lang='lat' dir='ltr'><strong>in</strong></span> <span class='ocrx_word' id='word_1_350' title='bbox 3559 2225 3745 2266; x_wconf 87' lang='lat' dir='ltr'><strong>manu</strong></span> 
     </span>
    </p>
   </div>
   <div class='ocr_carea' id='block_1_52' title="bbox 2136 2300 3746 2373">
    <p class='ocr_par' dir='ltr' id='par_1_52' title="bbox 2136 2300 3746 2373">
     <span class='ocr_line' id='line_1_52' title="bbox 2136 2300 3746 2373; baseline -0.004 -13"><span class='ocrx_word' id='word_1_351' title='bbox 2136 2305 2327 2360; x_wconf 89' lang='lat' dir='ltr'><strong>domni</strong></span> <span class='ocrx_word' id='word_1_352' title='bbox 2386 2302 2665 2358; x_wconf 85' lang='lat' dir='ltr'><strong>Bernardi</strong></span> <span class='ocrx_word' id='word_1_353' title='bbox 2703 2303 2916 2373; x_wconf 82' lang='lat' dir='ltr'><strong>prioris</strong></span> <span class='ocrx_word' id='word_1_354' title='bbox 2949 2319 2967 2355; x_wconf 94' lang='lat'><strong><em>:</em></strong></span> <span class='ocrx_word' id='word_1_355' title='bbox 2995 2301 3095 2355; x_wconf 86' lang='lat' dir='ltr'><strong>sub</strong></span> <span class='ocrx_word' id='word_1_356' title='bbox 3150 2300 3474 2355; x_wconf 87' lang='lat' dir='ltr'><strong>testimonio</strong></span> <span class='ocrx_word' id='word_1_357' title='bbox 3542 2313 3746 2353; x_wconf 87' lang='lat' dir='ltr'><strong>mona-</strong></span> 
     </span>
    </p>
   </div>
   <div class='ocr_carea' id='block_1_53' title="bbox 2142 2387 3742 2461">
    <p class='ocr_par' dir='ltr' id='par_1_53' title="bbox 2142 2387 3742 2461">
     <span class='ocr_line' id='line_1_53' title="bbox 2142 2387 3742 2461; baseline -0.004 -14"><span class='ocrx_word' id='word_1_358' title='bbox 2142 2392 2377 2447; x_wconf 88' lang='lat' dir='ltr'><strong>chorum</strong></span> <span class='ocrx_word' id='word_1_359' title='bbox 2410 2392 2663 2461; x_wconf 85' lang='lat' dir='ltr'><strong>ejusdem</strong></span> <span class='ocrx_word' id='word_1_360' title='bbox 2704 2390 2832 2458; x_wconf 88' lang='lat' dir='ltr'><strong>loci,</strong></span> <span class='ocrx_word' id='word_1_361' title='bbox 2886 2389 3163 2444; x_wconf 86' lang='lat' dir='ltr'><strong>Bernardi</strong></span> <span class='ocrx_word' id='word_1_362' title='bbox 3193 2387 3259 2443; x_wconf 89' lang='lat' dir='ltr'><strong>de</strong></span> <span class='ocrx_word' id='word_1_363' title='bbox 3285 2392 3471 2460; x_wconf 90' lang='lat' dir='ltr'><strong>porta,</strong></span> <span class='ocrx_word' id='word_1_364' title='bbox 3506 2387 3742 2444; x_wconf 86' lang='lat' dir='ltr'><strong>Bosonis</strong></span> 
     </span>
    </p>
   </div>
   <div class='ocr_carea' id='block_1_54' title="bbox 2137 2474 3734 2551">
    <p class='ocr_par' dir='ltr' id='par_1_54' title="bbox 2137 2474 3734 2551">
     <span class='ocr_line' id='line_1_54' title="bbox 2137 2474 3734 2551; baseline -0.004 -17"><span class='ocrx_word' id='word_1_365' title='bbox 2137 2480 2544 2551; x_wconf 85' lang='lat' dir='ltr'><strong>procuratoris,</strong></span> <span class='ocrx_word' id='word_1_366' title='bbox 2576 2478 2849 2549; x_wconf 88' lang='lat' dir='ltr'><strong>Stephani</strong></span> <span class='ocrx_word' id='word_1_367' title='bbox 2883 2476 2948 2532; x_wconf 91' lang='lat' dir='ltr'><strong>de</strong></span> <span class='ocrx_word' id='word_1_368' title='bbox 2985 2477 3272 2532; x_wconf 85' lang='lat' dir='ltr'><strong>Chalmeto</strong></span> <span class='ocrx_word' id='word_1_369' title='bbox 3292 2475 3477 2531; x_wconf 85' lang='lat' dir='ltr'><strong>adhuc</strong></span> <span class='ocrx_word' id='word_1_370' title='bbox 3506 2474 3734 2530; x_wconf 85' lang='lat' dir='ltr'><strong>novitii.</strong></span> 
     </span>
    </p>
   </div>
   <div class='ocr_carea' id='block_1_55' title="bbox 2137 2561 3741 2623">
    <p class='ocr_par' dir='ltr' id='par_1_55' title="bbox 2137 2561 3741 2623">
     <span class='ocr_line' id='line_1_55' title="bbox 2137 2561 3741 2623; baseline -0.004 -2"><span class='ocrx_word' id='word_1_371' title='bbox 2137 2569 2255 2623; x_wconf 88' lang='lat' dir='ltr'><strong>Nec</strong></span> <span class='ocrx_word' id='word_1_372' title='bbox 2285 2582 2415 2621; x_wconf 91' lang='lat' dir='ltr'><strong>raro</strong></span> <span class='ocrx_word' id='word_1_373' title='bbox 2446 2566 2582 2619; x_wconf 89' lang='lat' dir='ltr'><strong>alias</strong></span> <span class='ocrx_word' id='word_1_374' title='bbox 2606 2566 2659 2619; x_wconf 90' lang='lat' dir='ltr'><strong>in</strong></span> <span class='ocrx_word' id='word_1_375' title='bbox 2691 2566 2885 2621; x_wconf 89' lang='lat' dir='ltr'><strong>eodem</strong></span> <span class='ocrx_word' id='word_1_376' title='bbox 2904 2563 3147 2619; x_wconf 88' lang='lat' dir='ltr'><strong>archivio</strong></span> <span class='ocrx_word' id='word_1_377' title='bbox 3167 2563 3418 2618; x_wconf 90' lang='lat' dir='ltr'><strong>Portensi</strong></span> <span class='ocrx_word' id='word_1_378' title='bbox 3433 2563 3576 2617; x_wconf 89' lang='lat' dir='ltr'><strong>hunc</strong></span> <span class='ocrx_word' id='word_1_379' title='bbox 3606 2561 3741 2616; x_wconf 89' lang='lat' dir='ltr'><strong>Ste-</strong></span> 
     </span>
    </p>
   </div>
   <div class='ocr_carea' id='block_1_56' title="bbox 2138 2650 3736 2727">
    <p class='ocr_par' dir='ltr' id='par_1_56' title="bbox 2138 2650 3736 2727">
     <span class='ocr_line' id='line_1_56' title="bbox 2138 2650 3736 2727; baseline -0.004 -18"><span class='ocrx_word' id='word_1_380' title='bbox 2138 2656 2384 2727; x_wconf 89' lang='lat' dir='ltr'><strong>phanum</strong></span> <span class='ocrx_word' id='word_1_381' title='bbox 2414 2654 2706 2723; x_wconf 89' lang='lat' dir='ltr'><strong>ascriptum</strong></span> <span class='ocrx_word' id='word_1_382' title='bbox 2764 2651 3026 2723; x_wconf 76' lang='lat' dir='ltr'><strong>reperias,</strong></span> <span class='ocrx_word' id='word_1_383' title='bbox 3076 2666 3221 2706; x_wconf 90' lang='lat' dir='ltr'><strong>nunc</strong></span> <span class='ocrx_word' id='word_1_384' title='bbox 3274 2650 3556 2715; x_wconf 90' lang='lat' dir='ltr'><strong>novitium,</strong></span> <span class='ocrx_word' id='word_1_385' title='bbox 3588 2664 3736 2704; x_wconf 90' lang='lat' dir='ltr'><strong>nunc</strong></span> 
     </span>
    </p>
   </div>
   <div class='ocr_carea' id='block_1_57' title="bbox 2140 2736 3735 2811">
    <p class='ocr_par' dir='ltr' id='par_1_57' title="bbox 2140 2736 3735 2811">
     <span class='ocr_line' id='line_1_57' title="bbox 2140 2736 3735 2811; baseline -0.005 -14"><span class='ocrx_word' id='word_1_386' title='bbox 2140 2742 2471 2797; x_wconf 89' lang='lat' dir='ltr'><strong>monachum</strong></span> <span class='ocrx_word' id='word_1_387' title='bbox 2501 2742 2807 2795; x_wconf 88' lang='lat' dir='ltr'><strong>Portarum.</strong></span> <span class='ocrx_word' id='word_1_388' title='bbox 2842 2741 2969 2795; x_wconf 81' lang='lat' dir='ltr'><strong>Haec</strong></span> <span class='ocrx_word' id='word_1_389' title='bbox 2999 2754 3163 2811; x_wconf 90' lang='lat' dir='ltr'><strong>porro</strong></span> <span class='ocrx_word' id='word_1_390' title='bbox 3189 2738 3358 2793; x_wconf 89' lang='lat' dir='ltr'><strong>habet</strong></span> <span class='ocrx_word' id='word_1_391' title='bbox 3386 2737 3560 2793; x_wconf 80' lang='lat' dir='ltr'><strong>codex</strong></span> <span class='ocrx_word' id='word_1_392' title='bbox 3582 2736 3735 2806; x_wconf 88' lang='lat' dir='ltr'><strong>ejus-</strong></span> 
     </span>
    </p>
   </div>
   <div class='ocr_carea' id='block_1_58' title="bbox 2141 2824 3747 2899">
    <p class='ocr_par' dir='ltr' id='par_1_58' title="bbox 2141 2824 3747 2899">
     <span class='ocr_line' id='line_1_58' title="bbox 2141 2824 3747 2899; baseline -0.002 -14"><span class='ocrx_word' id='word_1_393' title='bbox 2141 2831 2265 2885; x_wconf 91' lang='lat' dir='ltr'><strong>dem</strong></span> <span class='ocrx_word' id='word_1_394' title='bbox 2316 2829 2634 2884; x_wconf 66' lang='lat' dir='ltr'><strong>Carthusiaz.</strong></span> <span class='ocrx_word' id='word_1_395' title='bbox 2689 2829 3008 2899; x_wconf 84' lang='lat' dir='ltr'><strong>Stephanus</strong></span> <span class='ocrx_word' id='word_1_396' title='bbox 3084 2827 3151 2882; x_wconf 85' lang='lat' dir='ltr'><strong>de</strong></span> <span class='ocrx_word' id='word_1_397' title='bbox 3201 2826 3487 2881; x_wconf 87' lang='lat' dir='ltr'><strong>Chalmeto</strong></span> <span class='ocrx_word' id='word_1_398' title='bbox 3535 2824 3747 2881; x_wconf 86' lang='lat' dir='ltr'><strong>nobilis</strong></span> 
     </span>
    </p>
   </div>
   <div class='ocr_carea' id='block_1_59' title="bbox 2140 2913 3744 2989">
    <p class='ocr_par' dir='ltr' id='par_1_59' title="bbox 2140 2913 3744 2989">
     <span class='ocr_line' id='line_1_59' title="bbox 2140 2913 3744 2989; baseline -0.003 -16"><span class='ocrx_word' id='word_1_399' title='bbox 2140 2934 2361 2989; x_wconf 88' lang='lat' dir='ltr'><strong>genere,</strong></span> <span class='ocrx_word' id='word_1_400' title='bbox 2413 2918 2653 2973; x_wconf 86' lang='lat' dir='ltr'><strong>nobilior</strong></span> <span class='ocrx_word' id='word_1_401' title='bbox 2718 2918 2952 2988; x_wconf 89' lang='lat' dir='ltr'><strong>pietate,</strong></span> <span class='ocrx_word' id='word_1_402' title='bbox 3000 2915 3066 2983; x_wconf 83' lang='lat' dir='ltr'><strong>ﬁt</strong></span> <span class='ocrx_word' id='word_1_403' title='bbox 3099 2916 3402 2970; x_wconf 85' lang='lat' dir='ltr'><strong>Portarum</strong></span> <span class='ocrx_word' id='word_1_404' title='bbox 3427 2913 3744 2970; x_wconf 83' lang='lat' dir='ltr'><strong>monachus</strong></span> 
     </span>
    </p>
   </div>
   <div class='ocr_carea' id='block_1_60' title="bbox 2141 3002 3746 3075">
    <p class='ocr_par' dir='ltr' id='par_1_60' title="bbox 2141 3002 3746 3075">
     <span class='ocr_line' id='line_1_60' title="bbox 2141 3002 3746 3075; baseline -0.003 -14"><span class='ocrx_word' id='word_1_405' title='bbox 2141 3023 2292 3061; x_wconf 88' lang='lat' dir='ltr'><strong>anno</strong></span> <span class='ocrx_word' id='word_1_406' title='bbox 2308 3009 2330 3059; x_wconf 97' lang='lat'><strong>1</strong></span> <span class='ocrx_word' id='word_1_407' title='bbox 2346 3006 2490 3073; x_wconf 83' lang='lat'><strong>135).</strong></span> <span class='ocrx_word' id='word_1_408' title='bbox 2508 3006 2798 3060; x_wconf 86' lang='lat' dir='ltr'><strong>Nonnulla</strong></span> <span class='ocrx_word' id='word_1_409' title='bbox 2814 3005 2912 3075; x_wconf 88' lang='lat' dir='ltr'><strong>pia</strong></span> <span class='ocrx_word' id='word_1_410' title='bbox 2926 3004 3196 3075; x_wconf 86' lang='lat' dir='ltr'><strong>opuscula</strong></span> <span class='ocrx_word' id='word_1_411' title='bbox 3212 3003 3547 3074; x_wconf 85' lang='lat' dir='ltr'><strong>conscripsit</strong></span> <span class='ocrx_word' id='word_1_412' title='bbox 3559 3005 3616 3057; x_wconf 91' lang='lat' dir='ltr'><strong>et</strong></span> <span class='ocrx_word' id='word_1_413' title='bbox 3631 3002 3746 3071; x_wconf 90' lang='lat' dir='ltr'><strong>epi-</strong></span> 
     </span>
    </p>
   </div>
   <div class='ocr_carea' id='block_1_61' title="bbox 2142 3091 3745 3162">
    <p class='ocr_par' dir='ltr' id='par_1_61' title="bbox 2142 3091 3745 3162">
     <span class='ocr_line' id='line_1_61' title="bbox 2142 3091 3745 3162; baseline -0.004 -12"><span class='ocrx_word' id='word_1_414' title='bbox 2142 3096 2319 3150; x_wconf 86' lang='lat' dir='ltr'><strong>stolas</strong></span> <span class='ocrx_word' id='word_1_415' title='bbox 2342 3093 2413 3149; x_wconf 87' lang='lat' dir='ltr'><strong>ad</strong></span> <span class='ocrx_word' id='word_1_416' title='bbox 2425 3094 2684 3159; x_wconf 86' lang='lat' dir='ltr'><strong>diversos,</strong></span> <span class='ocrx_word' id='word_1_417' title='bbox 2708 3094 2827 3162; x_wconf 83' lang='lat' dir='ltr'><strong>ejus</strong></span> <span class='ocrx_word' id='word_1_418' title='bbox 2839 3094 3212 3147; x_wconf 85' lang='lat' dir='ltr'><strong>sanctitatem</strong></span> <span class='ocrx_word' id='word_1_419' title='bbox 3228 3091 3562 3157; x_wconf 85' lang='lat' dir='ltr'><strong>redolentes,</strong></span> <span class='ocrx_word' id='word_1_420' title='bbox 3580 3094 3745 3145; x_wconf 85' lang='lat' dir='ltr'><strong>tran-</strong></span> 
     </span>
    </p>
   </div>
   <div class='ocr_carea' id='block_1_62' title="bbox 2067 3178 3742 3279">
    <p class='ocr_par' dir='ltr' id='par_1_62' title="bbox 2067 3178 3742 3279">
     <span class='ocr_line' id='line_1_62' title="bbox 2067 3178 3742 3279; baseline -0.003 -41"><span class='ocrx_word' id='word_1_421' title='bbox 2067 3219 2113 3279; x_wconf 71' lang='grc' dir='ltr'>Ο</span> <span class='ocrx_word' id='word_1_422' title='bbox 2144 3183 2353 3238; x_wconf 86' lang='lat' dir='ltr'><strong>smisit.</strong></span> <span class='ocrx_word' id='word_1_423' title='bbox 2381 3181 2642 3237; x_wconf 88' lang='lat' dir='ltr'><strong>Diversus</strong></span> <span class='ocrx_word' id='word_1_424' title='bbox 2661 3188 2742 3235; x_wconf 90' lang='lat' dir='ltr'><strong>est</strong></span> <span class='ocrx_word' id='word_1_425' title='bbox 2762 3180 2852 3235; x_wconf 90' lang='lat' dir='ltr'><strong>hic</strong></span> <span class='ocrx_word' id='word_1_426' title='bbox 2881 3180 3189 3251; x_wconf 91' lang='lat' dir='ltr'><strong>Stephanus</strong></span> <span class='ocrx_word' id='word_1_427' title='bbox 3207 3195 3239 3234; x_wconf 93' lang='lat' dir='ltr'><strong>a</strong></span> <span class='ocrx_word' id='word_1_428' title='bbox 3255 3178 3431 3249; x_wconf 91' lang='lat' dir='ltr'><strong>primo</strong></span> <span class='ocrx_word' id='word_1_429' title='bbox 3461 3185 3515 3233; x_wconf 92' lang='lat' dir='ltr'><strong>et</strong></span> <span class='ocrx_word' id='word_1_430' title='bbox 3543 3186 3742 3250; x_wconf 86' lang='lat' dir='ltr'><strong>quarto</strong></span> 
     </span>
    </p>
   </div>
   <div class='ocr_carea' id='block_1_63' title="bbox 504 3256 3741 3340">
    <p class='ocr_par' dir='ltr' id='par_1_63' title="bbox 504 3256 3741 3340">
     <span class='ocr_line' id='line_1_63' title="bbox 504 3256 3741 3340; baseline -0.002 -25"><span class='ocrx_word' id='word_1_431' title='bbox 504 3259 808 3315; x_wconf 70' lang='lat' dir='ltr'><strong>Carthusiaa</strong></span> <span class='ocrx_word' id='word_1_432' title='bbox 829 3260 1111 3314; x_wconf 86' lang='lat' dir='ltr'><strong>Portarum</strong></span> <span class='ocrx_word' id='word_1_433' title='bbox 1135 3274 1193 3313; x_wconf 87' lang='lat' dir='ltr'><strong>se</strong></span> <span class='ocrx_word' id='word_1_434' title='bbox 1217 3259 1549 3314; x_wconf 89' lang='lat' dir='ltr'><strong>monachum</strong></span> <span class='ocrx_word' id='word_1_435' title='bbox 1570 3256 1867 3329; x_wconf 84' lang='lat' dir='ltr'><strong>profitetur</strong></span> <span class='ocrx_word' id='word_1_436' title='bbox 1881 3258 2044 3312; x_wconf 86' lang='lat' dir='ltr'><strong>Joan—</strong></span> <span class='ocrx_word' id='word_1_437' title='bbox 2068 3256 2113 3279; x_wconf 74' lang='grc' dir='ltr'>υ</span> <span class='ocrx_word' id='word_1_438' title='bbox 2146 3270 2391 3339; x_wconf 69' lang='lat' dir='ltr'><strong>ejusdem</strong></span> <span class='ocrx_word' id='word_1_439' title='bbox 2428 3269 2663 3324; x_wconf 71' lang='lat' dir='ltr'><strong>nominis</strong></span> <span class='ocrx_word' id='word_1_440' title='bbox 2700 3268 2971 3340; x_wconf 65' lang='lat' dir='ltr'><strong>prioribus</strong></span> <span class='ocrx_word' id='word_1_441' title='bbox 3020 3267 3278 3337; x_wconf 63' lang='lat' dir='ltr'><strong>Majorevi</strong></span> <span class='ocrx_word' id='word_1_442' title='bbox 3305 3275 3358 3323; x_wconf 71' lang='grc' dir='ltr'><strong>ει</strong></span> <span class='ocrx_word' id='word_1_443' title='bbox 3386 3274 3619 3337; x_wconf 58' lang='lat' dir='ltr'><strong>utroque</strong></span> <span class='ocrx_word' id='word_1_444' title='bbox 3644 3267 3741 3335; x_wconf 52' lang='grc' dir='ltr'><strong>δα..</strong></span> 
     </span>
    </p>
   </div>
   <div class='ocr_carea' id='block_1_64' title="bbox 432 3345 2043 3417">
    <p class='ocr_par' dir='ltr' id='par_1_64' title="bbox 432 3345 2043 3417">
     <span class='ocr_line' id='line_1_64' title="bbox 432 3345 2043 3417; baseline -0.003 -13"><span class='ocrx_word' id='word_1_445' title='bbox 432 3364 532 3404; x_wconf 88' lang='lat' dir='ltr'><strong>nes</strong></span> <span class='ocrx_word' id='word_1_446' title='bbox 560 3347 670 3415; x_wconf 89' lang='lat' dir='ltr'><strong>hic,</strong></span> <span class='ocrx_word' id='word_1_447' title='bbox 700 3347 852 3403; x_wconf 86' lang='lat' dir='ltr'><strong>initio</strong></span> <span class='ocrx_word' id='word_1_448' title='bbox 884 3347 1130 3417; x_wconf 55' lang='lat' dir='ltr'><strong>epistola</strong></span> <span class='ocrx_word' id='word_1_449' title='bbox 1162 3346 1362 3417; x_wconf 68' lang='lat' dir='ltr'><strong>quinta:</strong></span> <span class='ocrx_word' id='word_1_450' title='bbox 1398 3346 1466 3402; x_wconf 92' lang='lat' dir='ltr'><strong>ad</strong></span> <span class='ocrx_word' id='word_1_451' title='bbox 1496 3345 1833 3401; x_wconf 84' lang='lat' dir='ltr'><strong>Bernardum</strong></span> <span class='ocrx_word' id='word_1_452' title='bbox 1863 3360 2043 3415; x_wconf 87' lang='lat' dir='ltr'><strong>nepo-</strong></span> 
     </span>
    </p>
   </div>
   <div class='ocr_carea' id='block_1_65' title="bbox 426 3434 2038 3509">
    <p class='ocr_par' dir='ltr' id='par_1_65' title="bbox 426 3434 2038 3509">
     <span class='ocr_line' id='line_1_65' title="bbox 426 3434 2038 3509; baseline -0.002 -17"><span class='ocrx_word' id='word_1_453' title='bbox 426 3445 565 3504; x_wconf 88' lang='lat' dir='ltr'><strong>tem;</strong></span> <span class='ocrx_word' id='word_1_454' title='bbox 585 3452 746 3509; x_wconf 89' lang='lat' dir='ltr'><strong>quem</strong></span> <span class='ocrx_word' id='word_1_455' title='bbox 767 3452 891 3495; x_wconf 90' lang='lat' dir='ltr'><strong>cum</strong></span> <span class='ocrx_word' id='word_1_456' title='bbox 918 3436 1001 3490; x_wconf 91' lang='lat' dir='ltr'><strong>his</strong></span> <span class='ocrx_word' id='word_1_457' title='bbox 1019 3435 1311 3506; x_wconf 86' lang='lat' dir='ltr'><strong>alloquitur</strong></span> <span class='ocrx_word' id='word_1_458' title='bbox 1331 3434 1514 3491; x_wconf 85' lang='lat' dir='ltr'><strong>verbis</strong></span> <span class='ocrx_word' id='word_1_459' title='bbox 1540 3453 1552 3489; x_wconf 94' lang='lat'>:</span> <span class='ocrx_word' id='word_1_460' title='bbox 1573 3436 1839 3491; x_wconf 83' lang='lat' dir='ltr'><strong>Novimus</strong></span> <span class='ocrx_word' id='word_1_461' title='bbox 1863 3435 2038 3501; x_wconf 87' lang='lat' dir='ltr'><strong>enim,</strong></span> 
     </span>
    </p>
   </div>
   <div class='ocr_carea' id='block_1_66' title="bbox 433 3523 2042 3597">
    <p class='ocr_par' dir='ltr' id='par_1_66' title="bbox 433 3523 2042 3597">
     <span class='ocr_line' id='line_1_66' title="bbox 433 3523 2042 3597; baseline -0.003 -16"><span class='ocrx_word' id='word_1_462' title='bbox 433 3526 499 3582; x_wconf 88' lang='lat' dir='ltr'><strong>de</strong></span> <span class='ocrx_word' id='word_1_463' title='bbox 529 3526 688 3583; x_wconf 88' lang='lat' dir='ltr'><strong>domo</strong></span> <span class='ocrx_word' id='word_1_464' title='bbox 717 3526 781 3581; x_wconf 90' lang='lat' dir='ltr'><strong>in</strong></span> <span class='ocrx_word' id='word_1_465' title='bbox 811 3542 921 3597; x_wconf 86' lang='lat' dir='ltr'><strong>qua</strong></span> <span class='ocrx_word' id='word_1_466' title='bbox 960 3541 1037 3595; x_wconf 91' lang='lat' dir='ltr'><strong>es,</strong></span> <span class='ocrx_word' id='word_1_467' title='bbox 1069 3530 1124 3581; x_wconf 89' lang='lat' dir='ltr'><strong>et</strong></span> <span class='ocrx_word' id='word_1_468' title='bbox 1156 3528 1223 3582; x_wconf 91' lang='lat' dir='ltr'><strong>de</strong></span> <span class='ocrx_word' id='word_1_469' title='bbox 1269 3524 1689 3591; x_wconf 86' lang='lat' dir='ltr'><strong>Carthusiensi,</strong></span> <span class='ocrx_word' id='word_1_470' title='bbox 1724 3527 1780 3577; x_wconf 88' lang='lat' dir='ltr'><strong>et</strong></span> <span class='ocrx_word' id='word_1_471' title='bbox 1811 3523 1877 3577; x_wconf 90' lang='lat' dir='ltr'><strong>de</strong></span> <span class='ocrx_word' id='word_1_472' title='bbox 1907 3538 2042 3576; x_wconf 88' lang='lat' dir='ltr'><strong>nos-</strong></span> 
     </span>
    </p>
   </div>
   <div class='ocr_carea' id='block_1_67' title="bbox 439 3612 2039 3686">
    <p class='ocr_par' dir='ltr' id='par_1_67' title="bbox 439 3612 2039 3686">
     <span class='ocr_line' id='line_1_67' title="bbox 439 3612 2039 3686; baseline -0.003 -17"><span class='ocrx_word' id='word_1_473' title='bbox 439 3617 549 3680; x_wconf 89' lang='lat' dir='ltr'><strong>tra,</strong></span> <span class='ocrx_word' id='word_1_474' title='bbox 576 3618 633 3670; x_wconf 88' lang='lat' dir='ltr'><strong>et</strong></span> <span class='ocrx_word' id='word_1_475' title='bbox 660 3613 726 3669; x_wconf 89' lang='lat' dir='ltr'><strong>de</strong></span> <span class='ocrx_word' id='word_1_476' title='bbox 746 3614 881 3669; x_wconf 90' lang='lat' dir='ltr'><strong>aliis</strong></span> <span class='ocrx_word' id='word_1_477' title='bbox 902 3613 1072 3686; x_wconf 87' lang='lat' dir='ltr'><strong>hujus</strong></span> <span class='ocrx_word' id='word_1_478' title='bbox 1088 3614 1385 3686; x_wconf 88' lang='lat' dir='ltr'><strong>propositi,</strong></span> <span class='ocrx_word' id='word_1_479' title='bbox 1410 3613 1794 3683; x_wconf 87' lang='lat' dir='ltr'><strong>particulares</strong></span> <span class='ocrx_word' id='word_1_480' title='bbox 1816 3612 2000 3665; x_wconf 74' lang='lat' dir='ltr'><strong>exisse</strong></span> <span class='ocrx_word' id='word_1_481' title='bbox 2025 3629 2039 3676; x_wconf 91' lang='lat'><strong>;</strong></span> 
     </span>
    </p>
   </div>
   <div class='ocr_carea' id='block_1_68' title="bbox 439 3700 2044 3775">
    <p class='ocr_par' dir='ltr' id='par_1_68' title="bbox 439 3700 2044 3775">
     <span class='ocr_line' id='line_1_68' title="bbox 439 3700 2044 3775; baseline -0.002 -18"><span class='ocrx_word' id='word_1_482' title='bbox 439 3718 683 3775; x_wconf 89' lang='lat' dir='ltr'><strong>quorum</strong></span> <span class='ocrx_word' id='word_1_483' title='bbox 710 3703 983 3757; x_wconf 86' lang='lat' dir='ltr'><strong>nonnulli</strong></span> <span class='ocrx_word' id='word_1_484' title='bbox 1008 3706 1135 3773; x_wconf 86' lang='lat' dir='ltr'><strong>post</strong></span> <span class='ocrx_word' id='word_1_485' title='bbox 1158 3718 1365 3773; x_wconf 90' lang='lat' dir='ltr'><strong>paucos</strong></span> <span class='ocrx_word' id='word_1_486' title='bbox 1397 3702 1533 3765; x_wconf 87' lang='lat' dir='ltr'><strong>dies,</strong></span> <span class='ocrx_word' id='word_1_487' title='bbox 1563 3700 1742 3771; x_wconf 86' lang='lat' dir='ltr'><strong>aliqui</strong></span> <span class='ocrx_word' id='word_1_488' title='bbox 1774 3714 1899 3754; x_wconf 93' lang='lat' dir='ltr'><strong>vero</strong></span> <span class='ocrx_word' id='word_1_489' title='bbox 1920 3702 2044 3770; x_wconf 89' lang='lat' dir='ltr'><strong>post</strong></span> 
     </span>
    </p>
   </div>
   <div class='ocr_carea' id='block_1_69' title="bbox 436 3786 2042 3862">
    <p class='ocr_par' dir='ltr' id='par_1_69' title="bbox 436 3786 2042 3862">
     <span class='ocr_line' id='line_1_69' title="bbox 436 3786 2042 3862; baseline -0.003 -17"><span class='ocrx_word' id='word_1_490' title='bbox 436 3806 648 3862; x_wconf 88' lang='lat' dir='ltr'><strong>paucos</strong></span> <span class='ocrx_word' id='word_1_491' title='bbox 669 3806 888 3846; x_wconf 88' lang='lat' dir='ltr'><strong>menses</strong></span> <span class='ocrx_word' id='word_1_492' title='bbox 909 3791 1194 3855; x_wconf 66' lang='lat' dir='ltr'><strong>obierunt,</strong></span> <span class='ocrx_word' id='word_1_493' title='bbox 1223 3787 1639 3843; x_wconf 88' lang='lat' dir='ltr'><strong>Carthusianum</strong></span> <span class='ocrx_word' id='word_1_494' title='bbox 1667 3786 1888 3859; x_wconf 88' lang='lat' dir='ltr'><strong>quidem</strong></span> <span class='ocrx_word' id='word_1_495' title='bbox 1919 3802 2042 3841; x_wconf 92' lang='lat' dir='ltr'><strong>eum</strong></span> 
     </span>
    </p>
   </div>
   <div class='ocr_carea' id='block_1_70' title="bbox 436 3874 2038 3949">
    <p class='ocr_par' dir='ltr' id='par_1_70' title="bbox 436 3874 2038 3949">
     <span class='ocr_line' id='line_1_70' title="bbox 436 3874 2038 3949; baseline -0.002 -16"><span class='ocrx_word' id='word_1_496' title='bbox 436 3877 610 3933; x_wconf 77' lang='lat' dir='ltr'><strong>fuisse</strong></span> <span class='ocrx_word' id='word_1_497' title='bbox 643 3876 944 3949; x_wconf 86' lang='lat' dir='ltr'><strong>signiﬁcat,</strong></span> <span class='ocrx_word' id='word_1_498' title='bbox 978 3892 1088 3932; x_wconf 92' lang='lat' dir='ltr'><strong>non</strong></span> <span class='ocrx_word' id='word_1_499' title='bbox 1117 3874 1299 3932; x_wconf 76' lang='lat' dir='ltr'><strong>tameh</strong></span> <span class='ocrx_word' id='word_1_500' title='bbox 1329 3877 1398 3932; x_wconf 92' lang='lat' dir='ltr'><strong>de</strong></span> <span class='ocrx_word' id='word_1_501' title='bbox 1426 3875 1683 3946; x_wconf 89' lang='lat' dir='ltr'><strong>primaria</strong></span> <span class='ocrx_word' id='word_1_502' title='bbox 1732 3875 2038 3945; x_wconf 89' lang='lat' dir='ltr'><strong>Carthusia,</strong></span> 
     </span>
    </p>
   </div>
   <div class='ocr_carea' id='block_1_71' title="bbox 430 3963 2042 4022">
    <p class='ocr_par' dir='ltr' id='par_1_71' title="bbox 430 3963 2042 4022">
     <span class='ocr_line' id='line_1_71' title="bbox 430 3963 2042 4022; baseline -0.002 -1"><span class='ocrx_word' id='word_1_503' title='bbox 430 3973 521 4021; x_wconf 91' lang='lat' dir='ltr'><strong>aut</strong></span> <span class='ocrx_word' id='word_1_504' title='bbox 558 3965 729 4022; x_wconf 87' lang='lat' dir='ltr'><strong>etiam</strong></span> <span class='ocrx_word' id='word_1_505' title='bbox 757 3965 827 4021; x_wconf 89' lang='lat' dir='ltr'><strong>de</strong></span> <span class='ocrx_word' id='word_1_506' title='bbox 857 3966 1021 4021; x_wconf 87' lang='lat' dir='ltr'><strong>domo</strong></span> <span class='ocrx_word' id='word_1_507' title='bbox 1053 3966 1354 4019; x_wconf 88' lang='lat' dir='ltr'><strong>Portarum.</strong></span> <span class='ocrx_word' id='word_1_508' title='bbox 1387 3965 1634 4019; x_wconf 88' lang='lat' dir='ltr'><strong>Fratrem</strong></span> <span class='ocrx_word' id='word_1_509' title='bbox 1662 3970 1841 4018; x_wconf 89' lang='lat' dir='ltr'><strong>autem</strong></span> <span class='ocrx_word' id='word_1_510' title='bbox 1871 3979 1931 4019; x_wconf 92' lang='lat' dir='ltr'><strong>se</strong></span> <span class='ocrx_word' id='word_1_511' title='bbox 1959 3963 2042 4018; x_wconf 92' lang='lat' dir='ltr'><strong>di-</strong></span> 
     </span>
    </p>
   </div>
   <div class='ocr_carea' id='block_1_72' title="bbox 433 4052 2035 4125">
    <p class='ocr_par' dir='ltr' id='par_1_72' title="bbox 433 4052 2035 4125">
     <span class='ocr_line' id='line_1_72' title="bbox 433 4052 2035 4125; baseline -0.002 -14"><span class='ocrx_word' id='word_1_512' title='bbox 433 4054 506 4111; x_wconf 87' lang='lat' dir='ltr'><strong>cit</strong></span> <span class='ocrx_word' id='word_1_513' title='bbox 535 4070 709 4111; x_wconf 90' lang='lat' dir='ltr'><strong>carne</strong></span> <span class='ocrx_word' id='word_1_514' title='bbox 740 4058 797 4109; x_wconf 89' lang='lat' dir='ltr'><strong>et</strong></span> <span class='ocrx_word' id='word_1_515' title='bbox 839 4055 1067 4125; x_wconf 89' lang='lat' dir='ltr'><strong>spiritu,</strong></span> <span class='ocrx_word' id='word_1_516' title='bbox 1118 4052 1380 4124; x_wconf 89' lang='lat' dir='ltr'><strong>Stephani</strong></span> <span class='ocrx_word' id='word_1_517' title='bbox 1409 4052 1555 4107; x_wconf 91' lang='lat' dir='ltr'><strong>illius</strong></span> <span class='ocrx_word' id='word_1_518' title='bbox 1608 4068 1769 4124; x_wconf 90' lang='lat' dir='ltr'><strong>quem</strong></span> <span class='ocrx_word' id='word_1_519' title='bbox 1800 4052 2035 4123; x_wconf 86' lang='lat' dir='ltr'><strong>epistola</strong></span> 
     </span>
    </p>
   </div>
   <div class='ocr_carea' id='block_1_73' title="bbox 438 4140 2039 4213">
    <p class='ocr_par' dir='ltr' id='par_1_73' title="bbox 438 4140 2039 4213">
     <span class='ocr_line' id='line_1_73' title="bbox 438 4140 2039 4213; baseline -0.002 -16"><span class='ocrx_word' id='word_1_520' title='bbox 438 4158 536 4198; x_wconf 89' lang='lat' dir='ltr'><strong>sua</strong></span> <span class='ocrx_word' id='word_1_521' title='bbox 564 4141 742 4213; x_wconf 89' lang='lat' dir='ltr'><strong>prima</strong></span> <span class='ocrx_word' id='word_1_522' title='bbox 772 4142 1127 4197; x_wconf 85' lang='lat' dir='ltr'><strong>vehementer</strong></span> <span class='ocrx_word' id='word_1_523' title='bbox 1164 4142 1478 4196; x_wconf 88' lang='lat' dir='ltr'><strong>cohortatur</strong></span> <span class='ocrx_word' id='word_1_524' title='bbox 1504 4140 1575 4196; x_wconf 87' lang='lat' dir='ltr'><strong>ad</strong></span> <span class='ocrx_word' id='word_1_525' title='bbox 1602 4141 1891 4197; x_wconf 82' lang='lat' dir='ltr'><strong>vanitatem</strong></span> <span class='ocrx_word' id='word_1_526' title='bbox 1931 4156 2039 4195; x_wconf 84' lang='lat' dir='ltr'><strong>sae-</strong></span> 
     </span>
    </p>
   </div>
   <div class='ocr_carea' id='block_1_74' title="bbox 437 4228 2041 4298">
    <p class='ocr_par' dir='ltr' id='par_1_74' title="bbox 437 4228 2041 4298">
     <span class='ocr_line' id='line_1_74' title="bbox 437 4228 2041 4298; baseline -0.002 -12"><span class='ocrx_word' id='word_1_527' title='bbox 437 4229 544 4286; x_wconf 91' lang='lat' dir='ltr'><strong>culi</strong></span> <span class='ocrx_word' id='word_1_528' title='bbox 574 4230 950 4286; x_wconf 86' lang='lat' dir='ltr'><strong>abdicandam.</strong></span> <span class='ocrx_word' id='word_1_529' title='bbox 982 4228 1105 4298; x_wconf 84' lang='lat' dir='ltr'><strong>Quo</strong></span> <span class='ocrx_word' id='word_1_530' title='bbox 1134 4230 1266 4284; x_wconf 89' lang='lat' dir='ltr'><strong>mihi</strong></span> <span class='ocrx_word' id='word_1_531' title='bbox 1284 4229 1490 4285; x_wconf 89' lang='lat' dir='ltr'><strong>arridet</strong></span> <span class='ocrx_word' id='word_1_532' title='bbox 1519 4230 1863 4298; x_wconf 87' lang='lat' dir='ltr'><strong>conjectura,</strong></span> <span class='ocrx_word' id='word_1_533' title='bbox 1897 4230 2041 4283; x_wconf 91' lang='lat' dir='ltr'><strong>hunc</strong></span> 
     </span>
    </p>
   </div>
   <div class='ocr_carea' id='block_1_75' title="bbox 435 4317 2042 4390">
    <p class='ocr_par' dir='ltr' id='par_1_75' title="bbox 435 4317 2042 4390">
     <span class='ocr_line' id='line_1_75' title="bbox 435 4317 2042 4390; baseline -0.002 -16"><span class='ocrx_word' id='word_1_534' title='bbox 435 4320 611 4390; x_wconf 89' lang='lat' dir='ltr'><strong>ipsum</strong></span> <span class='ocrx_word' id='word_1_535' title='bbox 644 4335 766 4375; x_wconf 90' lang='lat' dir='ltr'><strong>esse</strong></span> <span class='ocrx_word' id='word_1_536' title='bbox 813 4320 1077 4374; x_wconf 89' lang='lat' dir='ltr'><strong>Joannem</strong></span> <span class='ocrx_word' id='word_1_537' title='bbox 1107 4318 1176 4373; x_wconf 90' lang='lat' dir='ltr'><strong>de</strong></span> <span class='ocrx_word' id='word_1_538' title='bbox 1234 4320 1415 4374; x_wconf 88' lang='lat' dir='ltr'><strong>Monte</strong></span> <span class='ocrx_word' id='word_1_539' title='bbox 1474 4318 1679 4384; x_wconf 91' lang='lat' dir='ltr'><strong>medio,</strong></span> <span class='ocrx_word' id='word_1_540' title='bbox 1740 4317 2042 4373; x_wconf 69' lang='lat' dir='ltr'><strong>Carthasim</strong></span> 
     </span>
    </p>
   </div>
   <div class='ocr_carea' id='block_1_76' title="bbox 436 4406 2041 4476">
    <p class='ocr_par' dir='ltr' id='par_1_76' title="bbox 436 4406 2041 4476">
     <span class='ocr_line' id='line_1_76' title="bbox 436 4406 2041 4476; baseline -0.003 -13"><span class='ocrx_word' id='word_1_541' title='bbox 436 4409 724 4463; x_wconf 88' lang='lat' dir='ltr'><strong>Portarum</strong></span> <span class='ocrx_word' id='word_1_542' title='bbox 752 4408 1101 4473; x_wconf 90' lang='lat' dir='ltr'><strong>monachum,</strong></span> <span class='ocrx_word' id='word_1_543' title='bbox 1134 4408 1286 4476; x_wconf 89' lang='lat' dir='ltr'><strong>cujus</strong></span> <span class='ocrx_word' id='word_1_544' title='bbox 1318 4407 1518 4463; x_wconf 90' lang='lat' dir='ltr'><strong>mentio</strong></span> <span class='ocrx_word' id='word_1_545' title='bbox 1549 4407 1619 4461; x_wconf 92' lang='lat' dir='ltr'><strong>ad</strong></span> <span class='ocrx_word' id='word_1_546' title='bbox 1680 4406 1894 4460; x_wconf 88' lang='lat' dir='ltr'><strong>initium</strong></span> <span class='ocrx_word' id='word_1_547' title='bbox 1926 4406 2041 4475; x_wconf 90' lang='lat' dir='ltr'><strong>pri-</strong></span> 
     </span>
    </p>
   </div>
   <div class='ocr_carea' id='block_1_77' title="bbox 2143 3353 3743 3428">
    <p class='ocr_par' dir='ltr' id='par_1_77' title="bbox 2143 3353 3743 3428">
     <span class='ocr_line' id='line_1_77' title="bbox 2143 3353 3743 3428; baseline -0.003 -15"><span class='ocrx_word' id='word_1_548' title='bbox 2143 3359 2283 3413; x_wconf 89' lang='lat' dir='ltr'><strong>nior.</strong></span> <span class='ocrx_word' id='word_1_549' title='bbox 2317 3358 2454 3411; x_wconf 83' lang='lat' dir='ltr'><strong>Nam</strong></span> <span class='ocrx_word' id='word_1_550' title='bbox 2515 3357 2849 3428; x_wconf 90' lang='lat' dir='ltr'><strong>Stephanum</strong></span> <span class='ocrx_word' id='word_1_551' title='bbox 2903 3356 3164 3425; x_wconf 88' lang='lat' dir='ltr'><strong>Majorevi</strong></span> <span class='ocrx_word' id='word_1_552' title='bbox 3217 3354 3451 3427; x_wconf 88' lang='lat' dir='ltr'><strong>primum</strong></span> <span class='ocrx_word' id='word_1_553' title='bbox 3495 3353 3743 3426; x_wconf 88' lang='lat' dir='ltr'><strong>priorem</strong></span> 
     </span>
    </p>
   </div>
   <div class='ocr_carea' id='block_1_78' title="bbox 2149 3442 3741 3511">
    <p class='ocr_par' dir='ltr' id='par_1_78' title="bbox 2149 3442 3741 3511">
     <span class='ocr_line' id='line_1_78' title="bbox 2149 3442 3741 3511; baseline -0.003 -10"><span class='ocrx_word' id='word_1_554' title='bbox 2149 3446 2353 3501; x_wconf 86' lang='lat' dir='ltr'><strong>obiisse</strong></span> <span class='ocrx_word' id='word_1_555' title='bbox 2384 3454 2591 3500; x_wconf 88' lang='lat' dir='ltr'><strong>certum</strong></span> <span class='ocrx_word' id='word_1_556' title='bbox 2636 3453 2719 3499; x_wconf 90' lang='lat' dir='ltr'><strong>est</strong></span> <span class='ocrx_word' id='word_1_557' title='bbox 2749 3446 2779 3498; x_wconf 78' lang='grc'>4</span> <span class='ocrx_word' id='word_1_558' title='bbox 2806 3443 3047 3499; x_wconf 87' lang='lat' dir='ltr'><strong>Januarii</strong></span> <span class='ocrx_word' id='word_1_559' title='bbox 3078 3447 3233 3498; x_wconf 89' lang='grc'><strong>1118.</strong></span> <span class='ocrx_word' id='word_1_560' title='bbox 3295 3442 3530 3511; x_wconf 88' lang='lat' dir='ltr'><strong>Quartus</strong></span> <span class='ocrx_word' id='word_1_561' title='bbox 3557 3449 3741 3498; x_wconf 86' lang='lat' dir='ltr'><strong>autem</strong></span> 
     </span>
    </p>
   </div>
   <div class='ocr_carea' id='block_1_79' title="bbox 2144 3530 3743 3605">
    <p class='ocr_par' dir='ltr' id='par_1_79' title="bbox 2144 3530 3743 3605">
     <span class='ocr_line' id='line_1_79' title="bbox 2144 3530 3743 3605; baseline -0.001 -18"><span class='ocrx_word' id='word_1_562' title='bbox 2144 3549 2385 3605; x_wconf 74' lang='lat' dir='ltr'><strong>przeesse</strong></span> <span class='ocrx_word' id='word_1_563' title='bbox 2415 3540 2657 3603; x_wconf 80' lang='lat' dir='ltr'><strong>coeperat</strong></span> <span class='ocrx_word' id='word_1_564' title='bbox 2688 3547 2831 3587; x_wconf 92' lang='lat' dir='ltr'><strong>anno</strong></span> <span class='ocrx_word' id='word_1_565' title='bbox 2879 3535 3015 3586; x_wconf 88' lang='lat'><strong>1130</strong></span> <span class='ocrx_word' id='word_1_566' title='bbox 3044 3531 3131 3587; x_wconf 85' lang='lat' dir='ltr'><strong>vel</strong></span> <span class='ocrx_word' id='word_1_567' title='bbox 3175 3535 3331 3586; x_wconf 88' lang='lat'><strong>1131.</strong></span> <span class='ocrx_word' id='word_1_568' title='bbox 3364 3530 3612 3586; x_wconf 86' lang='lat' dir='ltr'><strong>Dubitari</strong></span> <span class='ocrx_word' id='word_1_569' title='bbox 3638 3547 3743 3586; x_wconf 84' lang='lat' dir='ltr'><strong>ve-</strong></span> 
     </span>
    </p>
   </div>
   <div class='ocr_carea' id='block_1_80' title="bbox 2145 3617 3740 3692">
    <p class='ocr_par' dir='ltr' id='par_1_80' title="bbox 2145 3617 3740 3692">
     <span class='ocr_line' id='line_1_80' title="bbox 2145 3617 3740 3692; baseline -0.002 -16"><span class='ocrx_word' id='word_1_570' title='bbox 2145 3622 2431 3676; x_wconf 91' lang='lat' dir='ltr'><strong>risimilius</strong></span> <span class='ocrx_word' id='word_1_571' title='bbox 2459 3620 2651 3692; x_wconf 88' lang='lat' dir='ltr'><strong>possit,</strong></span> <span class='ocrx_word' id='word_1_572' title='bbox 2678 3636 2806 3675; x_wconf 90' lang='lat' dir='ltr'><strong>num</strong></span> <span class='ocrx_word' id='word_1_573' title='bbox 2835 3620 3140 3691; x_wconf 90' lang='lat' dir='ltr'><strong>Stephanus</strong></span> <span class='ocrx_word' id='word_1_574' title='bbox 3155 3619 3224 3675; x_wconf 92' lang='lat' dir='ltr'><strong>de</strong></span> <span class='ocrx_word' id='word_1_575' title='bbox 3261 3617 3559 3685; x_wconf 90' lang='lat' dir='ltr'><strong>Chalmeto,</strong></span> <span class='ocrx_word' id='word_1_576' title='bbox 3590 3618 3740 3674; x_wconf 87' lang='lat' dir='ltr'><strong>idem</strong></span> 
     </span>
    </p>
   </div>
   <div class='ocr_carea' id='block_1_81' title="bbox 2143 3706 3742 3781">
    <p class='ocr_par' dir='ltr' id='par_1_81' title="bbox 2143 3706 3742 3781">
     <span class='ocr_line' id='line_1_81' title="bbox 2143 3706 3742 3781; baseline -0.001 -17"><span class='ocrx_word' id='word_1_577' title='bbox 2143 3710 2260 3781; x_wconf 88' lang='lat' dir='ltr'><strong>ipse</strong></span> <span class='ocrx_word' id='word_1_578' title='bbox 2285 3709 2351 3763; x_wconf 93' lang='lat' dir='ltr'><strong>sit</strong></span> <span class='ocrx_word' id='word_1_579' title='bbox 2385 3709 2695 3778; x_wconf 84' lang='lat' dir='ltr'><strong>Stephanus</strong></span> <span class='ocrx_word' id='word_1_580' title='bbox 2740 3708 2893 3778; x_wconf 91' lang='lat' dir='ltr'><strong>prior</strong></span> <span class='ocrx_word' id='word_1_581' title='bbox 2934 3708 3235 3773; x_wconf 89' lang='lat' dir='ltr'><strong>Portarum,</strong></span> <span class='ocrx_word' id='word_1_582' title='bbox 3275 3707 3425 3774; x_wconf 91' lang='lat' dir='ltr'><strong>cujus</strong></span> <span class='ocrx_word' id='word_1_583' title='bbox 3457 3706 3661 3762; x_wconf 89' lang='lat' dir='ltr'><strong>mentio</strong></span> <span class='ocrx_word' id='word_1_584' title='bbox 3682 3706 3742 3762; x_wconf 88' lang='lat' dir='ltr'><strong>in</strong></span> 
     </span>
    </p>
   </div>
   <div class='ocr_carea' id='block_1_82' title="bbox 2144 3794 3737 3867">
    <p class='ocr_par' dir='ltr' id='par_1_82' title="bbox 2144 3794 3737 3867">
     <span class='ocr_line' id='line_1_82' title="bbox 2144 3794 3737 3867; baseline -0.002 -15"><span class='ocrx_word' id='word_1_585' title='bbox 2144 3798 2293 3853; x_wconf 87' lang='lat' dir='ltr'><strong>Bulla</strong></span> <span class='ocrx_word' id='word_1_586' title='bbox 2314 3796 2607 3852; x_wconf 85' lang='lat' dir='ltr'><strong>Alexandri</strong></span> <span class='ocrx_word' id='word_1_587' title='bbox 2623 3812 2780 3867; x_wconf 64' lang='lat' dir='ltr'><strong>papae</strong></span> <span class='ocrx_word' id='word_1_588' title='bbox 2791 3797 2885 3862; x_wconf 90' lang='lat' dir='ltr'><strong>Ill,</strong></span> <span class='ocrx_word' id='word_1_589' title='bbox 2907 3794 3252 3851; x_wconf 90' lang='lat' dir='ltr'><strong>Portensibus</strong></span> <span class='ocrx_word' id='word_1_590' title='bbox 3272 3795 3395 3849; x_wconf 89' lang='lat' dir='ltr'><strong>data</strong></span> <span class='ocrx_word' id='word_1_591' title='bbox 3415 3809 3558 3849; x_wconf 91' lang='lat' dir='ltr'><strong>anno</strong></span> <span class='ocrx_word' id='word_1_592' title='bbox 3576 3797 3737 3862; x_wconf 82' lang='grc'><strong>1171,</strong></span> 
     </span>
    </p>
   </div>
   <div class='ocr_carea' id='block_1_83' title="bbox 2144 3882 3745 3957">
    <p class='ocr_par' dir='ltr' id='par_1_83' title="bbox 2144 3882 3745 3957">
     <span class='ocr_line' id='line_1_83' title="bbox 2144 3882 3745 3957; baseline -0.001 -18"><span class='ocrx_word' id='word_1_593' title='bbox 2144 3886 2237 3957; x_wconf 93' lang='lat' dir='ltr'><strong>qui</strong></span> <span class='ocrx_word' id='word_1_594' title='bbox 2257 3892 2372 3939; x_wconf 88' lang='lat' dir='ltr'><strong>erat</strong></span> <span class='ocrx_word' id='word_1_595' title='bbox 2394 3884 2462 3939; x_wconf 88' lang='lat' dir='ltr'><strong>ab</strong></span> <span class='ocrx_word' id='word_1_596' title='bbox 2476 3885 2593 3953; x_wconf 90' lang='lat' dir='ltr'><strong>ejus</strong></span> <span class='ocrx_word' id='word_1_597' title='bbox 2617 3884 2971 3939; x_wconf 84' lang='lat' dir='ltr'><strong>conversione</strong></span> <span class='ocrx_word' id='word_1_598' title='bbox 2990 3883 3059 3938; x_wconf 91' lang='lat' dir='ltr'><strong>ad</strong></span> <span class='ocrx_word' id='word_1_599' title='bbox 3074 3882 3235 3938; x_wconf 90' lang='lat' dir='ltr'><strong>vitam</strong></span> <span class='ocrx_word' id='word_1_600' title='bbox 3263 3883 3621 3938; x_wconf 87' lang='lat' dir='ltr'><strong>monasticam</strong></span> <span class='ocrx_word' id='word_1_601' title='bbox 3641 3897 3745 3937; x_wconf 80' lang='lat' dir='ltr'><strong>an-</strong></span> 
     </span>
    </p>
   </div>
   <div class='ocr_carea' id='block_1_84' title="bbox 2144 3965 3742 4037">
    <p class='ocr_par' dir='ltr' id='par_1_84' title="bbox 2144 3965 3742 4037">
     <span class='ocr_line' id='line_1_84' title="bbox 2144 3965 3742 4037; baseline -0.002 -13"><span class='ocrx_word' id='word_1_602' title='bbox 2144 3985 2243 4024; x_wconf 91' lang='lat' dir='ltr'><strong>nus</strong></span> <span class='ocrx_word' id='word_1_603' title='bbox 2265 3973 2332 4022; x_wconf 87' lang='lat'><strong>36</strong></span> <span class='ocrx_word' id='word_1_604' title='bbox 2347 3967 2533 4023; x_wconf 84' lang='lat' dir='ltr'><strong>ve137.</strong></span> <span class='ocrx_word' id='word_1_605' title='bbox 2555 3968 2844 4032; x_wconf 59' lang='lat' dir='ltr'><strong>Caeterum,</strong></span> <span class='ocrx_word' id='word_1_606' title='bbox 2860 3967 2917 4022; x_wconf 94' lang='lat' dir='ltr'><strong>S.</strong></span> <span class='ocrx_word' id='word_1_607' title='bbox 2942 3966 3166 4037; x_wconf 90' lang='lat' dir='ltr'><strong>Sulpicii</strong></span> <span class='ocrx_word' id='word_1_608' title='bbox 3182 3966 3394 4031; x_wconf 91' lang='lat' dir='ltr'><strong>domus,</strong></span> <span class='ocrx_word' id='word_1_609' title='bbox 3411 3966 3565 4035; x_wconf 90' lang='lat' dir='ltr'><strong>cujus</strong></span> <span class='ocrx_word' id='word_1_610' title='bbox 3584 3965 3742 4022; x_wconf 85' lang='lat' dir='ltr'><strong>novi-</strong></span> 
     </span>
    </p>
   </div>
   <div class='ocr_carea' id='block_1_85' title="bbox 2144 4051 3737 4127">
    <p class='ocr_par' dir='ltr' id='par_1_85' title="bbox 2144 4051 3737 4127">
     <span class='ocr_line' id='line_1_85' title="bbox 2144 4051 3737 4127; baseline -0.001 -16"><span class='ocrx_word' id='word_1_611' title='bbox 2144 4057 2247 4111; x_wconf 91' lang='lat' dir='ltr'><strong>tios</strong></span> <span class='ocrx_word' id='word_1_612' title='bbox 2271 4063 2477 4127; x_wconf 89' lang='lat' dir='ltr'><strong>spectat</strong></span> <span class='ocrx_word' id='word_1_613' title='bbox 2495 4057 2611 4111; x_wconf 77' lang='lat' dir='ltr'><strong>hzec</strong></span> <span class='ocrx_word' id='word_1_614' title='bbox 2630 4055 2877 4126; x_wconf 89' lang='lat' dir='ltr'><strong>epistola,</strong></span> <span class='ocrx_word' id='word_1_615' title='bbox 2906 4054 3157 4110; x_wconf 78' lang='lat' dir='ltr'><strong>dioczesis</strong></span> <span class='ocrx_word' id='word_1_616' title='bbox 3176 4053 3493 4109; x_wconf 90' lang='lat' dir='ltr'><strong>Bellicensis</strong></span> <span class='ocrx_word' id='word_1_617' title='bbox 3510 4051 3625 4121; x_wconf 87' lang='lat' dir='ltr'><strong>fuit,</strong></span> <span class='ocrx_word' id='word_1_618' title='bbox 3642 4069 3737 4109; x_wconf 84' lang='lat' dir='ltr'><strong>or-</strong></span> 
     </span>
    </p>
   </div>
   <div class='ocr_carea' id='block_1_86' title="bbox 2142 4141 3732 4215">
    <p class='ocr_par' dir='ltr' id='par_1_86' title="bbox 2142 4141 3732 4215">
     <span class='ocr_line' id='line_1_86' title="bbox 2142 4141 3732 4215; baseline -0.002 -16"><span class='ocrx_word' id='word_1_619' title='bbox 2142 4144 2287 4199; x_wconf 93' lang='lat' dir='ltr'><strong>dinis</strong></span> <span class='ocrx_word' id='word_1_620' title='bbox 2355 4159 2520 4215; x_wconf 88' lang='lat' dir='ltr'><strong>porro</strong></span> <span class='ocrx_word' id='word_1_621' title='bbox 2598 4142 3015 4210; x_wconf 87' lang='lat' dir='ltr'><strong>Cisterciensis;</strong></span> <span class='ocrx_word' id='word_1_622' title='bbox 3070 4142 3294 4197; x_wconf 88' lang='lat' dir='ltr'><strong>fundata</strong></span> <span class='ocrx_word' id='word_1_623' title='bbox 3348 4142 3417 4196; x_wconf 91' lang='lat' dir='ltr'><strong>ab</strong></span> <span class='ocrx_word' id='word_1_624' title='bbox 3464 4141 3732 4208; x_wconf 81' lang='lat' dir='ltr'><strong>Amedeo,</strong></span> 
     </span>
    </p>
   </div>
   <div class='ocr_carea' id='block_1_87' title="bbox 2144 4229 3738 4301">
    <p class='ocr_par' dir='ltr' id='par_1_87' title="bbox 2144 4229 3738 4301">
     <span class='ocr_line' id='line_1_87' title="bbox 2144 4229 3738 4301; baseline -0.002 -14"><span class='ocrx_word' id='word_1_625' title='bbox 2144 4231 2432 4287; x_wconf 68' lang='lat' dir='ltr'><strong>Sabaudiae</strong></span> <span class='ocrx_word' id='word_1_626' title='bbox 2454 4230 2666 4301; x_wconf 88' lang='lat' dir='ltr'><strong>comite,</strong></span> <span class='ocrx_word' id='word_1_627' title='bbox 2683 4246 2827 4286; x_wconf 92' lang='lat' dir='ltr'><strong>anno</strong></span> <span class='ocrx_word' id='word_1_628' title='bbox 2843 4230 3037 4285; x_wconf 91' lang='lat' dir='ltr'><strong>Christi</strong></span> <span class='ocrx_word' id='word_1_629' title='bbox 3060 4233 3216 4298; x_wconf 89' lang='lat'><strong>1130,</strong></span> <span class='ocrx_word' id='word_1_630' title='bbox 3240 4246 3306 4286; x_wconf 87' lang='lat' dir='ltr'><strong>ex</strong></span> <span class='ocrx_word' id='word_1_631' title='bbox 3334 4229 3738 4285; x_wconf 85' lang='lat' dir='ltr'><strong>Pontiniacensi</strong></span> 
     </span>
    </p>
   </div>
   <div class='ocr_carea' id='block_1_88' title="bbox 2142 4316 3737 4384">
    <p class='ocr_par' dir='ltr' id='par_1_88' title="bbox 2142 4316 3737 4384">
     <span class='ocr_line' id='line_1_88' title="bbox 2142 4316 3737 4384; baseline -0.003 -9"><span class='ocrx_word' id='word_1_632' title='bbox 2142 4320 2480 4375; x_wconf 87' lang='lat' dir='ltr'><strong>monasterio</strong></span> <span class='ocrx_word' id='word_1_633' title='bbox 2509 4319 2794 4375; x_wconf 89' lang='lat' dir='ltr'><strong>monachis</strong></span> <span class='ocrx_word' id='word_1_634' title='bbox 2822 4334 2888 4375; x_wconf 88' lang='lat' dir='ltr'><strong>eo</strong></span> <span class='ocrx_word' id='word_1_635' title='bbox 2922 4318 3199 4384; x_wconf 84' lang='lat' dir='ltr'><strong>deductis;</strong></span> <span class='ocrx_word' id='word_1_636' title='bbox 3235 4324 3294 4372; x_wconf 90' lang='lat' dir='ltr'><strong>ut</strong></span> <span class='ocrx_word' id='word_1_637' title='bbox 3323 4320 3516 4373; x_wconf 91' lang='lat' dir='ltr'><strong>docent</strong></span> <span class='ocrx_word' id='word_1_638' title='bbox 3535 4316 3737 4372; x_wconf 90' lang='lat' dir='ltr'><strong>funda-</strong></span> 
     </span>
    </p>
   </div>
   <div class='ocr_carea' id='block_1_89' title="bbox 2142 4405 3734 4479">
    <p class='ocr_par' dir='ltr' id='par_1_89' title="bbox 2142 4405 3734 4479">
     <span class='ocr_line' id='line_1_89' title="bbox 2142 4405 3734 4479; baseline -0.003 -16"><span class='ocrx_word' id='word_1_639' title='bbox 2142 4409 2305 4463; x_wconf 89' lang='lat' dir='ltr'><strong>tionis</strong></span> <span class='ocrx_word' id='word_1_640' title='bbox 2335 4408 2531 4463; x_wconf 68' lang='lat' dir='ltr'><strong>tabulae</strong></span> <span class='ocrx_word' id='word_1_641' title='bbox 2561 4409 2812 4479; x_wconf 80' lang='lat' dir='ltr'><strong>antiquae,</strong></span> <span class='ocrx_word' id='word_1_642' title='bbox 2862 4407 3007 4478; x_wconf 88' lang='lat' dir='ltr'><strong>apud</strong></span> <span class='ocrx_word' id='word_1_643' title='bbox 3056 4405 3361 4461; x_wconf 89' lang='lat' dir='ltr'><strong>Samuelem</strong></span> <span class='ocrx_word' id='word_1_644' title='bbox 3390 4405 3734 4473; x_wconf 90' lang='lat' dir='ltr'><strong>Guichenon,</strong></span> 
     </span>
    </p>
   </div>
   <div class='ocr_carea' id='block_1_90' title="bbox 435 4492 3736 4568">
    <p class='ocr_par' dir='ltr' id='par_1_90' title="bbox 435 4492 3736 4568">
     <span class='ocr_line' id='line_1_90' title="bbox 435 4492 3736 4568; baseline -0.001 -16"><span class='ocrx_word' id='word_1_645' title='bbox 435 4512 539 4552; x_wconf 68' lang='lat' dir='ltr'><strong>ma:</strong></span> <span class='ocrx_word' id='word_1_646' title='bbox 568 4496 813 4568; x_wconf 72' lang='lat' dir='ltr'><strong>epistolae</strong></span> <span class='ocrx_word' id='word_1_647' title='bbox 843 4496 1102 4551; x_wconf 86' lang='lat' dir='ltr'><strong>Bernardi</strong></span> <span class='ocrx_word' id='word_1_648' title='bbox 1134 4498 1416 4551; x_wconf 90' lang='lat' dir='ltr'><strong>Portarum</strong></span> <span class='ocrx_word' id='word_1_649' title='bbox 1460 4494 1693 4567; x_wconf 90' lang='lat' dir='ltr'><strong>prioris;</strong></span> <span class='ocrx_word' id='word_1_650' title='bbox 1744 4494 1836 4566; x_wconf 90' lang='lat' dir='ltr'><strong>qui</strong></span> <span class='ocrx_word' id='word_1_651' title='bbox 1886 4493 2042 4548; x_wconf 86' lang='lat' dir='ltr'><strong>fratri</strong></span> <span class='ocrx_word' id='word_1_652' title='bbox 2146 4498 2321 4553; x_wconf 90' lang='lat' dir='ltr'><strong>virum</strong></span> <span class='ocrx_word' id='word_1_653' title='bbox 2352 4496 2642 4563; x_wconf 88' lang='lat' dir='ltr'><strong>eruditum,</strong></span> <span class='ocrx_word' id='word_1_654' title='bbox 2658 4496 2713 4550; x_wconf 92' lang='lat' dir='ltr'><strong>in</strong></span> <span class='ocrx_word' id='word_1_655' title='bbox 2733 4494 2969 4550; x_wconf 75' lang='lat' dir='ltr'><strong>Historia</strong></span> <span class='ocrx_word' id='word_1_656' title='bbox 2983 4494 3214 4550; x_wconf 79' lang='lat' dir='ltr'><strong>Bressiae</strong></span> <span class='ocrx_word' id='word_1_657' title='bbox 3234 4501 3285 4549; x_wconf 90' lang='lat' dir='ltr'><strong>et</strong></span> <span class='ocrx_word' id='word_1_658' title='bbox 3314 4492 3539 4566; x_wconf 84' lang='lat' dir='ltr'><strong>Bugeyi.</strong></span> <span class='ocrx_word' id='word_1_659' title='bbox 3573 4492 3736 4549; x_wconf 86' lang='lat' dir='ltr'><strong>Certe</strong></span> 
     </span>
    </p>
   </div>
   <div class='ocr_carea' id='block_1_91' title="bbox 436 4570 3740 4656">
    <p class='ocr_par' dir='ltr' id='par_1_91' title="bbox 436 4570 3740 4656">
     <span class='ocr_line' id='line_1_91' title="bbox 436 4570 3740 4656; baseline -0.001 -16"><span class='ocrx_word' id='word_1_660' title='bbox 436 4601 533 4640; x_wconf 91' lang='lat' dir='ltr'><strong>suo</strong></span> <span class='ocrx_word' id='word_1_661' title='bbox 566 4586 840 4656; x_wconf 89' lang='lat' dir='ltr'><strong>Stephano</strong></span> <span class='ocrx_word' id='word_1_662' title='bbox 872 4585 940 4640; x_wconf 91' lang='lat' dir='ltr'><strong>de</strong></span> <span class='ocrx_word' id='word_1_663' title='bbox 972 4585 1254 4640; x_wconf 90' lang='lat' dir='ltr'><strong>Chalmeto</strong></span> <span class='ocrx_word' id='word_1_664' title='bbox 1285 4592 1474 4639; x_wconf 90' lang='lat' dir='ltr'><strong>auctor</strong></span> <span class='ocrx_word' id='word_1_665' title='bbox 1520 4582 1683 4637; x_wconf 85' lang='lat' dir='ltr'><strong>fuerit</strong></span> <span class='ocrx_word' id='word_1_666' title='bbox 1713 4590 1877 4653; x_wconf 90' lang='lat' dir='ltr'><strong>atque</strong></span> <span class='ocrx_word' id='word_1_667' title='bbox 1906 4582 2040 4637; x_wconf 89' lang='lat' dir='ltr'><strong>hor-</strong></span> <span class='ocrx_word' id='word_1_668' title='bbox 2069 4570 2121 4628; x_wconf 87' lang='lat' dir='ltr'><strong>D</strong></span> <span class='ocrx_word' id='word_1_669' title='bbox 2144 4586 2244 4639; x_wconf 92' lang='lat' dir='ltr'><strong>hos</strong></span> <span class='ocrx_word' id='word_1_670' title='bbox 2265 4584 2517 4649; x_wconf 88' lang='lat' dir='ltr'><strong>novitios,</strong></span> <span class='ocrx_word' id='word_1_671' title='bbox 2541 4584 2609 4639; x_wconf 90' lang='lat' dir='ltr'><strong>ad</strong></span> <span class='ocrx_word' id='word_1_672' title='bbox 2640 4599 2776 4655; x_wconf 91' lang='lat' dir='ltr'><strong>quos</strong></span> <span class='ocrx_word' id='word_1_673' title='bbox 2794 4584 2982 4639; x_wconf 91' lang='lat' dir='ltr'><strong>scribit</strong></span> <span class='ocrx_word' id='word_1_674' title='bbox 3002 4582 3310 4653; x_wconf 88' lang='lat' dir='ltr'><strong>Stephanus</strong></span> <span class='ocrx_word' id='word_1_675' title='bbox 3330 4583 3399 4637; x_wconf 88' lang='lat' dir='ltr'><strong>de</strong></span> <span class='ocrx_word' id='word_1_676' title='bbox 3434 4580 3740 4648; x_wconf 89' lang='lat' dir='ltr'><strong>Chalmeto,</strong></span> 
     </span>
    </p>
   </div>
   <div class='ocr_carea' id='block_1_92' title="bbox 436 4670 2039 4739">
    <p class='ocr_par' dir='ltr' id='par_1_92' title="bbox 436 4670 2039 4739">
     <span class='ocr_line' id='line_1_92' title="bbox 436 4670 2039 4739; baseline -0.002 -11"><span class='ocrx_word' id='word_1_677' title='bbox 436 4682 578 4729; x_wconf 89' lang='lat' dir='ltr'><strong>tator</strong></span> <span class='ocrx_word' id='word_1_678' title='bbox 606 4674 675 4729; x_wconf 92' lang='lat' dir='ltr'><strong>ad</strong></span> <span class='ocrx_word' id='word_1_679' title='bbox 704 4673 827 4730; x_wconf 69' lang='lat' dir='ltr'><strong>vita:</strong></span> <span class='ocrx_word' id='word_1_680' title='bbox 874 4674 1154 4729; x_wconf 75' lang='lat' dir='ltr'><strong>saecularis</strong></span> <span class='ocrx_word' id='word_1_681' title='bbox 1212 4673 1488 4728; x_wconf 88' lang='lat' dir='ltr'><strong>sarcinam</strong></span> <span class='ocrx_word' id='word_1_682' title='bbox 1526 4672 1906 4739; x_wconf 87' lang='lat' dir='ltr'><strong>abjiciendam.</strong></span> <span class='ocrx_word' id='word_1_683' title='bbox 1938 4670 2039 4725; x_wconf 92' lang='lat' dir='ltr'><strong>Di-</strong></span> 
     </span>
    </p>
   </div>
   <div class='ocr_carea' id='block_1_93' title="bbox 437 4758 2042 4834">
    <p class='ocr_par' dir='ltr' id='par_1_93' title="bbox 437 4758 2042 4834">
     <span class='ocr_line' id='line_1_93' title="bbox 437 4758 2042 4834; baseline -0.003 -17"><span class='ocrx_word' id='word_1_684' title='bbox 437 4762 612 4817; x_wconf 90' lang='lat' dir='ltr'><strong>versis</strong></span> <span class='ocrx_word' id='word_1_685' title='bbox 641 4762 786 4816; x_wconf 88' lang='lat' dir='ltr'><strong>enim</strong></span> <span class='ocrx_word' id='word_1_686' title='bbox 815 4761 1237 4834; x_wconf 88' lang='lat' dir='ltr'><strong>cognominibus</strong></span> <span class='ocrx_word' id='word_1_687' title='bbox 1259 4760 1520 4832; x_wconf 91' lang='lat' dir='ltr'><strong>distingui</strong></span> <span class='ocrx_word' id='word_1_688' title='bbox 1548 4759 1765 4828; x_wconf 84' lang='lat' dir='ltr'><strong>fratres,</strong></span> <span class='ocrx_word' id='word_1_689' title='bbox 1794 4759 1847 4813; x_wconf 93' lang='lat' dir='ltr'><strong>in</strong></span> <span class='ocrx_word' id='word_1_690' title='bbox 1876 4758 2042 4812; x_wconf 88' lang='lat' dir='ltr'><strong>nobi-</strong></span> 
     </span>
    </p>
   </div>
   <div class='ocr_carea' id='block_1_94' title="bbox 438 4847 2039 4921">
    <p class='ocr_par' dir='ltr' id='par_1_94' title="bbox 438 4847 2039 4921">
     <span class='ocr_line' id='line_1_94' title="bbox 438 4847 2039 4921; baseline -0.002 -17"><span class='ocrx_word' id='word_1_691' title='bbox 438 4849 583 4905; x_wconf 92' lang='lat' dir='ltr'><strong>libus</strong></span> <span class='ocrx_word' id='word_1_692' title='bbox 613 4852 919 4921; x_wconf 67' lang='lat' dir='ltr'><strong>prmsertim</strong></span> <span class='ocrx_word' id='word_1_693' title='bbox 950 4849 1190 4916; x_wconf 89' lang='lat' dir='ltr'><strong>familiis,</strong></span> <span class='ocrx_word' id='word_1_694' title='bbox 1224 4849 1301 4903; x_wconf 91' lang='lat' dir='ltr'><strong>uti</strong></span> <span class='ocrx_word' id='word_1_695' title='bbox 1350 4865 1495 4904; x_wconf 90' lang='lat' dir='ltr'><strong>nunc</strong></span> <span class='ocrx_word' id='word_1_696' title='bbox 1535 4848 1743 4917; x_wconf 87' lang='lat' dir='ltr'><strong>passim</strong></span> <span class='ocrx_word' id='word_1_697' title='bbox 1772 4847 2039 4911; x_wconf 85' lang='lat' dir='ltr'><strong>videmus,</strong></span> 
     </span>
    </p>
   </div>
   <div class='ocr_carea' id='block_1_95' title="bbox 438 4935 2044 5009">
    <p class='ocr_par' dir='ltr' id='par_1_95' title="bbox 438 4935 2044 5009">
     <span class='ocr_line' id='line_1_95' title="bbox 438 4935 2044 5009; baseline -0.003 -16"><span class='ocrx_word' id='word_1_698' title='bbox 438 4939 509 4993; x_wconf 89' lang='lat' dir='ltr'><strong>ita</strong></span> <span class='ocrx_word' id='word_1_699' title='bbox 558 4945 613 4993; x_wconf 91' lang='lat' dir='ltr'><strong>et</strong></span> <span class='ocrx_word' id='word_1_700' title='bbox 666 4938 937 5009; x_wconf 84' lang='lat' dir='ltr'><strong>prioribus</strong></span> <span class='ocrx_word' id='word_1_701' title='bbox 984 4936 1197 4991; x_wconf 73' lang='lat' dir='ltr'><strong>sazculis</strong></span> <span class='ocrx_word' id='word_1_702' title='bbox 1230 4936 1285 4990; x_wconf 92' lang='lat' dir='ltr'><strong>in</strong></span> <span class='ocrx_word' id='word_1_703' title='bbox 1314 4953 1414 4990; x_wconf 90' lang='lat' dir='ltr'><strong>usu</strong></span> <span class='ocrx_word' id='word_1_704' title='bbox 1473 4935 1592 4990; x_wconf 89' lang='lat' dir='ltr'><strong>fuit.</strong></span> <span class='ocrx_word' id='word_1_705' title='bbox 1650 4937 1731 4989; x_wconf 91' lang='lat' dir='ltr'><strong>De</strong></span> <span class='ocrx_word' id='word_1_706' title='bbox 1790 4936 1893 4990; x_wconf 90' lang='lat' dir='ltr'><strong>hoc</strong></span> <span class='ocrx_word' id='word_1_707' title='bbox 1923 4935 2044 5005; x_wconf 89' lang='lat' dir='ltr'><strong>ipso</strong></span> 
     </span>
    </p>
   </div>
   <div class='ocr_carea' id='block_1_96' title="bbox 440 5024 2046 5096">
    <p class='ocr_par' dir='ltr' id='par_1_96' title="bbox 440 5024 2046 5096">
     <span class='ocr_line' id='line_1_96' title="bbox 440 5024 2046 5096; baseline -0.001 -17"><span class='ocrx_word' id='word_1_708' title='bbox 440 5027 647 5081; x_wconf 87' lang='lat' dir='ltr'><strong>Joanne</strong></span> <span class='ocrx_word' id='word_1_709' title='bbox 699 5025 1082 5096; x_wconf 89' lang='lat' dir='ltr'><strong>accipiendum</strong></span> <span class='ocrx_word' id='word_1_710' title='bbox 1111 5031 1240 5094; x_wconf 87' lang='lat' dir='ltr'><strong>puto</strong></span> <span class='ocrx_word' id='word_1_711' title='bbox 1290 5024 1573 5095; x_wconf 90' lang='lat' dir='ltr'><strong>antiquum</strong></span> <span class='ocrx_word' id='word_1_712' title='bbox 1602 5031 1875 5079; x_wconf 87' lang='lat' dir='ltr'><strong>auctorem</strong></span> <span class='ocrx_word' id='word_1_713' title='bbox 1908 5024 2046 5077; x_wconf 66' lang='lat' dir='ltr'><strong>Vitae</strong></span> 
     </span>
    </p>
   </div>
   <div class='ocr_carea' id='block_1_97' title="bbox 443 5111 2041 5181">
    <p class='ocr_par' dir='ltr' id='par_1_97' title="bbox 443 5111 2041 5181">
     <span class='ocr_line' id='line_1_97' title="bbox 443 5111 2041 5181; baseline -0.003 -12"><span class='ocrx_word' id='word_1_714' title='bbox 443 5115 503 5169; x_wconf 91' lang='lat' dir='ltr'><strong>S.</strong></span> <span class='ocrx_word' id='word_1_715' title='bbox 535 5114 773 5169; x_wconf 84' lang='lat' dir='ltr'><strong>Antelmi</strong></span> <span class='ocrx_word' id='word_1_716' title='bbox 812 5111 1132 5168; x_wconf 89' lang='lat' dir='ltr'><strong>Bellicensis</strong></span> <span class='ocrx_word' id='word_1_717' title='bbox 1173 5111 1435 5181; x_wconf 87' lang='lat' dir='ltr'><strong>episcopi,</strong></span> <span class='ocrx_word' id='word_1_718' title='bbox 1468 5126 1591 5180; x_wconf 89' lang='lat' dir='ltr'><strong>cap.</strong></span> <span class='ocrx_word' id='word_1_719' title='bbox 1636 5114 1721 5176; x_wconf 88' lang='lat'><strong>13,</strong></span> <span class='ocrx_word' id='word_1_720' title='bbox 1754 5111 1899 5181; x_wconf 90' lang='lat' dir='ltr'><strong>apud</strong></span> <span class='ocrx_word' id='word_1_721' title='bbox 1934 5111 2041 5166; x_wconf 91' lang='lat' dir='ltr'><strong>Su-</strong></span> 
     </span>
    </p>
   </div>
   <div class='ocr_carea' id='block_1_98' title="bbox 442 5198 2044 5269">
    <p class='ocr_par' dir='ltr' id='par_1_98' title="bbox 442 5198 2044 5269">
     <span class='ocr_line' id='line_1_98' title="bbox 442 5198 2044 5269; baseline -0.003 -12"><span class='ocrx_word' id='word_1_722' title='bbox 442 5202 601 5266; x_wconf 90' lang='lat' dir='ltr'><strong>rium,</strong></span> <span class='ocrx_word' id='word_1_723' title='bbox 631 5205 701 5258; x_wconf 71' lang='lat'><strong>26</strong></span> <span class='ocrx_word' id='word_1_724' title='bbox 729 5199 898 5255; x_wconf 89' lang='lat' dir='ltr'><strong>Junii.</strong></span> <span class='ocrx_word' id='word_1_725' title='bbox 938 5199 1239 5265; x_wconf 84' lang='lat' dir='ltr'><strong>Antelmus,</strong></span> <span class='ocrx_word' id='word_1_726' title='bbox 1273 5198 1465 5269; x_wconf 89' lang='lat' dir='ltr'><strong>inquit,</strong></span> <span class='ocrx_word' id='word_1_727' title='bbox 1500 5215 1567 5254; x_wconf 85' lang='lat' dir='ltr'><strong>ex</strong></span> <span class='ocrx_word' id='word_1_728' title='bbox 1598 5198 1776 5269; x_wconf 89' lang='lat' dir='ltr'><strong>priore</strong></span> <span class='ocrx_word' id='word_1_729' title='bbox 1835 5198 2044 5269; x_wconf 90' lang='lat' dir='ltr'><strong>prima-</strong></span> 
     </span>
    </p>
   </div>
   <div class='ocr_carea' id='block_1_99' title="bbox 444 5286 2047 5358">
    <p class='ocr_par' dir='ltr' id='par_1_99' title="bbox 444 5286 2047 5358">
     <span class='ocr_line' id='line_1_99' title="bbox 444 5286 2047 5358; baseline -0.003 -12"><span class='ocrx_word' id='word_1_730' title='bbox 444 5291 540 5346; x_wconf 70' lang='lat' dir='ltr'><strong>rim</strong></span> <span class='ocrx_word' id='word_1_731' title='bbox 571 5288 872 5345; x_wconf 69' lang='lat' dir='ltr'><strong>Carthusiie</strong></span> <span class='ocrx_word' id='word_1_732' title='bbox 900 5287 1076 5342; x_wconf 87' lang='lat' dir='ltr'><strong>factus</strong></span> <span class='ocrx_word' id='word_1_733' title='bbox 1124 5286 1272 5357; x_wconf 88' lang='lat' dir='ltr'><strong>prior</strong></span> <span class='ocrx_word' id='word_1_734' title='bbox 1322 5288 1623 5353; x_wconf 87' lang='lat' dir='ltr'><strong>Portarum,</strong></span> <span class='ocrx_word' id='word_1_735' title='bbox 1654 5295 1777 5358; x_wconf 90' lang='lat' dir='ltr'><strong>post</strong></span> <span class='ocrx_word' id='word_1_736' title='bbox 1807 5288 2047 5342; x_wconf 84' lang='lat' dir='ltr'><strong>Bernar-</strong></span> 
     </span>
    </p>
   </div>
   <div class='ocr_carea' id='block_1_100' title="bbox 448 5375 2049 5448">
    <p class='ocr_par' dir='ltr' id='par_1_100' title="bbox 448 5375 2049 5448">
     <span class='ocr_line' id='line_1_100' title="bbox 448 5375 2049 5448; baseline -0.003 -14"><span class='ocrx_word' id='word_1_737' title='bbox 448 5379 579 5434; x_wconf 88' lang='lat' dir='ltr'><strong>dum</strong></span> <span class='ocrx_word' id='word_1_738' title='bbox 610 5376 702 5448; x_wconf 89' lang='lat' dir='ltr'><strong>qui</strong></span> <span class='ocrx_word' id='word_1_739' title='bbox 722 5376 876 5431; x_wconf 91' lang='lat' dir='ltr'><strong>senio</strong></span> <span class='ocrx_word' id='word_1_740' title='bbox 907 5375 1092 5447; x_wconf 86' lang='lat' dir='ltr'><strong>gravis</strong></span> <span class='ocrx_word' id='word_1_741' title='bbox 1113 5375 1499 5446; x_wconf 83' lang='lat' dir='ltr'><strong>praefecturam</strong></span> <span class='ocrx_word' id='word_1_742' title='bbox 1532 5391 1682 5430; x_wconf 90' lang='lat' dir='ltr'><strong>suam</strong></span> <span class='ocrx_word' id='word_1_743' title='bbox 1713 5376 1766 5430; x_wconf 91' lang='lat' dir='ltr'><strong>in</strong></span> <span class='ocrx_word' id='word_1_744' title='bbox 1792 5391 1917 5430; x_wconf 88' lang='lat' dir='ltr'><strong>eum</strong></span> <span class='ocrx_word' id='word_1_745' title='bbox 1946 5376 2049 5430; x_wconf 61' lang='lat' dir='ltr'><strong>de.</strong></span> 
     </span>
    </p>
   </div>
   <div class='ocr_carea' id='block_1_101' title="bbox 447 5464 2046 5535">
    <p class='ocr_par' dir='ltr' id='par_1_101' title="bbox 447 5464 2046 5535">
     <span class='ocr_line' id='line_1_101' title="bbox 447 5464 2046 5535; baseline -0.004 -13"><span class='ocrx_word' id='word_1_746' title='bbox 447 5467 673 5530; x_wconf 86' lang='lat' dir='ltr'><strong>rivarat,</strong></span> <span class='ocrx_word' id='word_1_747' title='bbox 718 5466 930 5519; x_wconf 85' lang='lat' dir='ltr'><strong>Domno</strong></span> <span class='ocrx_word' id='word_1_748' title='bbox 980 5465 1265 5520; x_wconf 87' lang='lat' dir='ltr'><strong>Bernardo</strong></span> <span class='ocrx_word' id='word_1_749' title='bbox 1307 5466 1621 5535; x_wconf 73' lang='lat' dir='ltr'><strong>prwstabat</strong></span> <span class='ocrx_word' id='word_1_750' title='bbox 1647 5464 2046 5530; x_wconf 87' lang='lat' dir='ltr'><strong>reverentiam,</strong></span> 
     </span>
    </p>
   </div>
   <div class='ocr_carea' id='block_1_102' title="bbox 446 5553 2052 5624">
    <p class='ocr_par' dir='ltr' id='par_1_102' title="bbox 446 5553 2052 5624">
     <span class='ocr_line' id='line_1_102' title="bbox 446 5553 2052 5624; baseline -0.001 -15"><span class='ocrx_word' id='word_1_751' title='bbox 446 5556 615 5609; x_wconf 91' lang='lat' dir='ltr'><strong>illum</strong></span> <span class='ocrx_word' id='word_1_752' title='bbox 643 5553 750 5608; x_wconf 82' lang='lat' dir='ltr'><strong>sibi</strong></span> <span class='ocrx_word' id='word_1_753' title='bbox 796 5557 1175 5624; x_wconf 87' lang='lat' dir='ltr'><strong>anteponens.</strong></span> <span class='ocrx_word' id='word_1_754' title='bbox 1224 5554 1373 5609; x_wconf 86' lang='lat' dir='ltr'><strong>Idem</strong></span> <span class='ocrx_word' id='word_1_755' title='bbox 1410 5557 1537 5609; x_wconf 91' lang='lat' dir='ltr'><strong>erat</strong></span> <span class='ocrx_word' id='word_1_756' title='bbox 1570 5570 1701 5623; x_wconf 86' lang='lat' dir='ltr'><strong>erga</strong></span> <span class='ocrx_word' id='word_1_757' title='bbox 1723 5553 2052 5623; x_wconf 83' lang='lat' dir='ltr'><strong>religiosum</strong></span> 
     </span>
    </p>
   </div>
   <div class='ocr_carea' id='block_1_103' title="bbox 452 5642 2051 5708">
    <p class='ocr_par' dir='ltr' id='par_1_103' title="bbox 452 5642 2051 5708">
     <span class='ocr_line' id='line_1_103' title="bbox 452 5642 2051 5708; baseline 0 -12"><span class='ocrx_word' id='word_1_758' title='bbox 452 5642 662 5697; x_wconf 85' lang='lat' dir='ltr'><strong>Christi</strong></span> <span class='ocrx_word' id='word_1_759' title='bbox 682 5658 903 5697; x_wconf 90' lang='lat' dir='ltr'><strong>servum</strong></span> <span class='ocrx_word' id='word_1_760' title='bbox 922 5643 1220 5708; x_wconf 84' lang='lat' dir='ltr'><strong>Joannem,</strong></span> <span class='ocrx_word' id='word_1_761' title='bbox 1244 5644 1337 5697; x_wconf 86' lang='lat' dir='ltr'><strong>cui</strong></span> <span class='ocrx_word' id='word_1_762' title='bbox 1362 5643 1700 5697; x_wconf 75' lang='lat' dir='ltr'><strong>adventanti</strong></span> <span class='ocrx_word' id='word_1_763' title='bbox 1720 5642 1931 5696; x_wconf 87' lang='lat' dir='ltr'><strong>solebat</strong></span> <span class='ocrx_word' id='word_1_764' title='bbox 1958 5657 2051 5696; x_wconf 89' lang='lat' dir='ltr'><strong>re-</strong></span> 
     </span>
    </p>
   </div>
   <div class='ocr_carea' id='block_1_104' title="bbox 454 5722 2052 5803">
    <p class='ocr_par' dir='ltr' id='par_1_104' title="bbox 454 5722 2052 5803">
     <span class='ocr_line' id='line_1_104' title="bbox 454 5722 2052 5803; baseline -0.001 -19"><span class='ocrx_word' id='word_1_765' title='bbox 454 5733 715 5785; x_wconf 87' lang='lat' dir='ltr'><strong>verenter</strong></span> <span class='ocrx_word' id='word_1_766' title='bbox 753 5746 1068 5799; x_wconf 85' lang='lat' dir='ltr'><strong>assurgere.</strong></span> <span class='ocrx_word' id='word_1_767' title='bbox 1104 5732 1209 5786; x_wconf 84' lang='lat' dir='ltr'><strong>Nec</strong></span> <span class='ocrx_word' id='word_1_768' title='bbox 1257 5731 1317 5785; x_wconf 88' lang='lat' dir='ltr'><strong>id</strong></span> <span class='ocrx_word' id='word_1_769' title='bbox 1364 5746 1619 5800; x_wconf 90' lang='lat' dir='ltr'><strong>unquam</strong></span> <span class='ocrx_word' id='word_1_770' title='bbox 1659 5722 2052 5803; x_wconf 71' lang='lat' dir='ltr'><strong>prwtérm‘isit,</strong></span> 
     </span>
    </p>
   </div>
   <div class='ocr_carea' id='block_1_105' title="bbox 2142 4669 3741 4739">
    <p class='ocr_par' dir='ltr' id='par_1_105' title="bbox 2142 4669 3741 4739">
     <span class='ocr_line' id='line_1_105' title="bbox 2142 4669 3741 4739; baseline -0.003 -12"><span class='ocrx_word' id='word_1_771' title='bbox 2142 4689 2250 4727; x_wconf 91' lang='lat' dir='ltr'><strong>non</strong></span> <span class='ocrx_word' id='word_1_772' title='bbox 2282 4673 2453 4728; x_wconf 90' lang='lat' dir='ltr'><strong>fuisse</strong></span> <span class='ocrx_word' id='word_1_773' title='bbox 2483 4673 2897 4727; x_wconf 89' lang='lat' dir='ltr'><strong>Carthusienses</strong></span> <span class='ocrx_word' id='word_1_774' title='bbox 2926 4671 3014 4726; x_wconf 90' lang='lat' dir='ltr'><strong>vel</strong></span> <span class='ocrx_word' id='word_1_775' title='bbox 3045 4687 3110 4726; x_wconf 88' lang='lat' dir='ltr'><strong>ex</strong></span> <span class='ocrx_word' id='word_1_776' title='bbox 3138 4670 3247 4725; x_wconf 90' lang='lat' dir='ltr'><strong>illis</strong></span> <span class='ocrx_word' id='word_1_777' title='bbox 3294 4671 3411 4739; x_wconf 89' lang='lat' dir='ltr'><strong>ejus</strong></span> <span class='ocrx_word' id='word_1_778' title='bbox 3438 4669 3619 4725; x_wconf 89' lang='lat' dir='ltr'><strong>verbis</strong></span> <span class='ocrx_word' id='word_1_779' title='bbox 3648 4670 3741 4723; x_wconf 90' lang='lat' dir='ltr'><strong>in-</strong></span> 
     </span>
    </p>
   </div>
   <div class='ocr_carea' id='block_1_106' title="bbox 2141 4758 3743 4833">
    <p class='ocr_par' dir='ltr' id='par_1_106' title="bbox 2141 4758 3743 4833">
     <span class='ocr_line' id='line_1_106' title="bbox 2141 4758 3743 4833; baseline -0.002 -18"><span class='ocrx_word' id='word_1_780' title='bbox 2141 4761 2442 4833; x_wconf 88' lang='lat' dir='ltr'><strong>telligitur;</strong></span> <span class='ocrx_word' id='word_1_781' title='bbox 2482 4761 2622 4828; x_wconf 82' lang='lat' dir='ltr'><strong>Quia</strong></span> <span class='ocrx_word' id='word_1_782' title='bbox 2664 4777 2789 4817; x_wconf 85' lang='lat' dir='ltr'><strong>vero</strong></span> <span class='ocrx_word' id='word_1_783' title='bbox 2830 4759 3079 4832; x_wconf 87' lang='lat' dir='ltr'><strong>quidam,</strong></span> <span class='ocrx_word' id='word_1_784' title='bbox 3112 4775 3241 4815; x_wconf 87' lang='lat' dir='ltr'><strong>cum</strong></span> <span class='ocrx_word' id='word_1_785' title='bbox 3272 4758 3344 4813; x_wconf 89' lang='lat' dir='ltr'><strong>ad</strong></span> <span class='ocrx_word' id='word_1_786' title='bbox 3372 4761 3633 4814; x_wconf 86' lang='lat' dir='ltr'><strong>nostrum</strong></span> <span class='ocrx_word' id='word_1_787' title='bbox 3653 4758 3743 4813; x_wconf 84' lang='lat' dir='ltr'><strong>vel</strong></span> 
     </span>
    </p>
   </div>
   <div class='ocr_carea' id='block_1_107' title="bbox 2142 4846 3744 4919">
    <p class='ocr_par' dir='ltr' id='par_1_107' title="bbox 2142 4846 3744 4919">
     <span class='ocr_line' id='line_1_107' title="bbox 2142 4846 3744 4919; baseline -0.003 -14"><span class='ocrx_word' id='word_1_788' title='bbox 2142 4853 2392 4905; x_wconf 76' lang='lat' dir='ltr'><strong>vestrum</strong></span> <span class='ocrx_word' id='word_1_789' title='bbox 2402 4851 2752 4919; x_wconf 86' lang='lat' dir='ltr'><strong>propositum</strong></span> <span class='ocrx_word' id='word_1_790' title='bbox 2772 4850 3051 4913; x_wconf 88' lang='lat' dir='ltr'><strong>venerint,</strong></span> <span class='ocrx_word' id='word_1_791' title='bbox 3074 4848 3257 4903; x_wconf 85' lang='lat' dir='ltr'><strong>solent</strong></span> <span class='ocrx_word' id='word_1_792' title='bbox 3273 4847 3357 4902; x_wconf 87' lang='lat' dir='ltr'><strong>vel</strong></span> <span class='ocrx_word' id='word_1_793' title='bbox 3371 4846 3437 4901; x_wconf 89' lang='lat' dir='ltr'><strong>de</strong></span> <span class='ocrx_word' id='word_1_794' title='bbox 3456 4849 3651 4901; x_wconf 83' lang='lat' dir='ltr'><strong>nostro</strong></span> <span class='ocrx_word' id='word_1_795' title='bbox 3667 4846 3744 4901; x_wconf 88' lang='lat' dir='ltr'><strong>ad</strong></span> 
     </span>
    </p>
   </div>
   <div class='ocr_carea' id='block_1_108' title="bbox 2143 4936 3742 5007">
    <p class='ocr_par' dir='ltr' id='par_1_108' title="bbox 2143 4936 3742 5007">
     <span class='ocr_line' id='line_1_108' title="bbox 2143 4936 3742 5007; baseline -0.003 -15"><span class='ocrx_word' id='word_1_796' title='bbox 2143 4941 2413 5005; x_wconf 86' lang='lat' dir='ltr'><strong>vestrum,</strong></span> <span class='ocrx_word' id='word_1_797' title='bbox 2434 4938 2519 4992; x_wconf 89' lang='lat' dir='ltr'><strong>vel</strong></span> <span class='ocrx_word' id='word_1_798' title='bbox 2536 4937 2600 4992; x_wconf 86' lang='lat' dir='ltr'><strong>de</strong></span> <span class='ocrx_word' id='word_1_799' title='bbox 2618 4942 2798 4992; x_wconf 87' lang='lat' dir='ltr'><strong>vestro</strong></span> <span class='ocrx_word' id='word_1_800' title='bbox 2811 4937 2881 4991; x_wconf 89' lang='lat' dir='ltr'><strong>ad</strong></span> <span class='ocrx_word' id='word_1_801' title='bbox 2896 4939 3155 4992; x_wconf 87' lang='lat' dir='ltr'><strong>nostrum</strong></span> <span class='ocrx_word' id='word_1_802' title='bbox 3174 4936 3465 5007; x_wconf 86' lang='lat' dir='ltr'><strong>suspirare</strong></span> <span class='ocrx_word' id='word_1_803' title='bbox 3486 4954 3504 5001; x_wconf 88' lang='lat'><strong><em>;</em></strong></span> <span class='ocrx_word' id='word_1_804' title='bbox 3524 4949 3596 4989; x_wconf 88' lang='lat' dir='ltr'><strong>ne</strong></span> <span class='ocrx_word' id='word_1_805' title='bbox 3614 4948 3742 4989; x_wconf 88' lang='lat' dir='ltr'><strong>vero</strong></span> 
     </span>
    </p>
   </div>
   <div class='ocr_carea' id='block_1_109' title="bbox 2094 5021 3735 5095">
    <p class='ocr_par' dir='ltr' id='par_1_109' title="bbox 2094 5021 3735 5095">
     <span class='ocr_line' id='line_1_109' title="bbox 2094 5021 3735 5095; baseline -0.002 -15"><span class='ocrx_word' id='word_1_806' title='bbox 2094 5082 2100 5088; x_wconf 68' lang='grc'><em>,</em></span> <span class='ocrx_word' id='word_1_807' title='bbox 2146 5030 2199 5080; x_wconf 91' lang='lat' dir='ltr'><strong>et</strong></span> <span class='ocrx_word' id='word_1_808' title='bbox 2231 5025 2388 5080; x_wconf 84' lang='lat' dir='ltr'><strong>nobis</strong></span> <span class='ocrx_word' id='word_1_809' title='bbox 2410 5026 2730 5094; x_wconf 80' lang='lat' dir='ltr'><strong>huiusmodi</strong></span> <span class='ocrx_word' id='word_1_810' title='bbox 2752 5023 3202 5095; x_wconf 86' lang='lat' dir='ltr'><strong>suggestionibus</strong></span> <span class='ocrx_word' id='word_1_811' title='bbox 3223 5021 3735 5088; x_wconf 88' lang='lat' dir='ltr'><strong>tentatorilludat,</strong></span> 
     </span>
    </p>
   </div>
   <div class='ocr_carea' id='block_1_110' title="bbox 2146 5111 3739 5184">
    <p class='ocr_par' dir='ltr' id='par_1_110' title="bbox 2146 5111 3739 5184">
     <span class='ocr_line' id='line_1_110' title="bbox 2146 5111 3739 5184; baseline -0.003 -16"><span class='ocrx_word' id='word_1_812' title='bbox 2146 5114 2447 5169; x_wconf 85' lang='lat' dir='ltr'><strong>audiamus</strong></span> <span class='ocrx_word' id='word_1_813' title='bbox 2467 5114 2795 5184; x_wconf 84' lang='lat' dir='ltr'><strong>Apostolum</strong></span> <span class='ocrx_word' id='word_1_814' title='bbox 2806 5113 3085 5169; x_wconf 88' lang='lat' dir='ltr'><strong>dicentem</strong></span> <span class='ocrx_word' id='word_1_815' title='bbox 3105 5131 3122 5167; x_wconf 92' lang='lat'><strong><em>:</em></strong></span> <span class='ocrx_word' id='word_1_816' title='bbox 3144 5112 3523 5183; x_wconf 82' lang='lat' dir='ltr'><strong>Unusquisque</strong></span> <span class='ocrx_word' id='word_1_817' title='bbox 3539 5111 3601 5165; x_wconf 87' lang='lat' dir='ltr'><strong>in</strong></span> <span class='ocrx_word' id='word_1_818' title='bbox 3625 5125 3739 5179; x_wconf 84' lang='lat' dir='ltr'><strong>qua</strong></span> 
     </span>
    </p>
   </div>
   <div class='ocr_carea' id='block_1_111' title="bbox 2146 5197 3738 5271">
    <p class='ocr_par' dir='ltr' id='par_1_111' title="bbox 2146 5197 3738 5271">
     <span class='ocr_line' id='line_1_111' title="bbox 2146 5197 3738 5271; baseline -0.005 -13"><span class='ocrx_word' id='word_1_819' title='bbox 2146 5203 2433 5258; x_wconf 86' lang='lat' dir='ltr'><strong>vocatione</strong></span> <span class='ocrx_word' id='word_1_820' title='bbox 2452 5206 2682 5257; x_wconf 85' lang='lat' dir='ltr'><strong>vocatus</strong></span> <span class='ocrx_word' id='word_1_821' title='bbox 2698 5206 2799 5266; x_wconf 88' lang='lat' dir='ltr'><strong>est,</strong></span> <span class='ocrx_word' id='word_1_822' title='bbox 2816 5202 2878 5255; x_wconf 89' lang='lat' dir='ltr'><strong>in</strong></span> <span class='ocrx_word' id='word_1_823' title='bbox 2892 5218 2957 5257; x_wconf 85' lang='lat' dir='ltr'><strong>ea</strong></span> <span class='ocrx_word' id='word_1_824' title='bbox 2971 5204 3311 5271; x_wconf 86' lang='lat' dir='ltr'><strong>permaneat</strong></span> <span class='ocrx_word' id='word_1_825' title='bbox 3327 5199 3375 5265; x_wconf 92' lang='lat' dir='ltr'><strong>(I</strong></span> <span class='ocrx_word' id='word_1_826' title='bbox 3393 5197 3738 5266; x_wconf 77' lang='lat' dir='ltr'><strong>Cor.vu,20).</strong></span> 
     </span>
    </p>
   </div>
   <div class='ocr_carea' id='block_1_112' title="bbox 2151 5284 3745 5361">
    <p class='ocr_par' dir='ltr' id='par_1_112' title="bbox 2151 5284 3745 5361">
     <span class='ocr_line' id='line_1_112' title="bbox 2151 5284 3745 5361; baseline -0.004 -16"><span class='ocrx_word' id='word_1_827' title='bbox 2151 5310 2158 5318; x_wconf 77' lang='grc'><em>’</em></span> <span class='ocrx_word' id='word_1_828' title='bbox 2222 5290 2414 5346; x_wconf 90' lang='lat' dir='ltr'><strong>Fuisse</strong></span> <span class='ocrx_word' id='word_1_829' title='bbox 2441 5299 2621 5345; x_wconf 89' lang='lat' dir='ltr'><strong>tamen</strong></span> <span class='ocrx_word' id='word_1_830' title='bbox 2655 5306 2752 5361; x_wconf 89' lang='lat' dir='ltr'><strong>per</strong></span> <span class='ocrx_word' id='word_1_831' title='bbox 2772 5291 2890 5345; x_wconf 71' lang='lat' dir='ltr'><strong>haec</strong></span> <span class='ocrx_word' id='word_1_832' title='bbox 2919 5289 3040 5360; x_wconf 89' lang='lat' dir='ltr'><strong>ipsa</strong></span> <span class='ocrx_word' id='word_1_833' title='bbox 3081 5297 3321 5357; x_wconf 89' lang='lat' dir='ltr'><strong>tempora</strong></span> <span class='ocrx_word' id='word_1_834' title='bbox 3344 5286 3589 5355; x_wconf 84' lang='lat' dir='ltr'><strong>ejusdem</strong></span> <span class='ocrx_word' id='word_1_835' title='bbox 3606 5284 3745 5339; x_wconf 90' lang='lat' dir='ltr'><strong>tituli</strong></span> 
     </span>
    </p>
   </div>
   <div class='ocr_carea' id='block_1_113' title="bbox 2148 5375 3745 5450">
    <p class='ocr_par' dir='ltr' id='par_1_113' title="bbox 2148 5375 3745 5450">
     <span class='ocr_line' id='line_1_113' title="bbox 2148 5375 3745 5450; baseline -0.004 -17"><span class='ocrx_word' id='word_1_836' title='bbox 2148 5379 2372 5433; x_wconf 90' lang='lat' dir='ltr'><strong>domum</strong></span> <span class='ocrx_word' id='word_1_837' title='bbox 2400 5378 2640 5450; x_wconf 90' lang='lat' dir='ltr'><strong>aliquam</strong></span> <span class='ocrx_word' id='word_1_838' title='bbox 2695 5377 2907 5433; x_wconf 90' lang='lat' dir='ltr'><strong>ordinis</strong></span> <span class='ocrx_word' id='word_1_839' title='bbox 2963 5375 3387 5440; x_wconf 89' lang='lat' dir='ltr'><strong>Carthusiensis,</strong></span> <span class='ocrx_word' id='word_1_840' title='bbox 3419 5391 3485 5429; x_wconf 83' lang='lat' dir='ltr'><strong>ex</strong></span> <span class='ocrx_word' id='word_1_841' title='bbox 3515 5388 3581 5429; x_wconf 90' lang='lat' dir='ltr'><strong>eo</strong></span> <span class='ocrx_word' id='word_1_842' title='bbox 3609 5388 3745 5443; x_wconf 88' lang='lat' dir='ltr'><strong>pro-</strong></span> 
     </span>
    </p>
   </div>
   <div class='ocr_carea' id='block_1_114' title="bbox 2146 5460 3749 5538">
    <p class='ocr_par' dir='ltr' id='par_1_114' title="bbox 2146 5460 3749 5538">
     <span class='ocr_line' id='line_1_114' title="bbox 2146 5460 3749 5538; baseline -0.002 -18"><span class='ocrx_word' id='word_1_843' title='bbox 2146 5466 2268 5521; x_wconf 71' lang='lat' dir='ltr'><strong>bari</strong></span> <span class='ocrx_word' id='word_1_844' title='bbox 2288 5466 2502 5521; x_wconf 90' lang='lat' dir='ltr'><strong>videtur</strong></span> <span class='ocrx_word' id='word_1_845' title='bbox 2529 5466 2674 5538; x_wconf 91' lang='lat' dir='ltr'><strong>quod</strong></span> <span class='ocrx_word' id='word_1_846' title='bbox 2704 5466 2848 5521; x_wconf 90' lang='lat' dir='ltr'><strong>circa</strong></span> <span class='ocrx_word' id='word_1_847' title='bbox 2904 5479 3107 5519; x_wconf 88' lang='lat' dir='ltr'><strong>annum</strong></span> <span class='ocrx_word' id='word_1_848' title='bbox 3144 5463 3343 5519; x_wconf 88' lang='lat' dir='ltr'><strong>Christi</strong></span> <span class='ocrx_word' id='word_1_849' title='bbox 3375 5464 3529 5527; x_wconf 91' lang='lat'><strong>1130,</strong></span> <span class='ocrx_word' id='word_1_850' title='bbox 3565 5460 3749 5533; x_wconf 85' lang='lat' dir='ltr'><strong>Guigo</strong></span> 
     </span>
    </p>
   </div>
   <div class='ocr_carea' id='block_1_115' title="bbox 2151 5548 3745 5625">
    <p class='ocr_par' dir='ltr' id='par_1_115' title="bbox 2151 5548 3745 5625">
     <span class='ocr_line' id='line_1_115' title="bbox 2151 5548 3745 5625; baseline -0.005 -16"><span class='ocrx_word' id='word_1_851' title='bbox 2151 5554 2427 5625; x_wconf 71' lang='lat' dir='ltr'><strong>primariae</strong></span> <span class='ocrx_word' id='word_1_852' title='bbox 2475 5554 2778 5609; x_wconf 62' lang='lat' dir='ltr'><strong>Carthusiaa</strong></span> <span class='ocrx_word' id='word_1_853' title='bbox 2834 5552 3053 5623; x_wconf 88' lang='lat' dir='ltr'><strong>quintus</strong></span> <span class='ocrx_word' id='word_1_854' title='bbox 3091 5551 3254 5623; x_wconf 90' lang='lat' dir='ltr'><strong>prior,</strong></span> <span class='ocrx_word' id='word_1_855' title='bbox 3308 5557 3504 5605; x_wconf 86' lang='lat' dir='ltr'><strong>statuta</strong></span> <span class='ocrx_word' id='word_1_856' title='bbox 3534 5548 3619 5601; x_wconf 85' lang='lat' dir='ltr'><strong>sui</strong></span> <span class='ocrx_word' id='word_1_857' title='bbox 3644 5563 3745 5602; x_wconf 90' lang='lat' dir='ltr'><strong>or-</strong></span> 
     </span>
    </p>
   </div>
   <div class='ocr_carea' id='block_1_116' title="bbox 2153 5636 3749 5709">
    <p class='ocr_par' dir='ltr' id='par_1_116' title="bbox 2153 5636 3749 5709">
     <span class='ocr_line' id='line_1_116' title="bbox 2153 5636 3749 5709; baseline -0.003 -12"><span class='ocrx_word' id='word_1_858' title='bbox 2153 5642 2295 5697; x_wconf 88' lang='lat' dir='ltr'><strong>dinis</strong></span> <span class='ocrx_word' id='word_1_859' title='bbox 2318 5658 2349 5695; x_wconf 89' lang='lat' dir='ltr'><strong>a</strong></span> <span class='ocrx_word' id='word_1_860' title='bbox 2383 5658 2441 5695; x_wconf 90' lang='lat' dir='ltr'><strong>se</strong></span> <span class='ocrx_word' id='word_1_861' title='bbox 2481 5658 2677 5696; x_wconf 88' lang='lat' dir='ltr'><strong>recens</strong></span> <span class='ocrx_word' id='word_1_862' title='bbox 2734 5640 3043 5709; x_wconf 87' lang='lat' dir='ltr'><strong>conscripta</strong></span> <span class='ocrx_word' id='word_1_863' title='bbox 3100 5637 3430 5708; x_wconf 89' lang='lat' dir='ltr'><strong>nuncupavit</strong></span> <span class='ocrx_word' id='word_1_864' title='bbox 3464 5636 3749 5692; x_wconf 85' lang='lat' dir='ltr'><strong>Bernardo</strong></span> 
     </span>
    </p>
   </div>
   <div class='ocr_carea' id='block_1_117' title="bbox 2156 5722 3749 5800">
    <p class='ocr_par' dir='ltr' id='par_1_117' title="bbox 2156 5722 3749 5800">
     <span class='ocr_line' id='line_1_117' title="bbox 2156 5722 3749 5800; baseline -0.003 -15"><span class='ocrx_word' id='word_1_865' title='bbox 2156 5732 2459 5795; x_wconf 84' lang='lat' dir='ltr'><strong>Portarum,</strong></span> <span class='ocrx_word' id='word_1_866' title='bbox 2495 5729 2549 5785; x_wconf 92' lang='lat' dir='ltr'><strong>S.</strong></span> <span class='ocrx_word' id='word_1_867' title='bbox 2603 5729 2827 5800; x_wconf 89' lang='lat' dir='ltr'><strong>Sulpicii</strong></span> <span class='ocrx_word' id='word_1_868' title='bbox 2856 5737 2909 5784; x_wconf 90' lang='lat' dir='ltr'><strong>et</strong></span> <span class='ocrx_word' id='word_1_869' title='bbox 2939 5727 3123 5783; x_wconf 81' lang='lat' dir='ltr'><strong>Miloni</strong></span> <span class='ocrx_word' id='word_1_870' title='bbox 3163 5725 3421 5795; x_wconf 84' lang='lat' dir='ltr'><strong>Majorevi</strong></span> <span class='ocrx_word' id='word_1_871' title='bbox 3449 5722 3749 5797; x_wconf 77' lang='lat' dir='ltr'><strong>pridribus.</strong></span> 
     </span>
    </p>
   </div>
  </div>
