3938 6414
341 368 447 421 797

1308 360 1513 417 LIBER
1541 362 1637 416 DE
1665 359 2050 418 EXERCITIO
2082 361 2344 417 CELLE.
2379 392 2448 404 —
2470 362 2691 419 PREF.

3546 371 3651 425 798

344 485 633 556 Quomodo
660 485 807 541 enim
849 483 1152 557 disciplina
1181 499 1295 540 sua
1361 484 1677 541 domesticae
1731 500 1966 541 arcanas
1992 492 2047 547 Α

343 576 499 648 leges
518 573 726 630 homini
776 582 1007 629 externo
1071 572 1552 646 recognoscendas
1581 573 1666 629 vir
1713 574 1960 644 pruden-

344 663 587 718 tissimus
616 660 1010 717 transmitteret
1053 662 1081 716 Ἰ
1109 670 1199 715 aut
1258 660 1532 732 quomodo
1564 676 1688 717 cum
1746 662 1959 717 duobus

343 750 722 807 Carthusianis
766 750 1043 821 prioribus
1092 749 1314 804 tertium
1372 750 1793 805 Cisterciensem
1829 751 1954 805 illa-

348 856 469 895 rum
527 838 816 894 arbitrium
870 854 995 893 esse
1053 838 1385 908 pateretur?
1414 838 1582 907 Hujus
1625 838 1681 893 S.
1733 838 1955 909 Sulpicii

350 927 650 985 Carthusia
702 925 935 999 vestigia
994 926 1291 981 etiamnum
1346 942 1638 997 superesse
1708 924 1957 982 nonnulli

340 1015 632 1085 afﬁrmant,
664 1015 808 1070 haud
834 1014 1027 1085 procul
1052 1014 1273 1069 abbatia
1303 1015 1360 1070 S.
1396 1014 1621 1085 Sulpicii
1633 1014 1952 1070 Cistercien~

344 1105 503 1171 sium,
572 1103 629 1158 in
657 1102 884 1159 dioecesi
928 1101 1234 1169 Bellicensi,
1288 1101 1410 1158 loco
1474 1102 1719 1172 ejusdem
1755 1104 1955 1159 montis

343 1191 682 1247 abditissimo
712 1206 776 1247 ac
821 1205 965 1262 pene
1014 1190 1319 1256 inaccesso,
1378 1207 1542 1262 quem
1581 1191 1853 1265 hodieque
1882 1192 1951 1247 ab

341 1279 617 1353 indigenis
646 1279 973 1335 Carthosam
1018 1278 1243 1334 vocitari
1282 1277 1493 1335 dicunt.
1534 1280 1603 1335 At
1649 1279 1953 1336 Guicheno-

342 1384 466 1435 nus,
495 1367 552 1422 in
579 1366 814 1423 Historia
834 1366 1015 1432 citata,
1047 1374 1262 1423 exstare
1308 1367 1381 1421 ait
1409 1366 1465 1421 in
1482 1368 1799 1440 episcopatu
1817 1368 1952 1424 Gra-

342 1455 735 1528 tianopolitano
761 1456 1154 1511 monasterium
1184 1455 1459 1527 quoddam
1488 1455 1544 1512 S.
1570 1457 1795 1528 Sulpicii
1841 1473 1947 1512 no-

339 1544 503 1612 mine,
573 1543 721 1617 quod
773 1544 903 1600 olim
958 1544 1429 1600 Carthusiensium
1505 1544 1674 1601 fuisse
1730 1546 1944 1602 asserit.

338 1633 467 1689 Hac
494 1631 543 1687 si
569 1646 704 1688 vera
732 1638 877 1700 sunt,
911 1632 1104 1687 harum
1134 1630 1543 1687 Carthusiarum
1583 1633 1830 1689 alterutri
1857 1634 1948 1690 ille

341 1719 584 1793 (opinor)
611 1718 892 1792 prafuerit
922 1720 1253 1777 Humbertus
1282 1719 1457 1791 prior,
1486 1722 1640 1792 cujus
1669 1722 1725 1778 in
1768 1729 1944 1779 statu-

341 1816 521 1866 tornm
546 1807 869 1881 prafatione
895 1808 1142 1865 meminit
1192 1808 1399 1883 Guigo.

351 2005 404 2061 V.
435 2003 753 2081 Alexandri
772 2005 942 2081 Papa
967 2004 1049 2081 _IlI
1069 2006 1306 2081 epistola
1328 2006 1402 2061 ad
1417 2006 1774 2081 Arthaudum
1791 2008 1943 2081 prio-

506 2091 631 2132 rem
650 2075 915 2143 Arveria,
945 2075 1011 2133 de
1030 2075 1335 2133 schismate
1353 2079 1446 2133 sui
1485 2081 1768 2151 temporis.

407 2253 581 2323 Hujus
609 2251 854 2323 epistola
882 2251 1173 2323 pontiﬁcia
1199 2255 1601 2326 autographum
1626 2261 1785 2312 vetus
1816 2271 1942 2327 per-

338 2341 572 2414 legimus
590 2340 696 2412 ipsi
721 2341 775 2396 in
797 2340 1086 2397 Carthusia
1112 2342 1377 2399 Arveria.
1398 2343 1686 2399 Celebrato
1708 2344 1944 2399 Turonis

339 2429 571 2487 concilio
600 2429 672 2485 ad
691 2444 895 2485 annum
924 2444 975 2486 c.
1010 2433 1146 2485 1163
1164 2470 1179 2499 ,
1211 2430 1521 2487 Alexander
1551 2448 1691 2504 papa
1719 2433 1943 2489 adcivi-

342 2522 519 2575 tatem
528 2519 909 2576 Senonensem
920 2524 1247 2576 moraturus
1258 2523 1517 2587 accessit,
1532 2522 1800 2593 quoniam
1818 2522 1944 2593 ipsa

338 2608 663 2679 metropolis
692 2607 856 2663 valde
875 2609 1122 2678 formosa
1139 2611 1265 2663 erat
1287 2612 1344 2664 et
1361 2610 1594 2678 fertilis.
1618 2610 1682 2663 In
1703 2626 1807 2681 quo
1827 2611 1942 2665 loco

338 2711 375 2750 a
399 2696 664 2752 Kalendis
697 2694 947 2752 Octobris
974 2712 1148 2766 usque
1169 2695 1242 2751 ad
1275 2698 1494 2752 Pascha
1529 2697 1767 2752 secundi
1799 2699 1946 2753 anni

336 2798 555 2840 moram
570 2784 906 2840 diuturnam
917 2784 1156 2855 faciens,
1186 2785 1527 2840 universalis
1562 2786 1943 2842 Ecclesiaene-

340 2873 497 2944 gotia
508 2872 653 2927 inibi
667 2887 769 2944 pro
780 2873 872 2928 sui
892 2871 1073 2927 debito
1090 2872 1267 2944 ofﬁcii
1289 2875 1683 2945 pertractavit.
1701 2873 1790 2929 Sic
1810 2874 1946 2929 Acta

338 2960 497 3029 hujus
526 2958 816 3031 pontificis,
841 2976 908 3015 ex
934 2959 1122 3015 codice
1154 2960 1439 3028 Vaticano,
1465 2961 1609 3031 apud
1651 2962 1945 3017 Baronium

339 3063 483 3104 anno
512 3047 710 3103 Christi
739 3050 899 3115 1163,
929 3064 1085 3103 num.
1123 3052 1209 3103 18.
1240 3048 1377 3104 Cum
1405 3048 1571 3120 igitur
1599 3065 1666 3104 ex
1694 3049 1777 3103 his
1807 3065 1944 3105 con-

338 3144 444 3192 stet
491 3135 861 3192 Alexandrum
915 3135 1229 3206 pontiﬁcem
1273 3137 1330 3191 in
1376 3137 1589 3193 civitate
1642 3138 1945 3193 Senonensi

338 3224 635 3292 habitasse,
668 3240 702 3280 a
729 3197 993 3280 Kalendis
1037 3224 1294 3281 Octobris
1331 3225 1457 3280 anni
1506 3229 1643 3280 1163
1674 3243 1846 3298 usque
1875 3227 1944 3281 ad

338 3313 546 3369 Pascha
587 3313 715 3368 anni
744 3315 902 3380 1165,
951 3320 1006 3369 et
1061 3313 1189 3369 data
1229 3313 1299 3369 sit
1338 3315 1458 3371 hac
1491 3314 1561 3369 ad
1606 3316 1943 3370 Arthaudum

335 3401 584 3473 epistola,
621 3402 853 3458 Senonis
869 3409 1064 3474 quarto
1094 3401 1369 3458 Kalendas
1393 3402 1590 3472 Martii,
1612 3418 1777 3475 quam
1798 3404 1943 3459 diem

336 3490 540 3546 ibidem
567 3490 677 3562 egit
706 3492 859 3545 annis
902 3489 1117 3546 duobus
1164 3491 1627 3563 consequentibus
1662 3510 1677 3558 ;
1720 3491 1940 3547 dubium

336 3578 509 3634 haret
537 3594 606 3633 an
634 3578 704 3635 ad
724 3594 928 3635 annum
960 3579 1118 3646 1164,
1152 3578 1238 3634 vel
1264 3582 1420 3645 1165,
1451 3578 1737 3636 referenda
1777 3580 1866 3635 sit.

408 3668 491 3723 De
517 3667 818 3735 Arthaudo,
845 3665 960 3723 sive
979 3665 1241 3723 Artholdo
1280 3667 1465 3739 priore
1486 3668 1732 3725 Arveria
1751 3668 1864 3741 (qui
1887 3675 1946 3724 ut

336 3756 526 3812 beatus
548 3755 694 3828 apud
723 3770 853 3811 suos
868 3755 1063 3813 colitur
1089 3755 1268 3827 pridie
1296 3756 1485 3812 Nonas
1516 3755 1795 3827 Octobris)
1825 3759 1944 3814 hac

335 3844 392 3900 in
421 3844 595 3901 sacris
621 3843 774 3902 fastis
803 3844 1063 3901 adnotata
1112 3852 1239 3899 sunt
1287 3859 1301 3899 ε
1355 3846 1445 3902 Vir
1471 3846 1572 3901 Dei
1594 3845 1939 3913 Arthaudus,

335 3950 410 3989 ex
440 3932 825 3999 ,Carthusiano
862 3949 1022 4005 grege
1056 3933 1128 3989 ad
1156 3934 1527 3990 Bellicensem
1555 3935 1943 4005 praesulatum

334 4024 616 4090 arctatus,
631 4022 787 4078 senio
803 4025 1100 4091 confectus
1121 4021 1193 4078 ad
1207 4022 1453 4078 claustri
1472 4023 1564 4078 sui
1578 4023 1828 4094 quietem
1848 4039 1943 4079 re-

334 4119 514 4186 diens,
537 4121 602 4176 in
645 4119 891 4175 Aruerizz
923 4134 1109 4175 eremo
1129 4121 1194 4174 in
1216 4135 1354 4191 pace
1385 4118 1495 4175 Deo
1515 4119 1787 4190 spiritum
1807 4120 1942 4175 red-

336 4207 501 4263 didit.
554 4207 861 4278 Episcopus
909 4206 1228 4263 Bellicensis
1255 4214 1380 4277 post
1420 4198 1746 4263 Rainaldum
1774 4206 1946 4263 fuisse

332 4295 611 4365 scribitur,
639 4296 709 4350 ab
738 4310 881 4351 anno
908 4294 1107 4350 Christi
1138 4297 1275 4350 1184
1309 4294 1381 4351 ad
1413 4298 1572 4351 1190.
1596 4294 1809 4351 Exinde
1839 4296 1944 4367 pri.

328 4392 482 4440 vatus
498 4383 634 4441 vixit
650 4384 719 4439 ad
737 4383 982 4439 ultimam
1006 4399 1180 4456 usque
1196 4391 1436 4450 atatem,
1462 4390 1516 4440 et
1531 4399 1734 4439 annum
1746 4384 1943 4440 Christi

331 4476 491 4530 1206.
525 4473 669 4529 Sane
707 4488 832 4529 cum
860 4472 1010 4527 illum
1040 4472 1100 4526 in
1155 4488 1342 4528 eremo
1396 4472 1641 4528 Arveria
1688 4472 1944 4529 latentem

2069 592 2909 672 VI.‘App_cndi.jr,__probationes
2950 599 3250 672 continens
3301 614 3497 672 eorum
3536 616 3660 672 qua:

2130 663 2194 740 de
2216 663 2419 740 primis
2437 663 2614 740 tribus
2634 666 2940 740 Bernardis
2954 669 3259 723 Portarum
3274 663 3575 740 prioribus,
3600 675 3660 727 et

2131 733 2217 786 his
2235 734 2453 803 illigato
2472 735 2789 809 Nantelmo,
2804 738 2876 791 ad
2888 738 3058 808 hujus
3068 733 3433 809 prafationis
3456 733 3657 797 nume-

2130 819 2259 857 rum
2294 804 2605 860 secundum
2653 804 2972 878 disputata
2999 804 3156 864 sunt.
3192 804 3221 863 ’κ

2128 925 2227 981 Ηίο
2242 941 2451 981 moram
2480 926 2660 983 facere
2689 929 2880 999 possit,
2915 930 2982 984 ad
3004 931 3163 1001 hujus
3180 933 3511 1004 Appendicis
3527 951 3582 991 n.
3602 938 3656 1003 4,

2055 1011 2290 1083 diploma
2327 1014 2578 1070 Rainaldi
2607 1017 2985 1087 Lugdunensis
3010 1020 3429 1093 archiepiscopi,
3454 1022 3525 1078 de
3554 1038 3659 1079 no-

2051 1100 2198 1156 mine
2229 1109 2280 1157 et
2305 1102 2520 1175 origine
2538 1104 2818 1173 Majorevi,
2853 1113 2907 1161 et
2936 1122 3058 1177 qua
3099 1107 3156 1162 in
3174 1124 3241 1164 eo
3280 1109 3662 1166 describuntur

2052 1190 2300 1260 superius
2329 1205 2504 1247 avum
2538 1193 2861 1262 spectantia.
2897 1194 3144 1250 Vidimus
3200 1205 3349 1253 certe
3372 1198 3458 1253 his
3486 1198 3659 1255 oculis

2050 1277 2107 1331 in
2136 1278 2359 1335 archivo
2389 1280 2664 1349 Majorevi,
2699 1281 2916 1337 tabulas
2965 1283 3216 1340 Rainaldi
3260 1287 3656 1359 autographae,

2050 1365 2392 1438 datasAprili
2405 1384 2594 1425 mense
2625 1370 2754 1425 anni
2782 1375 2938 1439 1213,
2973 1379 3025 1428 et
3047 1374 3163 1443 ejus
3199 1373 3381 1446 sigillo
3397 1373 3653 1431 munitas.

2048 1455 2117 1509 Ut
2146 1454 2369 1512 minime
2390 1456 2615 1512 dubium
2655 1458 2742 1524 sit,
2802 1458 2929 1531 quin
2961 1461 3008 1515 si
3035 1460 3091 1515 in
3143 1461 3431 1532 probando
3486 1477 3657 1520 excu-

2048 1542 2339 1615 tiendoque
2371 1546 2734 1602 Valentiniani
2787 1548 3078 1622 privilegio
3119 1558 3407 1622 peccatum
3438 1558 3538 1620 est,
3600 1550 3657 1607 id

2044 1632 2247 1687 erroris
2267 1633 2537 1690 Rainaldo
2566 1635 2674 1706 ipsi
2712 1636 3143 1710 archiepiscopo,
3177 1646 3266 1694 aut
3294 1639 3410 1708 ejus
3438 1639 3656 1696 cancel-

2044 1720 2158 1775 ario
2184 1721 2533 1777 tribuendum
2577 1724 2665 1779 sit.
2715 1725 2831 1781 Nec
2866 1733 3101 1781 tamena
3128 1726 3396 1783 Rainaldo
3443 1726 3657 1784 descri-

1959 1839 2013 1902 Β
2045 1808 2248 1864 buntur
2269 1810 2635 1866 Valentiniani
2655 1811 2826 1883 ipsius
2855 1812 3075 1881 tabula,
3108 1814 3207 1870 sed
3251 1815 3503 1885 quaedam
3530 1822 3656 1870 tan-

2045 1904 2156 1952 tum
2185 1898 2437 1954 beneficii
2457 1899 2526 1954 ab
2557 1916 2624 1957 eo
2654 1900 2710 1955 in
2736 1902 3075 1970 Majorevum
3106 1902 3289 1959 collati
3335 1902 3653 1972 declaratio,

2040 2003 2162 2059 quae
2186 1987 2435 2058 pluribus
2462 1996 2589 2060 post
2613 1988 3054 2046 Valentinianum
3072 1992 3288 2048 saculis
3305 2007 3338 2048 ο.
3353 1992 3650 2049 tabellione

2042 2075 2317 2147 quopiam,
2351 2077 2494 2147 apud
2543 2079 2850 2145 Isernoros,
2913 2078 3029 2135 sive
3077 2080 3464 2137 Isarnodornm
3524 2096 3655 2137 con-

2041 2163 2209 2220 scribi
2234 2165 2408 2236 potuit
2445 2185 2460 2232 ;
2492 2180 2557 2222 ac
2575 2167 2891 2224 meminisse
2925 2167 3202 2240 privilegii
3238 2169 3515 2238 Majorevo
3539 2170 3656 2240 jam

2041 2252 2173 2307 olim
2202 2253 2470 2309 concessi.
2503 2253 2665 2323 Quod
2709 2255 2879 2311 refert
2930 2255 3241 2327 adnotasse,
3298 2274 3369 2312 ne
3398 2258 3519 2330 quis
3567 2258 3656 2314 hic

2042 2341 2429 2413 ascriptionem
2465 2342 2797 2411 consulatus,
2839 2351 2928 2399 aut
2980 2351 3237 2401 cateram
3266 2345 3654 2417 rescriptorum

2040 2429 2406 2501 imperialium
2423 2428 2657 2487 formam
2696 2432 3011 2500 desideret;
3043 2432 3132 2489 vel
3160 2441 3423 2489 causetur
3451 2433 3652 2490 absen-

2042 2519 2174 2573 tiam
2194 2517 2556 2574 Valentiniani
2586 2520 2656 2574 ab
2703 2520 3031 2576 Isarnodoro
3061 2520 3278 2591 (Insula
3336 2520 3563 2578 Gallica
3593 2529 3649 2578 et

2044 2606 2488 2673 Sebusianorum,
2551 2623 2648 2662 seu
2706 2609 2883 2664 mavis
2933 2609 3363 2681 Segusianorum
3427 2610 3652 2683 oppido)

2042 2710 2185 2750 anno
2215 2697 2338 2761 385,
2374 2709 2497 2750 cum
2543 2694 2752 2750 Gallias
2792 2696 3071 2752 obtinente
3109 2698 3344 2753 Maximo
3400 2705 3650 2769 tyranno,

2043 2782 2455 2838 Valentinianus
2487 2799 2609 2838 sese
2638 2783 2693 2837 in
2725 2784 2884 2839 Italia
2917 2784 3238 2841 contineret.
3272 2785 3413 2841 Nam
3470 2786 3658 2842 datum

2045 2887 2168 2928 esse
2196 2870 2368 2941 potuit
2396 2886 2430 2926 a
2473 2871 2854 2927 Valentiniano
2910 2872 3257 2946 privilegium
3299 2875 3505 2942 Roma,
3564 2882 3657 2931 aut

2043 2959 2353 3025 Mediolani,
2369 2958 2546 3015 aliove
2568 2960 2735 3016 Italia
2757 2960 2899 3027 loco,
2916 2962 3061 3032 quod
3082 2961 3250 3035 longo
3269 2970 3390 3033 post
3411 2970 3653 3035 tempore

2045 3042 2186 3098 datis
2214 3043 2525 3098 Isarnodori
2560 3044 2760 3099 tabulis
2781 3045 3173 3101 declararetur.
3208 3047 3376 3116 Hujus
3403 3062 3536 3104 vero
3564 3064 3655 3104 ce-

2046 3131 2359 3188 clarationis
2387 3131 2435 3186 si
2480 3132 2775 3188 Rainaldus
2809 3133 3203 3206 archiepiscop.
3237 3135 3391 3190 aurei
3432 3135 3596 3207 sigilli
3623 3152 3655 3192 a

2044 3237 2103 3276 se
2131 3220 2233 3276 visi
2254 3220 2577 3276 emblemata
2619 3221 3025 3293 descripsisset,
3075 3223 3144 3278 de
3174 3221 3282 3281 ﬁde
3318 3223 3461 3279 illius
3489 3232 3669 3296 atque,

2045 3309 2359 3381 antiquitate
2388 3309 2582 3365 liberet
2613 3309 2944 3366 ratiocinari.
2979 3312 3040 3366 In
3069 3311 3301 3379 cateris,
3336 3312 3481 3384 quod
3510 3312 3653 3369 scri-

2045 3406 2198 3469 ptum
2228 3397 2351 3452 falsi
2380 3400 2699 3470 redarguat,
2732 3398 2867 3454 nihil
2897 3414 3159 3472 agnosco.
3197 3400 3383 3456 Casus
3413 3408 3494 3456 est
3524 3401 3652 3458 dolo

2044 3486 2367 3559 Arbogastis
2419 3486 2833 3543 Valentinianus
2882 3488 3088 3556 junior,
3133 3503 3278 3544 anno
3319 3490 3536 3561 imperii
3566 3490 3652 3547 sui

2047 3576 2132 3641 t7,
2183 3574 2421 3631 Arcadio
2452 3575 2500 3630 II
2544 3582 2598 3632 et
2643 3574 2860 3632 Rufﬁno
2907 3576 3261 3644 consulibus;
3317 3585 3369 3633 et
3432 3577 3650 3650 quidem

2045 3664 2126 3733 (ut
2160 3671 2313 3719 notat
2339 3663 2678 3735 Epiphanius
2706 3664 2761 3719 in
2785 3664 2971 3720 libello
3001 3665 3069 3721 de
3095 3666 3367 3721 mensuris
3418 3673 3472 3722 et
3508 3682 3651 3738 pon-

2044 3752 2286 3822 deribus)
2319 3752 2505 3807 Idibus
2525 3752 2672 3820 Maii,
2705 3753 2793 3808 die
2824 3752 3067 3821 Sabbati,
3093 3753 3271 3825 pridie
3299 3754 3651 3812 Pentecostes

2045 3858 2167 3913 qua
2186 3848 2300 3896 tum
2331 3841 2388 3895 in
2428 3856 2549 3896 xvn
2596 3838 2873 3897 Kalendas
2920 3841 3112 3898 lunias
3168 3842 3499 3911 incurrebat,
3530 3860 3651 3915 qua

2044 3930 2229 3986 omnia
2249 3945 2450 3985 annum
2497 3930 2787 4003 designant
2824 3945 2947 3987 aera
2995 3931 3316 3988 Christiana
3363 3936 3486 3991 392.
3538 3932 3650 3989 Sed

2036 4019 2368 4090 jampridem
2405 4020 2547 4075 inter
2602 4020 2967 4092 Arbogastem
2998 4028 3051 4076 et
3088 4020 3531 4077 Valentinianum
3559 4021 3650 4077 in-

2043 4107 2331 4164 valuerant
2359 4107 2487 4162 odia
2515 4114 2568 4162 et
2596 4108 2957 4179 suspiciones,
2974 4116 3035 4165 ut
3064 4108 3329 4181 colligere
3367 4118 3450 4166 est
3474 4109 3563 4167 vel
3582 4127 3649 4167 ex

2044 4194 2278 4263 Zosimo,
2320 4195 2459 4250 libro
2516 4204 2732 4267 quarto.
2779 4196 2984 4253 Inierat
3043 4197 3456 4254 Valentinianus
3500 4198 3647 4255 idem

2043 4291 2168 4355 post
2194 4290 2424 4338 mortem
2448 4284 2621 4354 patris
2667 4284 3030 4356 cognominis,
3065 4299 3099 4339 a
3144 4285 3233 4341 die
3282 4301 3321 4340 χ
3370 4286 3647 4343 Kalendas

2042 4371 2382 4439 Decembris,
2414 4387 2560 4427 anno
2590 4372 2790 4427 Christi
2819 4376 2943 4440 375,
2977 4374 3041 4428 P.
3081 4373 3141 4427 C.
3202 4373 3449 4429 Gratiani
3485 4390 3546 4429 nt
3593 4383 3648 4432 et

2044 4461 2243 4533 Equitii
2290 4460 2504 4517 decimo
2548 4469 2674 4533 post
2727 4476 2890 4529 anno,
2951 4460 3147 4517 Christi
3195 4465 3317 4517 385.
3387 4464 3647 4532 Majorevi

328 4560 511 4616 invisit
540 4561 602 4617 S.
642 4562 801 4634 Hugo
849 4560 1140 4632 episcOpus
1184 4560 1581 4616 Lincolniensis
1617 4561 1824 4630 (aestate
1855 4554 2012 4617 ni-D
2041 4549 2422 4607 Valentiniano
2453 4564 2486 4604 a
2514 4549 2797 4616 cubiculis,
2840 4549 3036 4605 tentari
3058 4551 3172 4619 jam
3201 4550 3375 4621 potuit
3406 4549 3544 4607 fides
3574 4552 3646 4607 ab

326 4649 525 4704 mirum
552 4649 679 4704 anni
693 4651 871 4718 1200),
910 4653 1267 4721 processerat
1284 4651 1345 4704 in
1362 4648 1554 4705 diebus
1571 4649 1707 4718 suis,
1725 4657 1783 4704 ut
1805 4649 1941 4706 Vita

330 4737 393 4793 S.
434 4737 682 4811 Hugonis
713 4745 923 4804 auctor,
957 4737 1074 4806 ejus
1103 4736 1348 4809 aqualis,
1402 4736 1495 4809 qui
1524 4744 1576 4793 et
1604 4736 1752 4792 addit
1783 4752 1796 4792 :
1830 4739 1941 4794 Nec

328 4826 637 4882 dissimiles
650 4829 817 4881 erant
838 4826 1022 4881 animi
1035 4842 1147 4897 pan
1157 4826 1297 4894 tiﬂci
1317 4829 1533 4891 nostra,
1551 4826 1684 4881 licet
1697 4827 1760 4881 in
1772 4830 1941 4883 aetate

329 4914 620 4970 dissimili.
641 4913 911 4968 Nimirum
937 4913 1329 4985 sexagenarius
1380 4921 1492 4968 tum
1524 4921 1639 4969 erat
1669 4914 1725 4969 S.
1758 4914 1937 4986 Hugo,

327 5009 560 5075 quatuor
590 5001 703 5058 fere
733 5010 858 5057 ante
880 5001 1089 5057 obitum
1134 5017 1291 5057 suum
1316 5002 1618 5069 mensibus,
1668 5017 1795 5058 cum
1824 5011 1941 5058 erat

326 5090 536 5147 affecta
560 5091 678 5160 jam
706 5090 878 5146 atatis
910 5091 968 5144 Β.
1003 5090 1342 5155 Arthaudus,
1377 5106 1443 5146 ac
1500 5089 1733 5146 fortasse
1761 5107 1939 5147 nona-

330 5178 557 5253 genario
584 5179 777 5247 major.
812 5178 1031 5234 Interim
1082 5178 1169 5233 vel
1199 5195 1265 5234 ex
1305 5179 1465 5247 hujus
1494 5179 1736 5250 epistola
1768 5196 1938 5251 argu-

328 5276 512 5323 mento
540 5266 819 5338 intelligis,
838 5282 1005 5339 quam
1016 5283 1146 5322 vere
1177 5266 1412 5321 afﬁrmet
1431 5267 1686 5339 antiquus
1704 5269 1940 5339 scriptor

329 5356 462 5411 Vita
493 5356 550 5410 S.
586 5355 852 5422 Anselmi,
887 5370 1009 5425 cap.
1046 5357 1131 5425 15,
1181 5356 1425 5424 adjutum
1484 5356 1721 5411 maxime
1746 5372 1777 5411 a
1807 5357 1939 5412 Car-

324 5443 591 5498 thusianis
611 5451 773 5514 atque
804 5458 837 5497 a
887 5442 1346 5498 Cisterciensibus
1406 5442 1778 5499 Alexandrum
1838 5461 1938 5515 pa-

328 5547 476 5603 pam,
506 5531 562 5586 in
592 5532 815 5603 negotio
845 5531 1156 5587 schismatis
1204 5546 1468 5602 perquam
1496 5530 1706 5587 difficili
1743 5548 1755 5586 :
1791 5533 1937 5603 quod

326 5628 381 5675 et
408 5637 475 5676 ex
507 5618 774 5675 Gaufrido
808 5619 1161 5674 Altacumba
1200 5620 1393 5674 abbate
1440 5619 1703 5690 colligere
1734 5621 1931 5691 possis,

322 5709 379 5765 in
413 5709 532 5764 Vita
562 5707 618 5764 S.
654 5707 799 5764 Petri
816 5706 1221 5780 archiepiscopi
1263 5707 1717 5769 Tarentasiensis.

2041 4639 2365 4711 Arbogaste,
2417 4653 2484 4695 ac
2528 4638 2774 4709 probata
2826 4639 2986 4711 regia
3032 4654 3249 4695 merces
3291 4639 3531 4695 decerni.
3566 4641 3647 4697 De

2039 4727 2232 4783 Jovino
2263 4728 2410 4798 Papa
2437 4726 2625 4798 templi
2655 4726 2850 4782 Montis
2879 4743 3175 4800 agrorum,
3209 4727 3360 4797 cujus
3391 4728 3462 4783 ad
3490 4744 3648 4785 coer-

2042 4816 2217 4871 cenda
2278 4815 2564 4872 latrocinia
2604 4816 2936 4884 Majorevum
3003 4824 3246 4872 castrum
3317 4824 3648 4874 exstructum

2039 4904 2255 4969 dicitur,
2289 4902 2440 4958 illum
2469 4919 2574 4975 ego
2604 4919 2714 4958 non
2746 4903 2913 4959 alium
2936 4902 3107 4960 fuisse
3136 4920 3337 4961 censeo
3368 4920 3402 4960 a
3428 4905 3644 4973 Jovino,

2039 4994 2134 5065 qui
2153 4993 2365 5048 dudum
2382 4996 2674 5065 promotus
2704 5010 2739 5049 a
2754 4995 2983 5050 Iuliano
2996 5009 3106 5065 per
3139 4995 3352 5051 Gallias
3378 4996 3648 5067 magister

2038 5099 2330 5138 armorum
2354 5082 2430 5149 (ut
2462 5082 2536 5136 ait
2566 5081 2887 5137 Ammianus
2907 5082 3187 5153 lib.xxv1)
3217 5082 3272 5136 in
3301 5082 3498 5139 eodem
3518 5099 3645 5139 mu-

2037 5187 2171 5227 nere
2199 5171 2452 5244 magistri
2479 5171 2763 5243 utriusque
2795 5171 3018 5240 militia,
3054 5172 3411 5244 sequentibus
3441 5172 3649 5244 aliquot

2037 5267 2460 5338 imperatoribus
2481 5266 2649 5323 fidam
2679 5283 2904 5338 operam
2933 5267 3177 5323 navavit.
3217 5267 3324 5336 Qui
3380 5275 3436 5323 et
3457 5268 3648 5324 consul

2038 5372 2160 5412 cum
2183 5356 2443 5427 Lupicino
2466 5356 2537 5410 ad
2583 5372 2786 5411 annum
2836 5372 2962 5412 ara
3001 5356 3323 5412 Christiana
3371 5360 3493 5426 367,
3530 5373 3640 5430 quo

2037 5444 2201 5498 etiam
2231 5460 2375 5499 anno
2399 5445 2581 5499 Remis
2612 5445 2737 5499 data
2767 5451 2892 5498 sunt
2939 5443 3009 5498 ad
3038 5460 3161 5498 eum
3200 5443 3308 5499 duo
3364 5446 3637 5516 rescripta

2038 5532 2401 5588 Valentiniani
2431 5541 2483 5588 et
2514 5531 2757 5588 Valentis
2786 5534 2959 5603 lmpp.
2976 5532 3086 5605 leg.
3122 5536 3153 5586 9
3176 5540 3228 5588 et
3257 5536 3323 5588 10
3358 5533 3483 5589 Cod.
3519 5536 3639 5599 Th.,

2034 5622 2112 5676 De
2132 5637 2193 5676 re
2223 5623 2493 5676 militari.
2520 5623 2564 5676 A
2596 5636 2704 5691 quo
2733 5628 2787 5675 et
2842 5620 3110 5693 originem
3138 5621 3293 5675 duxit
3322 5636 3466 5677 uxor
3495 5622 3647 5677 Con—

2037 5708 2217 5776 sentii,
2237 5709 2305 5764 de
2337 5725 2444 5782 qua
2467 5710 2545 5765 sic
2595 5708 2852 5766 Sidonius
2871 5708 2926 5763 in
2956 5709 3215 5765 Narbone
3263 5709 3462 5778 (carm.
3493 5709 3588 5781 23)
3630 5728 3643 5771 :
