3938 6406
284 341 387 394 799

429 461 570 517 Huic
601 464 812 517 summi
842 465 1061 534 ingenii
1091 466 1230 530 viro,
1253 467 1530 536 simulque

425 549 669 604 Summa:
691 551 1006 605 nobilitatis
1035 556 1202 623 atque
1222 555 1421 622 forma:

424 638 635 692 Iuncta
665 641 747 691 est
766 640 1004 707 femina,
1029 656 1150 710 qua:
1177 641 1403 696 domum
1433 642 1506 696 ad
1521 644 1740 705 mariti,

431 726 614 779 Prisci
635 725 889 794 insignia
914 730 1268 796 transferens
1295 730 1501 795 Iovini,

431 811 684 881 Implevit
716 813 924 867 trabeis
959 815 1138 869 larem
1167 816 1427 886 scphistae
1454 860 1466 880 ,

364 991 467 1059 Qui
498 1000 550 1047 et
581 993 1100 1052 Christianissimus
1119 997 1172 1050 in
1203 1005 1528 1052 testamento
1549 998 1604 1052 S.
1632 997 1886 1068 Remigii,

292 1088 344 1135 et
383 1081 526 1150 apud
567 1081 935 1137 Flodoardum
967 1084 1060 1139 lib.
1095 1100 1112 1138 ι
1144 1086 1278 1139 Hist.
1328 1087 1630 1151 Remensis,
1665 1102 1786 1156 cap.
1835 1091 1886 1152 6,

289 1167 541 1240 illiusque
588 1170 874 1224 Remensis
933 1172 1171 1227 basiliczn
1218 1173 1489 1239 fundator,
1542 1190 1662 1244 quae
1701 1175 1828 1228 olim
1861 1189 1892 1228 a

291 1255 455 1310 Beato
483 1256 763 1327 Agricola,
808 1274 952 1314 nunc
973 1275 1005 1314 a
1035 1260 1236 1315 Sancto
1275 1261 1496 1316 Nicasio
1526 1270 1889 1331 nuncupatur.

288 1343 454 1412 Cujus
474 1344 640 1399 etiam
668 1345 872 1400 ibidem
921 1349 1301 1402 anniversaria
1340 1350 1604 1404 memoria
1635 1350 1895 1404 recolitur

289 1431 359 1486 ad
388 1447 466 1486 vn
488 1433 616 1486 Idus
638 1433 997 1503 Septembris.
1031 1438 1185 1492 Unde
1207 1445 1260 1491 et
1289 1437 1511 1492 minime
1541 1438 1895 1496 dubitandum

290 1533 418 1573 reor
439 1519 568 1590 quin
596 1521 720 1576 huic
751 1522 854 1592 ipsi
880 1523 1074 1578 Iovino
1096 1524 1340 1579 excisum
1375 1524 1535 1579 fuerit
1567 1540 1895 1580 monumen-

287 1613 404 1661 tum
440 1623 830 1678 marmoreum,
865 1611 1010 1682 quod
1041 1628 1184 1666 nunc
1213 1620 1336 1681 post
1366 1613 1686 1682 primarium
1702 1612 1885 1682 templi

293 1696 408 1764 ejus
433 1697 651 1762 ostium,
677 1697 746 1752 ad
793 1699 1063 1762 dextram,
1098 1700 1302 1770 aliquot
1357 1701 1623 1755 columnis
1681 1701 1903 1771 imposi-

1157 341 1500 398 GUIGONIS
1539 345 1586 398 Il
1627 342 2033 400 CARTHUSIAZ
2074 344 2367 400 MAJORIS
2407 347 2701 402 PRIORIS.

3489 351 3596 403 800

1906 468 1959 526 A
1990 474 2041 521 et
2071 469 2210 538 apri,
2232 477 2284 523 et
2311 469 2479 533 cervi,
2508 477 2560 524 et
2580 469 2774 533 damas,
2800 445 2851 521 et
2880 465 3053 520 leonis
3075 465 3316 521 domitor
3333 468 3594 524 exhibea-

1986 564 2072 609 tur
2103 576 2116 621 ;
2151 556 2348 627 quibus
2375 555 2506 610 feris
2537 555 2624 610 vel
2657 555 2924 610 barbaros
2952 552 3184 623 populos
3209 554 3280 607 ab
3312 570 3377 609 eo
3402 557 3594 626 proﬂi-

1987 652 2165 714 gatos,
2199 645 2284 700 vel
2315 651 2691 699 exauctoratos
2731 643 2952 713 suisque
2993 641 3310 697 exturbatos
3368 644 3596 698 sedibus

1987 734 2402 788 cacodaemones
2431 740 2555 803 apte
2589 730 2870 802 designari
2897 730 3184 800 negaverit
3215 746 3396 786 nemo.
3416 731 3595 786 Simul

1989 817 2336 886 deprehendo
2389 831 2486 870 cur
2526 814 2687 870 fuerit
2741 813 2967 868 Jovinus
2997 828 3030 866 a
3059 814 3334 881 Majorevo
3389 823 3587 869 contu-

1988 904 2215 959 meliose
2242 903 2566 974 appellatus.
2617 903 2747 956 Erat
2777 900 2986 956 scilicet
3019 894 3346 969 Majorevus,
3386 910 3442 956 ut
3471 903 3597 972 ple-

1991 993 2148 1061 rique
2180 991 2271 1062 qui
2296 998 2408 1046 tum
2437 990 2519 1045 vel
2552 976 2846 1060 palatinam
2863 988 2950 1043 vel
2983 996 3318 1043 castrensem
3347 989 3596 1044 militiam

1995 1080 2414 1150 profitebantur,
2477 1093 2631 1132 more
2687 1078 2953 1145 majorum
3013 1091 3254 1141 suorum,
3323 1077 3597 1132 idolorum

1993 1167 2156 1222 cultui
2188 1166 2462 1221 addictus.
2494 1165 2748 1220 Graviter
2780 1163 2989 1219 ferebat
3017 1179 3049 1217 a
3077 1164 3271 1219 Jovino
3299 1163 3598 1219 disturbari

1995 1255 2159 1320 idola,
2193 1269 2257 1309 ac
2288 1269 2475 1308 eorum
2493 1253 2723 1307 delubra
2752 1251 2946 1322 opibus
2988 1252 3098 1305 suis
3119 1260 3282 1321 atque
3301 1266 3596 1307 ornamen-

1996 1343 2064 1396 tis
2095 1341 2338 1411 spoliari.
2374 1341 2527 1394 Illum
2550 1340 2752 1394 idcirco
2773 1338 3040 1394 nefarium
3070 1347 3123 1394 et
3155 1338 3392 1394 ferocem
3407 1340 3599 1410 appel-

1998 1431 2124 1484 lavit
2159 1432 2358 1499 Popam
2409 1427 2595 1497 templi
2637 1427 2834 1481 Montis
2887 1433 3154 1498 aegrotum
3190 1441 3202 1480 :
3247 1427 3385 1482 adeo
3417 1435 3597 1481 tamen

1998 1524 2388 1588 praepotentem
2411 1532 2532 1570 eum
2566 1530 2891 1585 agnoscens,
2933 1521 2990 1567 ut
3021 1514 3090 1567 ab
3139 1515 3254 1583 ejus
3301 1514 3600 1568 invasioni-

2002 1607 2124 1670 bus,
2159 1605 2317 1659 etiam
2339 1611 2522 1659 castro
2553 1610 2828 1657 exstructo
2860 1601 3161 1658 cavendum
3212 1602 3316 1656 sibi
3363 1609 3600 1672 putaret.

2005 1693 2218 1748 Ethnici
2248 1692 2501 1746 nimirum
2533 1698 2586 1745 et
2618 1689 2868 1744 militaris
2902 1689 3138 1744 hominis
3195 1699 3274 1744 est
3307 1689 3600 1744 convitium

295 1790 411 1838 tum
449 1782 679 1838 visitur:
712 1783 867 1851 cujus
908 1784 1276 1838 monumentis
1325 1785 1600 1839 emblema
1655 1800 1719 1840 ex
1749 1799 1972 1873 aeneoB
2007 1781 2150 1835 istud
2183 1779 2512 1840 :.Excubare
2529 1778 2582 1831 in
2613 1777 2905 1848 Esculapii
2933 1777 3132 1848 templo
3159 1777 3345 1831 solitos
3363 1785 3601 1848 zrgrotos

295 1879 424 1942 typo
479 1885 800 1940 expressum
852 1870 1040 1937 edidit,
1101 1879 1156 1925 et
1221 1871 1462 1943 eleganti
1507 1873 1900 1927 commentario

294 1957 586 2013 illustravit
613 1957 896 2012 Tristanus
929 1957 1366 2014 Sanctamantius
1387 1959 1441 2013 in
1472 1960 1770 2014 Hadriano.
1797 1959 1903 2014 Sed

296 2045 426 2102 huic
453 2043 697 2099 additum
726 2044 908 2113 velim,
969 2061 1079 2099 non
1123 2061 1313 2100 veram
1369 2047 1605 2117 aliquam
1664 2046 1905 2101 ferarum

293 2132 700 2188 infectationem
730 2132 859 2186 olim
889 2147 922 2186 a
948 2133 1144 2187 Jovino
1173 2141 1455 2203 peractam
1479 2134 1652 2205 signis
1682 2133 1788 2188 illis
1811 2150 1907 2188 re-

294 2218 641 2292 prasentari,
668 2220 765 2274 sed
797 2219 1157 2290 symbolicam
1179 2221 1465 2287 duntaxat,
1501 2229 1553 2275 et
1571 2221 1906 2276 emblemati-

298 2323 440 2364 cam.
465 2308 564 2363 Vix
594 2307 739 2361 enim
802 2308 923 2378 quis
968 2308 1157 2363 credat
1217 2308 1520 2364 confectum
1584 2309 1797 2364 leonem
1835 2309 1905 2362 ab

296 2395 518 2450 homine
549 2394 728 2460 Gallo,
780 2395 932 2464 cujus
963 2411 1066 2451 nec
1113 2397 1183 2450 ab
1229 2396 1538 2461 Ammiano,
1574 2396 1727 2450 libris
1778 2411 1900 2463 xxx,

300 2496 443 2549 xm,
476 2496 619 2536 xxvt
648 2489 701 2537 et
719 2496 882 2536 xxvn
914 2482 1027 2550 (ubi
1082 2484 1151 2538 de
1197 2483 1290 2538 illo
1339 2484 1494 2555 agit),
1537 2499 1638 2538 nec
1685 2483 1755 2536 ab
1785 2484 1904 2537 aliis

301 2570 678 2641 scriptoribus,
711 2578 864 2625 extra
895 2569 1124 2636 Gallias,
1176 2570 1407 2635 Italiam,
1469 2571 1823 2625 Germaniam
1853 2578 1906 2624 et

300 2658 635 2713 Britanniam
664 2659 808 2729 (qua:
845 2659 1102 2728 regiones
1132 2659 1350 2712 leonum
1379 2657 1589 2713 feraces
1620 2673 1728 2712 non
1759 2659 1904 2730 sunt)

300 2757 392 2798 res
421 2750 592 2812 gestae
620 2742 744 2796 ulla:
791 2749 1183 2796 memorantur.
1218 2745 1426 2811 Aprum
1448 2749 1648 2805 autem,
1683 2749 1776 2794 aut
1805 2742 1902 2794 da-

300 2845 466 2897 mam,
500 2837 593 2883 aut
623 2844 846 2884 cervum
879 2828 1149 2883 venabulo
1197 2827 1508 2892 conﬁxisse,
1545 2837 1597 2882 et
1624 2829 1726 2882 viri
1753 2829 1903 2882 Chri-

302 2917 640 2982 stianissimi,
675 2924 727 2970 et
756 2917 986 2970 militum
1041 2916 1286 2988 magistri
1349 2916 1548 2988 frigida
1597 2931 1730 2969 sane
1786 2916 1904 2970 laus

301 3013 438 3071 erat,
487 3020 665 3076 neque
704 3004 872 3074 digna
901 3021 1023 3076 qua)
1062 3013 1173 3058 tam
1224 3020 1461 3074 operoso
1509 3003 1805 3057 mausolaeo
1835 3003 1903 3057 ad

2007 1868 2241 1923 innuunt
2275 1867 2510 1923 Solimus
2540 1881 2662 1936 cap.
2696 1868 2746 1932 ’7,
2799 1865 3173 1936 Polyhistoris,
3205 1871 3259 1920 et
3303 1864 3517 1920 Plautus
3546 1865 3603 1919 in

2005 1955 2352 2011 Curculione.
2413 1953 2722 2024 Esculapio
2778 1962 2959 2008 autem
3002 1960 3413 2008 consecratum.
3432 1952 3616 2019 ῐυίεεε,

2005 2043 2267 2113 templum
2297 2043 2354 2096 in
2379 2050 2563 2096 monte
2593 2041 2797 2111 Lybiae,
2849 2049 3076 2096 testatur
3133 2041 3518 2112 Trismegistus
3545 2041 3604 2094 in

2006 2131 2263 2201 Asclepio
2296 2138 2386 2185 :et
2424 2130 2540 2184 fere
2586 2129 2641 2183 id
2688 2129 3038 2184 observatum
3098 2129 3168 2182 ab
3226 2128 3478 2199 antiquis,
3539 2137 3601 2182 ut

2003 2217 2314 2288 Esculapio
2347 2217 2570 2287 templa,
2605 2224 2659 2270 et
2694 2216 2750 2269 in
2780 2215 3052 2270 montibus
3083 2214 3152 2269 ad
3181 2230 3325 2268 aurae
3354 2213 3599 2268 salubri-

2003 2313 2190 2372 tatem,
2223 2314 2276 2360 et
2295 2305 2438 2360 haud
2469 2304 2655 2374 procul
2685 2304 2754 2358 ab
2784 2303 2941 2374 aquis
2971 2303 3041 2358 ad
3069 2309 3402 2374 mgrotorum
3444 2317 3602 2357 com-

2003 2393 2166 2446 moda
2187 2392 2600 2448 constituerent.
2623 2391 2860 2446 Plurima
2880 2391 3042 2445 hodie
3063 2398 3245 2446 castra
3273 2390 3609 2461 Aigremont

2005 2481 2283 2535 Gallorum
2313 2481 2508 2553 vulgus
2531 2487 2827 2550 nuncupat,
2848 2479 2992 2550 quod
3024 2487 3108 2533 est
3124 2480 3278 2533 Mons
3307 2491 3604 2549 aegrorum,

2003 2585 2069 2623 ex
2099 2584 2165 2626 eo
2180 2585 2341 2639 quem
2371 2569 2480 2622 dixi
2504 2567 2628 2622 ritu.
2654 2567 2853 2621 Fuerat
2887 2566 3118 2621 fortasse
3145 2565 3370 2621 Iovinus
3414 2571 3605 2620 noster

2004 2664 2096 2710 aut
2139 2656 2296 2711 alicui
2345 2655 2640 2724 xEsculapii
2694 2655 2896 2724 templo
2958 2654 3233 2725 quondam
3291 2651 3602 2723 praefectus,

2003 2745 2318 2815 priusquam
2349 2743 2561 2796 Christo
2591 2758 2650 2796 se
2671 2741 2970 2808 addiceret,
3003 2742 3223 2810 autjam
3265 2739 3607 2795 Christianus

2004 2831 2377 2886 nosocomium
2408 2830 2628 2901 aliquod
2659 2829 2882 2884 excelso
2927 2830 3068 2895 loco,
3097 2844 3222 2884 cum
3277 2829 3394 2883 aede
3423 2842 3607 2894 sacra,

2004 2919 2198 2972 ritibus
2253 2918 2570 2972 Christianis
2618 2916 2963 2971 fundaverat.
3016 2917 3153 2971 Hinc
3211 2918 3360 2985 Popa
3414 2914 3603 2985 templi

2001 3001 2196 3055 Montis
2212 3015 2487 3071 aegrorum
2522 3000 2796 3066 Majorevo
2828 2999 3025 3066 dictus,
3060 3015 3160 3068 per
3191 2998 3506 3064 ludibrium,
3541 3011 3610 3053 ac

304 3093 693 3163 sempiternam
722 3092 1041 3147 memoriam
1073 3092 1324 3146 omnibus
1355 3092 1590 3162 posteris
1620 3106 1904 3145 commen-
1950 3155 1984 3163 _
2003 3099 2102 3152 per
2120 3081 2503 3137 contumeliam
2536 3099 2552 3148 ;
2585 3082 2714 3151 quia
2741 3081 2945 3150 templa
2993 3081 3283 3147 idolorum,
3342 3080 3611 3135 Christia-

306 3155 556 3231 daretur.
586 3175 721 3230 Cum
751 3175 918 3246 igitur
963 3175 1146 3246 legam
1206 3155 1370 3245 apud'
1400 3174 1744 3229 Ammianum
1775 3173 1909 3227 locis
1941 3155 1986 3214 Ο
2010 3170 2218 3224 nissimi
2248 3169 2510 3239 principis
2539 3170 2695 3237 jussu
2741 3169 3152 3238 pessumdabat.
3186 3169 3315 3223 Haec
3359 3169 3512 3234 satis,
3545 3184 3614 3223 ex

305 3263 504 3330 citatis,
536 3263 592 3317 in
621 3263 686 3318 iis
718 3279 857 3335 quas
885 3263 1119 3317 diximus
1169 3262 1486 3335 regionibus
1540 3277 1650 3316 non
1681 3260 1848 3314 semel
1879 3274 1913 3314 a
2012 3258 2337 3326 conjectura,
2373 3273 2441 3311 ne
2473 3256 2725 3312 Rainaldi
2780 3255 3162 3328 Lugdunensis
3211 3255 3616 3325 archipraasulis

305 3352 500 3408 Jovino
521 3351 852 3422 perdomitos
882 3353 1253 3408 Romanorum
1283 3351 1502 3416 hostes;
1533 3357 1585 3403 et
1614 3349 1761 3418 apud
1783 3349 1906 3402 Pro-
2012 3346 2357 3417 prudentiam
2381 3353 2586 3400 temere
2607 3344 2929 3414 redarguas,
2973 3343 3066 3415 qui
3094 3342 3259 3399 fidem
3289 3344 3494 3400 habere
3527 3345 3616 3400 vi-

306 3455 526 3511 sperum
555 3440 650 3494 lib.
683 3455 764 3494 in.
807 3441 887 3495 De
901 3439 1356 3512 promissionibus
1373 3447 1426 3492 et
1446 3435 1909 3508 praedictionibus,
2015 3450 2107 3488 sus
2137 3441 2220 3488 est
2249 3433 2372 3489 huic
2403 3433 2688 3503 diplomati
2731 3432 2800 3488 de
2837 3440 3016 3488 castro
3059 3432 3372 3500 Majorevo;
3422 3431 3477 3487 in
3507 3447 3617 3503 quo

307 3541 430 3599 cap.
455 3531 543 3594 38,
589 3528 873 3584 Theodosii
918 3528 1169 3598 religiosi
1204 3527 1487 3598 principis
1532 3525 1790 3596 imperio,
1812 3538 1914 3593 per
2014 3521 2492 3577 Carthusiensibus
2540 3521 2736 3576 domus
2793 3520 2970 3591 posita
3025 3527 3126 3586 est,
3159 3520 3272 3589 jam
3342 3521 3412 3575 ab
3467 3535 3613 3576 anno

317 3615 578 3672 Iovinum
598 3620 654 3672 ct
682 3616 1068 3672 Gaudentium
1091 3617 1325 3672 comites
1355 3615 1548 3670 omnia
1579 3612 1794 3683 templa
1815 3627 1917 3666 εξε-
2016 3610 2213 3665 Christi
2247 3613 2402 3674 1H6,
2433 3611 2576 3665 inter
2603 3608 2798 3664 domus
2837 3607 3001 3664 totuis
3049 3607 3256 3665 ordinis
3313 3607 3613 3665 secundum

306 3705 580 3776 spoliata;
602 3703 851 3776 intelligo
867 3703 1086 3759 demum
1100 3717 1197 3758 cur
1213 3702 1304 3757 ille
1323 3703 1380 3756 in
1400 3708 1606 3756 aeterno
1619 3713 1913 3767 marmore,
2019 3698 2350 3754 fundationis
2381 3697 2752 3769 antiquitatem
2799 3704 2970 3753 sexta.

384 4061 755 4164 LIBER
861 4061 1029 4161 DE
1163 4055 2199 4184 QUADRIPERTITO
2307 4049 2998 4154 EXERCITIO
3130 4051 3564 4152 CELLAE

528 4303 875 4372 AUCTORE,
909 4305 1000 4362 UT
1029 4300 1356 4370 VIDETUR,
1390 4301 1734 4366 GUIGONE,
1770 4299 2026 4356 PRIORE
2057 4296 2481 4363 CARTHUSIAE,
2525 4297 2692 4352 EJUS
2723 4295 3020 4352 NOMIle
3050 4295 3399 4353 SECUNDO.

1030 4509 1108 4562 Ex
1159 4523 1291 4561 mss.
1341 4506 1620 4562 codicibus
1661 4502 1962 4560 Carthusiae
1993 4503 2293 4566 Portarum,
2327 4507 2378 4554 et
2406 4498 2704 4554 Carthusiaa
2739 4498 2907 4554 Parci.

961 4893 1269 4934 pnonoeus.
1943 4876 1997 4935 D
2025 4888 2148 4928 mea
2177 4871 2420 4927 fortassis
2457 4870 2704 4942 parvitas
2749 4870 2992 4938 haberet,
3043 4883 3210 4939 super
3239 4882 3348 4940 quo
3405 4882 3508 4925 nec
3536 4867 3626 4922 in-

389 4971 861 5028 Reverendissimo
922 4967 1163 5032 domino,
1223 4974 1277 5022 et
1309 4966 1455 5022 Patri
1485 4965 1540 5020 in
1594 4964 1792 5020 Christi
1835 4965 1916 5019 vi-

319 5059 567 5116 sceribus
609 5056 984 5121 dilectissimo,
1040 5055 1100 5109 B.
1153 5055 1324 5124 priori
1355 5069 1661 5126 pauperum
1699 5052 1918 5118 Christi,

319 5148 410 5219 qui
465 5148 519 5202 in
587 5146 891 5202 Wittheam
957 5149 1396 5209 commanentes,
1469 5142 1715 5197 ordinem
1802 5149 1925 5195 sunt

319 5235 764 5293 Carthusiensem
809 5231 1065 5304 professi,
1124 5231 1223 5286 Dei
1247 5247 1641 5302 servorumque
1672 5231 1773 5286 Dei
1803 5245 1922 5285 ser-

320 5341 420 5380 vus
441 5323 718 5394 indignus,
755 5319 1049 5390 spiritualis
1087 5319 1226 5374 uteri
1255 5320 1421 5374 vestri
1480 5318 1640 5382 ﬁlius,
1693 5319 1746 5373 in
1776 5333 1924 5390 pra!—

323 5411 462 5468 senti
491 5409 833 5465 sanctitatem
864 5409 920 5463 in
941 5408 1156 5475 merito,
1191 5415 1244 5463 et
1265 5407 1320 5462 in
1340 5407 1516 5462 futuro
1539 5407 1848 5463 felicitatem
1872 5408 1926 5461 in

326 5493 572 5566 praemio.

399 5577 455 5634 Si
486 5591 684 5633 vocare
732 5575 920 5631 liceret
969 5576 1023 5630 in
1045 5577 1135 5644 jus
1164 5575 1250 5630 vel
1307 5582 1518 5645 patrem
1576 5592 1731 5630 suum
1793 5574 1925 5642 ﬁlio,

331 5666 418 5723 vel
446 5664 731 5722 dominum
763 5681 943 5729 servo,
976 5663 1221 5720 nonnihil
1262 5664 1358 5731 (mi
1403 5666 1560 5719 Pater
1604 5665 1927 5724 reverenda)

2025 4963 2187 5030 juste,
2221 4968 2278 5015 ut
2308 4961 2412 5014 sibi
2444 4959 2676 5025 videtur,
2709 4959 2766 5014 in
2793 4965 3031 5014 vestram
3054 4958 3155 5012 sub
3177 4956 3360 5027 judice
3406 4955 3628 5029 magni-

2030 5051 2274 5105 tudinem
2303 5065 2472 5122 agere
2501 5056 2706 5119 posset.
2733 5048 2871 5103 Nam
2904 5061 3033 5102 ecce
3089 5045 3219 5100 dum
3249 5044 3477 5101 attendit
3525 5059 3632 5114 po-

2031 5148 2153 5194 tens
2200 5138 2498 5194 auctoritas
2550 5145 2762 5203 vestra,
2838 5135 2967 5207 quid
3024 5134 3077 5188 in
3121 5150 3211 5190 me
3258 5133 3362 5188 sibi
3416 5133 3627 5198 liceret,

2033 5222 2312 5278 attendere
2343 5237 2557 5293 quoque
2583 5220 2885 5292 supersedit
2905 5219 3258 5274 moderamen
3287 5215 3634 5273 discretionis

2034 5319 2230 5366 vestrae
2259 5310 2390 5380 quid
2420 5308 2710 5364 inﬁrmitas
2744 5323 2867 5362 mea
2890 5307 3116 5362 valeret.
3142 5306 3278 5361 Hinc
3305 5305 3633 5376 praedicator

2033 5399 2312 5471 egregius,
2347 5415 2471 5454 cum
2502 5398 2684 5453 omnia
2715 5397 2816 5452 sibi
2833 5404 3045 5452 asserat
3075 5395 3260 5459 licere,
3281 5401 3446 5465 negat
3467 5392 3633 5447 nimi-

2026 5504 2150 5543 rum
2181 5487 2364 5542 omnia
2385 5487 2664 5558 expedire.
2687 5487 2760 5541 Ut
2785 5485 2930 5540 enim
2984 5483 3131 5556 quod
3158 5497 3260 5553 pro
3303 5491 3549 5552 tempore
3581 5488 3634 5536 et

2026 5576 2167 5643 loco,
2199 5591 2298 5646 pro
2329 5591 2496 5630 causa
2517 5583 2569 5630 et
2597 5574 2819 5646 negotio
2853 5572 3086 5643 pertinet
3115 5571 3186 5626 ad
3224 5586 3361 5635 rem,
3392 5570 3637 5639 imponat

2023 5663 2267 5733 jubendo
2301 5671 2458 5735 pater
2491 5662 2620 5728 filio,
2651 5670 2703 5717 et
2732 5661 2992 5739 prmlatus
3036 5660 3302 5728 subjecto,
3355 5656 3638 5713 sententiae
