3938 6408
339 339 437 391 801

1473 342 1675 398 LIBER
1714 345 1807 397 DE
1847 345 2230 403 EXERCITIO
2271 349 2525 405 CELLE.

3549 361 3652 416 802

333 459 552 530 quidem
591 466 718 514 est:
780 461 878 515 sed
929 461 1222 516 videndum
1269 463 1421 532 prius
1465 465 1513 519 si
1561 467 1630 520 ad
1661 466 2016 530 ferendumA
2047 469 2238 537 sistat;
2289 481 2342 527 et
2383 475 2622 530 maxime
2679 493 2800 546 quae
2849 479 2937 534 illa
2969 479 3076 533 sint
3128 487 3334 535 sanctae
3371 481 3654 553 religionis

336 547 485 617 quod
515 547 834 618 imponitur,
869 555 975 602 tam
1024 566 1164 604 unus
1214 567 1378 621 quam
1429 553 1565 608 alter
1593 563 1850 626 quantum
1879 557 1948 610 ad

334 635 480 690 scire
529 643 582 691 et
613 651 777 705 posse
822 635 1094 693 suﬂiciens
1141 646 1243 693 est.
1295 641 1436 696 Sane
1483 643 1623 697 velle
1671 660 1948 715 nunquam

339 722 506 777 debet
537 722 756 789 deesse,
785 740 854 778 ne
898 733 1028 780 tunc
1073 727 1293 797 quidem
1340 745 1462 784 cum
1510 730 1653 785 scire
1703 740 1755 784 et
1784 747 1949 801 posse

334 811 626 881 contigerit
653 827 762 866 non
801 812 1020 868 adesse.
1076 814 1206 870 Hac
1255 815 1461 871 idcirco
1492 818 1786 886 praelibavi,
1823 819 1950 890 quia

332 898 563 967 injunxit
591 899 908 956 veneranda
928 902 1228 970 paternitas
1257 913 1441 959 vestra
1469 905 1622 972 mihi,
1655 913 1713 960 ut
1743 907 1948 977 scripto

336 1001 570 1042 conarer
617 988 906 1044 ostendere
949 989 1145 1061 quibus
1193 991 1534 1062 potissimum
1579 994 1851 1049 exercitiis
1894 995 1947 1048 in

335 1075 471 1131 cella
497 1075 697 1131 debeat
726 1076 1030 1144 intendere,
1084 1078 1176 1149 qui
1228 1088 1478 1134 sanctum
1525 1082 1775 1136 ordinem
1806 1082 1945 1136 Car-

335 1163 672 1220 thusiensem
701 1165 1000 1234 professus,
1027 1167 1081 1220 in
1105 1182 1170 1221 ea
1191 1167 1355 1223 debet
1373 1169 1650 1224 solitarius
1672 1186 1892 1224 manere
1933 1184 1945 1222 :

333 1267 437 1306 nec
463 1252 644 1323 aliquo
673 1253 741 1307 de
771 1269 832 1308 ea
881 1261 1144 1323 tempore,
1200 1255 1304 1310 nisi
1335 1257 1512 1311 causis
1540 1258 1951 1312 rationabilibus

335 1339 683 1411 exigentibus
733 1343 878 1411 (quae
936 1341 1091 1410 juxta
1158 1344 1402 1411 ejusdem
1454 1345 1658 1399 ordinis
1707 1353 1949 1401 tenorem

339 1443 612 1497 expressae
641 1429 789 1497 sunt)
819 1429 1108 1485 occasione
1160 1431 1340 1502 aliqua
1371 1432 1539 1487 exire.
1575 1433 1714 1488 Utile
1747 1434 1825 1502 (ut
1855 1449 1948 1488 ve-

337 1527 456 1565 rum
506 1527 617 1568 non
661 1511 920 1582 diffitear)
965 1529 1141 1584 opus;
1194 1516 1292 1570 sed
1344 1516 1410 1568 ad
1455 1516 1508 1570 id
1557 1517 1706 1571 solus
1751 1515 1949 1573 sufﬁcit

335 1607 610 1670 expertus.
639 1601 762 1672 Ego
783 1608 960 1656 autem
982 1617 1092 1657 non
1115 1602 1311 1673 ignoro
1331 1603 1401 1658 ad
1431 1605 1547 1659 haec
1579 1621 1664 1660 me
1692 1605 1946 1660 idoneum

256 1694 274 1704 ‘
336 1703 446 1742 non
479 1703 622 1756 esse,
660 1688 753 1760 qui
785 1689 898 1744 scio
930 1689 1150 1761 quidem
1198 1691 1310 1746 mel
1341 1707 1463 1748 esse
1493 1692 1674 1756 dulce,
1709 1693 1806 1748 sed
1835 1709 1951 1747 ma-

333 1775 422 1846 gis
437 1776 621 1831 auditu
638 1792 797 1846 quam
818 1785 1003 1847 gustu.
1028 1778 1153 1834 Scio
1182 1779 1362 1844 etiam,
1411 1787 1466 1834 ut
1494 1780 1567 1834 ait
1593 1781 1951 1851 phiIOSOphus

335 1863 448 1930 ille,
481 1864 629 1935 quod
657 1864 865 1932 nescio,
909 1865 1162 1922 videlicet
1190 1867 1308 1923 haec
1348 1868 1534 1923 dicere
1563 1884 1631 1923 ex
1663 1869 1951 1924 sententia.

335 1953 450 2007 Nec
471 1951 583 2007 scio
602 1967 700 2007 ore
720 1968 844 2008 meo
867 1953 1035 2025 loqui,
1069 1955 1226 2026 quasi
1247 1956 1437 2027 legens
1460 1956 1608 2028 quod
1626 1958 1950 2027 prophetam

338 2039 534 2096 fecisse
580 2041 697 2109 ejus
742 2041 989 2096 notarius
1034 2044 1290 2099 asseruit.
1350 2044 1508 2099 Certe
1565 2045 1634 2100 de
1677 2046 1957 2116 Sapientia

335 2129 582 2201 perditio
602 2133 660 2185 et
675 2145 828 2185 mors
848 2130 1127 2186 dixerunt
1153 2146 1167 2186 :
1195 2132 1438 2188 Auribus
1477 2135 1690 2190 nostris
1729 2133 1954 2190 audivi-

334 2233 463 2271 mus
483 2219 703 2287 famam
719 2219 840 2288 ejus
859 2219 996 2287 (Job.
1023 2234 1188 2286 xvm,
1213 2223 1327 2289 22).
1353 2220 1612 2292 Nunquid
1627 2221 1800 2277 oculis
1813 2222 1958 2277 vide-

336 2312 464 2358 ruut
501 2305 759 2360 decorem
797 2307 960 2375 ejus?
995 2322 1366 2378 nequaquam.
1416 2309 1674 2380 Nunquid
1712 2309 1954 2364 faucibus

340 2391 454 2446 suis
473 2402 835 2464 perceperunt
855 2395 1177 2450 suavitatem
1199 2396 1316 2464 ejus
1343 2397 1371 2450 ?
1389 2412 1456 2450 ne
1473 2397 1576 2452 hoc
1599 2397 1838 2468 quidem.
1860 2400 1958 2453 So-

339 2479 424 2534 lus
444 2480 497 2534 in
517 2479 596 2536 eis
616 2481 686 2536 ad
707 2480 909 2536 famam
926 2482 1098 2552 viguit
1115 2483 1352 2550 auditus,
1378 2485 1475 2539 sed
1496 2500 1600 2540 nec
1619 2485 1689 2539 ad
1711 2485 1952 2554 speciem

338 2567 508 2634 visus,
541 2584 646 2625 nec
677 2569 747 2624 ad
776 2569 1121 2626 dulcedinem
1152 2579 1366 2643 gustus.
1401 2574 1470 2627 Et
1501 2588 1606 2644 ego
1637 2573 1765 2644 quid
1798 2573 1952 2644 loqui

337 2655 508 2727 digne
555 2671 777 2726 possem
840 2658 908 2713 de
959 2658 1247 2714 dulcedine
1298 2659 1469 2725 cellae,
1527 2676 1690 2730 quem
1744 2669 1954 2716 constat

339 2743 503 2812 (sicut
531 2759 743 2817 negare
771 2760 880 2800 non
912 2745 1090 2813 valeo,
1127 2747 1205 2803 sic
1234 2763 1337 2803 nec
1386 2747 1533 2819 volo)
1561 2748 1765 2819 aliquid
1793 2749 1860 2803 de
1891 2765 1954 2804 ea

338 2831 425 2886 vel
455 2832 688 2888 tenuiter
717 2834 936 2890 audisse
969 2851 982 2889 :
1009 2851 1129 2906 quae
1159 2851 1314 2902 vero,
1365 2835 1538 2906 qualis
1568 2846 1832 2907 quantave
1862 2837 1948 2903 sit,

337 2920 426 2975 vel
456 2920 589 2974 nihil
621 2922 862 2990 omnino,
897 2922 985 2978 vel
1022 2923 1308 2978 modicum
1355 2932 1505 2979 certe
1534 2924 1822 2996 aliquando
1851 2942 1951 2980 ex-

339 3015 554 3078 pertum
584 3009 762 3065 fuisse
779 3011 806 3064 ‘2
835 3012 1037 3066 Verum
1069 3011 1334 3067 ariolandi
1363 3012 1640 3068 incurrere
1666 3021 1952 3083 peccatum

339 3103 393 3152 et
422 3096 601 3152 scelus
630 3097 952 3154 idololatria:
999 3107 1255 3156 metuens
1280 3119 1294 3167 ;
1329 3109 1381 3155 et
1409 3101 1586 3171 magis
1615 3101 1952 3172 deprehendi

337 3200 402 3239 ea
430 3200 639 3241 vacuus
668 3203 792 3258 quae
828 3186 1003 3253 inﬂat,
1053 3203 1216 3259 quam
1263 3205 1384 3260 quae
1411 3188 1665 3259 aediﬁcat,
1696 3189 1943 3262 eligens;
1979 3175 2026 3236 Ο

337 3273 446 3328 vim
490 3274 623 3328 mihi
672 3274 777 3345 ipsi
831 3274 1100 3344 inferens,
1157 3285 1214 3331 ut
1254 3277 1364 3345 jam
1392 3293 1571 3333 essem
1599 3277 1826 3346 volens,
1859 3279 1951 3350 qui

337 3369 462 3417 ante
499 3361 707 3418 fueram
755 3363 984 3430 uolens;
1016 3364 1187 3419 institi
1233 3373 1289 3419 ut
1345 3367 1497 3436 potui
1526 3384 1539 3420 :
1573 3366 1777 3421 docens
1805 3368 1952 3438 quod

337 3465 447 3506 non
477 3450 662 3521 didici,
696 3459 750 3506 et
771 3452 992 3507 tradens
1019 3453 1166 3524 quod
1193 3467 1305 3508 non
1353 3454 1560 3525 accepi.
1596 3456 1951 3526 Consequens

337 3539 568 3608 proinde
599 3547 684 3595 est
708 3540 856 3611 quod
876 3540 981 3595 nisi
1012 3541 1083 3595 ad
1125 3543 1496 3598 excusandam
1522 3544 1664 3599 hanc
1693 3559 1951 3616 magnam

338 3627 394 3681 in
454 3643 542 3683 me
605 3629 968 3684 temeritatem
1018 3637 1072 3684 et
1101 3632 1610 3701 praesumptionem,
1643 3633 1953 3688 obedientia

337 3731 459 3770 cum
503 3715 788 3782 charitate,
835 3718 1074 3774 charitas
1116 3734 1242 3774 cum
1296 3719 1610 3776 obedientia
1653 3721 1952 3792 procedat;

337 3802 444 3858 illis
468 3804 590 3872 jure
617 3805 848 3860 debeam
889 3805 1256 3876 adnumerari,
1312 3824 1449 3879 quos
1492 3808 1686 3864 asserit
1714 3812 1953 3881 Aposto-

337 3889 423 3946 lus
441 3907 562 3948 esse
575 3907 872 3949 conversos
884 3896 947 3950 in
957 3896 1093 3950 vani
1098 3895 1347 3967 loquium
1372 3909 1384 3948 :
1410 3912 1472 3951 vo
1483 3898 1660 3952 lentes
1678 3913 1796 3953 esse
1819 3899 1953 3968 legis

341 3979 592 4036 doctores
617 3999 630 4035 :
651 3997 767 4038 non
789 3982 1174 4053 intelligentes
1194 3999 1374 4055 neque
1399 3986 1846 4058 quwloquuntur
1861 4002 1954 4041 ne-

337 4085 440 4139 que
471 4068 538 4125 de
569 4071 766 4142 quibus
795 4071 1116 4142 afﬁrmant.
1141 4071 1248 4127 Sed
1279 4081 1416 4127 esto.
1451 4073 1596 4129 Ecce
1623 4072 1800 4128 factus
1831 4090 1950 4128 sum

335 4156 621 4228 insipiens,
638 4158 736 4214 sed
749 4159 1022 4229 sapienter
1037 4179 1049 4227 ;
1068 4160 1198 4231 quia
1208 4176 1307 4216 vos
1320 4177 1408 4216 me
1430 4161 1708 4233 coegistis.
1724 4163 1854 4216 Inde
1870 4169 1952 4217 est

335 4245 480 4316 quod
528 4245 575 4300 si
623 4255 844 4302 accusat
908 4249 1280 4320 praesumptio,
1338 4250 1438 4304 sed
1469 4257 1692 4305 excusat
1721 4250 1948 4306 coactio.

327 4333 468 4388 Nam
497 4333 600 4389 etsi
646 4350 678 4389 a
705 4351 795 4390 me
825 4335 1098 4391 silentium
1149 4337 1316 4408 exigit
1363 4337 1635 4408 imperitia
1682 4354 1819 4404 mea,
1853 4338 1951 4393 sed

329 4435 390 4476 os
421 4437 601 4476 meum
641 4423 852 4494 aperuit
879 4424 1055 4492 jussio
1099 4433 1296 4482 vestra.
1351 4426 1483 4480 Inde
1525 4441 1740 4482 mecum
1771 4433 1952 4482 actum

2050 560 2326 625 exercitia,
2363 562 2560 631 quibus
2589 563 2915 620 inhabitator
2936 567 3088 622 cellae
3110 567 3390 624 intendere
3422 569 3659 624 debeat:

2049 649 2342 718 assumptis
2410 650 2536 706 hinc
2586 652 2713 708 inde
2763 655 2946 724 (prout
2981 655 3122 711 ratio
3177 656 3455 727 exigebat)
3486 673 3659 713 sacrae

2051 735 2350 805 Scriptura:
2406 739 2749 806 testimoniis,
2799 752 3027 798 conatus
3074 760 3194 798 sum
3239 761 3338 808 pro
3364 753 3527 809 posse
3557 739 3661 794 de-

2049 831 2374 879 monstrare.
2411 827 2547 882 Sunt
2587 837 2767 884 autem
2818 838 3048 896 quatuor
3089 826 3348 882 exercitia
3388 826 3497 896 illa,
3545 834 3660 882 stu-

2049 910 2199 965 dium
2229 927 2398 966 sacraz
2429 912 2698 978 lectionis,
2733 914 3014 968 maturitas
3064 913 3322 969 defecatae
3351 915 3660 970 meditatio-

2048 997 2153 1062 nis,
2188 998 2407 1053 devotio
2438 1015 2588 1069 purae
2609 1000 2892 1068 orationis,
2919 1001 3211 1057 Strenuitas
3229 1002 3375 1057 utilis
3405 1001 3656 1059 actionis.

2049 1082 2296 1151 Quatuor
2351 1086 2514 1141 hac:
2567 1088 2739 1156 major
2785 1089 2981 1144 horum
3030 1091 3200 1144 oratio
3245 1097 3348 1145 est.
3395 1091 3534 1146 Hinc
3579 1099 3662 1147 est

2052 1173 2195 1243 quod
2227 1173 2353 1229 huic
2383 1174 2526 1230 libro
2563 1176 2707 1231 hunc
2739 1177 2972 1246 titulum,
3025 1177 3277 1233 videlicet
3303 1179 3381 1234 De
3427 1179 3661 1251 quadri-

2045 1262 2256 1329 pertito
2277 1263 2466 1332 ofﬁcio
2485 1265 2570 1319 cel
2577 1266 2644 1319 ιω
2660 1265 2886 1337 dignum
2909 1266 3039 1320 duxi
3078 1266 3524 1337 praeponendum,
3557 1267 3664 1322 nisi

2052 1347 2187 1404 forte
2223 1351 2536 1419 paternitati
2566 1360 2762 1409 vestrae
2793 1353 2943 1409 aliud
2994 1353 3156 1408 fuerit
3187 1354 3384 1409 visum.
3417 1354 3666 1426 Capitula

2049 1452 2264 1507 quoque
2303 1446 2428 1493 ante
2456 1439 2580 1494 libri
2609 1441 2892 1496 exordium
2923 1442 3178 1498 universa
3209 1443 3388 1513 posita
3418 1452 3560 1509 sunt,
3595 1458 3662 1498 eo
3694 1494 3704 1500 .

2050 1541 2266 1595 quoque
2297 1527 2491 1584 ordine
2517 1544 2624 1600 quo
2656 1529 2760 1584 sibi
2807 1530 3040 1586 invicem
3075 1531 3374 1586 succedunt
3407 1546 3420 1585 :
3450 1539 3508 1585 ut
3537 1547 3662 1587 cum

2049 1612 2255 1682 aliquid
2290 1615 2566 1685 quaeritur,
2602 1617 2811 1688 absque
2851 1619 2999 1673 omni
3028 1620 3206 1672 statim
3233 1619 3546 1676 difﬁcultate
3567 1635 3662 1675 re-

2049 1701 2290 1769 periatur
2335 1703 2460 1757 Non
2503 1704 2678 1760 solum
2726 1713 2925 1772 autem,
2974 1707 3072 1762 sed
3120 1715 3173 1763 et
3213 1707 3267 1761 in
3310 1707 3430 1778 ipso
3478 1707 3658 1776 libro,

1975 1818 2026 1876 B
2053 1789 2242 1843 eadem
2272 1790 2506 1860 capitula
2535 1793 2591 1847 in
2621 1793 2756 1848 locis
2802 1794 2905 1848 sibi
2966 1795 3185 1865 singula
3214 1795 3664 1851 convenientibus

2053 1886 2436 1947 apponuntur;
2468 1887 2525 1935 ut
2554 1896 2677 1936 cum
2705 1881 2991 1952 praefixum
3021 1882 3316 1953 capitulum
3343 1883 3658 1951 attenditur,

2054 1965 2198 2018 unde
2237 1973 2429 2022 tractet
2477 1969 2623 2039 quod
2679 1969 2925 2040 sequitur
2981 1970 3262 2026 evidenter
3307 1980 3659 2044 agnoscatur.

2054 2052 2298 2122 Accipiat
2354 2054 2469 2122 jam
2529 2056 2725 2113 dilecta
2789 2058 2922 2112 mihi
2968 2058 3022 2112 in
3073 2059 3304 2114 Domino
3363 2059 3665 2130 paternitas

2054 2148 2240 2195 vestra
2270 2158 2468 2197 munus
2501 2144 2722 2216 quidem
2750 2161 3012 2216 parvum,
3045 2162 3154 2202 non
3183 2163 3355 2218 parva
3401 2155 3585 2203 tamen
3613 2147 3666 2204 ei

2002 2296 2008 2302 ,
2057 2228 2347 2285 devotione
2397 2232 2633 2288 oblatum
2668 2251 2680 2289 :
2715 2243 2766 2290 et
2810 2235 2855 2290 si
2901 2235 3042 2292 forte
3090 2251 3200 2291 non
3252 2235 3481 2290 multum
3508 2236 3564 2291 in
3595 2251 3662 2292 eo

2058 2315 2255 2371 viderit
2303 2320 2452 2388 quod
2493 2321 2612 2392 ipse
2637 2323 2761 2390 jure
2807 2323 3004 2378 debeat
3049 2324 3375 2394 approbare,
3407 2325 3663 2380 devotam

2054 2404 2230 2458 saltim
2287 2405 2568 2463 offerentis
2613 2410 2942 2466 voluntatem
2973 2404 3227 2483 dignetur
3255 2420 3534 2482 acceptam
3565 2413 3662 2467 ha-

2052 2491 2201 2547 bere.
2223 2492 2470 2551 Obsecro
2493 2497 2656 2552 etiam
2671 2514 2769 2553 vos
2791 2507 2849 2552 ut
2874 2515 2973 2570 pro
3003 2515 3068 2554 eo
3099 2499 3262 2570 quod,
3295 2500 3513 2554 omissis
3542 2501 3661 2555 aliis

2054 2579 2382 2649 quibusdam
2412 2584 2609 2654 quibus
2647 2586 2928 2642 intendere
2977 2587 3106 2642 mihi
3136 2587 3352 2643 dulcius
3381 2603 3506 2643 esse
3535 2588 3661 2659 (etsi

2052 2667 2192 2722 forte
2223 2684 2332 2723 non
2361 2671 2568 2743 utilius)
2599 2683 2838 2730 vestram
2879 2691 3019 2740 sum,
3068 2675 3170 2731 etsi
3211 2691 3322 2730 non
3366 2684 3424 2730 ut
3453 2675 3656 2744 debui,

2052 2767 2202 2814 certe
2231 2769 2290 2816 ut
2315 2762 2483 2834 potui,
2526 2763 2827 2830 jussionem
2875 2772 3193 2829 exsecutus,
3227 2765 3367 2821 hanc
3396 2763 3527 2818 mihi
3557 2780 3658 2834 pro

2050 2853 2242 2908 labore
2289 2867 2412 2907 meo
2454 2851 2765 2906 mercedem
2804 2851 3065 2918 reddatis,
3114 2861 3170 2906 ut
3216 2851 3273 2906 in
3316 2852 3659 2908 orationibus

2051 2941 2249 2996 vestris
2296 2940 2405 2996 mei
2467 2939 2744 2996 reminisci
2791 2939 3018 2995 velitis:
3073 2940 3249 3012 sitque
3297 2941 3658 2996 remuneratio

2050 3036 2312 3100 promptae
2332 3028 2657 3084 obedientiae
2677 3044 2833 3094 mem,
2856 3027 3110 3083 instantia
3138 3044 3239 3098 pro
3268 3045 3357 3083 me
3385 3029 3454 3083 ad
3483 3030 3658 3084 Deum

2052 3117 2310 3172 orationis
2339 3125 2534 3173 vestrae
2573 3117 2803 3172 devotae.
2849 3117 3229 3172 Venerandam
3278 3117 3658 3188 paternitatem

2048 3213 2281 3261 vestram
2325 3207 2474 3261 Deus
2537 3205 2882 3276 omnipotens
2926 3206 3103 3274 Pater,
3154 3221 3252 3276 per
3278 3205 3534 3260 dilectum
3563 3205 3658 3260 Fi-

2049 3293 2183 3348 lium
2236 3310 2432 3360 suum,
2483 3293 2536 3347 in
2584 3301 2773 3348 sancto
2823 3293 3103 3365 utriusque
3149 3293 3352 3364 Spiritu
3393 3293 3461 3347 ab
3509 3293 3658 3349 omni

2049 3382 2192 3436 malo
2223 3381 2507 3446 custodiat,
2557 3381 2784 3453 diesque
2831 3389 3048 3437 vestros
3087 3381 3141 3436 in
3173 3398 3274 3436 sua
3296 3397 3433 3452 pace
3463 3381 3656 3452 diSpo-

2051 3479 2159 3535 nat,
2208 3478 2373 3540 atque
2420 3470 2487 3524 ab
2536 3478 2742 3525 aeterna
2796 3470 3144 3526 damnatione
3191 3485 3291 3526 vos
3330 3470 3488 3541 eripi,
3521 3478 3573 3524 et
3602 3470 3658 3525 in

2052 3559 2351 3616 electorum
2382 3574 2604 3614 suorum
2628 3559 2817 3628 jubeat
2846 3575 3018 3631 grege
3047 3559 3341 3615 numerari.
3374 3560 3567 3614 Amen.

2551 3908 3045 3966 CAPITULORUM
3086 3908 3353 3965 SERIES.

2125 4072 2164 4124 Ι.
2196 4072 2272 4126 De
2305 4070 2465 4126 modo
2493 4075 2552 4125 et
2595 4086 2768 4126 causa
2824 4070 3100 4126 adventus
3156 4070 3413 4141 priorum
3441 4069 3656 4125 ordinis

2057 4157 2475 4214 Carthusiensis
2505 4159 2577 4212 ad
2603 4174 2862 4213 annuum
2886 4159 3230 4230 capitulum,
3253 4161 3310 4214 et
3339 4159 3406 4214 de
3439 4159 3659 4229 triplici

2049 4250 2249 4316 fructu
2279 4247 2556 4303 adventus
2587 4262 2800 4303 eorum.

2123 4336 2189 4391 ll.
2221 4335 2297 4391 De
2348 4337 2629 4390 suavitate
2674 4335 2924 4400 sublimi,
2968 4339 3024 4390 et
3071 4335 3425 4390 sublimitate
3469 4336 3652 4400 suavi,

2051 4441 2174 4497 qum
2203 4425 2266 4479 in
2314 4424 2510 4480 ordine
2563 4422 2957 4480 Carthusiensi
2983 4423 3048 4477 in
3107 4423 3284 4478 tribus
3327 4424 3657 4494 specialiter

329 4516 411 4564 est
441 4510 588 4581 quod
617 4510 778 4566 silere
818 4511 991 4581 timui,
1026 4513 1118 4584 qui
1170 4512 1320 4584 loqui
1365 4513 1559 4569 erubui
1594 4529 1606 4568 :
1641 4514 1820 4587 magis
1847 4530 1948 4569 vo-
1979 4531 2030 4591 D
2052 4513 2333 4569 consistit.

327 4597 446 4652 lens
475 4614 576 4668 per
605 4597 931 4670 imperitiam
978 4600 1159 4656 locum
1206 4601 1263 4656 in
1311 4618 1400 4657 me
1446 4602 1577 4657 dare
1608 4601 1932 4674 confusioni,

325 4701 487 4757 quam
519 4702 616 4756 pro
663 4702 749 4754 eo,
799 4688 845 4742 si
889 4689 1204 4746 resisterem
1238 4691 1512 4761 potestati,
1538 4707 1600 4747 ac
1631 4691 1855 4762 perinde
1884 4699 1936 4747 et

324 4774 424 4829 Dei
467 4774 812 4841 ordinationi,
861 4777 1054 4847 subjici
1083 4779 1443 4836 damnationi.
1496 4780 1669 4851 Igitur
1696 4788 1936 4836 vestrum

326 4877 428 4932 pro
455 4878 621 4933 posse
649 4865 978 4937 aggrediens
1010 4867 1246 4939 exsequi
1277 4876 1631 4939 praeceptum,
1665 4867 1938 4939 applicare

330 4951 516 5007 curavi
543 4958 596 5006 et
616 4953 796 5009 studio
815 4955 1074 5023 animum,
1111 4964 1164 5012 et
1191 4955 1405 5014 calamo
1434 4972 1673 5023 manum,
1709 4964 1764 5013 et
1792 4957 1939 5029 quod

329 5038 462 5093 mihi
493 5039 562 5095 de
608 5039 710 5096 hac
757 5043 990 5098 materia
1041 5044 1112 5098 ad
1150 5059 1398 5116 praesens
1448 5046 1704 5110 occurrit,
1745 5061 1844 5116 pro
1873 5061 1940 5101 eo

327 5127 474 5198 quod
504 5137 562 5183 ut
589 5127 658 5184 de
690 5144 757 5184 ea
788 5137 1104 5198 tractarem,
1131 5141 1315 5189 vestra
1344 5149 1433 5190 me
1463 5134 1762 5205 paternitas
1791 5149 1941 5190 com-

323 5215 496 5285 pulit;
529 5216 670 5272 sicut
696 5218 752 5272 in
782 5219 962 5276 studio
989 5221 1325 5293 deprehendi
1358 5222 1436 5278 sic
1467 5222 1670 5294 scripto
1699 5222 1931 5294 digessi.

325 5303 466 5370 Quia
495 5321 624 5362 vero
651 5307 708 5360 in
734 5307 916 5380 rigore
947 5309 1164 5380 capituli
1194 5311 1496 5381 generalis,
1531 5311 1676 5382 quod
1707 5310 1938 5383 singulis

322 5392 464 5462 apud
485 5392 829 5450 Carthusiam
850 5397 1009 5452 annis
1029 5399 1482 5456 convenientibus
1515 5399 1569 5454 in
1602 5399 1796 5456 eodem
1815 5399 1939 5455 loco

321 5479 390 5534 de
419 5480 583 5554 longe
612 5491 666 5539 et
693 5483 762 5540 de
793 5501 962 5557 prope
1011 5487 1260 5556 ejusdem
1291 5487 1502 5544 ordinis
1536 5487 1828 5559 prioribus,
1864 5495 1944 5544 te-

319 5576 478 5625 netur
507 5571 668 5644 vigor
685 5572 847 5629 totius
863 5574 1070 5632 ordinis
1094 5583 1147 5630 et
1172 5576 1340 5632 robur
1368 5576 1674 5633 consistere
1702 5591 1813 5632 non
1844 5575 1942 5630 du-

325 5656 528 5715 bitatur
561 5676 575 5714 :
608 5660 676 5715 ab
707 5676 773 5718 eo
803 5662 963 5731 hujus
985 5663 1422 5721 meseloculionis
1452 5664 1637 5721 curavi
1658 5663 1941 5722 exordium

323 5761 555 5805 sumere.
591 5749 792 5820 Sicque
823 5751 879 5807 in
913 5751 1111 5823 quibus
1161 5753 1278 5824 ipsa
1325 5753 1534 5810 ordinis
1566 5769 1776 5811 summa
1806 5768 1942 5809 con-

2107 4604 2200 4658 III.
2243 4604 2317 4659 De
2348 4601 2648 4672 spirituali
2693 4601 3118 4658 conversatione
3147 4601 3368 4670 [ratum
3400 4598 3651 4655 Carthu-

2034 4693 2313 4748 siensium
2342 4691 2405 4745 in
2422 4707 2531 4761 qua
2559 4693 2700 4746 eunt
2714 4693 2842 4762 post
2874 4689 3180 4750 Christum.
3201 4703 3304 4759 per
3339 4687 3645 4754 Christum,

2036 4781 2107 4837 ad
2146 4782 2456 4837 Christum.

2114 4871 2204 4925 IV.
2244 4868 2388 4936 Quid
2415 4868 2798 4940 spiritualiter
2813 4867 3008 4922 debeat
3023 4865 3205 4936 accipi
3231 4880 3333 4936 per
3363 4865 3649 4921 vilitatem

2038 4963 2095 5014 et
2115 4960 2486 5030 asperitatem
2507 4957 2730 5012 habitus
2781 4955 3291 5020 Carthusiensium,
3325 4956 3382 5008 et
3413 4952 3479 5009 de
3507 4968 3652 5024 pau—
3681 4961 3694 4971 °

2036 5050 2263 5120 perlate
2295 5047 2479 5102 victus
2510 5061 2723 5102 eorum.

2111 5137 2176 5190 V.
2211 5137 2286 5191 De
2313 5137 2571 5208 puritate
2601 5133 3103 5205 contemplationis
3132 5133 3399 5199 internas,
3433 5145 3557 5202 qua:
3575 5129 3649 5185 ad

2040 5225 2200 5281 cella’
2233 5225 2591 5296 potissimum
2632 5222 3001 5279 solitudinem
3031 5225 3267 5292 spectat.

2113 5313 2204 5368 VI.
2228 5313 2489 5380 Qualiter
2507 5313 2694 5366 suavis
2715 5311 2874 5366 cella:
2902 5310 3077 5381 quies,
3101 5311 3360 5381 etquieta
3375 5310 3498 5380 ejus
3515 5322 3646 5363 sua-

2041 5402 2188 5458 vitas
2218 5403 2282 5455 in
2301 5400 2629 5472 quibusdam
2660 5415 2836 5454 sacra,
2863 5398 3173 5470 Scriptura:
3205 5398 3340 5454 locis
3371 5411 3643 5468 expressa

2042 5489 2135 5545 sit.

2114 5577 2231 5632 VII.
2266 5578 2342 5633 De
2371 5576 2568 5634 eadem
2599 5576 2784 5648 quiete
2828 5575 2987 5631 cellae
3020 5591 3033 5627 :
3066 5574 3311 5646 qualiter
3351 5589 3452 5644 per
3498 5571 3648 5627 viros

2042 5668 2268 5721 sanctos
2297 5681 2332 5719 a
2363 5665 2540 5736 Moyse
2566 5679 2740 5736 usque
2770 5662 2842 5718 ad
2876 5663 3084 5719 Isaiam
3113 5663 3234 5731 ejus
3261 5663 3545 5718 secretum
3573 5658 3653 5712 sit

2044 5768 2401 5824 expressum.
