3938 6404
256 316 357 369 803

1110 288 1453 367 GUIGONIS
1500 310 1548 364 11
1593 303 2003 364 CARTHUSIAE
2050 307 2345 365 MAJORIS
2389 307 2690 364 PRIORIS.

3463 308 3570 362 804

325 431 464 487 VIII.
496 433 573 488 De
603 430 932 503 quibusdam
976 431 1114 486 viris
1146 432 1363 487 sanctis
1393 431 1488 504 qui
1516 433 1757 501 fuerunt
1787 429 1853 484 ab
1873 429 1929 489 Α
1957 433 2020 486 in
2040 438 2233 490 mente
2247 434 2582 491 meditantis
2602 448 2838 490 causam
2849 430 3033 501 gignit
3046 434 3104 488 et
3121 428 3521 486 admirationis
3540 451 3560 487 :

259 521 408 577 Isaia
435 536 608 592 usque
631 519 703 574 ad
729 518 1015 574 Christum
1046 537 1065 574 :
1086 522 1142 575 et
1170 520 1236 574 de
1271 520 1599 591 quibusdam
1629 519 1858 591 qui/ue-

257 613 399 665 runt
415 612 545 680 post
583 607 895 664 adventum
926 606 1155 676 Christi,
1197 609 1444 680 qualiter
1477 624 1581 680 per
1599 624 1688 663 eos
1710 608 1857 676 ﬁgu-

259 697 392 745 rata
418 698 493 744 sit
522 697 679 751 cella:
708 697 881 766 quies.

330 778 427 832 IX.
451 778 527 833 De
548 778 732 849 quiete
746 785 901 833 cella.-
923 803 941 844 ,-
977 788 1032 839 et
1048 784 1191 850 quod
1211 800 1325 840 non
1345 784 1573 855 expedit
1602 784 1656 837 ei
1684 783 1779 852 qui
1795 783 1858 836 in

263 882 329 921 ea
353 864 591 933 habitat,
614 870 678 921 ut
690 866 1024 923 curiositate
1043 871 1350 923 temeraria
1366 874 1539 923 nimis
1562 871 1660 926 diu
1686 873 1859 925 extra

165 958 170 964 ’
252 969 377 1009 eam
415 958 687 1010 moretur.

321 1042 401 1097 X.’
428 1041 505 1098 De
525 1058 587 1098 eo
608 1042 750 1115 quod
771 1043 939 1111 cella,
960 1043 1027 1099 ab
1047 1059 1107 1099 eo
1128 1046 1222 1116 qui
1239 1061 1363 1099 eam
1386 1046 1688 1115 inhabitat,
1703 1049 1859 1118 jugi-

256 1136 341 1188 ter
372 1132 615 1188 tenenda
643 1134 767 1199 est;
796 1135 855 1187 et
901 1131 1046 1203 quod
1088 1132 1141 1187 ei
1189 1134 1513 1202 periculum
1559 1137 1783 1191 eveniat
1812 1136 1860 1190 si

255 1221 554 1276 temerarie
580 1220 647 1275 ab
677 1234 745 1274 ea
774 1220 954 1289 fuerit
996 1235 1268 1291 egressus.

322 1308 422 1363 XI.
444 1309 521 1364 De
542 1308 763 1379 magnis
780 1307 1092 1379 multisque
1112 1310 1387 1380 periculis
1410 1326 1532 1382 quw
1549 1312 1646 1367 ille
1668 1312 1861 1369 incur-

252 1397 333 1452 rit
361 1397 458 1469 qui
477 1395 765 1453 habitator
800 1400 884 1452 est
913 1397 1091 1460 cellae,
1127 1400 1184 1452 et
1210 1397 1276 1452 de
1305 1399 1410 1452 illa
1439 1401 1591 1454 male
1618 1401 1778 1467 exit;
1799 1404 1857 1455 et

250 1484 315 1541 de
345 1500 407 1541 eo
436 1483 579 1557 quod
605 1500 872 1555 magnam
893 1484 1102 1539 animae
1126 1489 1342 1540 sanctae
1363 1489 1587 1557 confert
1614 1489 1860 1559 quietem

243 1572 415 1644 plena
443 1576 500 1628 et
526 1575 781 1643 perfecta
826 1572 1064 1642 abjectio
1103 1573 1469 1629 saecularium
1500 1591 1711 1631 rerum.

317 1660 442 1717 XII.
476 1663 552 1715 De
573 1661 941 1716 saecularium
964 1660 1081 1729 (cui
1096 1662 1364 1731 precipue
1386 1662 1703 1720 intendunt
1726 1662 1861 1719 Car-

1960 525 2014 575 et
2044 521 2108 577 de
2137 538 2197 579 eo
2219 523 2361 595 quod
2376 538 2482 595 per
2502 539 2568 578 ea
2588 538 2709 595 quce
2727 524 2888 592 facta
2920 519 3424 589 suntconspicitur
3443 519 3562 592 ipse

1960 612 2053 681 qui
2082 614 2238 681 fecit.
3482 626 3489 636 '

2030 699 2263 755 XXVII.
2302 702 2377 755 De
2427 701 2647 757 vocibus
2677 702 2733 755 et
2783 695 3155 753 locutionibus
3200 710 3338 765 quas
3366 694 3564 751 anima

1959 788 2343 859 spiritualiter
2371 788 2533 843 audit
2564 806 2582 843 :
2614 790 2672 843 et
2688 787 2937 858 qualiter
2954 784 3151 839 anima
3166 781 3240 837 ad
3257 784 3559 854 imaginem

1962 876 2059 931 Dei
2077 879 2236 945 facta
2255 878 2351 941 sit,
2376 880 2431 931 et
2453 892 2617 948 quem
2628 878 2847 930 motum
2861 872 3159 943 suscipiat,
3179 874 3236 927 et
3264 871 3425 941 cujus
3445 887 3563 929 mo-

1963 967 2056 1019 tus
2083 964 2462 1035 susceptibitis
2488 980 2604 1019 non
2632 965 2729 1019 sit.

2030 1051 2282 1108 XXVIII.
2316 1054 2393 1108 De
2420 1052 2541 1107 illis
2570 1052 2750 1108 beatis
2795 1046 3113 1121 spiritibus,
3147 1061 3270 1118 qua
3299 1045 3561 1103 videlicet

1958 1140 2063 1194 illa
2083 1142 2202 1195 sint
2218 1156 2339 1212 quae
2359 1138 2432 1194 ad
2444 1154 2533 1195 eos
2547 1139 2847 1210 pertinent
2867 1156 2885 1204 ;
2902 1135 3103 1208 etquid
3118 1135 3183 1189 de
3200 1133 3321 1189 illis
3332 1135 3395 1189 in
3413 1150 3564 1205 pura

1958 1227 2327 1284 meditatione
2355 1243 2482 1294 sua,
2522 1228 2682 1283 cellae
2726 1225 2922 1282 debeat
2952 1225 3115 1279 intra
3167 1237 3227 1279 se
3280 1220 3566 1280 habitator

1960 1316 2259 1371 revolvere.

2030 1403 2239 1457 XXIX.
2271 1402 2349 1458 De
2388 1403 2491 1458 illo
2522 1401 2922 1457 meditationis
2964 1416 3168 1471 genere
3215 1400 3358 1473 quod
3404 1400 3563 1454 intra

1959 1508 2059 1548 nos
2080 1493 2143 1547 in
2163 1493 2302 1563 ipsis
2324 1491 2547 1546 intimis
2574 1488 2755 1546 cordis
2789 1488 3000 1544 nostris
3032 1488 3298 1544 debemus
3337 1487 3559 1555 habere,

1959 1596 2089 1635 cum
2124 1580 2189 1634 de
2219 1581 2327 1635 Deo
2357 1578 2650 1634 studemus
2680 1579 2924 1648 cogitare
2951 1595 2970 1632 :
3002 1580 3059 1633 et
3089 1578 3336 1649 qualiter
3364 1574 3431 1631 de
3459 1575 3560 1633 illo

1959 1684 2060 1724 nos
2093 1668 2292 1723 doceat
2319 1670 2376 1722 et
2408 1667 2579 1722 liceat
2617 1666 2856 1721 sentire.

247 1748 583 1819 thusienses)
599 1749 954 1818 negotiorum
982 1752 1039 1803 et
1076 1749 1552 1805 sollicitudinum
1573 1768 1639 1807 ac
1662 1768 1859 1823 posse-
1879 1776 1932 1835 Β
2031 1756 2220 1810 XXX.
2263 1758 2339 1811 De
2371 1756 2635 1810 trinitate
2651 1768 3049 1825 personarum,
3073 1752 3141 1809 de
3165 1754 3395 1809 unitate
3424 1751 3559 1808 sub-

244 1838 496 1894 ssionum
524 1836 861 1908 abjectione.

315 1920 471 1980 XIII.
500 1927 577 1981 De
612 1926 726 1981 loco
753 1927 971 1981 sancta:
1000 1924 1327 1995 voluptatis,
1374 1930 1431 1981 et
1468 1926 1534 1982 de
1564 1927 1860 1999 spirituali

246 2016 385 2088 fuga
413 2014 604 2070 sancti
632 2014 753 2070 Job.

318 2102 466 2157 XIV.
501 2100 778 2169 Quomodo
812 2102 1196 2174 spiritualiter
1231 2102 1624 2173 egrediebatur
1650 2104 1859 2173 ﬂuvius

248 2191 314 2247 de
334 2191 446 2247 loco
468 2190 775 2262 voluptatis
795 2190 868 2245 ad
889 2191 1111 2260 irrigan
1122 2192 1253 2247 dum
1274 2192 1634 2262 paradisum:
1661 2196 1716 2248 et
1736 2194 1859 2264 quis

247 2279 349 2335 ille
378 2279 586 2347 ﬂuvius
612 2280 707 2334 sit.

321 2367 442 2423 XV.
478 2367 629 2435 Quod
648 2367 743 2439 qui
772 2365 847 2422 ad
863 2382 1129 2422 annuum
1158 2368 1508 2423 conveniunt
1535 2370 1857 2439 capitulum

248 2457 484 2527 priores,
503 2455 721 2511 ordinis
735 2454 937 2511 debent
967 2456 1273 2526 diligenter
1295 2456 1591 2511 intendere
1623 2472 1858 2511 renova-

251 2545 394 2601 tioni
427 2561 440 2598 :
475 2547 530 2599 et
556 2543 622 2599 de
638 2547 882 2615 quatuor
900 2545 1195 2599 exercitiis
1217 2544 1453 2609 sanctis,
1474 2544 1673 2615 quibus
1694 2545 1855 2599 solli-

249 2633 358 2688 cite
378 2632 605 2688 studere
623 2631 781 2687 debet
811 2633 997 2687 omnis
1030 2633 1127 2704 qui
1156 2632 1219 2686 in
1250 2632 1398 2687 cella
1421 2632 1542 2688 vult
1560 2635 1856 2703 fructuose

246 2722 603 2778 commorari.

316 2810 467 2865 XVI.
506 2811 582 2865 De
612 2808 1096 2865 commendatione
1116 2810 1294 2875 cellae,
1322 2812 1379 2865 et
1400 2808 1466 2865 de
1494 2812 1736 2881 quatuor
1760 2826 1854 2865 ca-

246 2899 459 2970 pitibus
486 2898 605 2953 illis
624 2898 686 2952 in
698 2914 820 2969 quae
847 2898 1057 2965 ﬂuvius
1076 2896 1354 2953 dividitur
1374 2899 1470 2973 qui
1492 2898 1565 2952 ad
1594 2898 1853 2968 irrigan-

250 2986 384 3043 dum
407 2986 740 3056 paradisum
770 2985 835 3040 de
869 2986 983 3041 loco
1013 2986 1320 3055 voluptatis
1346 2985 1651 3056 egreditur.

1958 1846 2194 1899 stantia:
2218 1859 2340 1915 qua:
2359 1844 2506 1899 Deus
2535 1845 2639 1908 est,
2664 1846 2719 1897 et
2743 1841 2886 1913 quod
2909 1841 3307 1913 prwjudicium
3333 1838 3561 1912 aliquod

1956 1949 2061 1989 nec
2097 1933 2347 1987 Trinitas
2379 1931 2621 1996 unitati,
2656 1946 2762 1985 nec
2790 1931 2989 1985 unitas
3019 1930 3162 2000 facit
3202 1929 3487 1985 Trinitati.

2027 2019 2237 2074 XXXI.
2260 2020 2336 2074 De
2358 2020 2624 2089 diligenti
2644 2017 3053 2085 sollicitudine,
3079 2020 3135 2072 et
3161 2017 3409 2073 sollicita
3429 2014 3562 2071 dili-

1958 2109 2151 2179 gentia
2172 2124 2339 2179 quam
2360 2106 2609 2163 orationi
2623 2109 2834 2161 nostra:
2852 2103 3075 2177 quando
3091 2105 3144 2159 ei
3155 2102 3559 2170 incumbimus,

1959 2196 2218 2252 debemus
2240 2195 2565 2266 impendere
2586 2214 2604 2249 :
2625 2198 2682 2249 et
2715 2194 2783 2249 de
2809 2208 3021 2264 magna
3040 2192 3425 2248 instabilitate
3453 2206 3564 2263 qua

1957 2286 2021 2339 in
2052 2284 2235 2351 corde,
2268 2284 2544 2338 orationis
2595 2286 2865 2354 tempore,
2912 2296 3015 2351 per
3046 2282 3225 2336 otiosa
3254 2282 3311 2335 et
3339 2279 3559 2347 nociva,

1957 2372 2224 2443 dispersis
2238 2370 2671 2443 cogitationibus
2683 2372 2895 2426 nostris
2913 2369 3119 2424 misere
3138 2385 3205 2424 ac
3224 2367 3564 2424 miserabili-

1959 2465 2049 2517 ter
2075 2462 2443 2529 ﬂuctuamus,
2476 2464 2533 2515 et
2560 2475 2664 2531 per
2693 2460 3005 2513 innumera
3035 2472 3361 2527 evagamur.

2028 2548 2260 2602 XXXII.
2284 2549 2360 2604 De
2382 2549 2594 2603 mentis
2613 2547 2957 2618 evagatione,
2979 2561 3147 2617 quam
3167 2545 3324 2600 nobis
3350 2543 3562 2600 oratio-

1955 2638 2049 2693 nis
2079 2641 2328 2707 tempore
2356 2637 2539 2692 inesse
2570 2636 2849 2691 sentimus
2884 2647 2899 2687 :
2933 2638 2989 2689 et
3021 2633 3268 2706 qualiter
3298 2635 3355 2687 et
3385 2645 3559 2703 quare

1953 2741 2057 2797 per
2074 2728 2311 2780 tertium
2331 2725 2504 2796 quide
2525 2726 2639 2781 loco
2661 2724 2825 2795 volup
2834 2724 2970 2779 tatis
2983 2722 3274 2793 egreditur
3292 2720 3551 2790 ﬂuvium,

1956 2815 2137 2886 quiet
2183 2814 2360 2884 Tigris
2416 2816 2670 2879 vocatur,
2723 2810 3000 2867 orationis
3027 2808 3362 2882 accipienda
3391 2807 3563 2864 devo-

1960 2902 2035 2956 tio
2067 2903 2164 2957 sit.

1990 2988 2247 3044 XXXIII.
2275 2987 2476 3055 Quales
2495 3001 2596 3041 nos
2620 2985 2887 3042 exhibere
2906 2984 3205 3041 debeamus
3219 2984 3554 3056 priusquam

317 3075 498 3130 XVII.
533 3072 684 3141 Quod
701 3073 795 3145 qui
812 3072 1098 3129 habitator
1110 3074 1384 3138 estcellaz,
1410 3089 1634 3129 omnem
1654 3074 1850 3130 debeat
1872 3124 1915 3145 η
1957 3077 2031 3132 ad
2050 3077 2365 3132 orationem
2380 3078 2735 3140 accedamus,
2748 3078 2815 3130 ut
2835 3090 2966 3129 cum
2984 3073 3057 3127 ad
3068 3089 3196 3130 eam
3211 3074 3557 3137 venerimus,

1870 3124 1918 3185 Ο

245 3163 516 3219 illicitam
531 3161 779 3217 devitarc
802 3161 1145 3216 locutionem
1167 3179 1186 3215 :
1209 3165 1267 3216 et
1290 3177 1411 3233 qua:
1434 3162 1538 3217 illa
1568 3162 1686 3217 sint
1707 3162 1850 3217 bona
1871 3160 1918 3185 υ
1949 3166 2031 3220 sic
2063 3180 2190 3220 eam
2218 3165 2327 3220 Deo
2358 3162 2684 3233 offeramus,
2705 3166 2771 3217 ut
2803 3162 2923 3233 ipse
2954 3176 3080 3216 eam
3110 3160 3216 3215 sibi
3242 3162 3558 3230 acceptam,

247 3250 319 3306 ad
347 3266 471 3322 qua:
499 3266 600 3306 nos
631 3265 797 3304 sacra
830 3249 996 3303 lectio
1033 3250 1308 3319 provehit.

316 3338 520 3394 XVHI.
557 3339 635 3393 De
661 3338 957 3410 generibus
1002 3342 1337 3393 sanctarum
1387 3338 1845 3407 meditationum,

247 3429 444 3500 quibus
462 3427 760 3482 intendere
782 3426 941 3481 debet
969 3427 1063 3497 qui
1080 3428 1141 3481 in
1162 3427 1306 3482 cella
1326 3427 1622 3482 solitarius
1652 3427 1805 3482 sedet
1828 3447 1847 3482 :

246 3521 302 3573 et
333 3517 398 3572 de
428 3516 679 3571 studiosa
707 3530 885 3569 sacrae
913 3515 1223 3586 Scriptum
1251 3515 1662 3571 recordatione.

316 3604 470 3659 XIX.
490 3606 567 3659 De
591 3603 691 3658 illo
713 3601 1109 3659 meditationis
1132 3604 1294 3658 modo
1316 3604 1411 3673 qui
1432 3604 1495 3657 in
1516 3604 1708 3659 animo
1724 3619 1848 3660 me-

248 3693 511 3761 ditantis,
564 3693 785 3747 timoris
827 3692 1009 3761 gignit
1038 3707 1269 3747 causam
1299 3696 1355 3747 et
1386 3692 1611 3758 doloris,
1644 3694 1741 3763 qui
1786 3693 1849 3746 in

246 3786 369 3838 octo
399 3781 587 3837 modos
616 3779 908 3835 dividitur.

317 3870 445 3924 XX.
477 3871 553 3925 De
604 3869 860 3939 generali
902 3868 1318 3924 resurrectione
1369 3871 1723 3923 mortuorum
1745 3907 1761 3934 ,
1794 3870 1852 3921 et

242 3959 424 4031 plenis
450 3956 873 4025 damnatorum,
906 3960 963 4011 et
992 3956 1237 4028 qualiter
1285 3956 1465 4025 repeti
1492 3955 1727 4010 debeant
1759 3956 1854 4010 illi

245 4050 366 4104 octo
386 4046 555 4111 modi,
578 4045 642 4099 in
660 4045 858 4117 quibus
880 4044 1100 4099 timoris
1124 4044 1331 4098 existit
1349 4059 1523 4098 causa
1544 4047 1601 4098 et
1619 4044 1847 4100 doloris.

317 4135 471 4191 XXI.
495 4134 825 4201 Qualiterin
840 4134 1034 4188 animo
1046 4132 1404 4196 meditantis,
1422 4132 1591 4186 timor
1609 4133 1851 4203 expellit

246 4224 552 4279 elationem
574 4241 591 4288 ;
613 4225 670 4277 et
690 4222 755 4277 de
778 4221 946 4276 tertio
959 4220 1354 4276 meditationis
1367 4219 1545 4285 modo,
1569 4222 1666 4291 qui
1685 4236 1850 4276 occa-

246 4312 461 4368 sionem
489 4310 862 4365 administrat
883 4310 1095 4363 amoris
1128 4312 1185 4362 et
1215 4308 1643 4363 consolationis.

315 4399 495 4453 XXII.
526 4400 602 4455 De
631 4400 831 4470 quarto
851 4396 1247 4452 meditationis
1283 4396 1464 4462 modo,
1495 4397 1591 4468 qui
1619 4412 1853 4452 causam

244 4489 422 4559 gignit
436 4489 498 4543 in
511 4488 703 4542 animo
716 4484 1069 4551 meditantis,
1096 4485 1332 4556 pietatis
1344 4489 1401 4540 et
1412 4487 1816 4556 compassionis
1837 4499 1849 4540 :
1875 4474 1931 4536 D

244 4581 300 4632 et
330 4576 476 4648 quod
504 4573 757 4647 quaedam
786 4590 908 4646 qua
941 4574 1195 4629 videmus
1243 4573 1310 4629 ab
1356 4574 1491 4629 aliis
1519 4575 1675 4629 mala
1701 4574 1850 4643 ﬁeri,

244 4666 426 4736 magis
446 4664 740 4720 debeamus
756 4662 915 4718 intra
927 4678 1028 4720 nos
1035 4663 1369 4735 plerumque
1385 4678 1662 4719 excusare
1683 4678 1854 4735 quam

249 4757 457 4809 temere
470 4752 754 4822 judicare.

316 4840 522 4895 XXIII.
547 4841 803 4908 Qualiter
822 4840 1085 4912 quintum
1107 4839 1496 4896 meditationis
1514 4839 1742 4895 modum
1759 4854 1853 4911 op-

242 4940 453 5002 ponere
481 4930 777 4985 debeamus
796 4929 861 4983 in
882 4932 1075 4983 mente
1097 4932 1312 4993 nostra,
1337 4933 1538 4984 contra
1559 4929 1725 4984 illam
1743 4943 1855 4999 qua

236 5019 454 5089 jugiter
477 5018 782 5089 pulsamur
813 5014 1193 5072 tenta‘tionem
1223 5018 1435 5086 carnis,
1462 5020 1517 5073 et
1545 5016 1772 5082 diaboli,
1797 5018 1855 5071 et

244 5105 466 5161 mundi.

316 5194 522 5249 XXIV.
562 5194 637 5248 De
669 5190 832 5248 taedio
863 5192 1008 5265 quod
1053 5194 1263 5265 aliquis
1310 5194 1537 5265 patitur
1568 5195 1665 5264 qui
1694 5193 1855 5248 cella:

250 5280 535 5338 habitator
563 5284 690 5336 est:
713 5284 770 5337 et
793 5281 1061 5352 quomodo
1087 5283 1235 5338 illud
1255 5283 1665 5354 aserepellere,
1688 5296 1855 5352 seque

246 5385 516 5425 renovare
545 5373 602 5425 et
627 5386 897 5441 reparare
921 5371 1126 5440 possit.

313 5456 490 5512 XXV.
523 5457 600 5512 De
631 5458 715 5513 his
728 5473 849 5529 quas
870 5460 932 5513 in
954 5475 1126 5514 carne
1146 5462 1411 5530 aperatus
1434 5462 1519 5514 est
1551 5459 1844 5525 Christus;

247 5549 303 5598 et
333 5543 400 5600 de
433 5545 711 5602 laboribus
737 5551 1067 5603 sanctorum
1102 5562 1355 5603 suorum.

278 5632 480 5690 XXVI.
502 5634 581 5691 De
598 5636 835 5707 septimo
857 5633 1258 5694 meditationis
1274 5635 1455 5703 modo,
1476 5635 1573 5707 qui
1590 5635 1844 5706 stuporis

1953 3257 2010 3308 et
2037 3252 2195 3308 nobis
2221 3250 2667 3307 misericorditer
2697 3250 2906 3321 efﬁciat
2938 3251 3315 3320 fructuosam.

2023 3340 2277 3395 XXXIV.
2301 3341 2377 3395 De
2396 3355 2455 3394 eo
2474 3339 2616 3411 quod
2643 3354 2774 3395 cum
2793 3338 2866 3393 ad
2896 3339 3212 3393 orationem
3240 3336 3563 3391 accedimus

1952 3430 2138 3484 etillis
2154 3429 2251 3500 qui
2268 3430 2335 3483 in
2345 3444 2447 3482 nos
2467 3427 2843 3498 ditiquerunt,
2859 3442 2933 3482 ea:
2952 3441 3092 3497 puro
3109 3424 3274 3480 corde
3294 3424 3553 3479 dimitte-

1951 3533 2032 3583 re,
2057 3517 2175 3573 etsi
2193 3520 2330 3572 sunt
2349 3516 2446 3588 qui
2473 3516 2680 3572 habent
2697 3514 2915 3586 aliquid
2939 3514 3237 3569 adversum
3249 3528 3371 3579 nos,
3390 3512 3560 3583 plene

1952 3607 2033 3660 eis
2063 3621 2128 3661 ac
2157 3607 2409 3676 perfecte
2438 3603 2806 3659 reconciliari
2834 3602 3112 3657 debemus.

2022 3693 2254 3748 XXXV.
2285 3694 2363 3747 De
2380 3695 2624 3763 quatuor
2642 3692 3055 3761 cogitationum
3087 3687 3404 3759 generibus,
3436 3703 3561 3758 quas

1952 3782 2105 3837 nobis
2125 3783 2510 3837 necessarium
2521 3781 2679 3836 estin
2690 3782 2882 3834 mente
2915 3778 3136 3844 habere,
3151 3778 3373 3848 sipure,
3398 3778 3455 3831 et
3476 3775 3567 3831 de-

1951 3873 2093 3936 vote,
2128 3879 2295 3941 atque
2325 3871 2618 3939 fructuose
2648 3867 2949 3924 Dominum
2979 3866 3239 3923 volumus
3266 3879 3449 3920 orare.

2024 3958 2282 4013 XXXVI.
2315 3958 2391 4012 De
2421 3968 2584 4027 apere
2603 3971 2901 4021 manuum,
2923 3955 3018 4010 cui
3033 3953 3193 4009 debet
3212 3953 3371 4009 cellae
3388 3952 3563 4007 inha-

1954 4046 2167 4102 bitator
2182 4045 2501 4111 intendere,
2517 4049 2571 4101 et
2594 4046 2790 4116 quibus
2811 4043 2964 4100 horis
2978 4040 3376 4114 spiritualibus
3397 4055 3563 4096 exer-

1953 4136 2131 4200 citiis,
2162 4138 2219 4190 et
2251 4134 2446 4206 quibus
2478 4135 2745 4189 insistere
2766 4132 2963 4189 debeat
2983 4129 3558 4200 manuumoperibus,

1955 4227 2013 4277 et
2044 4224 2109 4279 de
2136 4223 2397 4293 pluribus
2416 4223 2549 4279 aliis
2578 4238 2700 4294 qua:
2730 4221 2802 4277 ad
2848 4218 3105 4277 eumdem
3123 4218 3282 4274 cellae
3311 4216 3562 4273 incolam

1955 4307 2274 4377 pertinent.

2386 4522 2782 4579 CAPITULUM
2810 4520 3101 4579 PRIMUM.

1956 4667 2033 4723 De
2050 4666 2212 4723 modo
2231 4669 2289 4721 et
2308 4681 2481 4721 causa
2500 4663 2774 4721 adventus
2792 4662 3296 4735 priorumordinis
3319 4659 3563 4735 Carthu-

2026 4738 2230 4794 siensis
2246 4733 2937 4808 adannuumcapitulum,
2956 4739 3014 4791 et
3036 4733 3105 4791 de
3127 4733 3344 4805 triplici
3362 4734 3564 4803 fructu

2027 4809 2303 4865 adventus
2331 4824 2548 4863 eorum.

2029 4924 2111 4979 De
2138 4922 2375 4978 adventu
2401 4919 2799 4997 vene'rabilium
2838 4920 3062 4977 Patrum
3092 4926 3423 4982 nostrorum,
3455 4929 3555 4971 or-

1957 5012 2101 5068 dinis
2130 5010 2533 5067 Carthusiensis
2572 5009 2816 5081 priorum
2855 5008 2925 5064 ad
2952 5024 3193 5064 annuum
3221 5004 3518 5077 capitulum
3542 5044 3556 5071 ,

1955 5116 2191 5173 magnus
2231 5099 2436 5157 ordinis
2480 5098 2725 5168 ejusdem
2768 5096 3107 5154 universitati
3147 5093 3399 5167 provenit
3441 5091 3561 5147 fru-

1955 5198 2093 5246 ctus.
2127 5189 2270 5245 Sane
2317 5187 2647 5246 conveniunt
2693 5188 2750 5242 in
2796 5202 2983 5243 eremo
3023 5182 3394 5241 Carthusiensi
3425 5181 3566 5237 sicut

1956 5295 2148 5334 omnes
2174 5294 2238 5335 ex
2270 5278 2406 5334 locis
2438 5276 2688 5341 diversis,
2722 5276 2803 5331 sic
2845 5283 2899 5331 et
2926 5274 3078 5330 multi
3127 5287 3314 5328 eorum
3344 5287 3411 5326 ex
3439 5269 3566 5324 lon-

1956 5368 2198 5441 ginquis.
2248 5367 2317 5421 Et
2376 5373 2434 5421 ut
2476 5380 2588 5422 non
2654 5362 2985 5420 diﬂiteamur
3031 5361 3177 5434 quod
3222 5374 3413 5416 verum
3449 5365 3562 5424 est,

1957 5454 2289 5512 conveniunt
2350 5469 2462 5511 non
2518 5454 2638 5510 sine
2693 5467 2898 5525 magno
2947 5450 3103 5523 (Cod.
3155 5446 3313 5504 Parci
3357 5441 3564 5516 multo]

1958 5546 2165 5612 labore,
2210 5559 2334 5599 cum
2373 5542 2583 5615 ingenti
2630 5541 2942 5609 devotione,
2987 5539 3085 5595 sed
3131 5535 3418 5600 hilaritate,
3468 5532 3570 5588 sed

1956 5632 2258 5702 alacritate,
2284 5630 2383 5689 sed
2408 5629 2733 5698 humilitate,
2782 5629 2882 5685 sed
2920 5624 3287 5699 simplicitate,
3335 5621 3435 5679 sed
3462 5620 3566 5678 be-
