3938 6408
135 291 243 344 805

1275 284 1475 339 LIBER
1511 283 1608 340 DE
1645 282 2030 339 EXERCITIO
2070 283 2325 338 CELLIE.

3346 286 3449 340 806

137 407 430 479 nignitate,
489 375 590 463 sed
639 407 838 478 pietate
883 406 1041 479 [Cod.
1093 377 1270 471 Parci,
1319 405 1612 478 puritate],
1648 405 1746 462 sed
1767 407 1822 466 Α
1918 405 2163 459 Diximus
2193 405 2372 476 aliqua
2402 405 2471 460 de
2500 405 2664 461 modo
2695 414 2747 460 et
2779 421 2942 462 causa
2974 407 3245 462 adventus
3272 406 3448 462 domi-

142 497 435 552 charitate.
453 497 521 550 Et
541 497 657 551 haec
677 496 899 567 quidem
929 495 1196 550 adventus
1218 494 1435 549 illorum
1456 503 1538 550 est
1559 509 1747 549 causa.

145 585 390 639 Primum
421 585 640 655 quidem
671 591 730 637 ut
774 583 1065 638 ostendant
1112 583 1317 638 debere
1348 599 1407 638 se
1439 590 1750 652 promptam

151 681 206 728 et
245 673 506 727 humilem
556 671 718 741 (sicut
754 672 914 727 decet
960 679 1071 724 tam
1125 670 1356 725 sincera:
1403 669 1752 725 conscientiae

151 762 326 832 viros)
355 762 593 832 antiqua:
622 759 828 815 ordinis
859 758 1177 813 institutioni
1207 758 1572 814 obedientiam
1603 758 1754 812 exhi-

155 850 310 904 bere.
341 850 467 920 Ipsa
494 848 749 903 nimirum
781 855 866 902 est
894 862 1000 918 qua
1030 854 1281 902 tenentur
1310 847 1466 900 annis
1497 846 1748 916 singulis,

157 945 406 1007 tempore
436 937 530 992 illo
578 951 688 1007 quo
736 934 999 1008 generale
1042 935 1216 990 teneri
1245 934 1408 988 debet
1435 933 1747 1004 capitulum,

157 1025 212 1079 in
247 1024 510 1096 praedicto
569 1024 693 1080 loco
740 1021 1054 1080 convenire.
1118 1022 1477 1091 Excipiuntur
1538 1037 1754 1093 quoque

158 1113 236 1168 illi
284 1113 374 1184 qui
428 1128 498 1167 ne
540 1110 678 1166 forte
739 1111 1064 1182 plerumque
1118 1109 1328 1180 possint
1384 1109 1600 1175 adesse,
1659 1111 1753 1178 ju-

157 1208 298 1256 stam
339 1199 630 1255 habuerint
678 1199 1027 1254 occasionem
1076 1206 1128 1253 et
1163 1213 1406 1262 causam,
1463 1197 1651 1268 eisque
1697 1205 1755 1252 ut

157 1296 497 1353 remaneant,
529 1287 599 1342 ab
620 1287 740 1357 ipso
770 1287 933 1342 fuerit
961 1286 1199 1342 discrete
1231 1285 1467 1356 capitulo
1498 1300 1562 1340 ac
1590 1286 1754 1340 mise-

156 1377 406 1432 rabiliter
442 1375 728 1430 indultum.
770 1375 1020 1430 Secundo
1070 1390 1224 1437 vero,
1276 1381 1333 1428 ut
1373 1390 1494 1428 sese
1523 1374 1578 1428 in
1607 1374 1755 1429 omni

151 1464 492 1534 jucunditate
554 1462 804 1534 spiritali,
871 1463 1037 1517 etiam
1099 1461 1460 1532 corporaliter
1511 1462 1750 1527 videant,

152 1561 508 1624 mutuamque
536 1551 590 1605 in
634 1551 870 1606 invicem
919 1549 1250 1606 dulcissimae
1289 1550 1343 1602 in
1377 1550 1610 1605 Domino
1639 1549 1754 1604 fra-

149 1641 429 1698 ternitatis
495 1639 812 1696 charitatem
855 1639 1032 1711 magis
1079 1653 1145 1694 ac
1198 1637 1374 1708 magis
1420 1637 1752 1710 adaugeant.

149 1729 340 1785 Tertio
368 1744 584 1801 quoque
617 1735 676 1782 ut
705 1727 956 1783 ordinem
994 1742 1154 1799 quem
1198 1735 1323 1781 sunt
1362 1726 1618 1797 professi,
1653 1742 1824 1815 proB

153 1832 325 1872 nosse
355 1833 420 1873 ac
449 1831 613 1887 posse
642 1831 762 1884 suo,
796 1831 920 1871 cum
969 1815 1086 1870 zelo
1117 1815 1417 1870 secundum
1447 1815 1750 1881 scientiam,

149 1905 488 1961 discretione
528 1904 731 1975 praevia
777 1919 843 1960 ex
874 1904 1148 1959 communi
1185 1903 1413 1958 consilio
1445 1910 1497 1957 et
1525 1919 1756 1957 assensu

147 2002 430 2064 reparent,
465 2001 516 2049 et
546 1993 601 2048 in
659 2000 802 2048 statu
845 1992 990 2047 bono
1034 1992 1269 2047 solident
1316 2007 1381 2048 ac
1409 1991 1751 2047 confirment.

148 2083 224 2139 Et
268 2090 381 2136 tam
419 2081 475 2136 in
519 2081 852 2138 destruendo
891 2081 1072 2148 noxia,
1105 2096 1272 2151 quam
1301 2080 1354 2135 in
1385 2080 1754 2135 construendo

146 2169 325 2235 utilia,
359 2171 596 2224 intentos
625 2185 685 2224 se
713 2169 770 2223 in
795 2169 942 2224 omni
974 2169 1273 2224 secundum
1303 2170 1478 2223 Deum
1512 2176 1565 2223 et
1597 2168 1754 2222 solli-

145 2259 394 2314 citudine
461 2257 692 2323 fervida,
744 2264 798 2312 et
846 2256 1064 2312 fervore
1127 2255 1360 2311 sollicito
1411 2256 1751 2312 exhibeant:

146 2347 342 2417 sicque
371 2345 525 2400 illum
567 2345 622 2399 in
649 2347 753 2400 hoc
795 2344 1018 2417 gemino
1066 2344 1258 2398 salutis
1295 2359 1464 2414 Opere
1512 2344 1754 2399 studiose

148 2435 456 2500 imitentur,
507 2449 669 2505 quem
713 2433 784 2488 ad
833 2434 938 2488 hoc
972 2433 1251 2489 constituit
1297 2432 1562 2487 Dominus
1593 2449 1756 2503 super

144 2531 349 2597 gentes
376 2530 429 2578 et
458 2537 652 2595 regna,
706 2529 763 2576 ut
793 2521 1076 2587 evelleret,
1110 2529 1163 2576 et
1193 2522 1518 2587 destrueret,
1552 2529 1605 2576 et
1635 2521 1754 2576 dis-

143 2611 432 2684 perderet,
474 2619 528 2666 et
577 2608 890 2680 dissiparet,
925 2617 979 2665 et
1029 2609 1346 2674 mdiﬁcaret,
1377 2617 1431 2664 et
1459 2609 1750 2680 plantaret.

141 2702 216 2756 Et
248 2707 334 2755 est
355 2698 623 2754 funiculus
652 2697 869 2768 triplex,
905 2713 1014 2768 quo
1044 2697 1199 2768 ligati
1229 2697 1284 2751 in
1316 2697 1531 2752 Christo
1563 2697 1753 2751 Patres

145 2797 204 2845 et
236 2787 461 2844 Domini
509 2786 684 2842 nostri
739 2786 1106 2852 conveniunt;
1136 2785 1396 2841 fortitudo
1432 2785 1752 2840 humilitatis

150 2875 465 2948 profundas,
522 2874 755 2930 dulcedo
798 2874 1080 2930 charitatis
1127 2875 1403 2939 fraterna),
1448 2873 1755 2929 sollicitudo

145 2980 303 3020 cura:
335 2963 438 3018 sibi
484 2963 812 3018 commissae.
862 2961 967 3030 Qui
1007 2962 1265 3017 nimirum
1297 2961 1511 3018 difﬁcile
1543 2962 1753 3032 rumpi-

144 3060 257 3119 tur,
329 3051 438 3108 imo
496 3051 712 3122 penitus
758 3051 1098 3122 impossibile
1143 3058 1201 3105 ut
1259 3051 1315 3105 in
1359 3051 1559 3106 sanctis
1608 3051 1751 3104 dun-

144 3147 297 3196 taxat
327 3139 459 3196 viris
487 3147 781 3210 rumpatur,
837 3139 1132 3194 roborante
1165 3154 1292 3194 eum
1318 3138 1570 3205 Domino,
1604 3154 1670 3194 ac
1698 3138 1754 3192 in

149 3244 254 3284 sua
300 3229 481 3300 magis
508 3243 574 3284 ac
621 3227 798 3300 magis
844 3227 1155 3299 integritate
1205 3235 1585 3284 conservante.
1619 3227 1754 3281 Cum

144 3317 296 3372 enim
325 3317 443 3388 ipse
470 3316 616 3372 dicat
634 3315 947 3371 humilitatis
975 3323 1187 3371 amator
1206 3323 1259 3370 et
1280 3323 1471 3371 auctor
1504 3330 1516 3369 :
1540 3316 1748 3370 Discite

143 3422 179 3460 a
205 3421 319 3472 me,
354 3407 488 3477 quia
515 3405 674 3460 mitis
696 3421 825 3460 sum
857 3408 913 3460 et
944 3405 1178 3460 humilis
1195 3404 1360 3461 corde
1381 3403 1600 3470 (Matth.
1625 3418 1748 3470 xm,

141 3495 258 3563 29),
295 3493 557 3548 nimirum
607 3507 744 3564 quos
789 3499 1003 3548 constat
1037 3487 1457 3562 perseveranter
1494 3507 1668 3562 usque
1696 3491 1751 3546 in

141 3579 307 3637 ﬁnem
340 3581 584 3636 veritatis
622 3597 746 3636 esse
787 3580 1104 3651 discipulos,
1152 3587 1302 3651 patet
1330 3587 1383 3636 et
1421 3595 1518 3635 eos
1551 3595 1750 3635 conse-

143 3679 383 3740 quenter
409 3669 563 3724 suavi
595 3668 911 3723 humilitatis
943 3683 1068 3723 esse
1099 3667 1319 3723 vinculo
1369 3667 1588 3738 ligatos.
1616 3668 1752 3722 Item

143 3774 270 3814 cum
292 3758 450 3827 juxta
463 3756 782 3828 Apostolum
803 3771 815 3811 :
839 3757 943 3823 Qui
971 3759 1301 3829 proximum
1331 3756 1539 3827 diligit,
1575 3756 1750 3826 legem

142 3847 408 3919 implevit
438 3848 614 3912 (Rom.
648 3861 772 3912 xm,
795 3846 850 3915 8)
875 3863 888 3912 ;
914 3853 965 3900 et
986 3852 1046 3899 ut
1067 3845 1211 3900 idem
1227 3845 1280 3898 in
1303 3843 1598 3900 continenti
1619 3859 1750 3899 con-

139 3934 327 4001 cludit,
359 3934 661 4005 plenitudo
697 3949 823 4005 ergo
850 3934 986 4004 legis
1009 3937 1095 3988 est
1127 3934 1356 3988 dilectio
1380 3933 1496 3998 (Job
1528 3935 1646 4001 10);
1679 3932 1749 3987 1i-

138 4030 267 4094 quet
295 4029 491 4093 aperte
535 4022 698 4090 hujus
745 4021 892 4092 apud
931 4021 1085 4076 illum
1126 4020 1352 4076 funiculi
1382 4020 1748 4093 integritatem

139 4110 194 4164 in
220 4111 379 4166 nullo
407 4125 572 4182 posse
599 4109 846 4175 dissolvi,
891 4110 1037 4180 apud
1066 4125 1229 4181 quem
1269 4109 1379 4163 imo
1410 4109 1556 4164 intra
1584 4125 1748 4179 quem

141 4196 396 4254 fraternaa
425 4205 639 4254 constat
680 4198 962 4253 charitatis
990 4197 1384 4268 perfectionem
1414 4212 1523 4252 non
1552 4195 1742 4250 minui.

142 4287 207 4340 Et
235 4287 307 4342 de
335 4302 405 4343 eo
437 4286 568 4357 quid
597 4301 910 4357 possumus,
945 4286 1060 4342 sive
1094 4285 1224 4357 quid
1254 4285 1520 4341 debemus
1540 4285 1743 4350 dicere,

143 4375 233 4444 qui
262 4382 469 4446 praeest
496 4374 552 4429 in
585 4374 950 4430 sollicitudine
973 4375 1002 4429 ?
1030 4376 1226 4430 Nonne
1257 4374 1567 4445 pastoribus
1597 4372 1744 4444 vigi-

1852 510 2044 548 norum
2075 509 2138 548 ac
2190 494 2403 548 Patrum
2434 503 2762 560 nostrorum,
2796 495 3039 565 priorum
3069 496 3344 564 videlicet,
3377 499 3448 553 ad

1852 578 2112 650 generale
2161 577 2475 648 capitulum,
2508 587 2560 632 et
2591 579 2712 649 quis
2750 579 2816 633 de
2860 581 2964 635 hoc
2994 595 3181 635 eorum
3211 581 3448 637 adventu

1851 667 2137 737 proveniat
2181 666 2407 720 fructus.
2441 667 2695 737 Nunquid
2726 667 2803 720 eis
2835 667 2927 721 tali
2958 669 3120 723 modo
3149 669 3351 741 talique
3382 687 3448 726 ex

1853 770 2022 810 causa
2051 753 2496 809 convenientibus
2525 755 2817 809 dicendum
2848 771 2969 810 esse
2997 764 3270 826 putamus,
3305 758 3449 828 quod

1853 842 2177 914 quibusdam
2218 842 2620 897 Corinthiorum
2658 843 2788 898 dicit
2831 844 3145 913 Apostolus,
3199 845 3450 902 videlicet

1854 931 1996 1001 quod
2021 934 2146 1002 jam
2174 948 2288 986 non
2319 937 2402 986 est
2433 932 2787 986 Dominicam
2818 948 3035 987 cwnam
3065 935 3451 990 manducare?

1855 1019 1903 1086 (1
1931 1018 2050 1074 Cor.
2084 1033 2164 1082 x1,
2196 1021 2310 1087 20.)
2342 1018 2516 1072 Absit.
2554 1019 2669 1073 Imo
2700 1019 2776 1074 sic
2808 1019 3255 1075 convenientibus
3285 1022 3364 1077 eis
3393 1023 3449 1076 in

1854 1122 2018 1162 unum
2045 1109 2158 1174 jam
2197 1114 2278 1161 est
2308 1106 2650 1162 Dominicam
2681 1123 2888 1161 orenam
2921 1108 3253 1164 manducare
3280 1109 3291 1164 l
3327 1110 3449 1165 Ca3-

1854 1210 1980 1249 nam
1999 1193 2231 1248 diximus
2250 1194 2608 1261 Dominicam,
2624 1211 2730 1249 non
2749 1195 3134 1266 HolOphernis,
3153 1213 3272 1268 quae
3293 1197 3452 1268 plena

1859 1290 1943 1337 est
1999 1283 2320 1353 voluptate:
2354 1283 2450 1337 sed
2499 1299 2600 1338 nec
2644 1284 2896 1351 Herodis,
2945 1301 3064 1356 quae
3120 1285 3321 1354 polluta
3368 1295 3452 1342 est

1857 1371 2163 1442 sanguine;
2197 1371 2294 1425 sed
2361 1385 2574 1426 C(enam
2638 1371 2872 1436 Domini,
2922 1373 2975 1426 in
3023 1388 3131 1444 qua
3175 1375 3454 1430 munditia:

1856 1458 2022 1513 linteo
2052 1458 2351 1528 praecincti,
2384 1459 2555 1529 pedes
2582 1475 2806 1514 suorum
2835 1459 3015 1516 lavent
3042 1460 3450 1533 discipulorum,

1857 1545 1950 1617 qui
1995 1555 2118 1600 sunt
2161 1545 2476 1602 affectiones
2507 1555 2558 1601 et
2583 1547 2912 1602 intentiones
2937 1564 3170 1603 -eorum.
3216 1551 3284 1604 Et
3315 1566 3452 1606 con-

1859 1643 2150 1704 surgentes
2199 1635 2458 1700 diluculo,
2503 1644 2662 1706 atque
2692 1635 2986 1691 offerentes
3015 1637 3330 1693 holocausta
3358 1655 3457 1709 per

1858 1723 2124 1792 singulos,
2174 1723 2389 1778 obstent
2435 1723 2686 1778 omnibus
2730 1724 2926 1794 quibus
2957 1726 3228 1795 potuerint
3257 1727 3456 1794 modis,

1858 1826 1927 1865 ne
1974 1810 2115 1865 forte
2151 1819 2401 1881 peccent,
2453 1819 2508 1866 et
2555 1812 2879 1867 benedicant
2926 1814 3041 1867 Deo
3101 1813 3156 1868 in
3202 1815 3459 1870 cordibus

1856 1898 1988 1954 suis.
2039 1900 2236 1970 Sicque
2285 1899 2436 1970 digni
2470 1908 2626 1955 erunt
2655 1908 2714 1954 ut
2747 1901 2818 1955 ad
2848 1899 2994 1955 illam
3028 1917 3260 1969 ccenam,
3295 1918 3460 1974 quam

1855 1988 2017 2042 homo
2048 1988 2266 2058 quidam
2297 1988 2422 2044 fecit
2449 2004 2728 2059 magnam,
2761 1989 3097 2058 perveniant.
3123 1991 3248 2061 Ipsa
3277 1999 3360 2046 est
3388 1992 3460 2047 ad

1856 2092 2017 2147 quam
2047 2092 2116 2131 ne
2162 2076 2330 2132 velint
2361 2077 2565 2143 venire,
2615 2077 2796 2132 adhuc
2845 2078 3012 2133 hodie
3058 2079 3254 2134 multos
3281 2080 3460 2151 impe-

1854 2164 2027 2230 diunt,
2064 2171 2118 2219 et
2148 2165 2277 2220 villa
2326 2165 2593 2231 vanitatis,
2644 2174 2696 2221 et
2720 2166 2916 2236 jugum
2945 2167 3202 2237 quinariae
3232 2169 3460 2225 curiosi-

1854 2253 1997 2319 tatis,
2031 2260 2082 2307 et
2114 2269 2250 2308 uxor
2294 2253 2604 2324 voluptatis.
2643 2254 2816 2326 Igitur
2845 2253 3044 2310 faciant
3073 2255 3127 2309 hi
3158 2257 3255 2311 viri
3286 2259 3460 2314 sancti

1857 2357 2016 2412 quam
2049 2341 2298 2407 sollicite,
2350 2350 2509 2412 prout
2539 2349 2784 2412 possunt,
2818 2351 3043 2413 propter
3071 2344 3220 2414 quod
3249 2361 3456 2402 conve-

1854 2430 2024 2484 niunt.
2061 2429 2284 2485 Ordinis
2327 2430 2648 2486 institutioni
2677 2430 2938 2486 obediunt
2966 2431 3021 2484 in
3053 2447 3119 2487 eo
3149 2433 3296 2504 quod
3325 2449 3458 2489 con-

1853 2518 2074 2574 veniunt
2111 2536 2123 2572 :
2155 2519 2539 2574 convenienter
2567 2534 2700 2574 vero
2745 2535 2804 2574 se
2832 2519 3064 2574 invicem
3095 2521 3456 2592 corporaliter

1853 2606 2088 2672 visitant,
2144 2607 2330 2678 sicque
2380 2615 2624 2662 mutuum
2671 2607 2724 2660 in
2773 2623 2832 2661 se
2869 2606 3127 2664 fraternae
3173 2610 3452 2666 charitatis

1853 2710 2096 2750 amorem
2141 2695 2517 2766 multiplicant.
2565 2695 2822 2766 Superest
2864 2696 2979 2764 jam
3019 2704 3077 2750 ut
3107 2698 3321 2753 tertiam
3349 2715 3452 2769 pro

1852 2798 1961 2854 qua
1991 2783 2318 2838 conveniunt
2366 2799 2585 2838 causam
2623 2782 2977 2853 adimpleant.
3011 2783 3169 2851 Quod
3197 2785 3453 2842 nimirum

1852 2871 2076 2940 faciunt,
2109 2888 2234 2927 cum
2267 2872 2334 2927 de
2365 2873 2558 2927 ordine
2594 2871 2987 2943 colloquentes,
3020 2880 3130 2927 tam
3152 2875 3455 2946 exstirpare

1853 2976 1974 3030 quae
1989 2961 2069 3016 eis
2091 2962 2442 3032 apparuerint
2466 2961 2628 3026 mala,
2653 2977 2818 3032 quam
2844 2978 3122 3034 apponere
3143 2981 3263 3034 quae
3286 2964 3450 3031 bona,

1852 3057 1905 3102 et
1935 3049 1989 3103 in
2020 3049 2308 3104 devotione
2359 3049 2610 3115 sollicita,
2654 3058 2706 3104 et
2737 3051 3098 3106 sollicitudine
3131 3052 3348 3121 devota,
3379 3053 3454 3108 si-

1852 3137 1964 3191 mul
1993 3137 2235 3192 universi
2281 3137 2515 3192 student.
2568 3138 2741 3210 Igitur
2791 3139 3102 3210 egrediatur
3147 3139 3340 3196 ﬂuvius
3384 3141 3454 3196 de

1851 3226 1973 3280 loco
2023 3225 2329 3295 voluptatis,
2391 3227 2461 3279 ad
2522 3226 2858 3296 irrigandum
2921 3228 3255 3298 paradisum.
3309 3229 3454 3297 Quid

1851 3321 2102 3384 putamus
2146 3329 2248 3368 nos
2287 3330 2452 3384 posse
2480 3315 2868 3371 convenienter
2896 3332 2995 3386 per
3023 3317 3168 3373 hunc
3198 3317 3452 3388 accipere

1852 3401 2166 3472 paradisum
2192 3403 2340 3470 juxta
2390 3402 2810 3474 tropologicum,
2843 3404 3138 3459 secundum
3172 3421 3333 3476 quem
3361 3405 3452 3460 in-

1850 3491 2048 3546 cedere
2076 3491 2449 3562 proponimus,
2484 3507 2708 3548 sensum
2733 3493 2761 3547 ?
2793 3492 3145 3562 Accipiamus
3174 3510 3274 3564 per
3303 3510 3448 3561 eum,

1850 3579 2059 3633 ordinis
2091 3596 2253 3650 quem
2293 3580 2528 3650 professi
2554 3597 2743 3635 sumus
2776 3582 3095 3636 suavitatem
3125 3581 3180 3636 in
3217 3583 3450 3638 Domino

1851 3667 2160 3734 sublimem,
2221 3676 2274 3723 et
2327 3669 2710 3724 sublimitatem
2783 3669 3134 3724 nihilominus
3203 3686 3448 3738 suavem,

1848 3756 1954 3810 nisi
2001 3755 2141 3811 forte
2185 3756 2344 3812 alicui
2391 3757 2540 3812 aliud
2597 3758 2773 3812 visum
2824 3757 2985 3812 fuerit
3042 3759 3188 3829 quod
3234 3759 3448 3827 melius,

1849 3844 2033 3900 verius
2065 3854 2118 3899 et
2165 3845 2559 3917 congruentius
2591 3847 2680 3901 sit.
2716 3848 2874 3902 Certe
2905 3847 2951 3901 si
2987 3847 3117 3918 quid
3145 3847 3304 3902 aliter
3333 3848 3456 3919 quis

1849 3933 1988 3988 alius
2020 3933 2182 4004 sapit,
2215 3942 2268 3989 et
2297 3936 2400 3989 hoc
2431 3935 2480 3989 ei
2511 3936 2658 3990 Deus
2695 3935 2984 3991 revelavit.
3020 3937 3088 3990 Et
3117 3937 3274 3990 nobis
3303 3937 3456 3994 vide-

1848 4030 1935 4076 tur
1980 4023 2199 4093 quidem
2250 4023 2328 4079 sic
2377 4039 2541 4093 posse
2589 4040 2697 4080 non
2746 4025 2964 4080 interim
3013 4025 3215 4081 sentire
3243 4026 3453 4097 absque

1847 4110 2164 4180 praejudicio
2207 4111 2467 4166 duntaxat
2519 4113 2801 4168 sententia:
2851 4113 3117 4169 melioris.
3168 4115 3450 4170 Intuemur

1849 4199 1993 4253 enim
2027 4215 2167 4270 quae,
2202 4208 2256 4254 et
2286 4200 2482 4270 qualis,
2517 4215 2582 4256 ac
2609 4208 2813 4271 quanta
2838 4202 3121 4273 utriusque
3143 4202 3272 4257 boni
3291 4203 3453 4272 hujus

1847 4287 1901 4342 in
1933 4303 1998 4342 eo
2043 4289 2408 4360 praerogativa
2439 4288 2507 4342 sit
2541 4305 2553 4343 :
2588 4289 2733 4344 unde
2773 4297 2855 4344 est
2901 4291 3048 4360 quod
3077 4290 3157 4346 sic
3186 4291 3454 4346 audemus

1848 4376 2071 4431 sentire.
2095 4377 2219 4431 Non
2250 4376 2427 4430 solum
2457 4384 2657 4445 autem,
2684 4377 2781 4432 sed
2804 4385 2855 4432 et
2872 4377 3005 4433 illud
3034 4394 3450 4450 nonnunquam,

140 4461 402 4530 lantibus,
439 4471 492 4518 et
521 4463 953 4520 custodientibus
981 4463 1198 4536 vigilias
1231 4463 1405 4518 noctis
1435 4476 1602 4534 supra
1622 4477 1749 4532 gre-
1770 4464 1822 4523 D
1854 4465 1955 4520 etsi
1989 4480 2238 4534 perraro,
2273 4465 2360 4520 vel
2382 4465 2613 4521 tenuiter
2634 4465 2792 4520 nobis
2808 4466 3053 4536 eXperiri
3073 4467 3280 4522 datum.
3313 4468 3457 4525 Sane

141 4567 266 4620 gem
296 4568 481 4617 suum,
531 4551 763 4624 angelus
813 4559 918 4606 stat
952 4552 1106 4621 juxta
1134 4551 1277 4617 illos,
1314 4559 1366 4607 et
1396 4550 1618 4606 claritas
1647 4549 1746 4604 Dei

141 4639 699 4713 circumfulgetillos?
721 4641 873 4695 Patet
891 4641 1014 4712 quia
1027 4640 1338 4696 nontiment
1354 4639 1457 4695 sibi
1475 4639 1543 4694 ab
1566 4639 1750 4711 aliqua

140 4725 382 4795 laesione,
410 4729 505 4800 qui
533 4730 686 4798 juxta
708 4745 767 4784 se
797 4729 1005 4785 habent
1035 4729 1294 4800 angelum
1325 4737 1556 4784 stantem
1581 4747 1595 4795 ;
1639 4744 1750 4783 non

143 4814 210 4869 ab
256 4816 441 4889 aliqua
489 4817 844 4883 obscuritate,
905 4818 998 4890 qui
1041 4819 1346 4874 claritatem
1399 4817 1749 4872 nihilominus

142 4901 241 4958 Dei
265 4906 478 4962 habent
521 4922 581 4962 se
628 4906 1158 4979 circumfulgentem.
1211 4907 1281 4962 Et
1330 4906 1475 4962 unde
1524 4905 1602 4961 eis
1631 4907 1750 4962 haec

143 4989 247 5047 duo
277 4995 478 5050 eximia
534 4995 679 5050 bona
699 4996 727 5050 ‘l
757 4995 889 5050 Inde
931 4995 1116 5066 utique
1171 4995 1318 5066 quod
1347 4995 1666 5067 vigilabant,
1697 5002 1750 5048 et

142 5078 356 5149 vigilias
404 5083 582 5139 noctis
639 5099 808 5154 supra
855 5100 1088 5156 gregem
1137 5100 1294 5138 suum
1349 5083 1744 5139 custodiebant.

143 5165 309 5224 Porro
341 5171 421 5228 sic
463 5171 695 5243 vigilare
741 5171 928 5243 sicque
979 5172 1287 5237 custodire,
1335 5172 1462 5244 quid
1494 5180 1578 5227 est
1606 5170 1748 5226 aliud

145 5268 302 5322 quam
331 5259 480 5316 mala
508 5260 814 5326 destruere,
849 5260 996 5316 bona
1022 5277 1155 5317 vero
1177 5268 1506 5318 'construere
1525 5261 1554 5314 ?

691 5367 1089 5423 CAPITULUM
1121 5369 1188 5422 II.

144 5447 216 5503 De
243 5455 803 5527 suavitatesublimi,
857 5460 915 5511 et
943 5457 1299 5511 sublimitate
1347 5456 1509 5510 suavi
1538 5470 1668 5527 qum,
1687 5455 1748 5509 in

171 5521 359 5582 ordine
385 5525 777 5585 Carthusiensi
797 5528 861 5582 in
888 5527 1069 5584 tribus
1086 5527 1418 5598 specialiter
1437 5521 1718 5582 consistit.

1849 4554 2094 4610 consistit
2124 4554 2284 4622 hujus
2313 4553 2517 4626 gemini
2567 4554 2694 4608 boni
2741 4555 3104 4626 praerogativa
3153 4556 3208 4610 in
3239 4555 3324 4610 his
3352 4555 3454 4611 tri-

1848 4643 1950 4697 bus
1987 4658 1998 4696 :
2032 4643 2086 4697 in
2145 4651 2364 4697 externa
2431 4642 2835 4712 exercitatione,
2898 4643 2953 4696 in
2994 4643 3114 4715 jugi
3161 4643 3454 4701 solitudine

1850 4731 2021 4796 cellaz,
2057 4731 2112 4786 in
2145 4732 2307 4802 plena
2332 4732 2492 4799 hujus
2522 4732 2708 4787 smculi
2737 4731 3060 4800 abjectione.
3095 4733 3282 4804 Itaque
3303 4749 3455 4788 com-

1848 4821 2109 4876 mendant
2140 4819 2414 4890 prmeipue
2459 4836 2677 4891 quoque
2717 4821 2946 4886 ordinis,
2999 4837 3161 4892 quem
3194 4821 3453 4891 paradiso

1851 4908 2297 4973 assimilavimus,
2336 4908 2725 4965 sublimitatem
2758 4926 3004 4975 suavem,
3037 4917 3089 4965 et
3128 4909 3456 4965 suavitatem

1849 4997 2204 5053 nihilominus
2235 4997 2545 5062 sublimem,
2579 4997 2721 5053 inter
2749 5007 2944 5054 caetera
2973 4999 3142 5052 multa
3159 5007 3211 5053 et
3231 5015 3450 5070 magna,

1850 5104 1973 5158 qum
2005 5087 2053 5142 ei
2085 5087 2267 5141 insunt
2299 5087 2462 5152 bona,
2514 5087 2817 5158 probabilis
2869 5095 3089 5144 externa
3119 5087 3454 5154 exercitatio,

1847 5175 1994 5246 jugis
2021 5176 2172 5231 cella:
2215 5175 2472 5240 solitudo,
2527 5175 2772 5246 perfecta
2811 5177 2995 5232 smeuli
3046 5177 3298 5245 abjectio.
3333 5177 3458 5231 Tria

1851 5265 1988 5319 haec.
2022 5265 2194 5331 Major
2224 5271 2404 5318 autem
2435 5265 2628 5319 horum
2659 5273 2740 5319 est
2765 5265 2917 5320 cella:
2939 5264 3175 5320 solitudo
3209 5281 3220 5317 :
3255 5272 3306 5319 et
3334 5264 3458 5320 ideo

1851 5353 2043 5420 major,
2079 5352 2207 5422 quia
2245 5352 2359 5422 ipsa
2390 5360 2473 5407 est
2503 5369 2624 5424 quae
2658 5369 2760 5408 nec
2790 5353 2936 5407 utilis
2966 5369 3088 5408 esse
3118 5352 3264 5408 valet
3293 5369 3458 5408 exer-

1853 5440 2035 5496 citatio
2093 5448 2333 5507 externa,
2397 5457 2500 5496 nec
2565 5441 2750 5496 saeculi
2798 5441 3031 5510 abjectio
3077 5441 3346 5512 perfecta.
3399 5443 3458 5498 Si

1853 5528 2074 5600 quidem
2103 5535 2162 5585 ut
2187 5528 2282 5584 illa
2331 5537 2438 5584 tam
2486 5530 2602 5587 Deo
2649 5545 2814 5601 quam
2854 5529 3168 5586 hominibus
3211 5529 3452 5600 placere,
