3938 6444
483 283 586 335 807

1351 279 1693 335 GUIGONIS
1742 280 1788 333 Il
1837 279 2246 338 CARTHUSIE
2279 279 2571 337 MAIORIS
2601 279 2894 336 PRIORIS.

3679 284 3770 336 808

485 412 538 459 et
585 419 704 459 eam
761 402 1037 458 exercenti
1096 401 1358 473 prodesse
1405 412 1586 474 queat,
1631 383 1974 460 occasionem
2024 407 2152 467 etA
2181 405 2333 460 dedit
2351 409 2405 460 et
2426 405 2567 460 Filio
2590 405 2788 460 habere
2809 406 2868 460 in
2891 405 3190 475 semetipso
3214 404 3402 474 (Joan.
3427 402 3767 474 v,26),intel-

487 506 710 548 causam
781 499 1026 561 praestat,
1093 498 1145 545 et
1193 490 1346 545 istam
1403 492 1612 563 absque
1669 493 2084 563 consumptione

487 586 852 635 consummat.
909 579 1021 633 Nos
1066 587 1266 643 autem,
1310 587 1366 632 ut
1411 579 1644 649 primum
1691 581 1794 635 hoc
1824 596 2084 652 magnum

486 667 692 722 bonum
720 665 806 722 vel
852 665 1091 721 breviter
1128 667 1477 738 attingamus,
1514 668 1584 722 ad
1613 675 1892 722 externam
1925 684 2084 724 exer-

485 755 794 812 citationem
839 753 1128 810 referimus
1169 754 1452 821 vilitatem,
1496 755 1863 826 asperitatem,
1897 756 2084 826 parci-

485 851 682 908 tatem;
716 842 978 899 vilitatem
1012 842 1065 896 in
1102 843 1312 910 habitu,
1332 843 1679 914 asperitatem
1703 844 1756 898 in
1777 843 1939 900 cilicii
1961 861 2081 912 usu,

487 932 804 1002 parcitatem
837 931 891 985 in
922 931 1086 987 victu.

1023 1081 1111 1134 CA
1123 1079 1425 1136 PITULUM
1456 1081 1546 1134 IIl.

487 1223 564 1278 De
599 1223 891 1293 spirituali
953 1225 1378 1277 conversatio-ne
1423 1225 1672 1291 fratrum
1714 1222 2080 1278 Carthasien-

761 1294 962 1418 iniqua
992 1296 1131 1348 eunt
1159 1297 1286 1364 post
1320 1293 1624 1358 Christum,
1646 1310 1749 1364 per
1770 1296 2078 1360 Christum,

563 1381 598 1420 a
747 1380 827 1418 ris
858 1380 975 1419 um.

559 1480 628 1535 Et
647 1494 792 1534 nunc
819 1479 1172 1534 obsecramus
1202 1492 1320 1543 vos,
1350 1478 1536 1532 Patres
1564 1478 1619 1532 in
1647 1479 1878 1534 Domino
1909 1495 2078 1536 vene-

486 1567 661 1633 randi,
697 1575 750 1622 et
779 1566 974 1622 fratres
1024 1565 1226 1630 dilecti,
1262 1574 1319 1618 ut
1355 1566 1730 1636 aequanimiter
1760 1567 1949 1622 sinatis
1978 1583 2079 1622 nos

486 1654 542 1709 in
570 1654 811 1710 medium
851 1653 1121 1725 proferre,
1154 1660 1207 1708 et
1236 1652 1290 1706 in
1318 1653 1482 1706 altum
1529 1653 1724 1709 efferre
1763 1655 2080 1725 religiosam

489 1751 543 1797 et
594 1751 840 1798 sanctam
907 1739 1378 1796 conversationem
1433 1750 1687 1795 vestram.
1738 1743 1804 1796 Et
1860 1744 1962 1797 hoc
2010 1743 2153 1813 adB

489 1837 728 1886 vestram
777 1829 998 1900 quidem
1047 1828 1580 1900 quantulamcunque
1632 1830 2078 1898 consolationem,

492 1918 592 1973 sed
621 1925 705 1972 est
735 1917 805 1972 ad
838 1917 984 1972 illius
1011 1916 1354 1987 potissimum
1386 1917 1620 1988 gloriam
1650 1927 1702 1973 et
1718 1919 1954 1985 laudem,
1992 1919 2083 1990 qui

492 2006 542 2061 ei
571 2013 654 2061 est
700 2019 870 2061 causa
912 2005 1116 2076 pariter
1141 2012 1198 2058 ut
1240 2003 1326 2069 sit,
1362 2012 1415 2059 et
1443 2005 1616 2060 forma
1647 2006 1997 2061 nihilominus
2028 2015 2085 2061 ut

491 2091 612 2146 talis
641 2091 728 2146 sit.
763 2093 885 2162 Ipse
919 2101 1000 2146 est
1031 2109 1193 2165 quem
1221 2093 1397 2147 Pater
1417 2095 1820 2163 sancti/ienuit,
1846 2099 1900 2149 et
1925 2095 2084 2150 misit

487 2179 552 2234 in
572 2179 848 2235 mundum
865 2183 1046 2250 (Joan.
1081 2196 1140 2246 x,
1157 2182 1266 2250 36),
1284 2189 1340 2236 ut
1362 2180 1608 2236 vivamus
1629 2198 1726 2252 per
1748 2199 1892 2237 eum.
1925 2181 2084 2252 Quod

490 2275 620 2323 tunc
648 2266 706 2321 fit
732 2283 855 2322 cum
883 2269 1164 2339 sapientis
1195 2272 1387 2338 oculi,,
1421 2277 1477 2323 ut
1507 2270 1580 2323 ait
1604 2269 1986 2335 Ecclesiastes,
2020 2271 2083 2325 in

491 2357 678 2427 capite
716 2357 834 2426 ejus
865 2356 1070 2424 (Eccle.
1105 2371 1164 2422 ιι,
1198 2358 1324 2426 tt);
1358 2365 1414 2410 ut
1436 2357 1598 2426 (sicut
1619 2366 1800 2413 monet
1821 2359 2083 2427 Joannes)

489 2446 661 2515 quise
680 2445 742 2498 in
763 2459 823 2499 eo
843 2459 1075 2499 manere
1091 2445 1262 2514 dixit,
1282 2447 1530 2500 ambulet
1547 2447 1695 2500 sicut
1711 2448 1811 2501 ille
1830 2446 2084 2502 ambula-

487 2533 570 2586 vit
598 2532 781 2599 (Joan.
815 2547 874 2600 ιι,
909 2532 1000 2601 6);
1035 2533 1180 2587 unde
1211 2541 1262 2587 et
1278 2536 1395 2588 haec
1417 2549 1520 2588 vox
1546 2534 1660 2601 ejus
1693 2549 1706 2587 :
1741 2535 1907 2590 Nemo
1929 2535 2084 2589 venit

488 2620 560 2674 ad
587 2621 820 2675 Patrem
848 2620 964 2674 nisi
986 2636 1090 2692 per
1103 2637 1212 2688 me,
1238 2621 1335 2677 sed
1357 2629 1409 2676 et
1430 2621 1533 2675 ista
1552 2629 1632 2676 est
1650 2638 1771 2692 qua:
1793 2629 1920 2677 tunc
1940 2630 2082 2676 tem-

485 2706 637 2777 poris
666 2706 808 2762 dicta
833 2714 916 2762 est
948 2724 962 2762 :
993 2709 1112 2763 Non
1143 2711 1316 2765 vultis
1346 2711 1539 2765 venire
1571 2710 1642 2764 ad
1670 2726 1779 2775 me,
1813 2715 1880 2764 ut
1909 2712 2085 2765 vitam

487 2794 774 2849 habeatis?
802 2795 984 2865 (Joan.
1019 2810 1139 2863 xw,
1185 2798 1262 2867 6.)
1293 2798 1521 2853 Duobus
1553 2814 1770 2869 quoque
1799 2798 2081 2863 fratribus,

487 2897 625 2953 quos
672 2881 951 2937 hominum
997 2882 1122 2938 fecit
1176 2884 1501 2955 piscatores,
1554 2887 1764 2954 venite,
1820 2886 1911 2953 ait,
1962 2890 2087 2957 post

483 2986 574 3026 me
601 2971 819 3040 (Matth.
850 2984 932 3036 χι,
964 2973 1077 3039 28),
1114 2987 1167 3037 o,
1201 2980 1326 3042 post
1345 2990 1451 3037 me,
1478 2989 1530 3036 o,
1553 2989 1653 3044 per
1684 2989 1789 3038 me,
1815 2973 1958 3037 o,ad
1973 2990 2081 3028 me.

486 3057 582 3112 His
610 3058 786 3112 tribus
816 3058 917 3112 viis
948 3058 1235 3114 ambulatis
1264 3067 1316 3114 et
1346 3076 1463 3125 vos,
1494 3061 1772 3116 venientes
1793 3069 1918 3131 post
1937 3077 2080 3129 eum,
2111 3097 2159 3158 Ο

488 3145 772 3201 venientes
823 3162 924 3216 per
948 3161 1091 3212 eum,
1126 3147 1407 3202 venientes
1433 3148 1669 3218 denique
1705 3149 1773 3203 ad
1804 3165 1947 3204 eum.
1979 3149 2086 3219 Ait,

487 3233 692 3304 itaque,
739 3241 866 3304 post
910 3249 1018 3299 me,
1060 3250 1161 3306 per
1203 3251 1311 3301 me,
1362 3236 1432 3290 ad
1460 3252 1568 3290 me.
1617 3235 1801 3303 Quare
1843 3237 2021 3304 nobis,
2055 3253 2088 3292 ο

485 3320 662 3376 dulcis
691 3330 742 3376 et
773 3322 914 3377 bone
933 3322 1082 3388 Jesu,
1106 3323 1345 3379 eundum
1367 3331 1451 3378 est
1471 3331 1595 3394 post
1615 3332 1667 3378 te
1689 3325 1717 3379 εν
1745 3326 1940 3396 Utique
1963 3325 2088 3396 quia

483 3408 570 3464 via
599 3425 685 3464 es.
723 3410 794 3464 Et
839 3425 1010 3481 quare
1039 3426 1139 3481 per
1169 3418 1223 3466 te
1243 3411 1271 3463 ?
1300 3411 1558 3465 nimirum
1610 3412 1734 3482 quia
1773 3413 1976 3468 veritas
2002 3429 2083 3468 es.

486 3495 672 3564 Quare
717 3497 880 3553 etiam
917 3498 986 3553 ad
1017 3503 1116 3554 te?
1145 3506 1289 3555 certe
1319 3499 1446 3570 quia
1481 3499 1591 3555 vita
1623 3516 1700 3554 es.
1733 3502 1860 3571 Ego,
1893 3500 2083 3572 inquit,

484 3601 612 3641 sum
642 3587 752 3651 via,
796 3589 1007 3642 veritas
1038 3591 1093 3643 et
1124 3589 1243 3643 vita
1294 3589 1478 3658 (Joan.
1514 3603 1634 3652 xxv,
1665 3589 1740 3656 6).
1773 3590 1977 3643 Verum
2005 3597 2087 3643 est

483 3674 607 3738 hoc,
640 3673 764 3745 quia
794 3681 851 3728 tu
883 3674 991 3740 via,
1027 3683 1081 3728 tu
1113 3675 1314 3730 veritas
1334 3718 1346 3741 ,
1383 3683 1436 3730 et
1467 3683 1522 3730 tu
1553 3676 1697 3742 vita;
1729 3676 1817 3730 via
1845 3676 2003 3746 plane
2031 3677 2089 3730 in

484 3762 762 3831 exemplo,
798 3761 1001 3817 veritas
1030 3763 1087 3816 in
1123 3763 1416 3832 promisso,
1463 3762 1572 3818 vita
1614 3763 1670 3818 in
1709 3764 1952 3834 praemio.
1986 3764 2088 3819 Via

484 3848 644 3902 nobis
675 3864 758 3915 es,
791 3865 824 3904 ο
853 3849 1120 3904 mediator
1141 3850 1243 3905 Dei
1265 3857 1317 3904 et
1333 3849 1632 3916 hominum,
1659 3852 1806 3906 Deus
1827 3860 1880 3906 et
1900 3853 2082 3919 homo,

491 3935 705 3991 Christe
764 3937 913 4006 Jesu,
966 3937 1020 3990 in
1067 3938 1402 3992 humanitate
1446 3946 1556 4004 tua,
1609 3954 1770 4010 quam
1815 3940 1884 3995 de
1927 3940 2087 3995 nobis

483 4024 764 4094 sumpsisti
793 4040 890 4094 pro
943 4024 1121 4092 nobis,
1176 4026 1300 4096 quia
1331 4033 1532 4082 sancte
1560 4027 1720 4082 nobis
1751 4027 1805 4081 in
1837 4043 1902 4083 ea
1930 4043 2087 4083 mon-

483 4111 672 4166 strasti
721 4113 1162 4168 conversationis
1212 4114 1538 4185 exemplum.
1591 4115 1710 4171 Vita
1740 4116 1899 4171 nobis
1943 4133 2003 4171 es
2032 4118 2088 4171 in

481 4199 762 4255 divinitate
796 4207 907 4267 tua,
933 4201 988 4255 in
1006 4217 1113 4272 qua
1130 4202 1303 4256 Patris
1341 4219 1400 4256 es
1421 4203 1732 4274 coaequalis,
1757 4212 2083 4269 coaeternus,

481 4293 534 4342 et
561 4289 1058 4343 consubstantialis.
1085 4288 1224 4358 Quia
1235 4291 1385 4345 sicut
1406 4290 1571 4346 habet
1588 4293 1704 4363 ipse
1723 4295 1894 4347 Pater
1910 4293 2087 4348 vitam

480 4377 542 4430 in
575 4379 875 4448 semetipso
909 4379 1093 4447 (Joan.
1112 4394 1167 4444 v,
1199 4382 1312 4449 26),
1345 4379 1426 4434 sic
1455 4379 1606 4434 dedit
1635 4381 1730 4435 tibi
1757 4380 1892 4435 Filio
1920 4381 2086 4436 vitam

477 4464 685 4520 habere
713 4445 1008 4537 in_teipiso.
1059 4466 1236 4540 Dedit,
1273 4445 1418 4538 quia
1472 4468 1680 4539 genuit.
1729 4445 2160 4540 NequaquamD

479 4552 632 4608 dedit
657 4553 792 4609 FillO
819 4555 966 4626 quod
997 4563 1121 4609 ante
1149 4570 1260 4610 non
1288 4554 1478 4609 habuit
1512 4573 1526 4610 :
1559 4556 1658 4611 sed
1682 4556 1815 4611 illud
1832 4557 1984 4623 dare,
2015 4558 2084 4612 ab

477 4650 686 4698 aeterno
735 4641 965 4714 gignere
1004 4643 1122 4712 fuit,
1167 4642 1276 4697 imo
1327 4650 1433 4698 est.
1467 4645 1534 4698 Et
1578 4644 1729 4699 dedit
1758 4645 1943 4715 vitam,
1977 4661 2087 4700 non

476 4730 696 4800 quidem
728 4730 886 4784 aliam
925 4747 1085 4802 quam
1130 4731 1278 4787 illam
1327 4748 1449 4802 quae
1487 4732 1605 4802 ipse
1649 4741 1751 4798 est,
1789 4741 1845 4788 ut
1878 4733 1945 4787 sit
1973 4733 2085 4787 vita

493 4819 622 4872 data
652 4834 686 4872 a
714 4819 843 4885 vita,
898 4819 1065 4873 Filius
1109 4820 1328 4892 genitus
1359 4835 1391 4873 a
1422 4821 1599 4886 Patre,
1640 4821 1788 4876 Deus
1834 4821 1902 4876 de
1943 4822 2080 4888 Deo,

477 4905 665 4960 lumen
712 4906 782 4960 de
810 4905 1049 4972 lumine;
1083 4915 1136 4963 et
1183 4923 1291 4962 una
1340 4907 1642 4978 eademque
1691 4908 1802 4962 vita
1851 4909 1942 4962 ille
1990 4909 2082 4979 qui

479 4987 650 5056 dedit,
701 4995 755 5043 et
801 4988 891 5044 ille
942 4989 1030 5043 cui
1076 4989 1242 5056 dedit,
1295 4990 1434 5046 sicut
1483 5007 1591 5045 non
1638 4991 1775 5044 alius
1823 4999 1876 5046 et
1921 4991 2081 5056 alius,

479 5076 578 5130 sed
608 5091 748 5130 unus
779 5075 1034 5148 idemque
1069 5078 1238 5142 Deus,
1275 5085 1327 5133 et
1357 5077 1594 5150 gignens
1615 5086 1668 5133 et
1687 5079 1925 5150 genitus.
1951 5079 2084 5134 Inde

481 5172 562 5218 est
592 5164 738 5235 quod
766 5166 917 5220 sicut
946 5166 1110 5221 habet
1143 5169 1316 5222 Pater
1329 5169 1394 5222 in
1406 5168 1725 5238 semetipso,
1750 5170 1830 5224 sic
1847 5169 2002 5223 dedit
2018 5172 2076 5222 et

473 5252 616 5308 Filio
648 5252 845 5308 habere
876 5256 938 5309 in
959 5255 1275 5325 semetipso,
1301 5261 1357 5309 ut
1378 5254 1664 5310 credamus
1695 5255 1823 5326 quia
1843 5272 1951 5311 non
1988 5264 2071 5311 est

478 5340 700 5411 genitus
730 5341 992 5414 gignente
1022 5343 1308 5413 posterior,
1343 5343 1482 5398 sicut
1500 5359 1603 5400 nec
1626 5343 1860 5416 gignens
1892 5345 2079 5417 genito

485 5428 653 5498 prior,
703 5428 828 5484 licet
861 5446 892 5483 a
919 5429 1067 5485 nullo
1094 5431 1256 5487 Pater
1305 5431 1391 5497 sit,
1427 5432 1552 5504 quia
1582 5441 1664 5488 est
1694 5434 1880 5500 Pater;
1914 5434 2080 5487 Filius

477 5532 613 5571 vero
645 5531 677 5570 a
707 5518 863 5574 Patre
896 5519 982 5584 sit,
1014 5519 1142 5589 quia
1171 5527 1254 5575 est
1282 5519 1468 5574 Filius.
1503 5521 1562 5574 In
1593 5537 1658 5576 eo
1689 5521 1836 5592 quod
1865 5521 2080 5577 audivi-

471 5619 616 5670 mus,
650 5603 778 5674 quia
808 5607 958 5661 sicut
992 5606 1156 5662 habet
1175 5608 1348 5663 Pater
1365 5609 1969 5681 vitaminsemetipso,
1990 5613 2073 5666 sic

2187 493 2408 565 ligimus
2436 492 2564 564 quia
2604 509 2770 547 unum
2824 500 2948 546 sunt
2977 500 3030 547 et
3063 491 3388 563 coaequales,
3424 499 3477 546 et
3505 491 3770 557 comterni,

2188 581 2234 634 si
2266 579 2643 635 substantiales
2692 581 2849 634 Pater
2894 587 2946 635 et
2992 579 3179 634 Filius.
3230 581 3291 633 In
3321 579 3440 634 sola
3467 593 3598 633 vero
3625 579 3774 648 hujus

2187 669 2309 723 vitae
2337 669 2546 723 visione
2577 675 2629 723 et
2657 668 3092 738 participatione,
3126 675 3180 722 et
3207 667 3390 740 gaudii
3420 665 3592 722 nostri
3613 666 3775 736 pleni-

2187 756 2340 822 tudo,
2376 764 2428 810 et
2459 762 2570 810 tota
2598 763 2787 810 nostra
2808 755 3054 810 consistit
3072 755 3372 809 beatitudo.
3394 755 3566 810 Porro
3586 753 3775 809 veritas

2187 860 2266 910 es,
2300 859 2333 897 o
2362 843 2506 898 bone
2555 851 2608 897 et
2639 842 2876 916 benigne
2923 844 3073 908 Jesu,
3103 842 3158 897 in
3186 850 3419 914 utraque
3447 850 3644 896 natura
3669 849 3772 908 tua,

2191 940 2239 986 et
2277 940 2589 986 assumente
2621 939 2674 985 et
2704 938 2999 1002 assumpta,
3033 929 3161 1001 quia
3173 931 3319 1002 quod
3339 930 3497 986 nobis
3517 929 3776 1000 promittis

2194 1020 2377 1089 homo,
2410 1019 2594 1074 reddis
2623 1019 2796 1073 Deus.
2836 1019 2947 1073 Vos
2977 1017 3176 1088 itaque,
3209 1033 3242 1072 ο
3271 1017 3475 1073 domini
3503 1026 3556 1072 et
3587 1017 3776 1072 fratres

2186 1107 2377 1173 nostri,
2403 1123 2521 1173 vos,
2544 1107 2783 1178 inquam,
2804 1106 2891 1160 itis
2903 1113 3026 1176 post
3047 1105 3225 1176 ipsum
3248 1123 3263 1172 ;
3288 1105 3374 1159 itis
3395 1113 3446 1160 et
3464 1121 3564 1176 per
3583 1105 3774 1176 ipsum,

2183 1204 2240 1249 ut
2268 1195 2597 1266 perveniatis
2637 1195 2705 1248 ad
2752 1194 2950 1265 ipsum.
3004 1194 3093 1249 Sic
3141 1193 3220 1248 ire
3259 1193 3603 1248 desiderabat
3645 1192 3774 1263 ipse,

2183 1284 2337 1351 cujus
2375 1290 2496 1338 erat
2521 1283 2697 1338 oratio
2719 1283 2863 1337 hunc
2884 1282 3094 1336 habens
3113 1281 3333 1336 modum
3365 1301 3384 1336 :
3413 1282 3597 1337 Deduc
3610 1297 3698 1336 me
3717 1283 3775 1336 in

2181 1375 2273 1427 via-
2314 1376 2435 1437 tua,
2478 1376 2535 1426 et
2565 1370 2857 1443 ingrediar
2887 1371 2949 1424 in
2999 1371 3237 1425 veritate
3261 1373 3379 1424 tua.
3411 1371 3657 1424 Lwtetur
3689 1384 3779 1426 cor

2180 1476 2373 1514 meum
2405 1459 2581 1529 (Psal.
2635 1473 2839 1524 Lxxxv,
2893 1458 3002 1527 11).
3056 1458 3118 1511 In
3144 1457 3244 1512 hac
3274 1457 3364 1511 via
3393 1456 3672 1512 sinceritas
3699 1464 3778 1512 est

2181 1546 2236 1600 in
2267 1545 2618 1612 rectitudine;
2652 1547 2707 1600 in
2738 1547 2837 1601 hac
2876 1545 3105 1600 veritate
3136 1543 3355 1600 claritas
3385 1552 3469 1599 est
3496 1543 3552 1598 in
3584 1544 3775 1616 cogni-

2179 1636 2364 1701 tione;
2397 1635 2452 1690 in
2483 1636 2583 1690 hac
2632 1634 2835 1698 laetitia,
2888 1650 3016 1688 vera
3060 1632 3291 1688 felicitas
3338 1640 3422 1687 est
3450 1631 3506 1686 in
3535 1631 3695 1686 beata
3720 1641 3770 1687 et

2181 1722 2526 1778 beatificante
2556 1722 2656 1777 Dei
2685 1721 2914 1777 visione.
2951 1721 3100 1775 [dem
3121 1720 3287 1775 etiam
3320 1719 3571 1774 eumdem
3601 1719 3656 1772 in
3675 1719 3778 1774 alio

2183 1811 2396 1882 psalmo
2423 1810 2707 1882 alloquens
2742 1827 2754 1863 :
2795 1810 3067 1875 Tenuisti,
3102 1808 3195 1873 ait,
3229 1825 3467 1863 manum
3487 1809 3779 1862 dexteram

2182 1916 2386 1964 meam,
2407 1903 2462 1954 et
2480 1901 2543 1954 in
2562 1900 2798 1954 veritate
2819 1902 2920 1952 tua
2937 1897 3228 1952 deduxisti
3247 1912 3357 1961 me,
3377 1899 3583 1951 etcum
3601 1895 3780 1966 gloria

2185 1989 2484 2059 suscepisti
2513 2003 2600 2042 me
2631 1988 2804 2055 (Psal.
2839 2000 3016 2050 Lxxn,
3049 1984 3163 2055 24).
3197 1983 3460 2048 Tenuisti,
3493 1981 3777 2047 deduxisti,

2186 2075 2492 2146 suscepisti.
2526 2075 2696 2129 Tenet
2743 2082 2980 2130 vestram
3013 2072 3292 2128 dexteram
3323 2087 3543 2125 manum
3573 2070 3666 2141 qui
3694 2069 3779 2125 via

2186 2171 2286 2229 est,
2345 2171 2401 2216 ut
2449 2162 2586 2218 eatis
2634 2171 2757 2232 post
2804 2161 2982 2232 ipsum
3018 2179 3032 2226 ;
3066 2161 3122 2216 in
3161 2161 3304 2216 bona
3351 2159 3627 2214 voluntate
3687 2173 3785 2212 sua

2185 2250 2402 2306 deducit
2430 2267 2547 2317 vos,
2603 2251 2695 2321 qui
2743 2251 2938 2305 veritas
2987 2256 3088 2315 est,
3121 2256 3180 2303 ut
3209 2247 3343 2303 eatis
3373 2255 3424 2302 et
3454 2263 3553 2317 per
3582 2246 3779 2317 ipsum,

2186 2355 2309 2393 cum
2343 2338 2521 2409 gloria
2570 2353 2788 2409 quoque
2839 2337 3066 2407 suscipit
3113 2351 3214 2391 vos
3246 2335 3338 2406 qui
3367 2334 3478 2388 vita
3509 2342 3606 2400 est,
3642 2341 3701 2388 ut
3731 2333 3785 2386 in

2186 2426 2292 2480 fine
2341 2426 2671 2496 perveniatis
2719 2426 2784 2479 ad
2830 2425 3026 2495 ipsum,
3074 2431 3128 2479 et
3174 2423 3291 2477 sine
3337 2422 3442 2477 fine
3491 2421 3608 2476 sitis
3664 2437 3788 2476 cum

2185 2515 2325 2584 ipso.
2361 2516 2426 2569 Et
2472 2514 2690 2585 quidem
2735 2528 2869 2568 vera
2899 2528 3022 2567 esse
3063 2512 3234 2567 verba
3263 2513 3380 2566 huic
3409 2510 3647 2565 clamare
3677 2525 3788 2564 non

2187 2610 2365 2659 cessat
2394 2603 2668 2658 excellens
2719 2602 2917 2674 religio
2947 2609 3156 2657 vestra.
3211 2599 3404 2654 Volitat
3433 2599 3502 2654 de
3530 2614 3594 2652 ea
3621 2598 3789 2668 longe

2186 2692 2404 2764 lateque
2436 2691 2577 2745 fama
2609 2691 2767 2745 bona.
2815 2690 2927 2744 Vos
2964 2696 3146 2743 autem
3175 2687 3353 2742 modis
3381 2686 3636 2740 omnibus
3668 2694 3790 2738 stu-

2188 2781 2312 2834 dete
2353 2787 2412 2834 ut
2458 2795 2566 2833 non
2628 2779 2694 2832 sit
2758 2777 2991 2833 inferior
3047 2776 3156 2842 illa,
3209 2783 3395 2831 sancta
3442 2772 3790 2829 conversatio

2188 2875 2390 2923 vestra.
2438 2867 2690 2938 Alioquin
2720 2866 2766 2920 si
2813 2865 2948 2920 falsa
2980 2865 3158 2930 fuerit,
3193 2864 3338 2934 quod
3369 2861 3528 2928 absit,
3565 2877 3692 2932 quae
3721 2861 3792 2915 de

2188 2956 2343 3010 vobis
2387 2955 2716 3027 dispergitur
2756 2953 2916 3019 fama,
2963 2952 3091 3024 quid
3140 2952 3194 3006 ni
3228 2951 3451 3006 infamia
3494 2949 3636 3005 erit?
3665 2950 3792 3004 Non

2189 3044 2365 3098 solum
2397 3051 2596 3109 autem,
2632 3042 2727 3096 sed
2760 3048 2811 3096 et
2841 3040 3059 3095 ruboris
3088 3039 3309 3094 maximi
3339 3038 3442 3092 erit
3480 3037 3706 3093 occasio
3735 3043 3788 3092 et

2188 3146 2373 3186 causa.
2427 3133 2496 3186 Ut
2541 3130 2686 3185 enim
2730 3129 2946 3184 Boetius
2991 3127 3162 3182 dicit:
3201 3150 3222 3174 α
3260 3126 3364 3194 Qui
3414 3124 3554 3180 falso
3581 3125 3793 3196 praedi—

2189 3228 2394 3285 cantur,
2447 3219 2559 3274 suis
2606 3217 2709 3288 ipsi
2750 3232 2978 3271 necesse
3036 3223 3120 3270 est
3175 3213 3425 3268 laudibus
3467 3213 3798 3269 erubescant

2189 3309 2287 3378 (De
2304 3324 2458 3363 cons.
2479 3307 2623 3379 phil.
2651 3308 2688 3360 ι.
2708 3320 2789 3359 ιιι.
2811 3321 2901 3376 pr.
2927 3305 3002 3372 6).
3032 3324 3054 3354 ι
3082 3303 3293 3358 Idcirco
3317 3302 3601 3372 providete
3617 3309 3678 3355 ut
3699 3300 3794 3373 qui

2189 3395 2258 3449 de
2289 3395 2442 3450 vobis
2473 3394 2697 3449 audiunt
2728 3409 2850 3464 quae
2880 3391 3186 3462 probabilia
3219 3397 3361 3454 sunt,
3394 3391 3499 3445 hoc
3528 3390 3597 3444 de
3629 3390 3793 3445 vobis

2188 3483 2370 3538 dicere
2409 3481 2658 3553 possint;
2693 3481 2839 3551 quod
2869 3481 2938 3535 de
2978 3496 3037 3534 se
3069 3479 3272 3533 dudum
3315 3476 3566 3533 confessa
3594 3485 3680 3532 est
3711 3494 3798 3532 re-

2189 3571 2320 3644 gina
2369 3571 2511 3625 Saba
2551 3569 2630 3623 illi
2659 3567 2954 3640 magnifico
3002 3568 3120 3638 regi
3172 3565 3448 3623 Salomoni
3482 3581 3494 3619 :
3528 3566 3788 3630 Probavi,

2189 3659 2382 3728 inquit,
2415 3658 2556 3730 quod
2584 3657 2772 3713 media
2798 3673 2933 3728 pars
2963 3657 3107 3712 mihi
3144 3657 3417 3712 nuntiata
3458 3670 3572 3711 non
3601 3654 3795 3724 fuerit

2190 3747 2294 3810 (III
2321 3749 2446 3818 Reg.
2479 3761 2538 3812 x,
2572 3747 2649 3816 7).

2740 3903 3133 3960 CAPITULUM
3161 3903 3251 3960 IV.

2198 4036 2339 4103 Quid
2389 4036 2777 4107 spiritualiter
2814 4036 3008 4092 debeat
3049 4036 3231 4106 accipi
3270 4050 3375 4106 per
3423 4033 3710 4107 vilitatem
3741 4035 3801 4088 et

2263 4104 2636 4176 asperitatem
2668 4107 2892 4162 habitus
2926 4104 3454 4172 Carthasiensium;
3477 4108 3532 4160 et
3553 4104 3619 4160 de
3638 4120 3799 4176 pau-

2261 4181 2485 4247 pertate
2512 4178 2692 4232 victus
2723 4193 2934 4234 eorum.
3562 4197 3568 4202 ·

2261 4291 2715 4361 Superexcellens
2781 4307 2998 4363 quoque
3046 4289 3162 4346 haec
3219 4288 3562 4346 conversatio
3607 4296 3805 4343 vestra

2187 4379 2404 4451 penitus
2434 4388 2516 4434 est
2543 4395 2576 4434 a
2606 4380 2810 4450 mundo
2852 4387 2904 4434 et
2929 4379 3014 4433 his
3063 4394 3182 4449 quae
3223 4385 3348 4433 sunt
3376 4375 3563 4430 mundi
3592 4391 3804 4446 segre-

2189 4476 2322 4540 gata
2356 4484 2370 4522 :
2399 4467 2543 4522 unde
2573 4476 2624 4522 et
2647 4468 2770 4536 jure
2801 4467 2962 4532 valet,
2995 4474 3048 4522 et
3077 4466 3240 4522 debet
3277 4464 3564 4538 paradisus
3594 4463 3801 4528 videri,

2191 4557 2290 4612 sed
2321 4572 2441 4611 eam
2484 4556 2748 4610 duntaxat
2794 4555 3016 4620 amanti,
3057 4563 3110 4610 et
3140 4567 3263 4610 cum
3292 4552 3500 4623 ingenti
3531 4566 3654 4607 eam
3686 4550 3806 4606 fer-

2191 4661 2342 4710 vore,
2374 4643 2501 4699 totis
2533 4644 2816 4699 conatibus
2847 4641 3142 4699 exerce’nti.
3170 4643 3270 4697 Est
3288 4642 3470 4712 itaque
3488 4639 3689 4704 vilitas,
3717 4646 3808 4694 est

2191 4740 2246 4786 et
2275 4732 2543 4802 asperitas
2587 4732 2641 4786 in
2687 4731 2871 4786 habitu
2920 4738 3125 4787 vestro.
3179 4729 3321 4797 Quid
3365 4730 3419 4783 in
3471 4728 3552 4782 his
3611 4735 3809 4782 vester

2189 4820 2349 4874 vobis
2379 4820 2593 4874 habitus
2624 4819 2816 4886 innuit,
2839 4818 2945 4874 nisi
2967 4819 3074 4874 duo
3094 4817 3182 4872 illa
3204 4817 3412 4872 eximia
3432 4816 3594 4881 bona,
3620 4815 3807 4870 solius

2187 4915 2370 4962 autem
2418 4907 2518 4962 Dei
2565 4908 2710 4963 dona
2743 4925 2757 4974 ;
2790 4907 3149 4962 humilitatem
3197 4905 3450 4961 videlicet
3487 4903 3691 4968 cordis,
3752 4911 3808 4958 et

2187 4995 2659 5051 mortiﬁcationem
2705 4996 2933 5050 carnis?
2959 4995 3076 5049 Nos
3125 4993 3268 5049 enim
3309 4993 3381 5048 ad
3430 4990 3803 5046 humilitatem

2188 5083 2480 5139 referimus
2530 5085 2807 5150 vilitatem,
2850 5084 3200 5156 aSperitatcm
3229 5098 3360 5137 vero
3391 5081 3460 5136 ad
3491 5078 3806 5136 mortiﬁca-

2187 5171 2413 5228 tionem.
2456 5173 2526 5227 Et
2553 5173 2649 5227 illa
2698 5173 2918 5244 quidem
2964 5181 3233 5227 tumorem
3273 5171 3332 5225 in
3379 5176 3559 5224 mente
3592 5168 3808 5238 premit

2189 5260 2460 5329 elationis,
2509 5262 2627 5316 haec
2674 5263 2856 5316 autem
2900 5259 3132 5316 fetorem
3182 5260 3237 5313 in
3287 5272 3518 5328 corpore
3577 5255 3814 5326 perimit

2185 5347 2579 5419 corruptionis.
2619 5350 2750 5405 Haec
2797 5348 3044 5420 profecto
3077 5355 3201 5403 sunt
3229 5347 3336 5402 duo
3367 5343 3652 5416 pravitatis
3688 5359 3812 5399 suae

2185 5437 2423 5505 vincula,
2459 5438 2656 5508 quibus
2684 5438 2740 5491 in
2770 5437 3015 5508 reprobis
3032 5436 3286 5506 antiquus
3307 5434 3399 5488 ille
3429 5432 3600 5488 hostis
3618 5448 3813 5503 genus

2190 5526 2323 5596 ligat
2353 5527 2669 5580 humanum.
2715 5527 2836 5595 Ipse
2876 5525 3126 5579 nimirum
3161 5531 3245 5578 est
3272 5537 3522 5592 serpens,
3553 5535 3727 5576 verus
3760 5529 3821 5576 et

2187 5620 2507 5678 tortuosus;
2540 5620 2763 5684 pectore
2795 5612 2874 5683 (ut
2903 5613 2960 5668 in
2987 5611 3343 5669 translatione
3371 5608 3546 5667 veteri
3576 5608 3821 5680 legitur)
