3938 6402
239 335 344 392 809

250 564 369 602 rum
391 548 602 614 harum,
636 550 763 606 hinc
789 549 1054 621 quosdam
1102 551 1261 623 erigit
1293 553 1526 608 inaniter
1582 571 1742 625 supra
1775 572 1854 620 se,

249 631 380 688 hinc
435 648 653 705 quoque
700 633 837 690 alios
886 635 1160 691 enerviter
1200 638 1496 707 prosternit
1552 638 1744 693 subtus
1775 655 1854 694 se.

249 712 351 768 Hic
381 713 460 769 sic
489 722 543 768 et
575 715 676 769 hos
706 731 802 770 sua
831 715 1141 771 fortitudine
1173 717 1361 785 vincit,
1414 734 1574 790 quam
1604 720 1770 773 habet
1797 720 1854 774 in

247 800 447 856 lumbis
469 802 602 868 suis,
624 811 850 874 propter
870 820 1058 860 sexum
1088 806 1463 876 superiorem;
1491 815 1545 862 et
1574 807 1626 862 in
1673 807 1856 862 umbi-

246 888 390 955 lico,
453 898 677 962 propter
730 891 1066 948 inferiorem.
1139 894 1267 949 Haec
1325 902 1506 950 autem
1564 895 1618 948 in
1668 896 1856 952 electis

247 977 362 1032 suis
400 979 547 1034 venit
588 979 933 1051 disrumpere
964 982 1202 1048 vincula,
1235 982 1327 1054 qui
1359 983 1428 1038 de
1458 984 1640 1052 puella
1666 984 1855 1038 humili

245 1074 299 1120 et
329 1065 643 1139 incorrupta
662 1076 823 1124 natus
852 1077 952 1137 est,
975 1070 1197 1125 humilis
1226 1071 1317 1126 ille
1347 1071 1446 1126 Dei
1467 1072 1854 1144 hominumque

246 1155 536 1222 mediator,
585 1165 639 1212 et
695 1167 939 1225 sanctus,
997 1159 1204 1214 docens
1265 1176 1360 1214 eos
1419 1177 1584 1231 super
1607 1161 1854 1229 jumenta

247 1250 430 1309 terrae,
477 1252 529 1300 et
559 1261 726 1318 super
775 1246 1027 1303 volucres
1068 1247 1192 1303 coeli
1242 1248 1496 1304 erudiens
1543 1264 1658 1304 eos.
1692 1248 1850 1317 Quod

245 1333 411 1388 etiam
440 1333 496 1388 in
524 1334 644 1404 ipsa
673 1349 833 1390 cruce
863 1352 961 1390 sua
989 1343 1041 1390 et
1071 1343 1247 1391 morte
1269 1336 1601 1392 excellenter
1630 1353 1850 1408 expres-

247 1420 335 1474 sit.
369 1423 560 1485 Morte,
579 1422 845 1494 inquiunt,
875 1425 1209 1495 turpissima
1255 1426 1692 1482 condemnemus
1719 1443 1848 1481 eum

247 1510 402 1581 (Sap.
441 1525 501 1577 ιι,
532 1514 644 1581 20).
678 1512 795 1567 Vox
822 1519 906 1567 est
952 1513 1266 1568 Judaeorum
1295 1514 1351 1568 in
1379 1522 1608 1570 mortem
1657 1515 1846 1570 Salva-

244 1599 380 1653 toris
437 1599 890 1670 conspirantium.
924 1601 986 1655 In
1037 1617 1104 1656 eo
1156 1617 1286 1657 sane
1330 1603 1476 1673 quod
1523 1603 1720 1658 auditis
1751 1619 1847 1658 eos

245 1687 389 1744 velle
419 1687 790 1753 condemnare
833 1688 986 1745 illum
1014 1697 1211 1758 morte,
1244 1699 1428 1746 notate
1449 1691 1796 1762 aSperitatem
1829 1709 1842 1745 :

1375 341 1579 400 LIBER
1617 342 1710 398 DE
1749 343 2134 402 EXERCITIO
2173 336 2432 404 CELLE.

248 475 472 531 repens,
507 468 560 515 et
590 469 796 518 ventre.
829 462 970 518 Nam
1025 463 1212 518 mundi
1243 464 1332 520 ille
1388 474 1567 522 rector
1597 467 1854 522 tenebra-
1878 470 1930 530 Α

3453 356 3556 409 810

2480 473 2882 531 CAPITULUM
2937 476 3006 528 V.

1961 560 2036 614 De
2050 563 2828 636 puritate‘contemplationis
2850 564 3115 630 interna,
3147 581 3269 636 qua:
3297 565 3369 620 ad
3398 567 3560 622 cella:

2202 631 2569 702 potissimum
2597 634 2964 690 solitudinem
2997 631 3234 706 spectat.

2030 737 2405 792 Contuendum
2438 746 2561 809 post
2600 740 2734 804 haec,
2775 740 2896 810 quia
2929 740 3078 813 jugis
3109 740 3264 797 cellae
3320 742 3557 799 solitudo

1958 825 2253 879 secundum
2286 825 2489 881 bonum
2521 835 2621 892 est,
2657 827 2802 898 quod
2831 828 2896 882 ad
2919 823 3252 899 spiritualem
3276 830 3557 886 retulimus

1955 913 2294 982 paradisum.
2320 915 2478 970 Certe
2499 931 2528 969 a
2557 931 2690 971 vero
2710 915 2858 970 illum
2891 916 3114 972 deviare
3146 933 3253 973 non
3284 927 3435 989 puto,
3460 919 3554 990 qui

1948 1000 2136 1071 jugem
2161 1001 2510 1058 solitudinem
2546 1004 2698 1058 cellae
2729 1004 2856 1059 dicit
2885 1006 3226 1076 paradisum.
3269 1007 3379 1062 Sed
3407 1023 3553 1063 nunc

1955 1089 2162 1158 putabit
2191 1090 2404 1162 aliquis,
2438 1091 2687 1164 quiquao,
2721 1092 2919 1164 qualia,
2969 1109 3033 1149 ac
3063 1102 3262 1166 quanta
3291 1095 3341 1150 ei
3371 1096 3556 1150 insunt

1954 1177 2099 1232 bona
2127 1195 2228 1248 per
2274 1180 2663 1250 experientiam
2697 1181 2864 1236 novit.
2899 1181 3008 1237 Cur
3055 1183 3198 1238 enim
3228 1199 3420 1238 verear
3449 1183 3556 1239 cel-

1951 1265 2056 1320 lam
2104 1283 2298 1323 vocare
2330 1268 2667 1338 paradisum,
2733 1285 2894 1342 quam
2951 1278 3163 1326 constat
3193 1287 3316 1327 esse
3370 1272 3552 1343 ipsum

1951 1353 2189 1410 cmlum?
2221 1357 2291 1411 Ut
2322 1355 2467 1410 enim
2498 1372 2560 1412 ex
2595 1373 2654 1412 re
2686 1373 2887 1413 nomen
2916 1358 3132 1426 habeat,
3167 1367 3220 1414 et
3249 1360 3304 1414 id
3333 1368 3553 1416 vocetur

1951 1443 2095 1513 quod
2125 1452 2318 1509 sonat;
2351 1445 2482 1515 quid
2512 1445 2668 1511 cella,
2692 1445 2797 1500 nisi
2826 1445 2949 1502 coeli
2978 1447 3098 1502 aula
3117 1447 3146 1501 ?
3180 1448 3318 1502 Vere
3355 1449 3550 1504 Domi-

1948 1546 2052 1585 nus
2081 1531 2135 1584 in
2164 1532 2316 1598 cella,
2352 1533 2479 1604 quia
2509 1548 2616 1588 non
2648 1541 2730 1588 est
2760 1534 2876 1605 ipsa
2905 1535 3065 1590 aliud
3081 1537 3197 1592 nisi
3225 1537 3422 1593 domus
3448 1538 3550 1594 Dei

1949 1625 2005 1674 et
2031 1625 2196 1691 porta
2229 1622 2355 1676 caeli
2383 1623 2540 1690 (Gen.
2562 1638 2760 1691 xxvm,
2783 1626 2891 1690 17).
2916 1624 2976 1676 In
3007 1639 3069 1678 ea
3098 1639 3336 1696 namque
3366 1641 3544 1698 ange-

1947 1707 2118 1763 lorum
2149 1709 2208 1762 ﬁt
2238 1723 2502 1765 ascensus
2533 1718 2587 1765 et
2614 1711 2914 1766 descensus
2931 1727 3096 1782 supra
3117 1712 3307 1768 Filium
3364 1714 3546 1768 homi-

243 1777 376 1848 quid
414 1779 558 1832 enim
586 1777 767 1848 magis
797 1792 1055 1849 asperum
1073 1794 1235 1850 quam
1255 1779 1447 1834 mors?
1477 1781 1536 1833 In
1565 1795 1632 1835 eo
1662 1788 1838 1836 autem

1945 1796 2031 1850 nis
2057 1795 2112 1851 in
2141 1798 2290 1853 scala
2319 1798 2619 1854 charitatis.
2655 1797 2814 1866 Quod
2852 1798 3222 1872 przefiguravit
3251 1801 3303 1855 in
3337 1817 3397 1856 se
3445 1819 3545 1858 ve-

241 1865 390 1936 quod
435 1874 746 1936 proponunt
787 1873 841 1922 et
894 1866 1220 1934 deliberant,
1249 1875 1307 1921 ut
1336 1868 1530 1922 eadem
1557 1883 1704 1923 mors
1734 1885 1838 1923 non

1945 1893 2137 1940 nustus
2166 1886 2346 1940 vultus
2375 1886 2629 1942 Rachelis
2663 1865 2910 1954 decoraz;
2943 1865 3088 1960 quod
3109 1889 3248 1954 lazta,
3281 1897 3333 1943 et
3364 1887 3544 1944 laetiﬁ-

243 1953 409 2009 modo
441 1953 630 2024 turpis,
664 1955 762 2010 sed
793 1962 846 2010 et
873 1955 1188 2025 turpissima
1217 1955 1306 2022 sit,
1338 1956 1514 2026 ipsam
1545 1972 1644 2011 vos
1662 1956 1844 2011 sciatis

244 2042 454 2098 debere
481 2042 796 2116 intelligere
826 2058 1046 2100 crucem
1087 2045 1223 2113 ejus.
1257 2043 1416 2112 Quod
1474 2045 1620 2099 enim
1665 2045 1846 2117 magis

238 2131 349 2187 vile
381 2147 556 2204 genus
575 2133 766 2187 mortis
788 2149 949 2205 quam
978 2147 1111 2188 crux
1131 2133 1158 2188 ?
1199 2134 1335 2187 Nam
1361 2147 1494 2190 crux
1516 2133 1843 2204 probrosum

239 2219 568 2291 supplicium
597 2228 699 2276 est.
741 2221 810 2275 Et
838 2221 1193 2292 opprobrium
1222 2221 1418 2277 referte
1459 2222 1528 2276 ad
1559 2221 1841 2291 vilitatem,

235 2308 567 2379 supplicium
597 2307 666 2364 ad
710 2309 1084 2381 asperitatem.
1125 2311 1312 2381 Itaque
1341 2309 1514 2366 factus
1546 2310 1645 2365 Dei
1679 2310 1842 2366 Filius

235 2396 505 2452 obediens
538 2397 682 2452 Patri
731 2414 905 2469 usque
934 2399 1003 2453 ad
1059 2406 1293 2454 mortem
1329 2413 1342 2454 :
1376 2405 1430 2453 et
1458 2415 1528 2454 ne
1585 2400 1689 2454 hoc
1720 2399 1842 2470 quis

233 2485 512 2542 modicum
544 2493 786 2556 putaret,
816 2487 1040 2557 dignum
1070 2487 1223 2542 duxit
1262 2487 1554 2559 Apostolus
1612 2488 1837 2554 addere,

236 2577 482 2630 mortem
515 2579 711 2630 autem
741 2576 928 2632 crucis
949 2577 1122 2644 (Phil.
1150 2590 1209 2641 tl,
1245 2576 1320 2646 8).
1345 2575 1532 2631 Talem
1553 2592 1651 2646 pro
1681 2576 1841 2630 nobis

234 2671 473 2719 mortem
503 2662 758 2735 patiendo
781 2661 1150 2735 praeﬁguravit
1181 2663 1400 2736 quidem
1437 2663 1490 2718 in
1523 2663 1835 2734 semetipso,

235 2751 390 2824 quod
419 2759 610 2807 notare
656 2752 885 2822 potestis
915 2768 1027 2807 non
1069 2751 1517 2808 inconvenienter
1550 2752 1605 2806 in
1653 2752 1840 2807 habitu

227 2847 438 2896 vestro.
475 2842 540 2895 Et
561 2841 693 2911 quid
725 2841 828 2896 hoc
856 2840 925 2896 ad
969 2840 1249 2895 utilitatem
1298 2848 1536 2896 vestram
1557 2841 1585 2894 ‘l
1614 2840 1838 2896 Multum

230 2945 338 3000 per
367 2945 588 2984 omnem
630 2929 914 2984 mundum.
939 2930 1008 2985 Ut
1062 2929 1409 2984 humiliantes
1455 2929 1706 2984 nimirum
1741 2945 1838 2985 vos

231 3018 342 3073 sub
369 3017 580 3089 potenti
607 3032 774 3074 manu
803 3017 934 3084 Dei,
986 3017 1208 3073 exaltari
1237 3018 1306 3072 ab
1336 3034 1402 3074 eo
1432 3017 1754 3073 mereamini
1782 3018 1836 3072 in

231 3115 483 3178 tempore
512 3105 851 3162 visitationis.
913 3105 1086 3162 Simili
1115 3105 1279 3161 modo
1318 3106 1507 3176 spiritu
1537 3105 1677 3162 facta
1707 3122 1837 3162 car-

1945 1987 2077 2028 cans
2107 1974 2261 2045 quies
2292 1975 2532 2030 sedentis
2589 1983 2643 2030 et
2671 1975 2942 2031 audientis
2995 1977 3212 2043 Mariae,
3245 1978 3349 2032 hoc
3375 1984 3545 2033 totum

1945 2061 2106 2116 habet
2152 2063 2208 2116 in
2263 2079 2323 2117 se
2366 2063 2515 2134 jugis
2563 2063 2716 2118 cella:
2752 2063 2987 2119 solitudo
3021 2082 3034 2118 :
3067 2073 3121 2120 et
3149 2065 3204 2119 in
3234 2082 3294 2120 re
3324 2065 3544 2137 quidem

1943 2150 2120 2222 magis
2149 2166 2306 2223 quam
2347 2151 2403 2204 in
2452 2151 2848 2222 significatione
2883 2167 2895 2206 :
2930 2168 3038 2208 non
3077 2153 3132 2207 in
3178 2153 3294 2209 solo
3325 2153 3541 2220 olfactu,

1943 2254 2134 2293 verum
2165 2240 2326 2294 etiam
2354 2238 2410 2293 in
2439 2248 2622 2311 gustu.
2655 2241 2880 2311 Ignorat
2923 2239 3249 2296 laboriosam
3280 2243 3544 2298 turbatio-

1942 2342 2069 2380 nem
2100 2329 2358 2393 Marthae;
2393 2328 2591 2399 gaudet
2620 2336 2799 2384 autem
2843 2329 3193 2384 vehementer
3222 2346 3388 2400 super
3414 2330 3540 2402 pla-

1943 2415 2085 2480 cida,
2120 2415 2217 2470 sed
2248 2415 2561 2487 tranquilla,
2587 2417 2683 2472 sed
2702 2416 2902 2487 quieta,
2927 2417 3026 2472 sed
3047 2418 3217 2487 suavi,
3250 2418 3348 2473 sed
3370 2419 3536 2489 dulci,

1942 2504 2038 2558 sed
2063 2505 2326 2573 jucunda,
2360 2505 2458 2559 sed
2489 2505 2649 2571 bona,
2684 2506 2780 2560 sed
2813 2521 3025 2569 serena,
3048 2506 3144 2561 sed
3172 2520 3407 2576 amoena,
3440 2507 3540 2563 sed

1941 2592 2209 2662 speciosa,
2245 2592 2340 2646 sed
2378 2591 2669 2660 luminosa,
2702 2593 2798 2648 sed
2836 2593 3100 2649 deliciosa
3145 2595 3390 2650 sessione
3419 2597 3537 2650 Ma-

1940 2681 2055 2735 ria}.
2108 2681 2178 2734 Et
2225 2681 2448 2746 quando
2495 2679 2822 2736 sufﬁcienter
2878 2699 3000 2752 quae
3029 2683 3084 2736 in
3114 2683 3218 2738 hac
3262 2683 3387 2740 σαξὶὶ
3415 2684 3540 2740 aula

1939 2776 2064 2822 sunt
2084 2768 2226 2824 bona
2246 2769 2547 2839 poterimus
2569 2769 2844 2833 admirari,
2869 2785 3143 2836 enarrare,
3179 2770 3534 2827 collaudare?

1939 2857 2000 2910 In
2029 2865 2236 2911 tantum
2266 2865 2413 2912 certe
2433 2865 2486 2912 et
2503 2872 2719 2912 omnem
2749 2873 2937 2913 eorum
2961 2866 3010 2914 et
3031 2859 3346 2929 magnitudo
3376 2877 3536 2916 men-

1939 2961 2138 3011 suram,
2173 2952 2226 3000 et
2254 2945 2540 3000 multitudo
2572 2945 2784 3001 excedit
2821 2962 3124 3017 numerum,
3155 2955 3214 3002 ut
3243 2947 3314 3003 ad
3344 2964 3538 3005 eorum

1937 3033 2357 3089 immensitatem
2387 3033 2763 3105 explicandam
2812 3035 2890 3090 sic
2924 3035 3104 3107 aliqua
3134 3035 3321 3108 lingua
3353 3038 3418 3092 sit
3448 3037 3536 3094 lo-

1940 3138 2131 3193 quens,
2167 3123 2306 3178 sicut
2347 3131 2430 3177 est
2459 3122 2602 3178 stilla
2658 3122 2884 3194 parvula
2928 3123 3160 3179 tenuiter
3207 3124 3432 3192 cadens,
3465 3127 3538 3182 ad

228 3195 317 3250 nis
347 3175 754 3261 mortificantes,
789 3195 859 3250 ad
890 3195 1055 3251 vitam
1084 3175 1431 3266 perveniatis.
1464 3196 1532 3248 Et
1552 3194 1831 3249 humilita-

1940 3211 2152 3266 fluctum
2201 3210 2529 3265 latissimum
2579 3219 2630 3266 et
2677 3210 3165 3281 profundissimum
3197 3213 3535 3284 perenniter.

229 3291 342 3339 tem
373 3284 457 3354 (ut
469 3284 581 3352 jam
610 3283 813 3339 dictum
834 3283 940 3354 est)
962 3283 1178 3338 habitus
1199 3283 1366 3338 vestri
1387 3283 1655 3349 vilitas,et
1685 3299 1833 3338 mor-

229 3371 585 3429 tiﬁcationem
632 3372 898 3444 asperitas
945 3380 1118 3428 notat.
1186 3373 1330 3428 Sane
1376 3372 1614 3443 parcitas
1659 3372 1834 3427 victus

228 3461 469 3533 principi
493 3461 697 3517 resistit
727 3476 1048 3532 coquorum,
1083 3476 1152 3516 ne
1191 3460 1435 3516 destruat
1449 3476 1637 3515 muros
1666 3461 1830 3516 Jeru-

227 3551 422 3616 salem,
456 3558 510 3606 et
538 3549 654 3621 ipsa
682 3549 928 3622 profecto
953 3549 1113 3606 valde
1131 3549 1442 3605 necessaria
1471 3549 1630 3604 nobis
1655 3567 1669 3614 ;
1703 3548 1832 3619 quia

228 3639 275 3693 si
305 3654 499 3694 verum
517 3646 600 3694 est
623 3637 770 3709 quod
794 3637 1051 3694 Salomon
1073 3637 1142 3692 ait
1179 3655 1192 3692 :
1227 3638 1331 3705 Qui
1352 3638 1594 3693 delicate
1623 3655 1657 3692 (ι
1685 3653 1828 3708 pue-

226 3728 371 3783 ritia
402 3727 596 3782 nutrit
623 3741 846 3782 servum
876 3743 1066 3792 suum,
1098 3728 1293 3796 postea
1311 3741 1440 3781 eum
1465 3726 1676 3780 sentiet
1697 3741 1833 3781 con-

1930 3301 2072 3354 Num
2174 3300 2527 3370 hyperbolice
2627 3307 2716 3354 aut
2813 3300 3118 3356 adulatorie
3217 3301 3539 3374 loquimur?

1931 3389 2105 3444 Absit.
2130 3389 2409 3443 Imitamur
2429 3404 2665 3459 namque
2689 3389 2742 3443 in
2769 3388 2873 3444 hoc
2901 3405 3002 3460 pro
3031 3405 3215 3461 posse,
3249 3391 3399 3445 illum
3421 3392 3534 3462 qui,

1932 3485 1986 3532 ut
2018 3477 2087 3532 de
2136 3493 2196 3532 se
2236 3477 2366 3532 dicit
2407 3477 2586 3532 Nerine
2625 3475 2785 3542 filius,
2819 3494 2893 3533 ea:
2935 3494 3028 3533 ore
3076 3495 3176 3534 suo
3211 3479 3540 3551 loquebatur

1931 3566 2090 3638 quasi
2121 3567 2309 3638 legens
2341 3566 2476 3632 (Jer.
2508 3580 2713 3632 xxxvr,
2747 3569 2837 3636 18)
2875 3583 2888 3619 :
2920 3566 3184 3621 Nimirum
3221 3567 3345 3638 quia
3375 3567 3537 3623 lectio

1931 3654 2114 3709 divina
2137 3661 2246 3708 tam
2275 3653 2387 3708 falli
2417 3669 2582 3724 quam
2620 3653 2811 3709 fallere
2852 3640 3059 3721 nescia,
3093 3663 3176 3710 est
3205 3655 3536 3725 experientia

1929 3743 2174 3814 c0piosa.
2198 3745 2306 3796 Ista
2327 3749 2410 3797 est
2430 3759 2553 3814 qua:
2580 3758 2680 3798 nos
2702 3758 2766 3798 ex
2790 3742 3052 3797 nonnulla
3070 3751 3227 3813 parte
3250 3758 3417 3814 super
3447 3744 3533 3799 his

237 3819 526 3871 ‘umacem
555 3815 741 3887 (Ρνουο
779 3829 938 3880 ικινν
972 3815 1086 3885 21)⁸
1119 3814 1326 3903 Nonne,
1351 3822 1578 3879 tantum»
1613 3813 1830 3903 taleque
1930 3832 2175 3887 eruditos
2195 3831 2390 3898 reddit,
2412 3813 2463 3886 et
2493 3839 2690 3898 certos,
2731 3838 2957 3902 propter
2976 3831 3121 3902 quod
3152 3839 3205 3887 et
3235 3813 3529 3903 loquimur.

227 3903 519 3974 Ροεείάθτθ
533 3903 1062 3975 ὒοηιιῐηνίῐυθωάδω
1083 3902 1468 3974 cmpos-iidem
1484 3902 1830 3973 Paradisum?
1930 3920 2318 3975 Discurramus
2342 3921 2450 3988 jam
2486 3935 2550 3974 ex
2580 3935 2754 3986 more,
2789 3919 2832 3972 si
2873 3919 3071 3990 placet,
3104 3935 3203 3990 per
3230 3902 3448 3976 amoena
3477 3928 3532 3977 et

227 3992 370 4047 Nam
399 3992 597 4081 θῙενῧίί
645 3992 776 4047 “iis
803 4008 969 4081 supra
995 3991 1371 4057 mundum’dc
1401 3991 1554 4060 cuius
1583 3998 1828 4081 amatore
1929 4007 2164 4064 fecunda
2209 4015 2366 4078 prata
2430 4007 2855 4079 Scripturarum,
2908 4016 2959 4063 et
3004 4008 3288 4064 videamus
3335 4008 3535 4081 quibus

227 4081 494 4136 Dominus
528 4080 678 4151 dicit,
723 4080 848 4151 quia
885 4081 1228 4136 Induebatur
1261 4096 1522 4152 purpura
1557 4083 1614 4134 et
1643 4080 1820 4169 bysso,

1940 4105 1982 4151 at
2028 4096 2298 4168 qualibus,
2348 4112 2514 4169 quam
2555 4095 2800 4167 pulchris
2849 4096 3103 4152 videlicet
3142 4105 3195 4152 et
3222 4080 3532 4165 odoriferis,

225 4174 282 4225 et
315 4171 654 4241 epulabatur
695 4169 940 4242 quotidie
971 4169 1260 4240 splendide
1281 4169 1435 4239 (Luc.
1467 4182 1584 4235 xvi,
1608 4169 1731 4256 719).
1765 4168 1825 4256 In

1940 4201 2094 4255 quam
2151 4168 2409 4239 suavibus
2472 4193 2524 4239 et
2592 4185 2902 4239 salubribus
2956 4201 3272 4256 respersum
3333 4186 3538 4242 habeat

220 4271 468 4328 purpura
487 4258 657 4327 color,
692 4258 749 4312 in
776 4257 960 4313 colore
982 4256 1195 4328 species
1216 4297 1231 4323 ,
1261 4256 1316 4310 in
1348 4255 1532 4327 specie
1563 4255 1730 4321 nitor,
1768 4255 1822 4308 in

1940 4273 2192 4338 ﬂosculis,
2226 4273 2342 4328 haec
2391 4272 2515 4328 coeli
2564 4273 2705 4337 aula,
2750 4273 2904 4328 illum
2929 4273 3022 4344 qui
3056 4255 3119 4327 in
3151 4289 3212 4328 ea
3244 4281 3327 4328 est
3354 4273 3533 4330 lectu-

221 4345 398 4402 ηίῐοΐθ
427 4352 652 4412 vanitas.
687 4345 745 4401 in
800 4346 1039 4402 ναηίῐθοῐε
1095 4345 1358 4417 superbia
1405 4352 1504 4400 θεία
1538 4344 1599 4398 In
1648 4344 1816 4414 bysso
1927 4359 2077 4426 lum;
2111 4369 2169 4415 ut
2196 4360 2369 4430 possit
2389 4361 2764 4432 unusquisque
2816 4368 3059 4415 vestrum
3090 4360 3275 4417 dicere
3304 4377 3370 4416 ex
3399 4377 3534 4416 sen-

221 4443 400 4491 autem
455 4435 732 4501 mollities,
779 4435 834 4489 in
878 4434 1102 4490 mollitie
1161 4433 1418 4499 suavitas,
1451 4432 1505 4487 in
1559 4432 1824 4487 suavitate
1927 4450 2141 4505 tentia;
2193 4450 2460 4505 Lectulus
2494 4453 2692 4505 ηοείεν
2729 4448 2970 4518 ﬂoridus
3027 4449 3218 4518 (εαηε,
3253 4465 3290 4515 ι,
3318 4451 3427 4517 16),
3470 4451 3535 4505 ιη

221 4525 402 4580 carnis
459 4524 718 4596 Ρτυτίίυεν
769 4523 826 4578 in
873 4523 1083 4594 Ρτιπίίῑι
1127 4522 1382 4588 titillatio,
1429 4522 1486 4576 in
1514 4521 1822 4578 titillatione
1843 4530 1896 4590 D
1928 4555 2117 4594 amore
2148 4539 2369 4610 quidem
2422 4537 2668 4593 exercitii
2703 4538 2864 4606 hujus
2894 4545 3002 4590 tam
3054 4537 3289 4592 salubris
3321 4545 3371 4592 et
3399 4537 3533 4593 reli-

221 4612 494 4684 voluptas,
523 4612 577 4667 in
607 4611 882 4683 voluptate
902 4611 1114 4666 luxuria
1144 4619 1246 4666 est.
1268 4612 1450 4682 Itaque
1481 4610 1678 4665 elatum
1696 4625 1821 4665 eum

1940 4627 2067 4699 giesi
2099 4626 2284 4692 studii,
2320 4626 2606 4680 ostenditis
2655 4641 2752 4681 vos
2801 4625 2961 4696 plene
2993 4625 3151 4694 scire,
3183 4625 3238 4679 in
3268 4633 3534 4696 quantum

222 4699 386 4757 fuisse
418 4717 677 4774 purpura,
713 4709 768 4756 et
821 4700 1089 4755 lubricum
1120 4700 1320 4771 byssus
1350 4707 1606 4754 ostentat.
1659 4698 1820 4766 Quod

221 4797 401 4845 autem
432 4806 541 4846 non
588 4788 926 4860 interpolatis
955 4788 1171 4854 diebus,
1223 4788 1320 4843 sed
1354 4787 1595 4858 quotidie
1626 4787 1818 4858 epula-

217 4878 375 4934 batur
411 4879 716 4950 splendide,
748 4885 1001 4934 notamus
1030 4893 1154 4932 eum
1202 4876 1606 4949 gastrimargiae
1650 4875 1818 4930 fuisse

223 4967 520 5022 subditum.
553 4968 662 5023 Vos
691 4975 870 5022 autem
899 4981 1009 5021 non
1033 4965 1130 5020 sic.
1175 4964 1348 5037 Magis
1369 4972 1546 5020 autem
1567 4963 1819 5018 mendico

223 5054 298 5109 illi
330 5072 428 5112 vos
473 5055 852 5124 assimilamus,
887 5055 1015 5127 quia
1062 5062 1114 5108 et
1145 5052 1458 5109 mendicare
1495 5053 1720 5122 alicujus
1739 5058 1821 5106 est

221 5143 458 5200 vilitatis.
494 5143 597 5213 Qui
617 5152 736 5200 erat
765 5143 1040 5199 ulceribus
1070 5143 1282 5213 plenus,
1317 5157 1426 5196 non
1482 5141 1820 5196 mendaciter

223 5246 345 5287 eum
400 5233 752 5299 asseruimus,
813 5239 1077 5304 quantum
1124 5231 1193 5286 ad
1253 5230 1360 5286 hoc
1415 5228 1471 5285 in
1525 5229 1819 5300 asperitate

223 5317 408 5378 fuisse.
437 5323 577 5378 Nam
600 5323 656 5377 in
685 5337 751 5378 eo
783 5320 931 5393 quod
957 5321 1213 5376 cadentes
1243 5318 1416 5375 micas
1446 5333 1557 5374 non
1587 5317 1815 5388 accepit,

221 5407 286 5462 ab
318 5426 383 5466 eo
413 5412 504 5484 qui
534 5411 857 5483 epulabatur
892 5408 1134 5483 quotidie
1164 5407 1456 5480 splendide
1504 5407 1668 5478 longe
1700 5405 1818 5460 dis-

224 5495 442 5564 iunctus
473 5499 589 5556 fuit.

436 5758 674 5812 PATROL.
707 5757 887 5812 CLIII.

1929 4723 2119 4770 sancta
2138 4715 2191 4769 in
2211 4731 2269 4770 se
2293 4715 2431 4769 solet
2460 4714 2744 4785 Scriptura
2767 4715 2907 4769 hanc
2928 4722 2978 4769 et
3001 4713 3240 4786 figurare
3261 4713 3532 4784 placidam

1929 4803 2250 4860 Sanctorum
2274 4803 2531 4875 quietem,
2555 4811 2607 4858 et
2625 4803 2952 4874 approbare.
2977 4805 3141 4868 Ecce,
3165 4818 3288 4858 cum
3311 4803 3366 4856 in
3393 4819 3532 4874 pro-

1927 4892 2217 4964 toplastum
2247 4908 2412 4962 sopor
2432 4891 2738 4946 immittitur
2766 4891 3052 4947 formatam
3081 4907 3147 4946 ex
3179 4907 3238 4946 se
3271 4890 3530 4947 feminam

1928 4982 2108 5036 statim
2156 4981 2438 5036 intuetur:
2473 4988 2526 5036 et
2581 4980 2783 5052 aliquid
2823 4981 2874 5034 in
2914 4997 2973 5036 se
3021 4995 3145 5035 esse
3191 4979 3337 5052 quod
3379 4988 3534 5051 regat

1921 5069 2094 5137 virile,
2130 5078 2182 5124 et
2221 5069 2426 5140 aliquid
2478 5069 2622 5140 quod
2663 5077 2884 5142 regatur
2929 5068 3215 5125 muliebre.
3277 5067 3534 5137 Quandiu

1922 5167 2142 5213 sanctus
2171 5159 2307 5213 Abel
2331 5158 2475 5212 intus
2506 5158 2624 5226 fuit,
2675 5157 2931 5213 nimirum
2963 5173 3072 5214 non
3119 5156 3175 5212 in
3202 5165 3396 5223 morte,
3432 5157 3530 5214 sed

1921 5247 1976 5302 in
2005 5247 2116 5302 vita
2149 5246 2265 5301 fuit.
2302 5249 2381 5301 Ex
2412 5263 2520 5318 quo
2538 5255 2686 5302 certe
2706 5247 2774 5301 ad
2797 5247 3208 5319 suggestionem
3226 5246 3359 5301 Cain
3391 5244 3528 5302 foris

1922 5335 2067 5402 exiit,
2119 5335 2293 5405 ipsam
2334 5352 2552 5406 quoque
2602 5344 2835 5390 mortem
2883 5334 3132 5390 incurrit.
3182 5335 3296 5390 Vox
3346 5335 3529 5406 itaque

1921 5424 2056 5478 Cain
2087 5423 2186 5477 ista
2231 5431 2313 5478 est
2347 5441 2359 5476 :
2395 5425 2764 5496 Egrediamur
2804 5427 2959 5494 foras
3008 5423 3172 5493 (Gen.
3209 5438 3287 5489 1v,
3321 5424 3396 5483 8).
3431 5422 3530 5479 Est

1920 5519 2099 5566 autem
2124 5512 2408 5583 suggestio
2423 5527 2630 5580 eorum,
2647 5511 2737 5582 qui
2761 5520 2974 5565 terrena
2997 5511 3183 5566 illicite
3205 5511 3490 5582 possident
3515 5527 3531 5579 ;

1934 5599 2030 5670 qui
2059 5607 2112 5654 et
2156 5599 2413 5670 agricolae
2457 5615 2523 5655 ac
2569 5615 2671 5670 per
2718 5599 2821 5656 hoc
2869 5599 3097 5670 terreni,
3129 5615 3240 5654 non
3268 5597 3534 5655 coelicolaa

3244 5751 3313 5804 ΞΘ
