3938 6406
487 318 587 373 811

1358 317 1703 377 GUIGONIS
1741 320 1791 376 ΙΙ
1829 318 2239 376 CARTHUSLE
2278 316 2575 374 MAJORIS
2613 318 2911 376 PRIORIS.

3688 321 3783 376 812

489 450 647 511 sunt;
707 442 836 515 quia
890 442 1013 498 illos
1068 443 1323 513 decipere
1380 444 1641 510 nituntur,
1694 443 1782 516 qui
1840 459 2085 514 praesens
2111 443 2404 503 AChristo
2451 444 2829 500 absconditam
2872 445 3088 500 habeat.
3117 443 3279 498 Juxta
3306 450 3528 515 puteum
3555 442 3774 510 habitat,

491 531 741 587 exsilium
769 531 975 604 lugent,
1017 538 1079 589 ut
1116 532 1333 586 omissis
1389 531 1637 600 internis,
1672 532 1726 586 in
1759 532 1996 587 externis
2029 548 2087 586 se

490 627 629 674 totos
649 634 750 690 per
778 618 1078 689 appetitum
1136 627 1189 674 et
1219 635 1320 689 per
1375 628 1555 675 actum
1613 618 1911 674 effundant.
1945 620 2086 673 Nam

488 706 620 763 Cain
644 708 935 779 possessio,
970 707 1108 762 Abel
1155 723 1285 763 vero
1318 709 1507 764 luctus
1534 709 1944 779 interpretatur.
1978 707 2087 763 Sed

485 795 614 868 quid
661 795 789 851 inde
816 804 1097 867 sequatur,
1133 797 1338 862 audite,
1376 804 1429 852 et
1459 797 1604 867 quod
1660 797 1879 862 auditis,
1915 796 2088 851 vitare

486 883 738 939 omnibus
767 884 948 940 modis
1001 885 1234 940 studete.
1285 884 1427 953 Quid
1477 885 1619 939 enim
1664 900 1831 940 verax
1862 884 2092 939 historia

488 971 666 1028 dicit?
698 974 944 1046 Cumque
1002 977 1190 1029 essent
1218 974 1283 1028 in
1338 990 1502 1045 agro,
1556 975 1926 1029 consurrexit
1949 972 2089 1028 Cain

485 1061 752 1117 adversus
824 1064 1071 1132 fratrem
1112 1078 1301 1129 suum,
1334 1066 1395 1117 et
1440 1063 1735 1132 interfecit
1783 1078 1933 1117 eum.
1974 1062 2089 1116 Nec

485 1148 686 1204 mirum
717 1149 864 1221 quod
892 1148 1212 1205 interfectus
1271 1149 1389 1219 fuit,
1425 1150 1519 1221 qui
1577 1149 1724 1204 foras
1782 1150 1838 1203 in
1893 1165 2087 1221 agrum

482 1237 612 1292 exiit
645 1252 658 1292 :
689 1244 750 1291 ut
804 1237 947 1292 enim
979 1254 1080 1309 per
1131 1237 1479 1308 semetipsam
1531 1238 1746 1293 Veritas
1795 1238 1868 1291 ait
1902 1252 1914 1291 :
1948 1239 2090 1309 Ager

485 1329 572 1381 est
604 1326 695 1381 hic
741 1325 993 1381 mundus
1043 1326 1264 1395 (Matth.
1323 1341 1450 1392 xm,
1482 1326 1613 1397 38);
1645 1326 1737 1397 qui
1782 1342 1904 1380 cum
1939 1330 2089 1381 totus

483 1414 567 1471 (ut
623 1412 755 1470 dicit
800 1413 1082 1484 apostolus
1136 1414 1398 1481 Joannes)
1449 1415 1513 1469 in
1560 1415 1812 1483 maligno
1868 1415 2089 1484 positus

488 1502 537 1572 (Ι
551 1502 714 1559 Ιοαη.
739 1516 795 1568 v,
821 1504 910 1571 19)
936 1502 1023 1569 sit,
1055 1502 1330 1573 quomodo
1351 1509 1583 1556 mortem
1602 1502 1798 1572 poterit
1830 1502 2084 1563 evadere,

486 1589 795 1661 quicunque
824 1588 880 1644 in
901 1605 1025 1644 eum
1055 1605 1156 1659 per
1205 1589 1559 1658 voluntatem,
1603 1606 1704 1659 per
1732 1588 2083 1660 voluptatem,

485 1693 587 1749 per
616 1677 888 1734 actionem
918 1676 1187 1733 nefariam
1215 1685 1525 1732 moraturus
1557 1676 1873 1732 introierit?

1024 1810 1418 1866 CAPITULUM
1462 1810 1552 1865 VI.

494 1925 751 1995 Qualiter
770 1927 985 1998 suavis
1022 1926 1180 1998 cella:
1228 1926 1402 1997 quies,
1438 1932 1494 1998 et
1524 1926 1717 1998 quieta
1772 1927 1893 1996 ejus
1927 1942 2088 1998 sua-

561 1998 709 2053 vitas
755 1996 1199 2122 inctquibusdam
1242 1996 1427 2052 sacra:
1469 1996 1778 2068 Scriptura:
1827 1997 1961 2052 locis
1980 2012 2087 2052 em-

564 2083 760 2122 nressa
786 2084 836 2122 si
870 2108 884 2122 .

560 2083 760 2140 pressa
786 2083 884 2122 sit.

565 2182 811 2239 Delectat
884 2182 1061 2238 adhuc
1106 2182 1390 2238 intendere
1428 2182 1495 2236 iis
1540 2199 1660 2253 qua:
1734 2182 1789 2236 in
1836 2182 2089 2237 manibus

488 2270 776 2341 habemus,
808 2278 867 2325 ut
913 2286 1032 2342 quae
1063 2278 1116 2325 et
1147 2278 1345 2341 quanta
1376 2270 1445 2324 sit
1491 2270 1643 2325 cellae
1674 2270 1829 2341 quies
1857 2270 2089 2324 demon-

492 2366 746 2415 stremus.
772 2359 917 2414 Ecce
948 2366 1168 2414 sanctus
1198 2359 1388 2414 Enoch
1416 2373 1517 2428 pro
1548 2374 1613 2413 eo
1643 2358 1787 2429 quod
1819 2374 1939 2413 cum
1973 2358 2089 2412 Deo

490 2447 751 2513 ambulat,
786 2462 894 2502 non
951 2453 1193 2517 apparet,
1230 2446 1357 2517 quia
1387 2444 1521 2500 tollit
1580 2462 1707 2501 eum
1748 2447 1894 2500 Deus
1924 2446 2084 2515 (Gen.

488 2551 571 2602 ιιι,
602 2538 716 2605 24).
736 2534 913 2604 Quod,
942 2536 1094 2604 juxta
1123 2534 1507 2606 tropologiam,
1535 2533 1663 2606 quid
1691 2534 1837 2587 aliud
1860 2542 1961 2598 est,
1985 2534 2090 2587 nisi

492 2624 640 2696 quod
668 2623 746 2678 illi
779 2623 868 2695 qui
901 2622 1000 2677 soli
1033 2624 1149 2677 Deo
1178 2638 1237 2676 se
1268 2622 1539 2691 dedicant,
1574 2622 1702 2676 dum
1731 2622 1807 2676 illi
1837 2622 2084 2688 militant,

491 2711 725 2785 negotiis
757 2727 816 2767 se
846 2711 1196 2767 saecularibus
1227 2726 1333 2765 non
1383 2710 1681 2781 implicant.
1716 2711 1784 2765 Ut
1830 2717 2010 2764 autem
2039 2709 2090 2764 ei

487 2800 795 2855 medullitus
826 2799 1075 2869 placeant
1107 2798 1193 2854 cui
1225 2814 1285 2853 se
1329 2799 1720 2868 probaverunt,
1754 2798 2028 2853 exteriora
2057 2813 2089 2851 a

492 2903 552 2943 se
582 2888 837 2942 universa
869 2902 969 2957 pro
999 2902 1161 2957 posse
1183 2886 1494 2941 excludunt.
1532 2886 1640 2951 Sic,
1676 2886 1774 2950 sic,
1799 2886 1929 2939 dum
1959 2885 2089 2939 solis

488 2974 718 3031 internis
748 2974 1052 3031 intendunt.
1086 2974 1141 3027 in
1171 2973 1546 3042 occupationis
1576 2973 1949 3028 immoderata:
1978 2989 2085 3043 pu-

487 3063 630 3119 blico
683 3078 952 3133 apparere
983 3060 1277 3133 refugiunt.
1326 3061 1509 3115 Justus
1556 3076 1739 3117 coram
1788 3062 1902 3115 Deo
1942 3062 2084 3128 Noe,

2188 532 2341 589 Isaac
2360 533 2515 601 Cujus
2536 549 2734 589 nomen
2756 542 2839 589 est
2859 533 3092 589 viventis
3112 540 3164 588 et
3184 531 3418 588 videntis
3447 533 3608 602 (Gen.
3636 546 3770 597 xxv,

2190 620 2299 689 tt),
2332 628 2388 675 ut
2418 621 2486 674 sit
2514 621 2569 675 in
2599 621 2775 675 anima
2806 622 3021 689 devota,
3053 637 3174 693 quae
3194 621 3261 675 ad
3291 628 3511 676 aeterna:
3543 620 3774 676 exsulta-

2188 709 2348 764 tionis
2369 709 2538 764 risum
2581 709 2814 777 festinat,
2848 718 2899 765 et
2946 710 3087 765 visio
3133 709 3342 777 vivens,
3374 724 3445 764 ne
3473 724 3621 765 caeca
3651 709 3777 765 cali-

2188 805 2281 869 get
2312 812 2345 851 a
2372 813 2537 863 vero;
2570 806 2621 852 et
2652 798 2762 853 vita
2783 798 3133 853 nihilominus
3162 798 3372 864 videns,
3404 814 3473 852 ne
3493 797 3654 869 pigra
3676 805 3781 852 tor-

2187 893 2313 956 peat
2342 900 2376 940 a
2422 886 2585 941 bono.
2625 886 2837 941 Dormit
2868 886 3131 957 profugus
3160 886 3256 941 ira:
3287 885 3468 941 fratris
3492 885 3680 953 Jacoh,
3710 886 3777 940 ad

2188 982 2350 1044 caput
2380 974 2588 1029 habens
2618 974 2851 1045 lapidem
2871 976 3031 1040 (Gen.
3054 989 3259 1041 xxvm,
3280 977 3366 1041 11,
3402 975 3511 1044 12),
3545 982 3778 1029 mentem

2188 1061 2242 1115 in
2276 1062 2491 1117 Christo
2526 1077 2538 1116 :
2572 1071 2901 1134 sanctosque
2921 1062 3137 1117 nuntios
3156 1062 3309 1132 puris
3329 1061 3568 1117 intuetur
3587 1061 3775 1128 oculis,

2188 1149 2242 1203 in
2273 1149 2416 1205 scala
2443 1149 2721 1205 charitatis
2743 1150 3101 1205 ascendentes
3121 1157 3174 1205 et
3192 1148 3588 1205 descendentes
3618 1165 3780 1220 super

2190 1238 2382 1292 Filium
2416 1238 2690 1303 hominis;
2725 1246 2782 1292 ut
2810 1238 2937 1294 hinc
2988 1246 3169 1293 mente
3203 1238 3469 1293 excedant
3498 1238 3634 1302 Deo,
3659 1237 3783 1293 hinc

2188 1342 2321 1380 vero
2344 1326 2511 1380 sobrii
2541 1327 2646 1380 sint
2676 1326 2852 1381 nobis.
2905 1326 3153 1390 Moritur,
3186 1326 3284 1380 sed
3305 1324 3535 1380 vitaliter
3563 1333 3782 1403 sanctus

2186 1414 2391 1484 Joseph
2418 1422 2638 1470 centum
2669 1422 2723 1469 et
2778 1414 2971 1469 decem
3018 1430 3284 1469 annorum
3318 1414 3475 1481 (Gen.
3509 1428 3560 1480 L,
3592 1413 3705 1485 25),
3728 1413 3782 1467 in

2188 1502 2494 1557 sanctitatis
2525 1501 2861 1572 perfectione
2912 1502 3235 1573 decalogum
3277 1502 3628 1567 custodiens;
3656 1501 3784 1572 quia

2187 1598 2240 1646 et
2297 1607 2555 1645 numerus
2598 1591 2948 1647 centenarius
3002 1590 3414 1661 perfectionem,
3446 1598 3500 1645 et
3522 1589 3780 1645 denarius

2186 1679 2360 1733 innuit
2402 1679 2603 1751 legem.
2636 1681 2701 1733 Et
2757 1678 3051 1734 odoriferis
3108 1677 3467 1749 spiritualium
3524 1677 3783 1732 virtutum

2107 1797 2161 1859 Β
2189 1767 2529 1822 aromatibus
2580 1767 2847 1831 conditus,
2902 1766 3194 1838 deponitur
3234 1766 3375 1820 intra
3424 1765 3686 1836 seipsum,
3727 1765 3783 1819 in

2189 1855 2386 1910 interni
2409 1855 2606 1910 secreti
2638 1855 2837 1921 loculo,
2871 1855 2999 1909 dum
3021 1870 3254 1925 corpore
3275 1862 3376 1921 est,
3408 1853 3465 1908 in
3493 1853 3652 1923 hujus
3681 1870 3786 1909 sa-

2190 1944 2297 2001 culi
2344 1945 2608 2016 Egypto,
2641 1952 2694 1999 et
2750 1943 2824 1998 ita
2850 1944 2919 1999 sit
2973 1943 3029 1998 in
3077 1942 3301 2012 mundo,
3334 1949 3390 1998 ut
3435 1957 3546 1997 non
3600 1941 3667 1996 sit
3713 1940 3785 1997 de

2189 2032 2413 2088 mundo.

2654 2147 3048 2203 CAPITULUM
3108 2147 3223 2204 VII.

2190 2273 2333 2354 Item
2363 2271 2427 2326 de
2448 2272 2643 2354 eadem
2671 2272 2858 2343 quiete
2886 2272 3062 2354 celtaz,
3097 2271 3348 2354 qualiter
3362 2286 3464 2341 per
3486 2269 3629 2354 viros
3648 2285 3786 2354 san:

2261 2345 2378 2397 ctos
2408 2360 2443 2397 a
2500 2342 2685 2413 Moyse
2708 2358 2881 2414 usque
2920 2342 2991 2396 ad
3020 2342 3223 2397 Isaiam
3254 2343 3375 2413 ejus
3398 2344 3674 2397 secretum
3704 2342 3782 2396 sit

2262 2428 2613 2484 expressum.

2263 2526 2441 2581 Pascit
2471 2542 2603 2582 oves
2650 2528 2885 2597 Moyses,
2920 2525 3135 2580 minans
3176 2540 3270 2580 eas
3292 2524 3361 2580 ad
3392 2525 3651 2581 interiora
3678 2525 3786 2580 de-

2192 2614 2321 2670 serti
2350 2623 2409 2669 ut
2464 2631 2722 2687 magnam
2763 2615 2955 2669 videns
2984 2614 3269 2680 visionem,
3303 2613 3360 2668 in
3406 2613 3542 2669 rubo
3569 2613 3783 2685 absque

2190 2703 2567 2759 combustione
2590 2704 2788 2773 (Exod.
2815 2706 2915 2774 ιιι),
2937 2702 3081 2775 ignis
3101 2701 3477 2773 deprehendat
3503 2702 3786 2758 ardorem.

2190 2791 2370 2845 Nutrit
2398 2792 2568 2847 verbo
2616 2791 2715 2845 Dei
2743 2791 3101 2864 cogitationes
3132 2791 3274 2845 intra
3305 2806 3364 2845 se
3424 2790 3701 2861 simplices
3734 2797 3790 2845 et

2190 2879 2456 2934 innocuas
2498 2879 2713 2933 animus
2770 2886 2989 2935 sanctus
3023 2921 3036 2945 ,
3097 2894 3299 2950 easque
3343 2878 3653 2949 perducens
3714 2876 3789 2932 ad

2189 2967 2377 3021 intima
2408 2967 2624 3035 secreti,
2656 2983 2793 3038 puro
2842 2967 3193 3039 conspicatur
3221 2984 3351 3023 vere
3383 2966 3509 3022 fidei
3542 2966 3738 3021 intuitu
3775 2984 3790 3021 :

2189 3063 2243 3110 et
2270 3055 2510 3110 divinam
2543 3056 2598 3110 in
2629 3072 2733 3110 una
2765 3055 3066 3127 eademque
3114 3056 3311 3111 Christi
3348 3070 3589 3126 persona
3616 3063 3791 3110 natu-

486 3159 546 3206 ut
569 3151 723 3220 juxta
776 3148 1278 3221 interpretationem
1310 3148 1546 3203 nominis
1578 3149 1689 3203 suis
1722 3148 1966 3220 requiem
1996 3149 2090 3204 ha—
2110 3150 2156 3210 C
2187 3159 2326 3208 ram,
2352 3152 2404 3198 et
2424 3144 2720 3199 humanam
2754 3161 2767 3197 :
2800 3151 2850 3199 et
2880 3151 3028 3198 tanto
3048 3143 3245 3215 talique
3264 3142 3470 3199 foedere
3491 3150 3789 3214 utramque

488 3239 636 3305 beat,
668 3253 776 3311 quo
806 3236 1179 3293 vehementius
1203 3236 1467 3291 inundare
1503 3253 1669 3307 super
1689 3245 1893 3292 terram
1915 3252 2086 3308 aquas

487 3322 674 3378 diluvii
722 3321 1053 3386 considerat,
1087 3336 1152 3375 eo
1192 3320 1448 3375 libentius
1477 3321 1647 3391 ipsius
1677 3336 1736 3375 se
1767 3336 1911 3376 arca:
1958 3320 2085 3374 lati-

483 3411 630 3466 bulis
676 3409 913 3466 occultat
943 3425 956 3464 :
995 3408 1093 3463 sed
1123 3416 1176 3462 et
1221 3408 1472 3464 columba
1520 3408 1613 3462 ubi
1643 3408 1953 3479 requiescat
1987 3424 2086 3479 pes

484 3500 624 3568 ejus,
657 3507 710 3554 et
738 3513 849 3553 non
896 3496 1199 3563 inveniens,
1246 3496 1395 3551 intus
1444 3495 1548 3551 sibi
1597 3496 1842 3567 requiem
1899 3496 2088 3567 quaerit

483 3589 645 3657 (Gen.
678 3590 757 3641 vi!
805 3590 864 3643 et
896 3586 1055 3654 vm);
1109 3585 1234 3656 quia
1287 3592 1478 3640 sancta
1535 3584 1738 3650 anima,
1772 3584 2003 3654 simplex
2034 3592 2088 3639 et

485 3677 769 3742 innocens,
821 3690 887 3729 eo
935 3672 1308 3728 delectabilius
1357 3672 1410 3727 in
1463 3671 1816 3728 interioribus
1865 3680 2082 3742 pausat,

485 3779 592 3836 quo
623 3779 683 3818 se
730 3762 1023 3817 studiosius
1063 3760 1305 3815 omnium
1359 3776 1588 3831 prorsus
1620 3758 1952 3815 exteriorum
1983 3760 2085 3815 de-

487 3851 792 3908 lectabilius
821 3850 876 3903 in
907 3848 1256 3903 interioribus
1286 3855 1500 3918 pausat,
1544 3863 1653 3918 quo
1685 3863 1743 3903 se
1793 3847 2088 3903 studiosius

489 3939 731 3995 omnium
777 3952 1008 4009 prorsus
1052 3936 1385 3990 exteriorum
1438 3935 1794 3991 delectatione
1841 3943 2085 3991 evacuat.

493 4027 671 4098 Super
726 4025 1001 4081 Abraham
1032 4023 1190 4078 irruit
1247 4039 1432 4094 sopor,
1467 4023 1521 4078 in
1553 4039 1660 4095 quo
1698 4039 1933 4096 magnus
1964 4040 2087 4079 eum

488 4114 697 4171 invadit
724 4115 923 4169 horror
972 4114 1133 4182 (Gen.
1159 4127 1257 4179 xv,
1292 4114 1380 4181 12)
1407 4129 1420 4177 ;
1452 4120 1503 4166 et
1535 4112 1660 4166 dum
1690 4111 1796 4167 dici
1826 4112 1929 4166 sibi
1957 4129 2088 4167 ver-

492 4205 620 4258 bum
648 4201 1029 4261 absconditum
1056 4200 1223 4264 audit,
1257 4199 1413 4271 quasi
1442 4198 1637 4255 furtive
1671 4200 1821 4254 auris
1851 4216 1951 4254 sua
1990 4216 2090 4256 ve-

492 4308 590 4347 nas
620 4290 833 4346 susurri
863 4289 979 4359 ejus
1010 4288 1254 4358 suscipit.
1289 4289 1405 4343 Hoc
1438 4295 1538 4355 est,
1591 4296 1900 4344 sanctarum
1930 4288 2091 4361 cogi-

491 4380 756 4436 tationum
787 4386 943 4450 pater
981 4376 1196 4432 animus
1245 4384 1483 4441 sanctus,
1532 4392 1633 4447 per
1681 4376 2092 4448 contemplatio-

493 4485 620 4525 nem
644 4467 861 4539 quidem
886 4466 1151 4531 excelsus,
1167 4480 1233 4519 eo
1252 4464 1431 4536 magis
1452 4464 1776 4534 plerumque
1805 4465 1859 4518 in
1878 4464 2090 4519 interna

492 4556 845 4612 meditatione
866 4570 1070 4626 pavere
1094 4553 1457 4624 compellitur,
1499 4568 1608 4625 quo
1627 4552 1842 4623 plenius
1877 4560 1935 4607 ut
1957 4552 2007 4607 ei
2027 4552 2092 4607 li-

497 4648 628 4702 bere
648 4645 821 4717 possit
858 4643 1163 4710 intendere,
1186 4643 1364 4697 omnis
1386 4641 1438 4695 in
1462 4656 1526 4696 eo
1565 4640 1898 4697 exteriorum
1920 4656 2094 4714 nego-

494 4736 697 4792 tiorum
726 4749 855 4790 cura
886 4732 1110 4804 sopitur.
1147 4732 1344 4802 Sicque
1365 4731 1494 4785 dum
1523 4747 1624 4801 per
1651 4729 1977 4785 infusionem
2009 4731 2092 4784 in-

497 4822 810 4895 spirationis
841 4822 1062 4887 intimae,
1093 4820 1149 4874 in
1192 4818 1575 4873 sublimitatem
1608 4818 1833 4873 silenter
1861 4818 2000 4873 intra
2032 4835 2091 4874 se

494 4911 764 4984 loquentis
811 4907 1281 4979 contemplationis
1337 4907 1600 4974 elevatur,
1633 4922 1826 4962 causas
1873 4922 2091 4979 quoque

496 5002 634 5070 ejus,
683 5006 737 5054 et
792 4996 1054 5068 origines,
1116 4993 1452 5059 occasiones,
1485 5003 1537 5049 et
1566 4995 1759 5049 modos
1818 4995 1873 5048 in
1900 4994 2091 5051 intimo

492 5097 692 5145 sanctae
731 5084 981 5157 puritatis
1011 5090 1223 5137 secreto
1252 5081 1653 5137 delectabiliter
1677 5082 1925 5137 rimatur.
1959 5083 2090 5139 Sara

490 5177 742 5241 moritur,
774 5181 828 5228 et
875 5178 1087 5226 mortua
1147 5169 1202 5223 in
1259 5169 1517 5240 spelunca
1570 5169 1774 5241 duplici
1828 5171 2091 5241 sepelitur

495 5267 655 5336 (Gen.
679 5276 846 5326 xxm,
876 5264 929 5324 2,
963 5260 1073 5328 19).
1099 5256 1257 5325 Quod
1279 5257 1465 5329 utique
1496 5265 1621 5313 tunc
1643 5257 1989 5328 spiritualiter
2008 5258 2084 5329 ﬁt,

493 5368 617 5409 cum
677 5351 734 5404 in
784 5347 965 5402 anima
995 5353 1181 5401 sancta
1236 5353 1290 5400 et
1318 5346 1742 5416 pura,'omnium
1794 5346 2086 5402 visibilium

489 5438 765 5507 affectum,
789 5445 842 5493 et
862 5436 1175 5506 appetitum,
1199 5434 1390 5504 plenus
1422 5450 1609 5489 eorum
1640 5442 1999 5505 contemptus,
2035 5444 2088 5490 et

487 5527 721 5597 abjectio
772 5524 1063 5595 exstinguit
1111 5522 1374 5595 perfecta.
1409 5521 1607 5595 Sicque
1638 5523 1708 5578 de
1751 5530 1950 5579 caetero
1981 5540 2084 5596 ge-

486 5616 633 5673 mino
660 5615 785 5671 huic
814 5620 1002 5669 sancto
1033 5611 1309 5679 exercitio,
1343 5611 1811 5682 contemplationis
1832 5611 2086 5668 videlicet

483 5706 761 5770 defecatzu,
814 5710 865 5759 ct
915 5701 1145 5757 actionis
1179 5699 1418 5771 egregiae
1456 5699 1747 5772 diligenter
1788 5699 2034 5754 intendat
2067 5716 2080 5754 :

478 5802 530 5849 et
560 5796 665 5851 hoc
720 5793 886 5847 modo
942 5790 1177 5846 vitaliter
1232 5796 1465 5855 mortua,
1499 5788 1555 5842 in
1584 5789 1702 5843 Deo
1760 5787 1925 5843 vitam
1957 5803 2080 5844 cum

2196 3231 2297 3285 sibi
2326 3230 2556 3287 invicem
2611 3231 2815 3286 unitam
2838 3273 2852 3297 ,
2884 3238 2943 3285 ut
2989 3246 3093 3287 nec
3140 3229 3461 3304 gloriﬁcatio
3498 3238 3797 3286 consumat

2186 3318 2523 3387 inferiorem,
2557 3336 2658 3375 nec
2688 3319 2987 3391 assumptio
3028 3319 3237 3374 minuat
3265 3318 3626 3390 superiorem.
3661 3320 3795 3374 Non

2186 3407 2361 3462 solum
2406 3415 2607 3476 autem,
2641 3408 2739 3463 sed
2769 3408 2825 3462 in
2878 3422 2987 3463 una
3017 3407 3309 3479 singularis
3365 3406 3539 3463 meriti
3568 3407 3783 3478 puella,

2186 3513 2300 3566 prae
2330 3496 2540 3552 cunctis
2569 3513 2689 3568 qua:
2718 3495 2802 3550 sui
2824 3512 2987 3565 sexus
3016 3504 3159 3561 sunt,
3183 3496 3357 3551 nitere
3386 3496 3785 3569 virginitatem,

2185 3584 2284 3638 sed
2315 3584 2638 3650 fecundam;
2671 3584 3077 3653 fecunditatem,
3102 3584 3199 3639 sed
3221 3584 3562 3656 virgineam;
3597 3584 3792 3656 sicque

2185 3672 2239 3726 in
2263 3690 2321 3727 se
2340 3681 2628 3744 utramque
2643 3673 2858 3739 habeat,
2880 3680 2939 3727 ut
2960 3680 3215 3729 neutrum
3236 3672 3388 3728 alteri
3407 3670 3791 3744 praeiudicium

2186 3759 2367 3815 faciat.
2388 3760 2467 3824 ⁸Ει
2497 3760 2676 3816 adhuc
2704 3760 2852 3815 aliud
2885 3760 3029 3832 quod
3070 3760 3249 3817 eidem
3278 3760 3451 3832 Moysi
3478 3760 3536 3815 in
3561 3760 3666 3817 hac
3700 3760 3793 3815 vi-

2188 3848 2340 3903 sione
2363 3847 2768 3919 praetiguratum
2790 3857 2874 3905 est
2896 3867 2910 3915 ;
2938 3857 2996 3904 ut
3014 3849 3268 3905 videlicet
3288 3848 3449 3904 sciret
3470 3848 3613 3921 quod
3634 3848 3790 3903 illius

2187 3936 2372 4007 populi
2400 3936 2653 3992 ducatum
2702 3936 2988 3992 habiturus
3020 3946 3157 4005 erat,
3199 3937 3290 4009 qui
3320 3937 3399 3992 sic
3425 3936 3565 4010 legis
3592 3937 3789 4010 ignem

2189 4024 2504 4095 susciperet,
2536 4033 2594 4080 ut
2622 4026 2832 4096 peccati
2885 4025 3095 4097 spinam
3140 4042 3252 4082 non
3296 4025 3509 4081 vitaret.
3543 4025 3795 4081 Cernunt

2187 4113 2567 4183 promissionis
2589 4122 2792 4169 terram
2816 4114 2886 4169 de
2916 4113 3081 4188 longe
3104 4112 3310 4185 Caleph
3340 4121 3395 4169 et
3412 4114 3598 4181 Iosue,
3618 4129 3791 4185 quam

2190 4208 2244 4256 et
2272 4209 2525 4256 asserunt
2553 4201 2709 4258 lactis
2740 4209 2794 4257 et
2819 4202 2995 4258 mellis
3032 4202 3163 4258 rivis
3193 4202 3364 4258 ﬂuere
3393 4202 3580 4274 (Num.
3612 4205 3791 4272 xm);

2187 4287 2351 4361 idque
2381 4289 2610 4362 agnosci
2638 4306 2804 4362 posse
2850 4307 2951 4362 per
3002 4291 3221 4346 botrum
3274 4290 3366 4362 qui
3420 4296 3671 4361 portatur
3733 4290 3793 4345 in

2190 4385 2362 4447 vecte,
2388 4378 2661 4433 Christum
2686 4378 2939 4434 videlicet
2960 4379 3051 4451 qui
3070 4378 3332 4434 adoratur
3356 4377 3409 4433 in
3441 4392 3625 4434 cruce.
3650 4379 3795 4434 Dor-

2191 4465 2289 4520 mit
2318 4465 2375 4520 in
2416 4467 2790 4534 tabernaculo,
2825 4467 2916 4521 ubi
2965 4483 3095 4523 arca
3117 4459 3236 4523 'Dei
3265 4474 3366 4534 est,
3396 4482 3534 4538 puer
3561 4467 3796 4523 Samuel

2194 4554 2247 4624 (Ι
2275 4557 2399 4627 Reg.
2433 4558 2553 4625 ιιι);
2589 4555 2681 4627 qui
2726 4570 2759 4610 a
2813 4555 3046 4617 Domino
3075 4564 3312 4611 meretur
3338 4554 3545 4622 vocari,
3571 4562 3625 4610 et
3654 4555 3797 4627 quid

2194 4642 2530 4714 respondere
2560 4644 2775 4699 vocanti
2802 4644 3018 4711 debeat,
3061 4644 3254 4700 doctus
3290 4658 3325 4699 a
3353 4659 3484 4698 sene
3513 4659 3667 4714 puer,
3708 4645 3801 4699 sic

2192 4730 2323 4786 dicit
2345 4749 2358 4785 :
2380 4733 2645 4804 Loquere,
2668 4735 2925 4799 Domine,
2945 4733 3079 4804 quia
3098 4748 3291 4789 servus
3314 4736 3446 4788 tuus
3465 4732 3651 4788 audit.
3674 4731 3795 4787 Ra-

2191 4819 2335 4891 pitur
2363 4828 2417 4874 et
2444 4820 2596 4875 ardet
2622 4820 2829 4891 ingenti
2859 4829 2910 4876 et
2931 4827 3120 4877 sancto
3136 4819 3412 4876 desiderio
3432 4825 3653 4875 sanctus
3675 4820 3798 4875 Da-

2192 4907 2283 4963 vid
2307 4908 2399 4980 qui
2428 4907 2559 4963 dicit
2592 4926 2605 4962 :
2647 4910 2777 4977 Quis
2798 4909 2956 4965 dabit
2984 4909 3129 4965 mihi
3148 4924 3367 4981 pennas
3386 4908 3539 4965 sicut
3566 4908 3798 4964 colum-

2191 4995 2287 5061 bae,
2322 5001 2378 5051 et
2408 4997 2615 5063 volabo,
2648 5000 2705 5052 et
2734 4998 3125 5070 requiescam?
3155 4998 3309 5053 Psal.
3342 5011 3454 5062 Lrv,
3487 4998 3567 5065 7.)
3590 4996 3662 5052 Ut
3682 5012 3794 5051 au-

2191 5091 2298 5138 tem
2321 5084 2479 5139 nobis
2500 5084 2753 5140 ostendat
2771 5085 2864 5139 ubi
2884 5085 2940 5139 in
2961 5084 3045 5140 his
3064 5085 3261 5157 pennis
3289 5083 3554 5141 columba:
3583 5091 3639 5138 et
3667 5100 3801 5139 san-

2192 5179 2277 5228 cto
2297 5172 2477 5228 volatu
2497 5172 2601 5228 isto
2621 5173 2867 5246 requiem
2886 5173 3133 5229 invenire
3153 5180 3333 5245 queat,
3355 5171 3624 5245 adjungit,
3645 5173 3794 5229 Ecce

2190 5261 2445 5332 elongavi
2466 5262 2709 5333 fugiens,
2731 5266 2789 5318 et
2815 5264 3005 5318 mansi
3049 5262 3113 5317 in
3159 5260 3469 5318 solitudine
3504 5260 3683 5330 (ibid.,
3708 5261 3791 5332 8).

2189 5348 2360 5420 lgitur
2380 5349 2434 5403 in
2451 5349 2799 5422 elongatione
2819 5357 2910 5404 aut
2924 5349 3074 5421 fuga,
3099 5357 3153 5405 et
3174 5348 3409 5403 maxime
3422 5348 3477 5403 in
3495 5346 3795 5405 mansione

2188 5436 2489 5491 solitudinis
2505 5438 2719 5508 requies
2741 5438 2875 5508 ejus.
2898 5439 3089 5494 Merito
3111 5436 3310 5493 dicitur
3328 5437 3398 5493 de
3419 5451 3484 5493 eo
3503 5435 3650 5509 quod
3680 5437 3794 5491 ha-

2187 5523 2312 5580 beat
2327 5525 2500 5580 aetatis
2527 5526 2793 5596 plurimos
2814 5527 2951 5592 dies,
2986 5527 3242 5583 virtutum
3283 5524 3490 5581 scilicet
3519 5524 3795 5596 spiritua-

2183 5611 2316 5668 lium
2331 5613 2529 5668 multas
2541 5613 2835 5680 claritates,
2855 5630 2960 5671 nec
2973 5615 3210 5687 aliquam
3226 5614 3281 5669 in
3292 5612 3575 5670 fallacibus
3589 5613 3795 5669 mundi

2183 5701 2341 5769 hujus
2359 5701 2517 5755 bonis
2536 5700 2953 5758 delectationem
2975 5703 3176 5758 habeat
3201 5720 3215 5768 ;
3239 5702 3365 5775 quia
3382 5718 3513 5757 cum
3529 5704 3795 5774 operire-

2186 5794 2284 5844 tur
2313 5790 2574 5857 vestibus,
2601 5806 2717 5846 non
2738 5790 3029 5861 caleﬁebat
3053 5791 3157 5863 (Il!
3168 5793 3299 5863 Reg.
3333 5805 3371 5857 ι,
3405 5790 3481 5861 1).
3505 5790 3650 5845 Nam
3673 5799 3796 5848 ter-
