3938 6456
157 362 277 414 81³
1320 370 1524 429 LIBER
1561 373 1657 428 DE
1694 368 1780 427 EX

1885 371 2083 430 LCI'I‘IO
2122 374 2381 430 CELLE.
3413 370 3516 431 814

162 502 324 543 rena
358 490 555 545 omnia
587 490 742 563 quasi
771 493 1017 564 quaedam
1039 493 1288 564 corporis
1317 503 1443 550 sunt
1472 496 1808 551 indumenta.
1839 497 2120 559 Acelsum
2150 506 2204 554 et
2235 498 2501 555 elevatum
2532 499 2661 571 (Isa.
2694 515 2769 565 v1,
2832 499 2904 570 1),
2938 498 3119 570 ipsum
3175 499 3231 554 in
3279 500 3513 572 puritate

165 576 414 633 Idcirco
445 578 650 634 dormit
677 581 734 635 in
763 581 1021 636 suavibus
1059 583 1268 654 Abisag
1299 584 1658 655 amplexibus,
1691 600 1812 657 quae
1912 587 2382 658 contemplationis
2412 587 2638 642 internae
2659 588 2875 642 intuens
2904 607 2918 654 ;
2950 588 3317 644 universitatis
3364 589 3513 646 Con-

162 666 386 734 patris
418 669 534 723 mei
564 670 784 740 rugitus
807 669 1211 740 interpretatur,
1239 687 1340 742 per
1359 687 1524 744 quam
1552 688 1685 728 vera
1716 688 1810 727 sa-

168 752 404 823 pientia
434 755 760 828 disignatur.
795 758 924 813 Haec
967 766 1051 813 est
1097 759 1508 815 adolescentula
1536 761 1804 835 specios‘a,

169 843 431 913 quaesita
457 844 513 898 in
543 845 798 900 omnibus
819 844 1017 901 finibus
1048 848 1216 904 Israel
1248 867 1263 915 ;
1299 856 1353 903 et
1381 848 1601 904 inventa
1630 849 1808 904 addu-

169 938 265 987 cta
299 939 397 987 est
429 933 501 988 ad
529 949 721 1005 regem
750 976 764 1003 ,
797 951 919 1008 qua:
949 941 1053 990 stat
1097 951 1286 992 coram
1317 952 1383 992 eo
1421 937 1492 992 ad
1521 937 1807 994 rectitudi-

168 1034 335 1086 nem,
373 1020 528 1077 fovet
557 1038 679 1077 eum
729 1022 800 1077 ad
838 1022 1179 1092 suavitatem,
1228 1024 1429 1079 dormit
1468 1040 1592 1081 cum
1638 1042 1704 1080 eo
1735 1026 1805 1080 ad

172 1106 463 1179 quietem,
498 1110 747 1167 calefacit
775 1127 897 1166 eum
919 1111 989 1166 ad
1016 1128 1205 1167 verum
1238 1121 1290 1168 et
1310 1125 1521 1169 castum
1541 1130 1800 1169 amorem.

171 1196 323 1265 Quae
358 1197 440 1252 ita
480 1198 657 1255 calida
678 1207 761 1254 est
788 1208 845 1254 ut
865 1199 922 1254 in
942 1216 1008 1256 eo
1038 1202 1302 1257 accendat
1323 1202 1575 1258 ardorem
1606 1202 1805 1258 divinzn

168 1285 518 1354 charitatis;
552 1295 605 1341 et
650 1295 762 1343 tam
810 1296 959 1343 casta
1005 1297 1105 1357 est,
1141 1297 1196 1343 ut
1228 1306 1350 1345 eum
1397 1306 1507 1345 non
1555 1289 1803 1347 stimulet

166 1388 366 1445 neque
399 1374 600 1431 excitet
630 1376 700 1431 ad
728 1375 1011 1432 libidinem
1052 1378 1361 1446 mundanae,
1417 1394 1513 1434 seu
1543 1378 1797 1444 carnalis,

167 1461 264 1516 vel
296 1462 601 1519 diabolica:
630 1464 903 1532 vanitatis,
924 1465 1238 1537 voluptatis,
1262 1466 1606 1523 curiositatis.
1638 1468 1797 1535 Nam,

170 1558 234 1605 ut
268 1551 568 1623 Scriptura
597 1553 725 1609 dicit
758 1572 771 1608 :
805 1557 924 1611 Rex
969 1555 1147 1611 David
1198 1573 1314 1612 non
1371 1557 1628 1627 cognovit
1674 1573 1802 1612 eam

167 1640 366 1705 (ibid.,
408 1641 488 1711 4).
523 1641 661 1696 Nam
691 1651 1052 1715 cognosceret
1081 1643 1129 1698 si
1171 1644 1240 1699 de
1271 1644 1399 1699 data
1429 1644 1533 1700 sibi
1563 1645 1802 1715 desuper

169 1728 460 1799 sapientia
490 1729 723 1785 inaniter
762 1731 1091 1802 superbiret.
1143 1733 1373 1788 Sanctus
1428 1732 1578 1788 Elias
1623 1733 1800 1787 minas

1910 677 2138 732 ditorem
2160 675 2457 730 intellectui
2486 674 2781 746 praesidere
2810 685 3071 731 creatura;
3111 676 3394 749 angelica},
3456 678 3512 732 in

1909 780 2010 820 sua
2038 763 2406 835 permanentis
2438 762 2782 829 sublimitate,
2823 772 2876 819 et
2897 764 3149 819 humana:
3196 782 3294 836 per
3340 782 3511 820 unum

1906 853 2265 908 mediatorem
2287 868 2317 906 a
2338 851 2491 922 lapsu
2513 859 2729 907 erectas.
2765 852 2873 906 Sed
2889 853 2991 907 hoc
3013 868 3123 907 non
3157 853 3262 907 nisi
3318 853 3375 907 in
3405 869 3510 908 an-

1906 956 1979 996 no
2009 957 2117 1013 quo
2146 948 2390 996 mortuus
2412 947 2494 995 est
2526 956 2623 994 rex
2658 939 2841 1009 Ozias,
2880 948 3349 1011 przesumptuosus
3397 941 3509 998 sci-

1906 1029 2032 1084 licet
2060 1028 2152 1084 ille
2176 1037 2227 1084 et
2256 1030 2526 1100 leprosus.
2587 1029 2655 1083 Et
2682 1036 2738 1082 ut
2785 1029 2915 1100 quid
2942 1029 3059 1084 haec
3078 1030 3106 1084 ?
3154 1029 3423 1085 Nimirum
3451 1039 3510 1085 ut

1906 1117 2141 1177 sciamus
2171 1117 2248 1172 illi
2277 1133 2388 1172 non
2414 1133 2578 1189 posse
2610 1117 2807 1172 adesse
2837 1117 3126 1188 puritatem
3155 1118 3502 1190 contempla-

1903 1206 2088 1276 tionis,
2121 1206 2176 1260 in
2212 1221 2321 1277 quo
2348 1221 2448 1277 per
2477 1204 2731 1261 affectum
2762 1205 2941 1261 adhuc
2962 1212 3016 1260 et
3046 1204 3298 1261 effectum
3328 1206 3507 1262 domi-

1902 1302 2060 1349 natur
2103 1302 2157 1349 et
2186 1294 2335 1362 vivit,
2358 1302 2409 1349 et
2438 1301 2620 1349 tumor
2649 1292 2920 1360 elationis,
2946 1301 2998 1348 et
3017 1292 3159 1349 fetor
3195 1295 3505 1365 corruptio-

1903 1382 2015 1437 nis.
2054 1381 2303 1454 Denique
2332 1390 2456 1453 post
2484 1383 2601 1438 haec
2618 1380 2782 1438 dicit:
2808 1383 3101 1439 Secretum
3117 1399 3307 1439 meum
3334 1385 3506 1439 mihi.

1907 1472 2200 1529 Secretum
2224 1487 2416 1526 meum
2445 1472 2590 1527 mihi
2648 1471 2777 1540 (Isa.
2840 1484 3003 1538 xxiv,
3038 1474 3149 1542 16).
3183 1470 3289 1526 Cor
3345 1488 3501 1526 suum

1900 1559 2138 1630 percutit
2161 1559 2340 1615 Josias
2360 1574 2483 1615 cum
2531 1558 2822 1615 lectionem
2876 1559 3025 1614 audit
3052 1558 3175 1614 libri
3229 1576 3392 1631 quem
3448 1560 3504 1614 in

1900 1649 2063 1703 domo
2093 1648 2193 1702 Dei
2222 1647 2479 1703 Helchias
2498 1647 2701 1719 reperit
2732 1648 2824 1719 (IV
2863 1650 2991 1718 Reg.
3024 1650 3175 1713 xxu)
3208 1664 3222 1702 :
3270 1664 3503 1719 eumque

1901 1736 2215 1792 consolatur
2243 1735 2386 1791 Olda
2406 1751 2719 1807 quanquam
2766 1734 2988 1806 femina,
3034 1753 3157 1807 qua;
3198 1736 3402 1791 habitat
3448 1736 3505 1790 in

166 1817 500 1908 meretricis
546 1826 601 1873 et
646 1818 906 1877 veneficae
949 1828 1195 1875 metuens
1242 1820 1343 1889 (III
1386 1823 1513 1891 Reg.
1562 1822 1709 1891 xix),
1744 1829 1798 1876 et
1826 1825 2162 1908 Bsecunda.
2207 1823 2474 1880 Jeremias
2518 1824 2730 1895 virgam
2806 1823 2954 1879 videt
2996 1823 3315 1896 vigilantem
3362 1825 3499 1896 (Jer.

167 1904 472 1961 dimittens
493 1922 723 1977 puerum
744 1924 901 1963 suum
923 1909 1212 1979 (puerilem
1241 1908 1495 1964 videlicet
1527 1911 1793 1980 sensum),

169 1994 369 2066 pergit
399 1995 474 2050 ad
498 1995 718 2051 latibula
739 1997 964 2063 deserti,
997 2004 1050 2052 et
1077 1996 1373 2068 projiciens
1403 2014 1481 2066 se,
1515 1997 1713 2052 dormit
1741 1998 1798 2052 in

169 2083 380 2137 umbra
406 2083 671 2154 juniperi.
703 2085 1052 2141 Desiderium
1089 2102 1221 2141 vero
1250 2086 1459 2140 habens
1489 2084 1712 2140 dissolvi
1745 2093 1797 2139 et

166 2187 303 2227 cum
352 2172 577 2228 Christo
624 2189 767 2240 esse,
836 2174 969 2245 petit
1013 2182 1069 2228 ut
1117 2173 1335 2229 tollatur
1379 2173 1557 2229 anima
1590 2189 1708 2240 sua,
1743 2179 1796 2227 et

163 2259 442 2316 universa
472 2277 597 2333 quas
627 2277 725 2316 sua
754 2269 895 2330 sunt,
929 2261 985 2316 in
1005 2262 1295 2318 dilectione
1328 2262 1447 2332 Dei,
1481 2269 1534 2317 et
1563 2261 1795 2333 proximi

164 2348 545 2418 constituens,
600 2349 684 2404 bis
730 2357 1041 2421 soporatus,
1089 2350 1173 2405 bis
1204 2351 1484 2414 excitatus,
1521 2350 1605 2404 bis
1635 2349 1794 2404 deni-

166 2453 280 2508 que
314 2436 583 2505 refectus,
618 2438 749 2493 abiit
792 2438 848 2493 in
895 2438 1208 2494 fortitudine
1256 2439 1362 2497 cibi
1410 2438 1572 2493 illius.
1606 2439 1794 2493 Donec

166 2534 298 2596 post
329 2526 780 2589 observationem
823 2526 1109 2598 Evangelii
1140 2535 1192 2583 et
1244 2526 1404 2599 legis,
1465 2527 1618 2598 quasi
1668 2533 1795 2597 post

168 2614 551 2688 quadraginta
582 2615 702 2670 dies
729 2615 909 2671 veniat
935 2615 1005 2670 ad
1025 2622 1267 2670 montem
1287 2616 1424 2681 Dei;
1456 2615 1550 2669 ubi
1578 2616 1635 2669 in
1663 2631 1791 2671 car-

168 2703 257 2756 nis
280 2719 520 2759 manens
550 2702 831 2775 spelunca,
863 2711 988 2774 post
1019 2703 1268 2774 spiritum
1296 2704 1562 2775 grandem
1592 2711 1645 2758 et
1672 2702 1791 2758 for-

167 2798 304 2859 tem,
340 2791 439 2862 qui
474 2799 529 2847 et
575 2791 887 2847 altitudines
929 2792 1133 2860 dejicit,
1168 2800 1221 2847 et
1267 2791 1495 2847 durities
1525 2791 1788 2859 conterit;

171 2888 300 2950 post
333 2880 766 2935 commotionem
809 2880 1037 2947 timoris,
1082 2888 1208 2952 post
1236 2880 1420 2953 ignem
1451 2879 1675 2946 amoris,
1710 2880 1782 2933 si-

171 2968 344 3022 bilum
379 2968 537 3024 audit
578 2984 724 3024 aurae
768 2969 965 3035 tenuis,
1020 2969 1076 3023 in
1124 2969 1418 3025 subtilitate
1464 2985 1616 3040 pura:
1658 2983 1790 3024 con-

171 3057 589 3128 templationis;
621 3065 675 3113 et
711 3058 817 3113 hoc
865 3058 1049 3113 audito
1096 3057 1278 3123 sibilo,
1328 3056 1486 3129 quasi
1517 3056 1608 3129 qui
1638 3057 1790 3113 clau-

171 3153 284 3200 stra
314 3146 468 3216 cupit
498 3145 675 3202 carnis
704 3146 872 3214 exire,
905 3162 1165 3219 egressus
1206 3153 1311 3202 stat
1338 3146 1394 3199 in
1425 3145 1603 3212 ostio;
1637 3152 1691 3200 et
1719 3160 1789 3199 ne

170 3242 454 3291 scrutator
503 3235 806 3303 majestatis
842 3234 1176 3306 Opprimatur
1203 3250 1237 3290 a
1267 3234 1447 3306 gloria
1478 3234 1639 3289 etiam
1667 3232 1784 3289 vul-

170 3330 282 3377 tum
314 3340 479 3378 suum
508 3322 683 3395 operit
728 3323 920 3394 pallio.
976 3323 1194 3379 Eliseus
1233 3323 1479 3390 moritur,
1530 3332 1580 3378 et
1629 3338 1783 3376 mor-

171 3417 295 3466 tuus
327 3412 594 3484 sepelitur
620 3413 721 3483 (IV
742 3414 873 3483 Reg.
923 3427 1047 3479 xm,
1093 3414 1213 3482 20).
1272 3411 1382 3467 Cur
1411 3412 1515 3466 hoc
1545 3418 1664 3466 erat
1692 3410 1779 3465 di-

169 3500 433 3570 cendum,
468 3516 591 3557 cum
626 3516 738 3556 non
785 3500 853 3555 sit
897 3516 1120 3569 novum,
1168 3499 1267 3555 sed
1312 3499 1642 3571 antiquum?
1671 3515 1782 3554 non

169 3588 331 3643 alicui
363 3589 663 3660 singulare,
697 3588 796 3645 sed
816 3589 1068 3645 omnibus
1088 3589 1297 3660 absque
1324 3587 1434 3644 ulla
1459 3588 1779 3658 exceptione

165 3690 462 3734 commune
481 3678 510 3732 ?
540 3678 668 3734 Ideo
698 3678 940 3750 quidem,
983 3685 1042 3733 ut
1069 3677 1228 3733 valde
1257 3676 1568 3733 venerabile
1600 3676 1780 3747 sepul-

167 3780 320 3820 crum
344 3766 495 3821 illius
523 3767 861 3833 ostendatur,
892 3766 1039 3839 quia,
1079 3781 1203 3822 cum
1240 3765 1298 3820 in
1325 3765 1417 3821 illo
1448 3755 1775 3838 [Cod.'Par-

167 3855 241 3919 ci,
274 3854 433 3929 illud]
462 3856 652 3912 nescio
681 3856 805 3928 quis
841 3863 1087 3911 mortuus
1134 3854 1437 3926 projicitur,
1472 3853 1629 3909 tactis
1658 3854 1776 3923 ejus

165 3945 370 3999 sanctis
400 3945 623 4001 ossibus
653 3945 816 4001 etiam
844 3944 968 4001 vitae
1004 3943 1247 4015 pristinae
1276 3943 1589 3999 redonatur.
1622 3941 1775 3998 Reli-

166 4030 358 4103 giosus
380 4050 479 4089 rex
499 4033 785 4103 Ezechias,
808 4033 865 4088 in
885 4032 1249 4104 promissione
1278 4047 1313 4087 a
1335 4033 1601 4102 propheta
1631 4030 1774 4087 acci-

164 4120 259 4190 pit,
293 4121 421 4193 quia
452 4122 601 4194 quod
626 4122 696 4178 de
724 4121 867 4177 Juda
904 4122 1157 4188 salvetur,
1206 4128 1260 4176 et
1310 4120 1453 4192 quod
1502 4119 1772 4193 reliquum

168 4217 267 4275 est,
300 4210 477 4267 mittet
525 4211 763 4267 radicem
810 4211 1067 4267 deorsum
1113 4210 1213 4282 (IV
1248 4211 1375 4281 Reg.
1406 4210 1552 4278 xxx),
1587 4223 1768 4279 quan—

166 4304 277 4351 tum
325 4299 397 4355 ad
435 4300 709 4356 occultum
753 4299 971 4355 mundae
1017 4297 1404 4371 cogitationis;
1439 4304 1493 4352 et
1536 4295 1770 4351 fructum

170 4383 328 4441 faciet
357 4404 596 4457 sursum,
631 4396 893 4460 quantum
919 4388 990 4442 ad
1016 4386 1295 4458 publicum
1323 4372 1564 4457 egregia:
1594 4384 1767 4440 actio-

165 4472 269 4528 nis.
303 4475 411 4543 Qui
439 4476 605 4532 etiam
632 4477 701 4531 ad
738 4484 1087 4548 peccatorum
1130 4491 1349 4531 suorum
1395 4474 1488 4546 qui
1513 4473 1657 4529 inter
1684 4472 1766 4543 ip-

1899 1928 1936 1979 ι,
1974 1914 2083 1984 11),
2117 1920 2383 1984 quatenus
2424 1912 2560 1967 sciat
2608 1911 2735 1983 quia
2788 1911 2980 1984 vigilat
3033 1912 3297 1967 Dominus
3338 1928 3506 1982 super

1898 2001 2127 2058 verbum
2159 2016 2316 2055 suum
2345 2008 2402 2055 ut
2429 1999 2592 2055 faciat
2638 1999 2771 2054 illud
2805 2018 2819 2066 ;
2854 2015 3018 2071 quem
3037 1999 3106 2054 de
3137 1999 3317 2055 lutoso
3371 2015 3504 2070 pro-

1898 2088 2086 2158 fundo,
2120 2097 2173 2143 et
2192 2087 2530 2160 profundoso
2550 2087 2661 2143 luto
2690 2087 2871 2142 levant
2899 2086 3077 2154 funes,
3110 2087 3305 2160 quibus
3333 2087 3503 2142 inter-

1897 2184 2022 2232 sunt
2052 2176 2163 2232 imo
2194 2176 2509 2231 subtersunt
2555 2174 2704 2248 [Ραν.
2756 2174 3006 2248 subsunt]
3049 2175 3217 2247 panni
3260 2182 3499 2231 veteres.

1894 2266 1965 2320 Et
1994 2265 2118 2322 ideo
2148 2264 2367 2337 quidem
2393 2265 2516 2330 hoc,
2541 2272 2599 2319 ut
2639 2264 2945 2320 ascendens
2975 2279 3008 2318 a
3046 2263 3295 2320 convalle
3314 2264 3503 2335 plora-

1894 2353 2077 2420 tionis,
2112 2362 2165 2408 et
2192 2361 2415 2409 cantans
2446 2353 2659 2409 cantica
2687 2351 2977 2424 graduum,
3010 2352 3291 2407 vulnerato
3319 2368 3349 2405 a
3375 2352 3501 2409 cha-

1894 2442 2053 2497 ritate
2084 2441 2283 2497 Christi
2304 2441 2471 2497 corde
2501 2441 2639 2509 ejus,
2663 2448 2841 2512 gestet
2879 2441 3046 2495 verba
3076 2441 3192 2509 ejus
3238 2440 3292 2494 in
3321 2439 3500 2496 visce-

1896 2531 2113 2587 ceribus
2143 2530 2300 2601 quasi
2329 2530 2554 2601 sagittas
2590 2537 2796 2584 acutas.
2842 2529 2911 2582 Et
2941 2529 3046 2585 hoc
3094 2528 3313 2600 quidem
3360 2544 3495 2599 pro-

1895 2627 2016 2690 pter
2062 2618 2242 2673 funes.
2320 2618 2464 2673 Sane
2510 2625 2733 2688 propter
2778 2632 2991 2687 pannos
3034 2624 3266 2683 veteres,
3317 2624 3499 2689 gestat

1894 2707 2060 2762 etiam
2089 2705 2339 2777 exempla
2360 2721 2647 2761 servorum
2674 2705 2795 2775 Dei,
2821 2719 2959 2775 quos
2981 2705 3049 2760 de
3070 2703 3297 2759 mortuis
3317 2703 3493 2771 vivos,

1894 2796 2030 2850 etde
2059 2794 2235 2867 nigris
2272 2794 2483 2848 lucidos
2509 2792 2656 2859 facit,
2704 2800 2957 2864 tanquam
3012 2791 3279 2848 carbones
3309 2799 3495 2847 vasta-

1892 2891 2061 2939 tores.
2092 2882 2438 2938 Ezechielem
2467 2881 2524 2936 in
2551 2881 2806 2937 cincinno
2837 2880 3029 2951 capitis
3060 2880 3163 2946 sui,
3206 2880 3377 2935 missa
3424 2880 3493 2935 ad

1890 2988 2015 3028 eum
2046 2970 2342 3026 similitudo
2370 2985 2565 3025 manus
2592 2968 2954 3041 apprehendit
2983 2968 3204 3039 (Ezech.
3240 2983 3358 3034 vm,
3392 2968 3447 3039 3)
3474 2985 3490 3036 ;

1890 3068 1942 3115 et
1974 3060 2245 3115 elevatum
2268 3059 2409 3113 inter
2439 3066 2642 3113 terram
2675 3066 2729 3112 et
2757 3056 2976 3123 coelum,
3008 3057 3064 3111 in
3091 3055 3392 3112 Jerusalem
3423 3055 3492 3110 de

1890 3148 2144 3204 Chaldaea
2176 3148 2229 3202 in
2252 3145 2445 3218 spiritu
2494 3145 2663 3216 ducit,
2699 3153 2759 3200 ut
2802 3144 3235 3200 abominationes
3266 3160 3389 3216 qua:
3415 3142 3491 3198 ibi

1888 3244 2014 3292 sunt
2043 3236 2334 3307 aspiciens,
2368 3236 2436 3291 de
2466 3234 2727 3290 funiculis
2748 3233 2889 3289 facto
2907 3233 3144 3306 ﬂagello,
3165 3240 3219 3289 et
3247 3241 3492 3288 ementes

1886 3334 1940 3381 et
1968 3325 2267 3380 vendentes
2287 3322 2462 3393 ejiciat
2491 3323 2559 3379 de
2610 3321 2831 3395 templo,
2884 3321 3152 3377 dicendo:
3212 3322 3490 3389 Quoniam

1884 3416 2041 3471 zelus
2071 3413 2269 3470 domus
2304 3417 2419 3469 tuae
2447 3411 2693 3469 comedit
2722 3427 2812 3485 me
2841 3411 3027 3482 (Joan.
3058 3425 3117 3477 ιι,
3155 3411 3265 3480 17).
3295 3408 3491 3465 Daniel

1884 3518 2008 3557 cum
2037 3502 2215 3557 tribus
2243 3500 2409 3557 sociis
2439 3499 2553 3555 suis
2581 3499 2817 3555 abstinet
2844 3498 2912 3553 ab
2934 3514 3001 3553 eo
3032 3496 3180 3569 quod
3211 3513 3376 3553 suave
3406 3505 3491 3554 est

1882 3590 2079 3659 ventri,
2110 3597 2167 3645 ut
2183 3589 2254 3645 ad
2282 3589 2335 3644 id
2356 3588 2671 3661 pertingere
2726 3586 2901 3658 possit
2930 3586 3075 3657 quod
3105 3600 3215 3640 non
3268 3585 3485 3641 fallaci-

1882 3687 1962 3735 ter
1991 3678 2150 3735 dulce
2177 3686 2261 3734 est
2287 3677 2455 3733 menti
2481 3695 2495 3744 ;
2528 3676 2727 3748 dignus
2768 3674 2994 3731 effectus
3022 3682 3238 3741 extunc,
3298 3673 3483 3744 perci-

1879 3783 2012 3838 pere
2040 3766 2457 3840 intelligentiam
2495 3764 2738 3820 omnium
2758 3764 3026 3819 visionum
3044 3770 3098 3818 et
3118 3761 3478 3817 somniorum.

1877 3857 2002 3911 Non
2031 3856 2209 3912 solum
2238 3864 2421 3910 autem
2443 3898 2455 3919 ,
2490 3853 2585 3909 sed
2626 3861 2679 3909 et
2735 3868 2900 3923 super
2928 3850 3150 3907 flumina
3187 3849 3482 3923 Babylonis

1878 3944 2099 4011 sedens,
2124 3952 2177 3999 et
2205 3943 2261 4000 in
2290 3942 2672 3999 recordatione
2701 3956 2955 4013 supernae
2985 3940 3116 3995 Sion
3144 3939 3301 4009 ﬂens,
3335 3938 3488 3995 fene-

1876 4034 2001 4088 stris
2030 4032 2214 4089 cordis
2242 4032 2325 4088 sui
2377 4031 2449 4087 ad
2484 4032 2660 4088 Deum
2682 4028 3095 4101 apertis,tribus
3116 4028 3327 4084 vicibus
3356 4036 3480 4083 orat

1874 4121 1931 4176 in
1958 4121 2045 4177 die
2075 4128 2263 4178 contra
2289 4119 2595 4176 Jerusalem
2629 4139 2643 4186 ;
2676 4118 2962 4191 suspirans
2988 4117 3045 4172 in
3075 4132 3205 4173 vera
3259 4115 3481 4187 spiritus

1874 4211 1956 4263 sui
1990 4209 2257 4277 claritate,
2292 4216 2345 4263 et
2369 4207 2438 4262 ad
2469 4207 2817 4264 securitatem
2844 4221 3093 4277 supernae
3120 4204 3292 4276 pacis,
3325 4212 3378 4259 et
3404 4203 3475 4259 ad

1872 4298 2088 4353 beatam
2117 4305 2169 4351 et
2191 4294 2589 4352 beatiﬁcantem
2628 4294 2897 4349 visionem
2955 4293 3303 4363 sempiternae
3356 4292 3472 4346 Tri-

1868 4385 2068 4441 nitatis.
2088 4386 2362 4455 Praeparat
2382 4400 2478 4439 cor
2508 4399 2663 4438 suum
2680 4382 2884 4437 Esdras
2906 4381 3088 4437 scriba
3109 4379 3461 4436 doctissimus

1871 4482 1922 4529 et
1942 4490 2066 4543 vox,
2090 4481 2146 4529 ut
2166 4472 2455 4543 investiget
2481 4471 2663 4543 legem
2692 4468 2909 4526 Domini
2938 4470 2988 4540 (I
3012 4469 3172 4525 Esdr.
3204 4483 3301 4535 vn,
3352 4469 3462 4537 10),

169 4576 286 4615 sum
318 4571 373 4619 et
402 4566 581 4621 Deum
631 4564 825 4620 dividit
865 4564 1147 4636 parietem,
1198 4571 1527 4619 convertens
1571 4553 1836 4616 faciemD
1862 4562 2068 4619 faciens
2125 4569 2179 4617 et
2225 4561 2431 4617 docens
2488 4566 2822 4631 praeceptum
2889 4558 2946 4612 in
3001 4555 3167 4612 Israel
3216 4564 3267 4611 et
3312 4555 3464 4625 judi-

166 4648 256 4717 (ιν
281 4652 408 4723 Reg.
433 4668 539 4722 xx,
569 4655 646 4725 2),
680 4653 811 4709 dicit
840 4653 993 4725 prius
1023 4650 1335 4723 iniquitates
1364 4665 1490 4704 suas
1520 4656 1577 4703 ut
1601 4647 1763 4717 justi-

163 4733 353 4793 ﬁcetur
384 4757 397 4795 :
428 4742 670 4797 imitatus
697 4742 754 4797 in
779 4742 885 4798 hoc
925 4741 1080 4796 illum
1121 4740 1214 4813 qui
1243 4739 1318 4794 ait
1350 4753 1363 4793 :
1398 4738 1765 4810 Iniquitatem

171 4841 350 4883 meam
370 4845 465 4902 ego
495 4847 781 4903 cognosco,
810 4835 867 4887 et
892 4834 1191 4903 peccatum
1222 4843 1414 4885 meum
1449 4830 1652 4882 contra
1675 4840 1764 4881 me

169 4918 485 4990 estsemper
506 4920 681 4989 (Psal.
701 4935 756 4986 L,
779 4920 854 4991 5).
871 4921 938 4974 Ει
955 4919 1080 4974 ideo
1100 4917 1327 4989 plorans
1342 4923 1483 4984 orat,
1516 4922 1570 4970 et
1599 4929 1763 4969 orans

168 5001 354 5073 plorat,
377 5016 427 5062 et
448 5008 659 5064 diluere
680 5009 906 5064 studens
925 5014 1150 5079 peccata
1170 5020 1375 5078 magna
1393 5019 1592 5075 magno
1612 5002 1758 5072 fletu,

168 5090 302 5146 sicut
327 5096 508 5165 pullus
553 5097 857 5153 hirundinis
896 5096 975 5153 sic
1011 5095 1232 5163 clamat,
1265 5093 1550 5149 meditatur
1575 5099 1633 5147 ut
1662 5106 1762 5147 co-

173 5176 369 5239 lumba.

674 5256 1070 5313 CAPITULUM
1114 5255 1253 5311 VIII.

174 5337 244 5392 De
259 5343 586 5412 quibusdam
606 5349 743 5403 viris
761 5347 980 5403 sanctis
999 5346 1097 5417 qui
1125 5344 1193 5417 ab
1220 5342 1367 5398 Isaia
1385 5343 1625 5417 fuerunt
1660 5356 1761 5417 usf

241 5419 438 5487 (tuend
481 5418 791 5484 Christum,
821 5421 878 5473 et
925 5413 1368 5487 de'quibusdam
1401 5413 1495 5484 qui
1520 5414 1762 5487 [uerunt

242 5484 359 5559 post
379 5487 683 5545 adventum
709 5483 936 5557 Christi,
968 5483 1218 5559 qualiter
1255 5498 1360 5556 per
1407 5483 1497 5539 eos
1516 5483 1763 5554 ﬁgurata

251 5554 324 5607 sit
358 5560 511 5629 quies
541 5561 720 5617 cella.

250 5646 387 5703 Vidit
414 5648 581 5705 Isaias
611 5647 905 5703 Dominum
935 5644 1219 5701 sedentem
1238 5657 1402 5713 super
1431 5639 1629 5696 solium
1659 5654 1759 5694 ex-

1864 4652 2046 4719 cium;
2079 4650 2259 4707 sciens
2318 4648 2522 4704 animal
2577 4663 2699 4703 esse
2755 4645 3021 4701 mundum
3054 4645 3201 4717 quod
3255 4644 3463 4716 pariter

1862 4740 2091 4795 ruminat
2120 4747 2175 4794 et
2201 4737 2462 4811 ungulam
2521 4735 2692 4791 ﬁndit.
2745 4736 2813 4790 Et
2849 4734 2988 4790 bene
3009 4734 3246 4804 primum
3274 4732 3462 4801 faciat,

1861 4828 2059 4884 deinde
2088 4828 2299 4892 doceat,
2325 4833 2381 4881 ut
2413 4833 2516 4881 eta
2541 4823 2814 4879 mandatis
2842 4821 3061 4878 Domini
3088 4821 3373 4893 intelligat,
3408 4828 3463 4876 et

1862 4918 1918 4972 in
1933 4925 2126 4972 ornatu
2148 4914 2420 4987 pontificis
2447 4914 2600 4987 prius
2630 4911 3098 4984 superhumerale,
3147 4910 3346 4969 deinde
3377 4924 3462 4965 ra-

1862 5007 2062 5062 tionale
2092 5005 2405 5078 ponendum
2444 5010 2728 5076 agnoscat.
2787 5000 3112 5058 Consolator
3139 4998 3453 5066 Nehemias,

1855 5096 2011 5166 juxta
2039 5093 2542 5165 interpretationem
2585 5091 2822 5148 nominis
2868 5090 2953 5145 sui
3011 5104 3197 5145 muros
3240 5095 3463 5160 reparat

1858 5184 2162 5241 Jerusalem
2184 5184 2257 5254 (II
2280 5183 2438 5239 Esdr.
2471 5181 2572 5252 tu),
2606 5178 2885 5237 aediﬁcans
2914 5178 2971 5233 in
2999 5178 3080 5234 eis
3119 5185 3308 5249 portas
3339 5193 3456 5244 sex,

1861 5290 1983 5345 quae
2004 5281 2129 5329 sunt
2148 5271 2398 5327 fortassis
2420 5271 2591 5336 visus,
2641 5269 2876 5334 auditus,
2907 5275 3119 5340 gustus,
3176 5266 3457 5333 odoratus,

1861 5360 2053 5416 affatus
2082 5368 2136 5416 et
2162 5368 2353 5416 tactus.
2384 5359 2527 5415 Ecce
2556 5364 2714 5428 porta
2745 5356 2967 5429 Gregis,
2998 5362 3156 5426 porta
3203 5353 3462 5421 Piscium,

1860 5458 2018 5520 porta
2049 5449 2231 5516 Vetus,
2254 5455 2411 5519 porta
2445 5446 2633 5511 Vallis,
2682 5452 2841 5516 porta
2892 5442 3245 5515 Sterquilinii,
3305 5449 3463 5513 porta
3530 5460 3533 5461 '

1862 5538 2066 5593 Fontis.
2098 5537 2167 5591 Et
2195 5545 2254 5591 ut
2284 5536 2353 5592 ad
2385 5543 2634 5606 tempora
2663 5533 2854 5605 gratiae
2881 5532 3118 5598 veniam,
3143 5531 3338 5588 videns
3366 5532 3464 5587 Je-

1859 5642 1956 5683 sus
1990 5624 2201 5694 turbas,
2224 5623 2482 5681 ascendit
2511 5625 2572 5678 in
2602 5626 2850 5678 montem
2875 5621 3174 5692 (Matth.v,
3194 5619 3258 5691 1);
3278 5626 3331 5674 et
3360 5617 3470 5673 alia
