3938 6406
570 342 677 399 815

1441 338 1785 403 GUIGONIS
1822 348 1869 403 II
1908 338 2317 404 CARTHUSIIE
2354 346 2649 407 MAJORIS
2687 346 2985 409 PRIORIS.

3787 353 3884 407 816

569 467 691 523 vice
707 468 962 525 ascendit
978 469 1039 523 in
1052 473 1302 524 montem
1319 471 1472 525 solus
1492 473 1885 541 orare(Matth.
1905 487 2026 535 xiv,
2048 472 2162 541 23).
2186 473 2241 531 A
2272 458 2508 537 ciuntur,
2541 471 2596 526 in
2627 472 2732 529 hoc
2769 472 3077 536 consulere,
3109 471 3155 525 si
3197 470 3399 525 faciunt
3443 485 3542 526 eos
3571 470 3744 528 exire.
3777 472 3881 528 Sed

569 556 786 611 Domini
836 555 1051 611 futurus
1084 572 1398 627 prmcursor
1452 559 1639 614 beatus
1693 560 1933 615 Joannes
1989 560 2167 615 adhuc

566 660 722 715 puer,
755 645 953 700 crescit
985 653 1037 699 et
1066 644 1400 701 confortatur
1422 647 1612 717 spiritu
1634 662 1861 703 manens
1892 649 1947 702 in
1977 649 2166 703 deser-

570 732 658 797 tis,
690 748 865 803 usque
896 732 966 787 ad
996 733 1335 788 ostensionis
1366 751 1478 790 sua:
1507 735 1653 790 diem
1707 736 1777 790 ad
1833 736 1970 791 Isrel
2005 738 2162 806 (Luc.

564 835 604 887 ι,
638 821 748 890 80).
779 821 841 875 In
870 821 1156 891 superiora
1171 822 1361 877 Petrus
1392 822 1641 878 ascendit
1668 831 1725 877 ut
1753 832 1891 889 oret,
1915 840 2017 879 nec
2036 825 2165 879 abs-

565 923 671 980 que
703 908 915 974 esurie;
947 910 1216 979 praeclara
1244 911 1482 966 Cornelii
1528 909 1634 966 ﬁde
1665 913 1809 982 (Act.
1845 928 1903 978 x,
1936 913 1993 982 9)
2023 921 2165 983 post-

560 996 806 1062 modum,
840 1012 902 1052 ac
931 1004 1054 1068 post
1083 998 1355 1053 modicum
1407 998 1708 1054 satiandus.
1740 1000 1921 1055 Monet
1974 1001 2162 1055 Timo-

564 1084 751 1139 theum
771 1084 1097 1155 praedicator
1128 1086 1390 1158 egregius
1440 1086 1636 1141 Paulus
1682 1088 1730 1156 (I
1767 1089 1903 1143 Tim.
1938 1104 2012 1158 IV,
2047 1088 2157 1158 13),

562 1180 622 1226 ut
642 1172 771 1227 dum
803 1173 950 1228 venit
978 1174 1217 1227 attendat
1247 1175 1487 1239 lectioni,
1532 1175 1911 1246 exhortationi,
1955 1177 2161 1232 doctri-

565 1277 652 1316 na:
684 1260 867 1330 (ibid.,
905 1262 993 1330 19)
1027 1279 1041 1327 ;
1075 1277 1329 1317 asserens
1346 1263 1618 1334 quodhaec
1639 1263 1865 1330 faciens,
1898 1273 1950 1320 et
1972 1272 2166 1320 semet-

563 1348 744 1419 ipsum
774 1348 1023 1414 salvabit,
1049 1356 1101 1404 et
1131 1365 1225 1405 eos
1254 1350 1348 1421 qui
1379 1350 1531 1405 illum
1579 1351 1809 1406 audiunt
1870 1353 2055 1421 (ibid.,
2081 1354 2157 1423 8).

564 1435 669 1503 Qui
698 1444 752 1491 et
782 1436 932 1503 dicit,
966 1438 1298 1508 corporalem
1331 1439 1775 1494 exercitationem
1799 1440 1869 1495 ad
1887 1441 2161 1495 modicum

564 1524 754 1579 utilem
784 1541 927 1589 esse,
960 1525 1146 1581 utilem
1174 1541 1307 1581 vero
1345 1527 1415 1580 ad
1460 1527 1644 1581 omnia
1675 1544 1797 1582 esse
1853 1529 2110 1599 pietatem
2144 1547 2157 1583 :

574 1629 737 1685 quam
787 1621 842 1669 et
896 1614 1091 1669 asserit
1146 1614 1567 1685 promissionem
1614 1616 1817 1671 habere
1865 1618 1989 1672 vitae
2040 1634 2162 1689 quae

573 1716 720 1757 nunc
749 1710 851 1766 est,
885 1710 938 1756 et
968 1702 1180 1757 futurae.
1232 1703 1366 1757 Cum
1421 1702 1567 1759 fores
1621 1712 1746 1759 sunt
1801 1704 2019 1773 clausae,
2069 1706 2161 1759 ubi

563 1797 787 1861 propter
803 1798 1007 1845 metum
1030 1790 1281 1860 discipuli
1310 1791 1626 1863 congregati
1649 1800 1774 1849 sunt
1802 1795 1956 1848 venit
1978 1795 2154 1860 Jesus,
2178 1820 2232 1881 Β

563 1881 619 1933 et
648 1882 768 1934 stat
795 1880 860 1933 in
878 1879 1078 1943 medio,
1099 1882 1155 1934 et
1173 1879 1313 1934 dicit
1327 1880 1407 1934 eis
1428 1899 1446 1935 :
1478 1882 1604 1934 Pax
1632 1881 1779 1937 vobis
1819 1883 2004 1949 (Joan.
2052 1897 2154 1949 xx,

564 1967 679 2037 26).
714 1966 1020 2022 Succedent
1048 1966 1150 2021 tria
1180 1967 1298 2023 haec
1354 1967 1622 2033 videlicet,
1681 1969 1888 2035 venire,
1932 1978 2079 2024 stare
2109 1978 2162 2025 et

564 2053 786 2122 dicere;
821 2054 866 2108 si
894 2056 1012 2110 hinc
1040 2054 1146 2109 tria
1192 2055 1596 2125 praecesserint,
1656 2056 1862 2112 scilicet
1897 2073 2040 2126 sero,
2074 2058 2161 2113 die

562 2141 677 2209 illo,
708 2158 819 2198 una
847 2143 1228 2199 Sabbatorum.
1262 2145 1343 2199 De
1370 2160 1535 2199 manu
1564 2145 1746 2216 angeli
1775 2147 1962 2200 stantis
1995 2162 2163 2218 super

560 2246 712 2287 mare
733 2238 786 2286 et
816 2247 981 2302 super
1008 2239 1232 2297 terram,
1263 2232 1498 2287 Joannes
1536 2232 1817 2303 apostolus
1845 2234 1897 2287 in
1941 2237 2161 2306 Apoca-

570 2319 713 2390 lypsi
744 2319 826 2389 (x,
861 2321 917 2389 9)
940 2319 1135 2390 accipit
1164 2318 1386 2386 librum,
1411 2328 1462 2375 et
1489 2320 1558 2374 ab
1588 2336 1653 2375 eo
1696 2321 1986 2376 devoratus
2035 2322 2162 2379 facit

566 2407 849 2464 amaricari
878 2417 1123 2463 ventrem
1172 2425 1354 2464 suum.
1395 2409 1502 2463 Sed
1551 2409 1717 2464 estin
1760 2426 1853 2465 ore
1884 2427 1983 2465 suo
2034 2420 2161 2465 tan-

570 2513 732 2567 quam
764 2496 891 2563 mel,
918 2496 1112 2551 dulcis.
1150 2497 1375 2553 Sacram
1395 2498 1596 2568 quippe
1628 2498 1957 2569 Scripturam
1985 2500 2165 2554 adim-

559 2584 727 2656 plevit
756 2601 943 2657 Opere,
976 2584 1067 2640 ille
1108 2585 1294 2656 magni
1350 2585 1563 2641 consilii
1590 2586 1839 2658 angelus,
1883 2596 2076 2657 potens
2106 2588 2162 2643 in

557 2689 722 2745 opere
744 2682 796 2728 et
839 2689 1091 2729 sermone
1123 2674 1388 2729 Dominus
1418 2674 1575 2729 Jesus
1602 2693 1615 2741 ;
1667 2674 2157 2744 circumcisionem,

556 2778 678 2834 qua:
706 2761 777 2817 ad
806 2770 1002 2817 terram
1035 2761 1587 2831 referturjustificans
1618 2779 1683 2818 ex
1741 2763 1848 2818 fide
1881 2782 1896 2831 ;
1930 2773 1982 2819 et
2011 2782 2161 2835 prae-

552 2850 759 2921 putium
798 2851 941 2922 quod
981 2850 1049 2904 ad
1108 2866 1277 2916 mare,
1328 2867 1429 2921 per
1482 2849 1667 2917 fidem,
1702 2859 1760 2906 ut
1803 2868 1926 2907 cum
1982 2854 2160 2924 aquilo

558 2938 651 2993 dat
680 2946 866 2993 auster
894 2954 1005 2993 non
1034 2938 1332 3009 prohibeat.
1384 2938 1559 3006 Quem
1588 2939 1805 3007 librum,
1857 2956 1979 2995 cum
2011 2941 2161 2996 acci-

562 3025 641 3097 pit
666 3027 923 3095 Joannes,
957 3027 1259 3081 amaritudo
1316 3027 1538 3097 quidem
1567 3027 1620 3081 in
1651 3036 1861 3097 ventre,
1886 3029 1985 3083 sed
2040 3028 2160 3084 dul-

565 3115 701 3170 cedo
730 3114 790 3168 ﬁt
817 3114 871 3168 in
914 3130 1047 3180 ore;
1076 3130 1182 3168 una
1211 3114 1267 3168 in
1297 3114 1679 3186 adimpletione
1728 3123 1782 3170 et
1827 3117 2161 3187 experientia

558 3202 724 3270 altera
777 3218 907 3258 vero
960 3202 1017 3256 in
1071 3202 1445 3258 recordatione
1484 3211 1536 3258 et
1591 3203 1969 3275 intelligentia.
2030 3206 2159 3262 Haec

558 3290 742 3345 omnia
770 3290 827 3362 (ο
872 3291 1311 3361 Carthusienses)
1344 3299 1396 3345 et
1442 3290 1655 3363 singula
1684 3291 1730 3345 si
1758 3292 2049 3363 diligenter
2078 3294 2157 3348 in-

559 3379 795 3445 tenditis,
816 3396 955 3451 quae,
981 3387 1035 3434 et
1056 3378 1251 3450 qualis,
1286 3387 1338 3434 et
1359 3388 1561 3451 quanta
1592 3380 1658 3434 sit
1688 3380 1840 3436 cella:
1861 3382 2015 3452 quies
2045 3383 2157 3437 evi-

560 3468 753 3523 denter
782 3468 1218 3539 deprehendetis.
1256 3467 1351 3523 Cui
1367 3467 1641 3537 nimirum,
1676 3476 1734 3523 ut
1760 3470 1910 3525 novit
1939 3470 2029 3540 qui
2059 3486 2157 3525 ex-

561 3564 752 3626 pertus
782 3565 884 3623 est,
920 3573 1027 3628 quo
1057 3556 1347 3612 instantius
1390 3557 1689 3623 intenditis,
1742 3573 1808 3612 eo
1836 3557 2156 3626 dulciorem,

563 3644 660 3699 sed
690 3645 1023 3711 suaviorem,
1078 3645 1175 3700 sed
1210 3646 1613 3715 jucundiorem,
1658 3645 1755 3700 sed
1804 3647 2157 3714 sereniorem,

562 3732 659 3789 sed
687 3733 1172 3803 delectabiliorem,
1220 3733 1318 3789 sed
1361 3732 1681 3801 faciliorem,
1716 3734 1815 3789 sed
1871 3734 2159 3791 clariorem

566 3820 829 3877 sentietis.

1090 3908 1488 3965 CAPITULUM
1528 3911 1625 3965 IX.

570 4021 660 4096 De,
674 4026 861 4096 quiete
892 4026 1069 4090 cellae,
1101 4026 1311 4095 etquod
1344 4041 1458 4082 non
1482 4021 1751 4096 expediat
1773 4025 1825 4081 ei
1871 4027 1966 4096 qui
1996 4029 2058 4083 in
2096 4044 2163 4084 ea

643 4094 880 4160 habitat,
914 4100 978 4150 ut
1005 4094 1338 4151 curiositate
1358 4094 1661 4152 temeraria
1681 4097 1854 4151 nimis
1866 4094 1965 4152 diu
1993 4103 2162 4155 extra

637 4182 761 4221 eam
800 4171 1073 4222 moretur.

640 4271 755 4327 Hoc
784 4280 965 4327 autem
1002 4272 1291 4343 unicuique
1313 4272 1403 4344 qui
1433 4280 1672 4327 moratur
1726 4271 1782 4326 in
1812 4270 1949 4329 cella
1979 4271 2160 4327 scien-

568 4358 717 4427 dum,
751 4367 804 4415 et
824 4360 1117 4433 diligenter
1145 4368 1227 4416 est
1256 4361 1305 4416 ei
1335 4360 1391 4415 in
1438 4361 1616 4416 tenaci
1652 4360 1915 4416 memoria
1961 4375 2162 4416 recon-

568 4449 827 4515 dendum,
853 4450 997 4521 quod
1028 4465 1135 4505 non
1166 4448 1277 4504 vult
1308 4449 1423 4505 hazc
1452 4449 1521 4504 de
1554 4464 1659 4521 qua
1704 4449 1977 4520 loquimur
2004 4448 2158 4518 cella,

2262 559 2318 612 hi
2348 559 2603 614 nimirum
2633 560 2751 615 sola
2786 561 3036 632 quaedam
3056 559 3236 613 minus
3263 558 3505 629 provida:
3534 559 3879 615 discretionis

2262 646 2500 719 imagine
2522 648 2799 703 falluntur.
2823 648 2881 702 Id
2912 647 3058 703 enim
3079 647 3296 718 penitus
3326 663 3435 702 non
3468 648 3711 717 expedit.
3748 648 3879 703 Sen-

2262 734 2391 789 titur
2451 743 2599 791 certe
2653 744 2929 807 utcunque
2988 743 3371 791 momentanea
3432 736 3684 807 quaedam
3767 736 3884 791 sine

2264 822 2445 893 quiete
2474 823 2650 894 quies,
2687 832 2741 879 et
2769 822 2887 879 sine
2903 823 3196 879 dulcedine
3220 823 3475 890 dulcedo,
3508 831 3562 878 et
3591 823 3716 880 sine
3747 840 3886 880 con-

2262 910 2523 967 solatione
2553 912 2852 967 consolatio
2880 930 2895 978 ;
2928 912 3027 967 sed
3058 911 3301 968 succedit
3338 911 3546 984 absque
3572 928 3734 968 mora
3762 929 3884 984 per-

2263 999 2476 1054 turbata
2506 1001 2830 1065 amaritudo,
2867 1008 2921 1055 et
2965 1015 3155 1055 amara
3203 1000 3564 1070 perturbatio,
3598 1008 3654 1055 et
3682 1001 3884 1057 intole-

2262 1086 2446 1141 rabilis
2476 1088 2697 1143 omnino
2728 1088 3014 1144 desolatio.
3045 1090 3169 1143 Mox
3208 1088 3353 1143 enim
3378 1095 3437 1143 ut
3464 1089 3534 1143 ad
3557 1089 3764 1145 cellam
3795 1106 3879 1144 re-

2261 1175 2441 1242 dierit,
2493 1177 2867 1246 apprehendat
2913 1192 2978 1231 ac
3025 1176 3354 1247 penetrabit,
3404 1193 3467 1232 ac
3511 1176 3882 1233 circumdabit

2262 1278 2384 1316 eum
2416 1264 2765 1328 intrinsecus,
2800 1264 3098 1319 durissima
3127 1265 3329 1337 agonia
3356 1272 3409 1319 et
3437 1264 3739 1320 durissima
3767 1281 3875 1321 an-

2261 1350 2441 1422 gustia
2480 1352 2721 1422 spiritus,
2766 1353 3152 1424 gravissimum
3199 1352 3416 1407 taedium
3465 1353 3671 1419 cordis,
3721 1362 3879 1409 atro-

2261 1439 2483 1494 cissima
2507 1440 2834 1495 evisceratio
2864 1441 3079 1495 mentis.
3139 1440 3280 1509 Quia
3322 1440 3537 1512 quoties
3564 1441 3756 1497 minus
3785 1442 3880 1496 diu

2260 1535 2407 1581 extra
2438 1543 2560 1582 eam
2591 1528 2647 1581 in
2695 1529 3020 1601 evagatione
3076 1529 3293 1584 curiosa
3334 1538 3388 1583 et
3432 1544 3573 1585 vana
3620 1538 3878 1585 moratu-

2261 1631 2352 1668 rus
2384 1616 2505 1687 quis
2536 1625 2742 1672 temere
2775 1617 2967 1672 cellam
2989 1617 3287 1687 egreditur,
3320 1617 3479 1673 toties
3508 1617 3663 1689 quasi
3695 1634 3876 1675 novus

2259 1703 2590 1759 inhabitator
2617 1705 2925 1773 revertitur,
2969 1704 3244 1776 aliumque
3293 1722 3353 1760 se
3383 1706 3552 1761 sensit
3580 1713 3636 1761 et
3663 1706 3877 1762 invenit

2263 1808 2569 1863 regressus,
2604 1810 2765 1865 quam
2796 1801 2909 1849 erat
2930 1802 3222 1865 antequam
3253 1793 3349 1848 fuit
3378 1810 3659 1865 egressus.
3697 1797 3875 1851 Acce-

2262 1879 2339 1933 dit
2368 1880 2440 1934 ad
2471 1880 2575 1936 hoc
2604 1882 2749 1952 quod
2778 1882 2847 1937 de
2877 1897 2937 1937 se
2967 1882 3218 1953 quadam
3247 1882 3339 1947 ait,
3368 1882 3495 1953 quia
3524 1898 3762 1955 egressa
3793 1890 3874 1937 est

2260 1967 2444 2037 plena,
2479 1977 2531 2023 et
2562 1985 2789 2025 vacuam
2819 1969 3037 2024 reduxit
3064 1985 3187 2025 eam
3218 1970 3481 2025 Dominus
3515 1985 3529 2024 :
3565 1971 3737 2035 unde,
3771 1986 3875 2027 nec

2265 2057 2501 2127 amplius
2533 2057 2728 2113 Noemi
2757 2058 2853 2113 sed
2884 2058 3090 2113 Marath
3136 2075 3195 2113 se
3242 2058 3409 2114 voluit
3455 2066 3656 2115 extunc
3684 2058 3876 2116 vocari

2263 2145 2453 2213 (Ruth.
2506 2161 2544 2214 ι,
2588 2147 2719 2216 2t);
2769 2147 2894 2218 quia
2943 2163 3063 2217 quae
3111 2146 3341 2218 pulchra
3388 2154 3507 2204 erat
3549 2147 3876 2220 priusquam

2262 2234 2634 2306 egrederetur,
2686 2250 2996 2307 regressam
3043 2251 3177 2291 vero
3208 2236 3323 2304 jam
3353 2251 3413 2291 se
3444 2252 3566 2291 esse
3595 2235 3705 2291 sibi
3739 2245 3794 2292 et
3821 2237 3875 2293 in

2262 2338 2323 2377 se
2351 2337 2591 2378 amaram
2633 2322 2929 2394 experitur.
2974 2324 3042 2378 Et
3073 2324 3141 2378 de
3188 2340 3297 2395 quo
3325 2323 3449 2380 loco
3479 2339 3715 2395 egressa
3748 2326 3871 2381 est?

2263 2428 2443 2466 nonne
2466 2412 2533 2465 de
2551 2411 2832 2467 Bethleem
2846 2411 2875 2466 ?
2912 2413 2982 2467 Et
3004 2428 3126 2483 qua:
3157 2428 3269 2467 suae
3300 2412 3634 2485 egressionis
3654 2427 3834 2469 causa
3850 2415 3877 2468 ?

2261 2511 2443 2549 nonne
2464 2494 2634 2550 fames
2656 2496 2684 2550 ?
2704 2495 2767 2549 Et
2792 2511 2899 2566 quo
2913 2510 3138 2567 egressa
3154 2503 3237 2550 est
3257 2496 3285 2550 ?
3298 2496 3482 2567 utique
3501 2496 3557 2550 in
3578 2496 3875 2569 regionem

2262 2582 2629 2638 Moabitidem.
2680 2584 2740 2637 In
2784 2599 2891 2654 qua
2919 2591 3088 2650 certe,
3147 2591 3205 2638 ut
3232 2599 3399 2639 verax
3443 2583 3674 2639 historia
3717 2585 3872 2655 dicit,

2261 2672 2578 2726 morabatur
2607 2671 2686 2727 sic
2715 2672 2861 2743 quod
2890 2671 2946 2726 in
2975 2687 3041 2726 ea
3088 2671 3570 2744 peregrinabatur.
3626 2674 3698 2727 Et
3747 2672 3875 2729 ideo

2262 2759 2500 2830 quandiu
2530 2759 2604 2814 ibi
2634 2758 2732 2814 fuit
2761 2759 3056 2832 peregrina
3086 2758 3204 2814 fuit.
3236 2760 3307 2814 Et
3344 2775 3515 2831 quare
3544 2761 3872 2833 peregrina,

2261 2848 2366 2901 nisi
2396 2848 2520 2919 quia
2549 2847 2624 2902 ibi
2652 2863 2762 2903 non
2790 2848 2889 2903 fuit
2918 2848 2972 2902 in
2988 2848 3233 2919 proprio,
3266 2849 3366 2904 sed
3388 2848 3444 2902 in
3472 2848 3650 2904 alieno
3669 2850 3699 2904 ?
3730 2850 3874 2904 Nam

2260 2935 2488 3007 propria
2533 2936 2798 2991 habitatio
2828 2951 2939 2991 non
2967 2935 3107 2991 alias
3163 2936 3213 2990 ei
3270 2951 3433 3007 quam
3463 2936 3519 2990 in
3561 2937 3873 2994 Bethleem.

2262 3023 2406 3093 Quid
2435 3024 2489 3078 in
2518 3024 2604 3078 his
2633 3024 2789 3080 vobis
2820 3024 3033 3080 videtur
3062 3023 3131 3079 de
3179 3023 3247 3078 iis
3267 3025 3295 3079 ?
3325 3024 3433 3079 Cur
3460 3038 3722 3080 veremur
3752 3026 3872 3081 cel-

2261 3112 2387 3177 lam,
2420 3112 2693 3183 quandam
2725 3127 2921 3169 vocare
2950 3113 3128 3185 itaque
3156 3112 3439 3181 audemus,
3472 3113 3571 3168 sed
3600 3114 3871 3185 spiritua-

2184 3172 2230 3233 C
2257 3172 2503 3256 lem'non
2521 3201 2879 3272 temporalem
2910 3172 3088 3273 [Par..,
3132 3172 3519 3273 corporalem],
3551 3172 3663 3257 non
3692 3202 3869 3259 histo-

2257 3288 2447 3345 rialem
2507 3290 2605 3345 sed
2664 3289 2947 3345 moralem.
3015 3291 3074 3344 In
3117 3289 3375 3345 historica
3420 3289 3516 3344 illa
3561 3290 3865 3360 Bethleem,

2258 3378 2421 3433 Beata
2448 3386 2625 3433 mater
2656 3379 2827 3434 semel
2874 3377 3082 3449 peperit
3115 3378 3302 3433 Jesum
3333 3377 3648 3444 Christum;
3678 3378 3737 3433 in
3764 3381 3867 3436 hac

2260 3475 2441 3521 autem
2491 3468 2863 3540 tropologica,
2911 3474 2970 3521 ut
3016 3466 3167 3522 novit
3230 3466 3407 3521 omnis
3450 3466 3544 3537 qui
3577 3466 3869 3539 aliquoties

2260 3563 2343 3610 est
2366 3565 2643 3627 expertus,
2668 3555 2933 3629 quotidie,
2954 3554 3063 3611 imo
3083 3555 3458 3610 indesinentur
3474 3554 3688 3611 confert
3707 3556 3868 3612 nobis

2260 3652 2436 3699 mater
2465 3644 2693 3717 gratiam
2743 3643 3046 3701 sanctitatis
3093 3659 3316 3699 suavem
3364 3643 3571 3715 pariter
3616 3652 3672 3700 et.
3711 3645 3865 3700 salu-

2261 3732 2416 3787 brem
2447 3732 2698 3789 fructum.
2719 3733 2954 3789 Suavem
2976 3741 3200 3803 pr0pter
3225 3732 3555 3799 unctionem,
3587 3734 3739 3805 quod
3768 3750 3863 3790 so-

2260 3829 2356 3876 nat
2383 3837 2584 3877 nomen
2612 3820 2756 3877 istud
2777 3822 2922 3894 quod
2958 3829 3041 3877 est
3087 3821 3372 3887 Christus;
3405 3820 3677 3878 salubrem
3707 3838 3861 3889 vero,

2261 3917 2487 3981 propter
2518 3910 2893 3976 salvationem,
2935 3909 3081 3983 quod
3108 3909 3166 3964 in
3196 3925 3256 3966 se
3317 3909 3482 3965 habet
3525 3910 3633 3966 hoc
3662 3926 3865 3967 nomen

2264 3999 2409 4070 quod
2455 4006 2539 4055 est
2581 3999 2760 4055 Jesus.
2805 3999 2946 4055 Nam
2992 4005 3235 4065 unctum,
3279 4005 3337 4053 ut
3376 3997 3545 4064 scitis,
3576 4007 3738 4055 sonat
3759 4001 3865 4056 hoc

2263 4102 2462 4143 nomen
2491 4087 2639 4159 quod
2666 4095 2748 4143 est
2785 4087 3062 4153 Christus;
3097 4087 3432 4143 Salvatorem
3459 4101 3608 4154 vero,
3644 4088 3864 4144 beatum

2263 4176 2367 4232 hoc
2398 4191 2598 4231 nomen
2628 4176 2775 4248 quod
2804 4184 2884 4231 est
2909 4176 3088 4232 Jesus.
3123 4175 3293 4247 Igitur
3321 4174 3369 4230 si
3397 4174 3560 4231 vultis
3590 4175 3858 4247 recipere,

2263 4264 2341 4318 illi
2370 4265 2461 4336 qui
2488 4265 2684 4321 cellam
2712 4264 2976 4320 inhabitat
3004 4279 3071 4320 eo
3097 4264 3262 4320 modo
3289 4279 3397 4335 quo
3426 4263 3733 4320 inhabitare
3763 4266 3861 4320 de-

2263 4352 2372 4421 bet,
2404 4353 2739 4424 spiritualem
2767 4369 2914 4410 vera:
2961 4352 3266 4409 sanctitatis
3306 4350 3514 4409 confert
3541 4353 3723 4423 gratia
3751 4353 3859 4409 fru-

2264 4450 2431 4509 ctum,
2517 4450 2572 4498 et
2624 4450 2849 4513 propter
2902 4440 3318 4497 exsultationem
3369 4456 3478 4513 qua
3530 4440 3857 4498 intrinsecus

566 4546 624 4593 ut
654 4538 744 4610 qui
772 4538 829 4593 in
848 4554 914 4594 ea
941 4547 1308 4604 conversatur,
1339 4538 1501 4593 nimis
1523 4538 1615 4593 diu
1634 4546 1785 4593 extra
1803 4554 1923 4594 eam
1953 4525 2229 4593 temereD
2259 4531 2477 4602 gaudet,
2535 4531 2839 4601 jucundum
2886 4538 2940 4586 et
2983 4545 3229 4586 suavem.
3281 4527 3438 4597 Quod
3485 4536 3589 4599 est,
3639 4529 3859 4585 Beatam

565 4626 892 4682 demoretur.
927 4628 993 4682 Et
1024 4627 1143 4699 quis
1187 4627 1279 4682 diu
1328 4634 1479 4682 extra
1524 4641 1647 4681 eam
1705 4633 1910 4682 temere
1969 4625 2163 4680 morari

562 4723 721 4781 amat,
749 4715 853 4770 nisi
868 4714 959 4787 qui
990 4723 1187 4787 quanta
1214 4715 1263 4771 ei
1291 4715 1477 4770 insunt
1491 4714 1639 4769 bona
1657 4714 1876 4785 penitus
1894 4713 2112 4786 ignorat
2133 4715 2162 4769 ?

563 4804 633 4857 Et
662 4803 882 4875 quidem
913 4812 1175 4875 quantum
1205 4803 1259 4857 in
1292 4820 1353 4858 ea
1382 4802 1586 4858 morari
1643 4802 2001 4867 fructuosum,
2034 4810 2160 4857 tan-

567 4899 679 4945 tum
712 4896 864 4945 extra
906 4908 1023 4946 eam
1059 4891 1224 4962 longe
1262 4891 1349 4945 vel
1388 4891 1479 4945 diu
1525 4890 1711 4962 vagari
1766 4889 2156 4961 periculosum.

564 4981 685 5035 Non
715 4979 858 5034 enim
894 4979 1097 5033 diutius
1131 4978 1406 5032 habitator
1433 4978 1587 5034 cella:
1622 4978 1803 5034 vivere
1833 4986 2011 5048 potest
2041 4978 2157 5049 spi-

560 5068 822 5123 ritualiter
859 5075 1010 5122 extra
1041 5066 1251 5131 cellam,
1287 5082 1446 5137 quam
1479 5066 1827 5135 corporaliter
1871 5066 2037 5137 piscis
2067 5084 2160 5122 ex-

560 5165 643 5212 tra
672 5170 890 5228 aquam.
925 5154 1275 5208 Considerate
1306 5154 1434 5225 quia
1463 5154 1724 5224 pisciculo
1754 5154 1850 5219 illi,
1876 5154 1967 5225 qui
1997 5156 2156 5212 halec

562 5246 778 5309 dicitur,
828 5258 995 5297 unum
1051 5242 1302 5313 idemque
1357 5251 1690 5297 momentum
1752 5250 1852 5310 est,
1912 5250 1964 5297 et
2003 5251 2156 5298 extra

561 5348 759 5405 aquam
789 5347 933 5395 esse,
967 5338 1019 5385 et
1051 5330 1355 5401 exspirare.
1394 5332 1460 5385 Et
1511 5331 1645 5385 cella
1704 5330 1922 5402 quidem
1956 5330 2155 5386 forma-

560 5428 647 5475 tur
674 5437 739 5474 ex
766 5421 869 5475 hac
900 5419 1186 5474 dilectione
1219 5418 1377 5475 halec
1408 5434 1529 5474 cum
1560 5419 1910 5474 convertitur.
1942 5419 2012 5472 Et
2048 5436 2154 5489 pu-

556 5515 672 5562 tant
704 5507 867 5579 aliqui
891 5524 999 5562 non
1029 5516 1175 5563 recte
1223 5506 1653 5573 considerantes,
1688 5507 1793 5561 illis
1823 5506 1914 5578 qui
1971 5506 2154 5577 aliquo

558 5596 639 5667 (ut
671 5612 1058 5670 nonnunquam
1080 5595 1219 5652 solet
1262 5595 1503 5667 evenire)
1550 5596 1605 5650 in
1644 5594 1783 5652 cella
1814 5594 1976 5650 ttedio
2032 5593 2152 5649 atii-

2260 4620 2507 4686 Mariam,
2541 4628 2804 4691 quantum
2833 4618 2903 4673 ad
2949 4619 3094 4675 hunc
3122 4618 3309 4674 attinet
3346 4617 3648 4674 secundum
3673 4619 3858 4691 (quem

2258 4709 2422 4763 modo
2450 4708 2777 4779 incedimus)
2793 4706 3195 4780 tropologicum
3221 4722 3462 4773 sensum,
3494 4705 3549 4760 in
3580 4706 3856 4763 Bethleem

2258 4812 2455 4867 parere
2485 4795 2779 4862 Christum,
2811 4804 2863 4852 et
2893 4802 3116 4867 propter
3161 4794 3485 4866 religionem
3512 4810 3670 4865 quam
3701 4804 3854 4851 exte-

2258 4884 2371 4939 rius
2400 4892 2633 4951 exercet,
2664 4884 2852 4939 utilem
2867 4891 2921 4939 et
2941 4883 3212 4939 salubrem
3228 4883 3257 4938 ?
3277 4883 3420 4954 quod
3436 4898 3501 4938 ex
3516 4882 3671 4951 juxta
3699 4900 3852 4939 eum-

2258 4973 2383 5028 dem
2413 4989 2655 5039 sensum,
2675 4973 2849 5044 ipsam
2879 4973 3089 5028 beatam
3118 4971 3339 5027 Mariam
3367 4970 3422 5025 in
3449 4970 3728 5027 Bethleem
3757 4988 3854 5043 pa-

2257 5077 2387 5117 vere
2414 5062 2622 5117 Jesum.
2655 5062 2858 5117 Verum
2882 5077 3004 5118 cum
3037 5061 3154 5116 haec
3195 5059 3442 5125 dicimus,
3496 5075 3659 5115 nemo
3704 5068 3850 5131 putet

2257 5151 2403 5222 quod
2431 5150 2665 5221 aliquam
2693 5149 2960 5206 faciamus
3007 5147 3374 5204 differentiam
3404 5164 3500 5203 seu
3529 5147 3851 5205 divisionem

2255 5238 2397 5294 inter
2414 5238 2600 5293 Jesum
2622 5246 2676 5294 et
2698 5237 2993 5303 Christum,
3027 5245 3289 5309 quantum
3319 5236 3389 5291 ad
3419 5236 3567 5290 illam
3596 5236 3853 5293 duntaxat

2255 5342 2548 5397 personam
2588 5335 2817 5398 spectat,
2851 5343 2970 5398 qua:
3002 5326 3081 5382 sic
3124 5325 3357 5392 dicitur;
3390 5324 3536 5396 quia,
3572 5325 3665 5397 qui
3694 5326 3850 5382 Chri-

2256 5422 2390 5483 stus,
2422 5415 2537 5485 ipse
2586 5431 2804 5487 quoque
2858 5415 3018 5470 Jesus
3048 5430 3171 5470 esse
3227 5430 3337 5469 non
3391 5413 3685 5469 dubitatur.
3746 5414 3847 5471 Sed

2255 5512 2475 5574 propter
2503 5504 2777 5560 diversam
2796 5504 2991 5560 horum
3011 5501 3293 5559 nominum
3321 5502 3841 5574 interpretationem,

2254 5591 2529 5647 diversam
2562 5608 2777 5665 quoque
2804 5592 2861 5648 in
2907 5592 2988 5648 eis
3033 5591 3327 5664 accipimus
3374 5589 3841 5664 signiﬁcationem.
