3938 6412
69 369 179 422 817

1207 367 1409 423 LIBER
1449 368 1543 422 DE
1580 366 1966 423 EXERCITIO
2006 367 2264 423 CELLE.

3299 372 3401 425 818

73 491 224 545 Nam
259 506 502 561 persona
535 489 758 563 quidem
780 507 903 556 una,
929 491 1254 564 significatio
1286 507 1500 564 quoque
1521 493 1696 547 nomi-
1715 494 1766 553 Α
1795 491 1981 562 piens:
2003 492 2134 560 Quis
2154 493 2342 547 mollis
2365 496 2420 547 et
2441 492 2748 550 dissolutus
2769 495 2939 549 estin
2960 510 3122 567 apere
3143 509 3262 560 suo,
3278 496 3400 564 fra-

72 595 213 632 num
236 579 490 648 ejusdem
514 595 766 650 personm
786 579 1022 635 diversa.
1051 582 1237 651 Itaque
1258 581 1400 634 aliud
1423 588 1568 635 notat
1589 582 1693 636 hoc

69 683 287 722 nomen
318 669 467 739 qoud
518 677 599 722 est
642 669 820 732 Jesus,
855 668 997 722 aliud
1045 669 1190 722 istud
1221 670 1364 740 quod
1415 677 1496 723 est
1529 668 1691 723 Chri-

72 765 195 810 stus
235 771 248 809 :
285 772 396 810 non
438 765 618 811 tamen
649 756 756 810 alia
798 772 1036 827 persona
1082 764 1297 811 notatur
1341 773 1439 827 per
1484 758 1687 822 Jesum,

71 844 183 897 alia
214 861 322 914 per
352 844 646 909 Christum,
680 844 808 916 quia
838 860 946 900 non
979 845 1116 900 alius
1147 853 1200 900 et
1230 845 1388 910 alius,
1423 845 1519 900 sed
1550 861 1690 898 unus

66 933 337 1004 idemque
371 941 452 987 est
499 933 656 987 Jesus
704 932 970 999 Christus,
1028 933 1193 987 Filius
1251 935 1368 998 Dei,
1424 933 1689 988 Dominus

71 1027 269 1076 noster
293 1040 307 1087 ;
333 1021 525 1075 mundi
552 1021 903 1091 Redemptor,
928 1029 979 1076 et
1010 1023 1154 1075 Deus
1177 1029 1229 1075 et
1258 1023 1440 1085 homo,
1465 1022 1565 1075 Dei
1593 1023 1690 1076 ho-

71 1109 402 1180 minumque
441 1109 725 1164 mediator.
759 1111 819 1162 In
851 1125 916 1164 eo
966 1109 1113 1180 quod
1161 1110 1344 1175 homo,
1396 1109 1543 1162 Patri
1589 1126 1690 1179 pro

73 1196 236 1251 nobis
269 1197 623 1266 supplicans;
655 1196 712 1250 in
741 1212 807 1251 eo
839 1197 986 1267 quod
1015 1198 1182 1262 Deus,
1215 1213 1336 1252 cum
1389 1197 1545 1251 Patre
1580 1197 1689 1265 (cui

67 1301 172 1354 per
203 1285 395 1339 omnia
416 1284 640 1356 aqualis
665 1288 768 1353 est)
796 1285 952 1339 nobis
971 1285 1290 1355 propitiaris.
1319 1287 1506 1356 Itaque
1527 1285 1575 1339 ei
1599 1286 1687 1356 qui

68 1373 125 1426 in
177 1373 328 1427 cella
380 1372 652 1428 fructuose
715 1381 816 1438 est,
849 1389 880 1427 a
911 1380 1080 1428 matre
1123 1374 1304 1443 gratia
1353 1374 1685 1443 spiritualcm

69 1460 318 1516 conferri
379 1461 633 1525 fructum,
689 1477 930 1528 suavem,
979 1469 1032 1515 et
1077 1461 1353 1516 salubrem
1394 1481 1408 1528 ;
1455 1463 1559 1517 hoc
1606 1471 1688 1517 est

71 1549 411 1617 (secundum
448 1549 738 1620 quemdam
772 1550 1007 1619 quodam
1038 1550 1200 1604 modo
1249 1566 1468 1604 sensum
1501 1566 1686 1605 mora-

65 1637 200 1706 lem)
243 1637 302 1690 in
337 1638 610 1691 Bethleem
659 1637 812 1691 nasci
843 1637 1122 1716 Christum
1166 1639 1370 1692 Jesum.
1423 1638 1530 1692 Sed
1564 1638 1687 1694 licet

60 1726 219 1792 juxta
251 1725 491 1779 nominis
524 1726 604 1778 sui
638 1725 1155 1795 interpretationem,
1207 1726 1262 1779 in
1311 1727 1588 1780 Bethleem
1620 1726 1689 1780 sit

1795 584 1883 634 ter
1911 583 1995 635 est
2023 597 2128 634 sua.
2157 597 2324 650 opera
2355 580 2685 652 dissipanti:
2717 583 2898 649 (Prov.
2920 599 3078 650 xvm,
3105 585 3180 652 9).
3199 583 3396 637 Nonne

1791 667 1946 722 vobis
1977 667 2192 722 videtur
2235 668 2336 721 iste
2387 669 2790 739 quodammodo
2833 670 3026 725 mulier
3055 687 3196 737 esse,
3231 687 3395 742 quem

1792 763 2001 811 constat
2021 756 2170 810 molli
2197 765 2248 810 et
2269 757 2534 811 dissoluto
2557 772 2620 812 ac
2645 758 2931 828 dissipanti
2961 759 3192 814 similem
3225 775 3347 814 esse
3367 759 3396 813 ?

1790 843 1934 897 Talis
1966 851 2046 896 est
2089 845 2380 914 egrediens
2411 844 2570 910 Dina,
2603 862 2699 915 per
2730 864 2890 916 quem
2941 855 3151 902 notatur
3177 847 3270 901 ille
3301 847 3394 918 qui

1793 932 2293 1000 reprehensibiliter
2339 932 2444 986 exit
2476 933 2543 987 de
2575 933 2734 988 cella.
2768 936 2832 988 Et
2880 951 2997 1006 quae
3026 935 3145 988 talis
3188 942 3289 1001 est,
3323 935 3393 988 ad

1791 1019 1893 1074 hoc
1921 1020 2199 1091 egreditur
2229 1029 2287 1075 ut
2315 1021 2496 1075 videat
2525 1021 2684 1086 tales,
2719 1022 2935 1088 mulier,
2971 1023 3220 1078 videlicet
3267 1039 3392 1077 mu-

1788 1107 1971 1161 lieres.
2006 1109 2076 1161 Et
2133 1109 2261 1178 quid
2309 1109 2426 1176 ejus
2473 1117 2556 1164 est
2606 1110 2814 1175 videre,
2863 1111 2967 1164 nisi
3014 1111 3243 1165 amare?
3274 1110 3393 1180 Quo

1789 1196 1932 1249 enim
1967 1212 2026 1250 se
2053 1212 2207 1251 amor
2254 1197 2512 1262 extendit,
2547 1198 2658 1252 illic
2688 1206 2740 1252 et
2769 1199 2957 1254 oculus
2997 1200 3188 1263 tendit,
3221 1207 3273 1253 et
3301 1200 3394 1254 ubi

1788 1293 2066 1354 aspectus,
2099 1285 2170 1337 ibi
2203 1293 2255 1340 et
2280 1285 2520 1340 affectus.
2569 1287 2702 1339 Nam
2735 1287 2903 1359 dilige
2951 1287 3287 1358 iniquitatem
3317 1296 3389 1353 tu,

1788 1380 1840 1426 et
1871 1373 2060 1443 diliget
2091 1381 2142 1427 te
2170 1373 2441 1444 iniquitas.
2495 1375 2648 1429 Unde
2678 1383 2730 1430 et
2779 1391 2898 1446 quae
2949 1392 3177 1446 egressa
3227 1384 3309 1431 est
3338 1384 3396 1430 ut

1789 1461 2012 1527 videret,
2050 1469 2102 1515 et
2130 1462 2247 1532 ipsa
2269 1462 2383 1516 visa
2409 1470 2491 1516 est
2517 1482 2527 1527 ;
2554 1479 2678 1517 nam
2713 1463 2990 1533 Scriptura
3020 1465 3149 1519 dicit
3174 1482 3186 1517 :
3218 1467 3394 1532 Quam

1786 1565 1915 1604 cum
1965 1551 2192 1605 vidisset
2240 1551 2480 1619 Sichem,
2527 1558 2581 1605 et
2611 1552 2839 1608 addidit.
2891 1553 3180 1608 adamavit
3229 1554 3387 1621 (Gen.

1787 1652 1990 1702 xxxxv,
2011 1638 2085 1707 2).
2132 1638 2403 1691 Nimirum
2445 1639 2578 1692 illud
2612 1639 2820 1706 videre,
2841 1640 3092 1695 adamare
3113 1641 3231 1708 fuit,
3265 1640 3394 1712 quia

1786 1725 2026 1795 profecto
2042 1726 2130 1779 ubi
2143 1727 2280 1780 visio
2294 1727 2582 1781 temeraria
2594 1728 2891 1797 praecessit,
2910 1729 2984 1781 ibi
2996 1736 3395 1800 consequenter

67 1813 229 1882 panis
262 1817 473 1884 (utpote
514 1829 632 1884 quae
663 1814 860 1868 domus
913 1815 1108 1869 dicitur
1158 1814 1353 1884 panis),
1390 1822 1472 1869 est
1503 1823 1685 1869 tamen
1715 1848 1766 1907 B
1788 1813 3021 1885 etillicitusamorsuccessit.Nequelavantem
3039 1833 3096 1870 se
3110 1817 3392 1872 mulierem

71 1917 470 1972 nonnunquam
511 1901 564 1955 in
611 1918 672 1956 ea
717 1903 1003 1972 praesentia
1037 1901 1214 1956 famis.
1264 1903 1404 1956 Nam
1453 1903 1608 1956 adest
1637 1903 1686 1957 ei

68 1990 337 2044 nimirum
370 1990 658 2060 praesentia
688 1989 866 2056 famis,
901 2006 1024 2046 cum
1049 1991 1205 2045 adest
1235 1991 1284 2045 ei
1315 1991 1560 2046 absentia
1589 2007 1685 2061 pa-

74 2077 179 2133 nis.
205 2078 402 2150 Liceat
427 2079 695 2133 audenter
741 2079 922 2133 dicere
970 2079 1040 2132 ad
1088 2095 1204 2144 vos,
1238 2079 1362 2150 quia
1411 2096 1536 2134 cum
1584 2088 1684 2134 tae-

67 2167 219 2220 dium
268 2166 459 2221 cordis
489 2166 569 2236 (ut
599 2182 987 2238 nonnunquam
1035 2167 1354 2239 contingere
1387 2167 1546 2237 solet)
1578 2183 1681 2238 pro

71 2271 136 2309 eo
167 2255 320 2326 quod
352 2255 536 2309 multis
567 2255 802 2325 repletus
832 2255 1066 2310 miseriis
1111 2257 1273 2310 homo
1321 2272 1599 2328 nunquam
1630 2256 1686 2309 in

71 2344 266 2398 eodem
300 2353 468 2412 statu,
522 2351 805 2414 permanet
855 2351 907 2398 et
953 2351 1138 2414 torpor
1189 2344 1410 2413 spiritus
1459 2344 1512 2397 in
1561 2361 1684 2398 eum

71 2432 162 2503 qui
191 2431 413 2487 habitor
447 2439 530 2486 est
573 2432 727 2486 cella}
775 2432 968 2497 irruit;
1003 2441 1129 2487 tunc
1177 2432 1430 2486 nimirum
1475 2432 1530 2486 in
1577 2434 1682 2488 Bc-

73 2520 276 2574 thleem
310 2520 488 2575 fames
520 2519 592 2573 fit.
654 2521 1038 2575 Verumtamen
1070 2537 1180 2575 non
1211 2521 1527 2591 egrediatur
1557 2537 1684 2591 pro-

68 2617 190 2678 pter
249 2609 394 2663 hanc
448 2608 644 2663 famem
692 2609 962 2679 (consulo)
1006 2609 1074 2664 de
1121 2610 1398 2663 Bethleem
1447 2609 1679 2676 Noemi;

72 2697 167 2751 sed
220 2697 359 2751 sciat
409 2697 536 2768 quia
584 2704 708 2768 post
753 2704 967 2767 tempus
1009 2697 1224 2768 inopiae,
1260 2698 1438 2752 veniat
1471 2705 1682 2767 tempus

75 2785 442 2839 abundantiae.
477 2784 632 2853 Quod
664 2784 708 2838 si
737 2800 964 2855 egressa
995 2784 1172 2850 fuerit,
1209 2785 1341 2839 sciat
1371 2802 1430 2840 se
1463 2802 1682 2858 regres-

76 2889 256 2926 suram
306 2873 532 2928 omnino
580 2889 856 2939 amaram;
908 2882 961 2928 et
991 2874 1154 2944 (sicut
1201 2875 1268 2928 de
1300 2890 1358 2928 se
1403 2874 1533 2928 dicit
1562 2875 1682 2943 ipsa

75 2961 289 3032 Noemi)
353 2969 658 3016 revertetur
728 2977 920 3027 vacua,
973 2979 1092 3032 quae
1124 2978 1345 3032 egressa
1371 2961 1467 3016 fuit
1497 2962 1675 3032 plena.

75 3051 142 3103 Et
189 3066 254 3105 eo
298 3050 524 3106 accedet
571 3051 692 3117 hoc,
745 3059 802 3104 ut
831 3050 1062 3121 ipsamet
1110 3067 1168 3105 se
1193 3050 1419 3118 judicet,
1470 3066 1580 3106 non
1611 3051 1678 3104 de

76 3146 272 3193 caetero
298 3139 497 3194 Noemi
545 3138 867 3204 vocandam,
922 3139 1018 3193 sed
1048 3139 1227 3209 potius
1276 3140 1481 3193 Marah.
1533 3140 1680 3194 Ecce

1788 1901 1957 1956 David
1988 1902 2171 1956 illicite
2204 1903 2566 1972 concupisset,
2601 1903 2704 1956 nisi
2734 1919 2856 1957 eam
2899 1904 3148 1974 primitus
3178 1904 3392 1959 incaute

1787 1989 2032 2044 vidisset.
2069 1992 2137 2044 Et
2186 1992 2450 2045 dormivit
2499 2008 2628 2046 cum
2657 2009 2762 2057 ea;
2794 1993 2935 2046 haud
2984 1992 3228 2058 dubium,
3265 1993 3391 2064 quin

1789 2078 2005 2132 Sichem
2035 2094 2160 2134 cum
2202 2079 2358 2133 Dina.
2393 2077 2553 2146 Quod
2583 2095 2691 2134 non
2723 2088 2805 2134 est
2834 2081 2999 2147 aliud,
3034 2081 3138 2134 nisi
3170 2081 3392 2136 mollem

1785 2167 1929 2221 hunc
1973 2175 2025 2221 et
2071 2167 2416 2234 dissolutum,
2450 2176 2611 2239 atque
2660 2169 2947 2238 dissipanti
2979 2169 3252 2238 similem,
3302 2171 3394 2241 qui

1785 2255 2131 2310 temerariam
2161 2257 2229 2310 de
2261 2256 2402 2312 cella
2419 2272 2529 2311 non
2559 2257 2745 2310 vitavit
2773 2257 3151 2329 egressionem
3177 2276 3192 2324 ;
3216 2258 3388 2324 carni,

1786 2343 1990 2398 mundo
2023 2359 2086 2399 ac
2117 2344 2337 2398 diabolo
2369 2344 2750 2399 damnabiliter
2779 2345 3190 2411 consentiendo,
3225 2346 3390 2401 illici-

1785 2440 1895 2486 tam
1926 2433 1994 2486 ad
2026 2448 2084 2487 se
2116 2441 2167 2486 et
2197 2433 2251 2486 in
2275 2449 2334 2487 se
2376 2433 2657 2487 admittere
2703 2433 3061 2498 suavitatem;
3096 2449 3196 2504 per
3238 2435 3390 2502 cujus

1784 2519 2206 2589 experientiam,
2258 2520 2335 2573 ad
2393 2529 2654 2576 aeternam
2711 2521 2984 2592 pertingat
3030 2522 3389 2592 perditionem

1785 2606 1937 2678 [Par.
1971 2607 2415 2679 damnationem].
2447 2611 2514 2665 Ut
2545 2610 2870 2680 opprime-ns
2901 2612 3198 2680 virginem.
3221 2611 3384 2675 Ecce,

1783 2695 1906 2765 quia
1937 2704 2061 2750 ante
2091 2711 2378 2765 egressum
2409 2696 2562 2766 virgo
2595 2696 2712 2762 fuit,
2747 2705 2867 2766 post
2915 2713 3046 2751 vero
3093 2707 3377 2767 corrupta.

1786 2783 1926 2851 Quid
1958 2783 2100 2838 enim
2131 2793 2211 2837 est
2242 2800 2360 2838 eam
2392 2784 2646 2854 opprimi,
2682 2785 2786 2838 nisi
2833 2785 3152 2855 corrumpi?
3183 2787 3386 2840 Verum

1785 2889 1904 2942 qua:
1935 2881 2017 2925 est
2047 2888 2309 2942 oppressa
2337 2873 2410 2937 vi,
2445 2880 2589 2942 patet
2628 2873 2882 2927 nimirum
2931 2874 3054 2944 quia
3105 2889 3212 2928 non
3263 2875 3388 2928 ideo

1784 2961 2003 3030 quidem
2034 2969 2090 3014 ut
2117 2961 2513 3030 opprimeretur
2559 2977 2783 3031 egressa
2826 2971 2942 3027 est;
2975 2969 3211 3017 attamen
3261 2962 3387 3034 quia

1783 3049 2130 3102 temerariam
2176 3049 2396 3103 admisit
2437 3050 2828 3119 egressionem,
2883 3051 3010 3121 quia
3041 3051 3112 3104 ad
3141 3050 3386 3106 illicitam

1781 3137 2037 3206 aspiravit
2066 3137 2352 3201 visionem,
2387 3153 2451 3191 ex
2485 3138 2584 3191 hac
2631 3138 2847 3209 gemina
2880 3138 3041 3208 culpa
3070 3154 3191 3209 qua;
3236 3154 3386 3208 prae-

77 3227 200 3296 quia
231 3227 323 3281 ubi
371 3227 665 3298 aliquando
706 3202 1071 3297 pulchritudo,
1100 3228 1214 3296 jam
1247 3227 1320 3281 ibi
1349 3227 1674 3282 amaritudo.
1705 3202 1749 3261 Ο
1782 3202 1966 3294 cessit,
2000 3225 2166 3295 digna
2197 3224 2293 3279 fuit
2319 3233 2372 3279 et
2402 3225 2612 3291 meruit,
2633 3202 2702 3278 iit
2733 3234 2783 3280 et
2814 3202 3112 3297 illam—quae
3142 3202 3256 3280 non
3278 3234 3386 3280 tam

78 3315 330 3370 Similiter
377 3331 514 3371 vero
541 3315 634 3369 ubi
682 3317 884 3370 dudum
915 3315 1212 3386 plenitudo,
1247 3315 1321 3369 ibi
1341 3316 1457 3384 jam
1489 3315 1680 3371 vacui-

79 3410 156 3456 tas
186 3411 288 3458 est.
325 3405 395 3458 Et
427 3411 537 3458 tam
567 3404 772 3476 magni,
806 3411 1023 3474 tamque
1052 3403 1326 3458 horribilis
1357 3403 1487 3458 mali
1515 3419 1681 3459 causa

78 3498 172 3556 est,
206 3492 326 3547 sola
356 3492 452 3546 illa
482 3509 601 3564 quae
628 3493 777 3561 juxta
807 3493 950 3548 hunc
993 3508 1214 3547 sensum
1243 3492 1490 3562 egressio
1537 3491 1681 3574 facta

80 3587 178 3633 es"
628 3651 1023 3708 CAPITULUM
1053 3652 1124 3707 Χ.

79 3775 148 3829 De
178 3792 237 3832 eo
277 3778 422 3849 quod
468 3778 614 3833 cella
643 3776 710 3831 ab
741 3793 801 3832 eo
822 3777 916 3848 qui
937 3775 1418 3849 illamrinhabitat
1460 3777 1678 3847 jugiter

145 3848 388 3902 tenenda
419 3853 503 3920 est
527 3868 543 3903 :
565 3853 622 3903 et
649 3849 791 3920 quod
820 3849 871 3902 ei
899 3848 1217 3918 periculum
1250 3849 1474 3903 eveniat
1508 3848 1557 3902 si
1590 3851 1676 3902 te-

153 3921 398 3974 merarie
428 3919 496 3973 ab
529 3935 595 3974 ea
623 3919 802 3989 fuerit
833 3934 1109 3988 egressus.

151 4023 412 4092 Quaedam
441 4025 510 4079 de
537 4025 673 4080 cella
703 4023 957 4090 diximus,
993 4032 1045 4078 et
1074 4023 1219 4095 quod
1250 4023 1299 4078 ei
1329 4024 1420 4096 qui
1449 4039 1568 4078 eam
1598 4023 1682 4077 in-

83 4111 299 4178 habitat,
333 4113 556 4168 omnino
599 4129 707 4168 non
753 4112 973 4182 expedit
1004 4120 1060 4166 ut
1091 4112 1252 4166 nimis
1300 4111 1581 4182 pueriliter
1611 4113 1680 4167 de

85 4215 144 4252 ea
173 4201 482 4271 egrediatur
506 4221 520 4269 ;
544 4210 596 4256 et
629 4217 885 4273 egressus
909 4201 1076 4273 (quod
1109 4209 1290 4254 tamen
1321 4215 1470 4264 raro,
1490 4207 1541 4253 et
1571 4215 1681 4253 non

84 4286 182 4340 nisi
229 4289 578 4345 rationalibus
628 4306 692 4344 ex
725 4289 907 4344 causis
955 4289 1270 4360 contingere
1302 4288 1486 4357 debet)
1519 4287 1680 4341 nimis

88 4378 368 4432 temeraria
415 4377 706 4449 vagatione
754 4385 908 4432 extra
940 4393 1061 4431 eam
1089 4377 1419 4431 demoretur.
1456 4377 1593 4429 Nam
1623 4383 1680 4428 ut

86 4465 430 4520 ostendamus
458 4483 602 4522 nunc
639 4466 873 4538 plenius,
909 4464 1046 4520 sicut
1068 4465 1182 4533 jam
1213 4480 1278 4519 ex
1310 4472 1466 4534 parte
1489 4471 1678 4518 osten-

1782 3314 2046 3368 successit
2076 3329 2242 3384 quam
2281 3313 2533 3380 accessit,
2566 3313 2694 3369 licet
2737 3314 3049 3380 violentam,
3085 3314 3390 3370 incurreret

1782 3402 2220 3472 oppressionem.
2242 3401 2352 3456 Sed
2376 3403 2492 3471 jam
2521 3402 2588 3456 de
2618 3401 2723 3455 ista
2754 3402 2834 3457 sic
2866 3417 3112 3472 egressa,
3134 3402 3214 3457 sic
3245 3402 3383 3467 visa,

1782 3486 1863 3540 sic
1916 3486 2188 3551 adamata,
2237 3485 2315 3541 sic
2363 3494 2635 3556 corrupta,
2669 3486 2747 3540 sic
2777 3493 2829 3540 et
2860 3501 3127 3556 oppressa
3173 3487 3304 3557 quid
3333 3486 3390 3539 in

1780 3573 1888 3629 fine
1906 3574 2036 3630 dicit
2054 3574 2278 3628 historia
2294 3574 2320 3627 ?
2340 3575 2484 3629 Ecce
2515 3573 2782 3628 advertite
2808 3591 2820 3627 :
2852 3577 3195 3645 Tristemque
3226 3574 3387 3629 blan-

1780 3663 1938 3718 ditiis
1971 3663 2250 3718 delinivit.
2283 3663 2350 3717 Et
2379 3678 2507 3718 ecce
2539 3663 2662 3733 quia
2701 3663 2841 3717 Dina
2869 3662 3088 3733 quidem
3121 3662 3383 3727 tristatur,

1781 3751 1878 3806 sed
1910 3751 2188 3806 blanditiis
2219 3767 2338 3806 eam
2367 3759 2652 3820 corruptor
2683 3751 2798 3819 ejus
2828 3759 2881 3805 et
2908 3765 3203 3820 oppressor
3245 3750 3388 3804 deli-

1781 3839 1898 3894 nire
1929 3848 2170 3895 conatur.
2203 3841 2272 3894 Et
2300 3841 2416 3894 haec
2445 3848 2526 3894 est
2557 3838 2866 3894 seductoria
2896 3855 3019 3901 vox,
3046 3855 3149 3909 qua
3177 3838 3390 3893 tristem

1781 3928 2011 3982 delinire
2041 3929 2238 3982 studet.
2275 3928 2456 3997 Quare
2503 3927 2670 3982 tristis
2702 3936 2782 3982 est
2832 3928 3013 3981 anima
3043 3935 3134 3980 tua
3163 3942 3194 3981 ο
3227 3927 3388 3994 Dina,

1781 4023 1835 4070 et
1861 4033 2031 4088 quare
2051 4017 2281 4086 teipsam
2304 4017 2600 4071 conturbas
2621 4018 2648 4071 ?
2675 4017 2820 4070 Num
2843 4016 2996 4070 doles
3015 4015 3142 4086 quia
3165 4031 3392 4085 egressa

1782 4121 1841 4159 es
1862 4105 1889 4158 ?
1919 4105 2049 4175 quid
2079 4104 2351 4175 deliquisti
2382 4105 2436 4158 in
2480 4105 2583 4159 hoc
2606 4105 2633 4159 ?
2665 4105 2810 4175 quod
2860 4111 3258 4159 sacramentum
3309 4112 3392 4158 est

1781 4201 1837 4247 ut
1869 4193 2062 4247 sedeas
2092 4193 2205 4247 sola
2235 4192 2289 4246 in
2321 4178 2484 4248 domo
2513 4192 2721 4248 inclusa
2744 4194 2771 4246 ‘P
2803 4191 2936 4260 Qua:
2963 4192 3067 4245 ista
3096 4191 3308 4261 religio,
3344 4191 3391 4246 si

1782 4289 1964 4335 tamen
1994 4280 2207 4352 religio,
2228 4289 2287 4334 ut
2316 4289 2472 4335 nocte
2502 4296 2567 4334 ac
2597 4280 2685 4334 die
2711 4279 2826 4334 sala
2847 4294 3069 4333 maneas
3099 4278 3153 4331 in
3184 4279 3394 4333 domo?

1784 4387 1905 4441 quae
1936 4368 2228 4423 auctoritas
2258 4368 2382 4421 talis
2414 4367 2697 4439 religionis
2718 4367 2744 4420 ξ)
2775 4368 2916 4420 Num
2945 4382 3065 4421 eam
3089 4367 3279 4420 beatus
3308 4365 3392 4420 in-

1783 4458 1951 4523 stituit
1997 4456 2369 4512 Benedictus?
2398 4457 2538 4509 Num
2587 4471 2818 4524 magnus
2868 4455 2958 4509 ille
3008 4453 3392 4524 Augustinus?

87 4550 276 4622 dimus,
311 4572 473 4627 quam
505 4555 810 4622 periculosa
840 4553 962 4607 talis
992 4553 1236 4625 egressio
1268 4553 1373 4617 sit;
1398 4567 1527 4607 ecce
1557 4551 1680 4622 quia
1703 4559 1755 4616 1)
1786 4549 2005 4616 Ergone
2049 4545 2292 4615 religiosi
2332 4553 2386 4599 et
2433 4544 2602 4598 sancti
2651 4559 2760 4598 non
2808 4551 2933 4596 sunt
2981 4541 3386 4607 Cluniacenses,

87 4655 243 4695 verax
273 4643 500 4699 historia
522 4643 669 4711 dicit,
687 4643 832 4715 quod
855 4643 991 4696 Dina
1010 4657 1234 4714 egressa
1264 4648 1366 4709 est,
1383 4648 1434 4695 et
1456 4655 1684 4712 egressa

88 4735 165 4780 est
195 4738 247 4783 ut
275 4732 503 4798 videret,
529 4748 637 4787 non
669 4731 886 4803 quidem
917 4731 1083 4798 viros,
1109 4730 1204 4784 sed
1235 4729 1491 4783 mulieres
1519 4729 1679 4798 (Gen.

87 4829 282 4884 xxxxv,
313 4825 390 4889 2),
424 4830 478 4876 et
507 4821 626 4892 ipsa
656 4821 876 4891 quidem
906 4819 1121 4875 mulier.
1150 4819 1264 4873 Nec
1297 4819 1525 4883 mirum;
1558 4833 1683 4870 nam

87 4903 246 4976 vulgo
275 4907 471 4964 dicitur
505 4925 516 4963 :
551 4908 753 4963 Similis
789 4907 1022 4962 similem
1050 4907 1279 4978 quaerit;
1315 4905 1683 4960 testimonium

91 4989 187 5046 hoc
219 5011 405 5051 verum
437 5005 537 5052 est.
571 4999 638 5052 Et
667 4997 796 5069 quid
818 4996 1117 5066 accipimus
1147 5012 1247 5066 per
1268 4995 1550 5050 mulierem
1582 4993 1683 5047 nisi

92 5081 412 5139 mollitiem?
441 5087 564 5141 Non
614 5085 756 5140 enim
809 5100 953 5140 nunc
1000 5084 1053 5138 in
1084 5100 1274 5138 sexum
1321 5084 1554 5154 agimus,
1588 5083 1684 5136 sed

97 5182 208 5235 quae
254 5170 340 5226 illa
371 5174 457 5241 sit,
493 5191 611 5246 quae
660 5190 759 5245 per
787 5173 1089 5227 naturalem
1138 5173 1256 5240 ejus
1301 5172 1476 5242 accipi
1507 5177 1685 5241 potest

95 5252 467 5329 infirmitatem,
494 5263 775 5333 utriusque
805 5278 970 5315 sexus
996 5260 1248 5314 debilitas
1280 5259 1684 5332 reprehensibi-

99 5339 159 5394 lis
187 5355 413 5404 notatur.
449 5351 640 5407 Omnis
669 5350 834 5423 igitur
863 5349 954 5420 qui
975 5349 1478 5418 reprehensibiliter
1505 5347 1685 5400 mollis

97 5438 191 5500 est,
218 5433 364 5500 juxta
397 5439 686 5510 quemdam
718 5453 933 5510 quoque
964 5437 1185 5491 modum
1218 5438 1409 5491 mulier
1439 5443 1520 5490 est
1547 5451 1558 5488 :
1585 5434 1685 5489 etsi

100 5531 198 5571 non
246 5528 553 5582 naturaliter
594 5536 857 5598 quantum
887 5525 955 5579 ad
1001 5541 1209 5590 sexum,
1262 5534 1440 5579 tamen
1489 5540 1684 5594 repre-

100 5603 422 5670 hensibiliter
464 5623 720 5688 quantum
769 5615 840 5670 ad
883 5621 1085 5670 actum.
1138 5614 1279 5669 Dicit
1319 5598 1453 5670 sane
1483 5612 1561 5667 vir
1593 5627 1684 5665 sa-

1785 4635 2197 4697 Cistercienses,
2231 4642 2282 4688 et
2307 4633 2398 4686 alii
2446 4632 2794 4703 quamplures
2825 4630 3048 4684 ordines
3080 4629 3173 4699 qui
3221 4629 3386 4683 talem

1784 4724 1950 4778 vitam
1981 4739 2090 4777 non
2117 4722 2366 4776 ducunt?
2394 4722 2461 4774 Et
2491 4721 2537 4774 si
2567 4721 2671 4774 hoc
2699 4718 2945 4773 fortassis
2979 4718 3033 4771 in
3065 4717 3388 4788 quibusdam

1783 4812 1902 4866 aliis
1932 4810 2213 4866 tolerabile
2244 4818 2346 4875 est,
2372 4809 2469 4864 sed
2497 4809 2552 4862 in
2585 4816 2637 4862 te
2667 4822 3014 4878 nequaquam
3037 4821 3157 4876 quae
3177 4805 3299 4859 talis
3326 4821 3392 4861 ac

1785 4909 1930 4955 tanta
1981 4917 2059 4954 es.
2107 4899 2360 4952 Abundat
2404 4912 2637 4967 namque
2683 4896 2738 4950 in
2783 4904 2833 4949 te
2883 4911 2996 4965 prae
3044 4893 3226 4948 multis
3269 4893 3390 4949 aliis

1787 4988 2013 5045 scientia
2055 4986 2341 5057 profunda,
2392 4984 2703 5057 eloquentia
2746 4983 2937 5048 nitida,
2987 4997 3214 5038 acumen
3257 4997 3390 5037 sen-

1785 5077 1952 5132 tiendi
1981 5076 2036 5129 in
2067 5075 2249 5138 corde,
2284 5075 2510 5130 verbum
2540 5072 2857 5128 eruditionis
2898 5071 2950 5125 in
2983 5087 3098 5125 ore.
3132 5069 3267 5137 Quae
3300 5078 3390 5124 ta-

1787 5183 1910 5220 men
1958 5165 2157 5218 utilitas
2202 5164 2255 5217 iu
2301 5164 2555 5218 omnibus
2602 5161 2734 5216 his?
2777 5161 2917 5214 Nam
2979 5159 3227 5213 universa
3271 5159 3392 5215 hinc

1785 5253 2102 5308 abscondita
2133 5260 2276 5306 sunt.
2312 5251 2594 5305 Manifesta
2623 5265 2758 5321 ergo
2790 5257 2840 5303 te
2871 5249 3092 5313 mundo,
3118 5253 3306 5301 ctesto
3338 5246 3394 5301 in

1785 5342 2009 5405 mundo,
2044 5341 2097 5394 in
2129 5357 2256 5411 quo,
2290 5343 2336 5392 si
2365 5340 2466 5408 vis,
2498 5340 2574 5392 ita
2604 5353 2727 5393 esse
2757 5345 2933 5407 potes,
2965 5343 3021 5388 ut
3054 5351 3164 5390 non
3212 5334 3289 5388 sis
3318 5335 3389 5390 de

1785 5430 2008 5483 mundo.
2040 5428 2166 5482 Noli
2197 5428 2374 5498 itaque
2404 5426 2603 5480 diutius
2634 5424 2836 5479 includi
2868 5424 2922 5476 in
2973 5423 3136 5477 domo
3162 5440 3176 5487 ;
3209 5422 3391 5477 sciens

1786 5517 1952 5571 multo
1983 5516 2078 5570 tibi
2105 5531 2228 5570 esse
2257 5514 2438 5568 utilius
2459 5521 2512 5568 et
2542 5511 2889 5576 fructuosius,
2917 5519 2971 5564 ut
3000 5519 3180 5564 tecum
3211 5509 3392 5564 salves

1788 5605 2002 5670 multos,
2035 5619 2200 5676 quam
2220 5611 2272 5658 te
2289 5603 2478 5660 solam.
2515 5603 2612 5655 [iis
2640 5600 2861 5676 quidem
2881 5597 3263 5657 blandimentis
3291 5598 3389 5652 de-
