3938 6426
515 420 618 473 819

1384 414 1724 472 GUIGONIS
1764 415 1811 469 II
1849 408 2254 468 CARTHUSIE
2293 408 2586 465 MAJORIS
2622 408 2924 467 PRIORIS.

3699 416 3784 468 820

507 540 660 595 linita
689 541 852 595 stulta
894 541 1030 607 haec,
1064 541 1401 596 seductorios
1451 540 1683 595 libenter
1726 539 1875 593 audit
1915 544 2103 594 cantus
2123 535 2181 599 Α
2208 534 2390 589 Aderit
2429 542 2575 589 certe
2607 550 2671 589 ex
2701 550 2851 589 more
2882 535 2999 590 sine
3044 550 3219 602 mora,
3252 535 3414 591 Pater
3458 534 3549 590 ille
3582 535 3782 590 miseri-

511 629 744 693 sirenze;
774 644 875 684 nec
905 629 1079 684 salvat
1100 630 1211 698 jam
1242 628 1498 700 aliquem,
1533 629 1757 698 insuper
1786 635 1838 682 et
1868 627 2106 697 seipsam

508 716 706 787 perdit.
736 718 880 772 Ecce
910 733 1031 788 quae
1060 726 1114 772 et
1143 717 1339 788 qualia,
1360 725 1491 789 quot
1519 726 1570 771 et
1600 724 1797 787 quanta
1827 715 1972 769 mala
1996 716 2105 783 jam

508 804 735 860 incurrit
784 821 903 875 qua:
933 814 1138 860 temere
1186 821 1413 877 egressa
1453 804 1568 859 fuit.
1604 805 1740 857 Nam
1784 804 1962 858 omnia
1991 804 2105 858 haec

509 908 630 962 quae
659 892 805 947 dicta
836 900 960 946 sunt
988 892 1056 947 de
1087 893 1244 961 Dina,
1262 893 1331 948 ad
1352 909 1475 947 eum
1504 891 1790 946 referimus
1810 891 1902 963 qui
1931 891 2107 946 curio-

508 979 664 1034 sitate
710 980 871 1034 nimis
934 981 1247 1048 temeraria,
1296 990 1347 1036 et
1395 980 1695 1035 temeritate
1756 979 2105 1035 nihilominus

507 1067 743 1135 curiosa,
790 1074 901 1123 tam
948 1076 1130 1124 mente
1178 1084 1339 1141 quam
1406 1084 1637 1139 corpore
1691 1068 1969 1140 egreditur
2036 1068 2105 1122 de

504 1154 662 1211 cella.

1039 1307 1242 1363 CAPIT
1245 1308 1433 1364 ULUM
1463 1308 1558 1363 XI.

505 1442 821 1523 Damag-nis
840 1441 1148 1523 multisque
1162 1440 1457 1523 periculis,
1468 1457 1589 1512 qua:
1607 1441 1708 1523 ille
1728 1440 1995 1523 incurrit,
2009 1442 2105 1511 qui

581 1510 865 1567 habitator
893 1515 979 1567 est
1008 1510 1185 1575 cellae,
1209 1516 1265 1565 et
1294 1512 1361 1565 de
1390 1510 1495 1565 illa
1524 1512 1673 1565 male
1695 1511 1837 1575 exit,
1863 1514 1919 1564 et
1947 1510 2102 1564 de’eo

579 1582 723 1655 quod
760 1598 1025 1655 magnam
1064 1582 1274 1655 animo:
1317 1585 1531 1655 sanctae
1584 1583 1807 1655 confert
1857 1580 2102 1650 quietem

575 1651 747 1725 plena
776 1651 1137 1723 ac'perfecta
1183 1652 1421 1723 abjectio
1472 1651 1838 1706 saecularium
1886 1667 2099 1705 rerum.

577 1785 781 1855 Itaque,
814 1790 871 1838 ut
901 1783 1185 1854 Scriptura
1214 1782 1360 1849 dicit,
1396 1798 1625 1854 egressa
1655 1790 1737 1837 est
1765 1781 1921 1851 Dina,
1953 1790 2007 1837 et
2034 1782 2103 1836 ad

505 1874 608 1928 hoc
637 1888 862 1945 egressa
909 1879 991 1927 est
1020 1880 1077 1926 ut
1106 1871 1330 1927 videret.
1363 1872 1607 1941 Egressa
1650 1886 1781 1927 vero
1808 1871 1877 1925 ad
1908 1870 2101 1926 viven-
2123 1889 2173 1949 Β

506 1961 654 2026 dum,
687 1968 740 2015 et
759 1960 879 2030 ipsa
900 1960 973 2014 ad
991 1976 1246 2032 magnum
1275 1959 1475 2014 malum
1498 1975 1653 2014 suum
1674 1959 1790 2015 visa
1811 1966 1912 2014 est.
1935 1960 2100 2014 Porro

504 2049 639 2113 visa,
673 2048 831 2103 etiam
861 2056 941 2103 est
977 2047 1245 2103 adamata.
1278 2047 1369 2104 Sic
1398 2048 1557 2103 etiam
1604 2047 1858 2101 adamata
1904 2063 2100 2103 corm-

506 2137 745 2207 ptionem
776 2151 930 2191 suam
959 2135 1248 2202 sustinuit;
1280 2136 1349 2190 ad
1380 2151 1544 2207 quam
1573 2135 1790 2207 quidem
1823 2134 2100 2191 coactione

505 2224 736 2296 quadam
767 2223 1023 2291 violenta,
1056 2223 1302 2279 fortassis
1332 2231 1515 2278 tamen
1545 2223 1846 2278 voluntaria
1874 2230 2101 2279 attracta

507 2312 623 2367 fuit.
661 2311 908 2367 Carnalis
938 2312 1139 2367 etenim
1186 2311 1474 2367 delectatio
1504 2311 1560 2365 in
1587 2327 1752 2367 causa
1790 2311 1905 2380 fuit,
1954 2311 2101 2383 quod

506 2401 584 2456 sic
613 2400 756 2455 trahi
784 2399 956 2471 potuit
982 2418 995 2466 ;
1028 2407 1081 2454 et
1108 2398 1234 2454 ideo
1280 2399 1453 2470 potuit
1479 2399 1605 2471 quia
1634 2415 1741 2455 non
1770 2400 1931 2454 nimis
1960 2400 2098 2456 forte

505 2488 720 2555 restitit,
754 2503 857 2543 nec
898 2487 1175 2543 voluntate
1219 2487 1381 2558 plena
1424 2487 1767 2543 contradixit.
1819 2487 2098 2559 Siquidem

502 2578 595 2632 diu
617 2584 698 2632 est
720 2593 785 2631 ex
806 2592 914 2648 quo
932 2575 1169 2646 primum
1185 2576 1388 2631 dictum
1406 2583 1488 2631 est
1512 2594 1525 2629 :
1555 2576 1747 2632 Trahit
1776 2593 1881 2632 sua
1911 2593 2100 2649 quem-

503 2682 607 2739 que
639 2666 913 2737 voluptas.
945 2665 1013 2719 Et
1042 2680 1110 2719 ne
1140 2672 1263 2734 post
1293 2665 1409 2719 haec
1438 2663 1637 2729 omnia,
1670 2664 1873 2719 misera
1902 2666 2017 2719 haec
2048 2673 2102 2720 et

502 2753 664 2808 stulta
690 2752 1095 2824 praevaricatrix
1124 2752 1320 2807 rediret
1367 2753 1437 2807 ad
1469 2767 1583 2820 cor,
1619 2760 1670 2807 et
1700 2754 2103 2808 contristaretur

503 2841 803 2897 secundum
833 2841 1006 2896 Deum
1036 2841 1104 2896 ad
1132 2840 1520 2911 pmnitentiam,
1555 2841 1711 2896 etiam
1742 2841 1909 2896 tristis
1938 2841 2099 2896 blan-

500 2930 647 2984 ditiis
675 2929 950 2985 delinitur.
986 2928 1032 2984 Ο
1055 2945 1220 3000 quam
1248 2944 1450 2999 magna
1479 2937 1532 2984 et
1549 2944 1711 3000 quam
1740 2928 1909 2984 multa
1925 2928 2096 2984 malal

500 3019 570 3073 Et
600 3034 789 3073 eorum
831 3017 1069 3072 omnium
1117 3033 1239 3088 quae
1282 3016 1381 3070 fuit
1423 3017 1642 3073 occasio
1690 3025 1743 3072 et
1790 3016 1968 3090 origo,
2015 3017 2102 3073 vel

503 3122 624 3176 quae
651 3121 819 3161 causa
837 3105 866 3159 ?
893 3105 1088 3176 Utique
1115 3105 1404 3159 temeraria
1433 3105 1679 3175 egressio
1708 3106 1822 3174 ejus
1846 3125 1859 3171 ;
1893 3105 2101 3160 nullum

507 3193 653 3249 enim
680 3194 875 3249 horum
904 3193 1174 3247 malorum
1194 3192 1526 3261 incurrisset,
1550 3193 1597 3247 si
1617 3210 1676 3248 se
1714 3193 1859 3248 intus
1898 3194 2100 3249 tenuis-
2125 3235 2171 3295 Ο

504 3289 607 3337 set.
643 3281 752 3337 Sed
782 3281 909 3352 quia
939 3281 1153 3337 curiose
1182 3281 1328 3351 exiit,
1363 3282 1434 3336 ad
1461 3283 1578 3337 haec
1607 3282 1746 3336 mala
1775 3282 2098 3337 damnabili-

426 3362 431 3366 ’
507 3378 591 3425 ter
618 3370 885 3441 pervenit.
916 3371 1077 3440 Nam,
1112 3370 1240 3441 quia
1286 3370 1576 3426 curiositas
1623 3370 1680 3425 in
1708 3387 1870 3426 causa
1918 3371 2015 3426 fuit
2044 3379 2103 3426 ut

506 3458 697 3528 exiret,
720 3474 821 3530 per
850 3459 954 3514 hoc
980 3457 1230 3513 nimirum
1258 3466 1426 3529 patet,
1461 3459 1607 3530 quia,
1631 3467 1768 3514 teste
1798 3460 2098 3530 Scriptura,

503 3547 572 3602 ad
604 3547 706 3603 hoc
736 3562 962 3618 egressa
990 3554 1073 3602 est
1101 3554 1161 3601 ut
1202 3547 1427 3602 videret.
1476 3548 1607 3602 Erat
1655 3555 1837 3603 autem
1880 3556 1933 3603 et
1978 3547 2102 3604 huic

505 3635 801 3692 curiositati
845 3635 1091 3706 voluptas
1150 3635 1422 3704 adjuncta,
1473 3635 1618 3707 quia.
1648 3650 1873 3707 egressa
1921 3644 2003 3691 est
2045 3644 2103 3691 ut

502 3723 717 3779 videret
757 3722 1037 3778 mulieres.
1071 3722 1117 3779 Ο
1148 3722 1432 3778 curiositas
1478 3739 1648 3794 supra
1694 3724 1916 3779 modum
1954 3726 2101 3795 peri-

504 3810 731 3867 culosa!
779 3811 920 3865 Nam
966 3810 1263 3881 pretiosum
1310 3810 1455 3866 foras
1519 3811 1824 3882 depositum
1871 3811 2104 3882 perdidit

509 3898 657 3970 quod
702 3913 977 3969 nunquam
1027 3905 1220 3968 postea
1263 3914 1591 3968 recuperare
1637 3899 1811 3970 potuit
1866 3900 2101 3971 denique

507 3987 669 4059 virgo
699 3985 845 4052 exiit,
877 3994 931 4040 et
959 3993 1213 4057 corrupta
1244 3986 1435 4042 rediit:
1461 3987 1646 4058 sicque
1673 3988 1822 4042 illum
1856 3989 2101 4044 sublimis

506 4075 758 4146 puritatis
810 4082 1008 4129 statum
1054 4073 1205 4130 foras
1233 4092 1293 4130 se
1331 4075 1581 4131 amisisse
1608 4076 1806 4144 doluit,
1840 4078 1910 4132 ad
1939 4095 2102 4149 quem

507 4162 735 4218 ulterius
765 4162 1136 4218 conscendere
1166 4164 1426 4235 nequivit.
1463 4164 1552 4220 Sic
1582 4173 1635 4219 et
1679 4165 1888 4235 pilosus
1916 4165 2006 4221 ille
2036 4181 2103 4222 ac

506 4252 564 4306 in
594 4251 814 4307 modum
835 4250 993 4322 pellis
1016 4251 1262 4322 hispidus
1293 4254 1454 4322 (Gen.
1485 4254 1690 4323 xxv"),
1715 4253 1938 4308 nimiam
1968 4254 2102 4310 foris

503 4350 712 4390 moram
743 4334 968 4404 faciens,
1002 4351 1033 4388 a
1062 4335 1438 4391 benedictione
1469 4345 1693 4407 paterna
1724 4353 1782 4391 se
1812 4337 1939 4392 fecit
1963 4337 2101 4393 alie-

506 4439 657 4491 num,
675 4439 778 4478 nec
798 4423 868 4477 ad
899 4438 1017 4478 eam
1040 4424 1301 4495 deinceps
1327 4424 1500 4495 potuit
1515 4425 1822 4495 pervenire.
1860 4425 2101 4496 Cupiens

505 4512 650 4567 enim
682 4514 760 4581 (ut
787 4511 858 4565 ait
886 4512 1223 4583 Apostolus),
1258 4512 1594 4569 hereditaria
1633 4514 2097 4583 benedictionem,

2204 624 2529 692 cordiarum,
2579 631 2631 677 et
2679 624 2826 677 Deus
2873 624 3035 678 totius
3081 624 3487 694 consolationis,
3539 624 3633 696 qui
3679 634 3782 695 post

2204 713 2345 766 hanc
2373 718 2752 781 tempestatem
2797 712 3146 783 tranquillum
3175 712 3353 781 faciat,
3390 720 3440 766 et
3469 712 3709 767 nubilum
3735 714 3781 768 in

2205 816 2457 854 serenum
2486 808 2678 867 vertat,
2713 799 3035 854 confortabit
3064 800 3484 871 pusillanimem,
3517 800 3781 856 lastificans

2204 896 2474 954 moestum,
2508 887 2800 942 invalidum
2830 888 3107 957 roborans,
3144 896 3195 943 et
3223 889 3567 944 vacillantem
3597 889 3782 945 conﬁr-

2204 992 2376 1041 mans,
2412 983 2689 1030 nutantem
2721 976 2789 1029 ad
2823 976 3172 1031 stabilitatem
3224 977 3450 1042 ducens,
3496 985 3549 1032 et
3596 976 3782 1049 fugatis

2204 1064 2444 1135 undique
2474 1063 2667 1130 ventis,
2702 1063 2903 1118 sedatis
2932 1072 2985 1119 et
3030 1064 3305 1130 ﬂuctibus,
3339 1081 3492 1121 mare
3523 1067 3782 1121 turbidum

2203 1153 2258 1207 in
2302 1152 2577 1223 placidum
2607 1160 2659 1206 et
2701 1167 2951 1207 securum
2997 1153 3145 1207 littus
3188 1163 3543 1210 commutans.
3596 1157 3784 1211 Euntes

2203 1241 2432 1311 proinde
2461 1240 2651 1295 discite
2682 1241 2812 1311 quid
2842 1240 2910 1295 sit
2943 1256 2955 1295 :
2989 1242 3109 1313 Ipse
3137 1244 3280 1298 Deus
3326 1259 3502 1312 meus,
3539 1244 3786 1300 Salvator

2202 1344 2380 1395 meus,
2414 1329 2643 1400 adjutor
2681 1344 2858 1395 meus,
2893 1345 3007 1385 non
3054 1330 3333 1400 emigrabo
3363 1332 3539 1403 (Psal.
3572 1346 3684 1400 ιιι,
3714 1336 3782 1403 7).

2203 1416 2352 1471 Tunc
2381 1432 2477 1471 vos
2522 1417 2722 1471 arctius
2750 1416 2805 1471 in
2835 1417 2970 1473 cella
3018 1418 3358 1486 contineatis,
3410 1437 3530 1475 cum
3577 1421 3785 1492 aliquod

2202 1505 2258 1558 in
2286 1521 2348 1559 ea
2381 1503 2533 1570 forte,
2557 1513 2614 1558 ut
2642 1504 2862 1560 evenire
2892 1506 3212 1578 plerumque
3244 1507 3379 1562 solet
3405 1526 3419 1574 ;
3452 1509 3669 1564 mdium
3697 1526 3787 1565 vos

2203 1593 2470 1647 sustinere
2518 1592 2747 1647 sentitis.
2796 1593 3067 1650 Revocate
3097 1595 3164 1650 ad
3208 1596 3521 1651 memoriam
3549 1598 3677 1669 quia
3703 1598 3787 1653 illa

2200 1680 2401 1751 puella,
2452 1681 2681 1751 genitrix
2733 1681 2831 1736 Dei
2875 1682 3022 1736 salva
3071 1683 3373 1756 virginitate
3419 1702 3543 1740 mox
3593 1685 3784 1756 futura,

2201 1768 2344 1831 intus
2386 1768 2439 1823 in
2488 1769 2619 1839 ipsis
2666 1769 3035 1840 penetralibus
3082 1781 3161 1826 est
3211 1773 3450 1839 inventa,
3500 1776 3717 1845 quando
3760 1791 3789 1830 a

2202 1856 2459 1912 Gabriele
2483 1865 2564 1912 est
2592 1858 2826 1912 visitata.
2862 1859 2950 1915 Sic
2978 1859 3122 1914 enim
3136 1861 3317 1934 legitis
3345 1863 3665 1935 :Ingressus
3693 1882 3788 1919 an-

2201 1947 2360 2016 gelus
2389 1946 2461 2001 ad
2490 1963 2614 2003 eam
2645 1949 2799 2019 (Luc.
2830 1949 3002 2021 1,28).
3037 1949 3189 2004 Patet
3217 1950 3342 2022 quia
3372 1968 3476 2007 non
3498 1951 3664 2022 foras,
3698 1954 3789 2008 sed

2199 2034 2344 2088 intus
2374 2043 2510 2103 erat,
2543 2037 2615 2091 ad
2644 2054 2807 2108 quam
2828 2040 3055 2111 angelus
3084 2039 3188 2094 nisi
3212 2041 3609 2113 ingrederetur,
3641 2042 3787 2113 quasi

2198 2123 2384 2179 venire
2413 2141 2523 2179 non
2551 2134 2783 2196 poterat.
2814 2127 2923 2181 Sed
2952 2145 3014 2183 ex
3046 2129 3340 2184 abundanti
3373 2139 3473 2195 est,
3499 2148 3665 2202 super
3694 2132 3789 2187 hoc

2199 2228 2549 2268 commonere
2581 2230 2677 2268 vos
2702 2233 2716 2280 ;
2748 2214 2803 2269 in
2829 2216 2992 2286 pleno
3022 2233 3257 2289 namque
3278 2234 3341 2273 ac
3367 2218 3609 2289 perfecto
3641 2236 3791 2275 exer-

2199 2300 2325 2356 citio
2376 2300 2603 2356 istorum
2645 2304 2987 2373 praevenistis
3023 2313 3075 2360 et
3104 2322 3223 2375 nos,
3259 2314 3311 2361 et
3359 2324 3644 2363 sermones
3692 2324 3789 2363 no—

2199 2396 2362 2443 stros.
2397 2390 2523 2446 litec
2557 2399 2735 2445 tamen
2763 2391 2964 2448 idcirco
2986 2392 3247 2461 diximus,
3282 2404 3335 2451 ut
3367 2396 3485 2467 quis
3534 2396 3602 2450 sit
3633 2396 3688 2451 in
3718 2397 3790 2451 si-

2197 2477 2365 2533 lentio
2395 2486 2447 2532 et
2474 2479 2765 2534 solitudine
2795 2481 2946 2537 cellae
2973 2481 3176 2537 fructus
3204 2484 3514 2555 spiritualis,
3547 2502 3612 2540 ex
3644 2495 3792 2557 parte

2199 2565 2381 2637 aliqua
2408 2567 2564 2621 vobis
2582 2568 3017 2624 ostenderemus.
3052 2570 3183 2640 Quae
3204 2572 3355 2627 vobis
3382 2574 3600 2645 quidem
3621 2575 3791 2647 magis

2199 2655 2422 2725 antiqua
2453 2672 2610 2726 quam
2642 2673 2783 2712 nova
2814 2666 2973 2725 sunt;
3007 2667 3191 2730 utpote
3230 2678 3350 2732 quin
3376 2662 3487 2732 jam
3537 2679 3602 2717 ex
3632 2663 3794 2734 longo

2198 2750 2462 2813 tempore,
2495 2743 2712 2799 favente
2756 2746 3005 2816 Domino,
3041 2764 3139 2819 per
3178 2749 3364 2821 jugem
3408 2751 3794 2822 experientiam

2200 2830 2483 2886 didicistis.
2528 2832 2659 2887 Inde
2703 2842 2785 2888 est
2832 2836 2978 2906 quod
3024 2853 3185 2908 super
3229 2837 3311 2892 his
3360 2856 3460 2909 per
3506 2840 3794 2897 locutionis

2199 2928 2402 2975 nostra:
2450 2920 2809 2977 ministerium
2858 2924 3062 2978 erudiri
3124 2942 3233 2980 non
3289 2926 3565 2999 indigetis.
3631 2931 3794 2985 Porro

2200 3016 2430 3079 quantus
2460 3009 2514 3063 in
2545 3011 2703 3080 plena
2751 3012 2936 3067 szeculi
2963 3013 3267 3083 abjectione
3297 3024 3349 3070 et
3394 3033 3554 3089 quam
3583 3019 3795 3090 quietus

2201 3096 2267 3150 sit
2309 3097 2505 3153 animae
2549 3097 2770 3166 fructus,
2805 3109 2857 3155 et
2888 3101 3042 3172 quies
3089 3101 3383 3172 fructuosa,
3418 3106 3703 3163 evidenter
3732 3124 3795 3162 ex

2199 3186 2553 3253 multimodis,
2603 3204 2737 3259 quas
2780 3189 3063 3259 perferunt
3105 3193 3391 3263 angustiis,
3444 3194 3482 3248 ii
3513 3196 3605 3266 qui
3650 3196 3795 3253 curis

2199 3273 2341 3327 illius
2372 3282 2423 3329 et
2454 3274 2906 3332 sollicitudinibus
2935 3278 3302 3350 implicantur,
3334 3284 3676 3355 perpendere
3708 3302 3796 3340 va-

2198 3361 2393 3418 lemus.
2428 3364 2494 3417 Et
2524 3364 2648 3436 quia
2688 3365 2848 3420 nimis
2898 3367 3142 3440 longum,
3192 3369 3300 3425 imo
3331 3371 3668 3442 impossibile
3714 3383 3795 3430 est

2199 3450 2356 3505 nobis
2404 3452 2624 3507 easdem
2671 3454 2956 3525 angustias
3013 3456 3329 3531 singillatim
3376 3461 3686 3532 exprimere
3741 3464 3794 3518 in

2198 3539 2470 3608 praesenti,
2495 3558 2659 3596 unum
2680 3541 2811 3599 libet
2837 3559 2980 3600 nunc
3000 3546 3307 3617 exemplum
3329 3549 3461 3603 satis
3489 3566 3794 3623 congruum

2199 3642 2424 3697 ponere,
2474 3645 2575 3699 per
2620 3632 2765 3702 quod
2811 3641 3039 3703 possunt
3079 3634 3170 3705 qui
3214 3635 3480 3708 indigent,
3534 3647 3795 3710 quantum

2199 3716 2341 3771 inter
2370 3732 2558 3772 eorum
2588 3720 3018 3789 occupationem,
3042 3730 3096 3777 et
3125 3732 3438 3779 sanctorum
3472 3727 3565 3797 qui
3592 3728 3712 3783 Deo
3743 3727 3794 3781 in

2200 3804 2310 3859 otio
2340 3804 2457 3860 sine
2498 3806 2609 3861 otio
2659 3807 2921 3876 serviunt,
2970 3809 3131 3865 distet
3179 3811 3433 3883 quietem,
3481 3814 3790 3872 addiscere.

2198 3894 2344 3948 Ecce
2373 3893 2479 3963 ipsi
2508 3894 2693 3965 tepidi,
2729 3905 2781 3951 et
2810 3897 2878 3952 de
2909 3913 3004 3952 sua
3032 3898 3305 3956 multoties
3336 3901 3442 3956 vita
3473 3904 3685 3975 penitus
3714 3906 3795 3959 in-

2200 3981 2355 4047 certi,
2399 3982 2497 4037 sed
2527 3990 2579 4037 et
2608 3984 2754 4038 omni
2796 3985 3113 4058 plerumque
3155 4005 3252 4059 spe
3300 3988 3561 4058 frustrati,
3606 4002 3794 4049 contra

2199 4069 2468 4140 procellas
2486 4078 2883 4142 tempestatum,
2908 4083 3093 4130 contra
3115 4077 3345 4132 saevitias
3363 4079 3640 4147 ﬂuctuum,
3665 4097 3796 4137 con-

2199 4165 2283 4212 tra
2311 4158 2599 4214 violentias
2626 4169 2909 4216 ventorum
2939 4162 3102 4218 anxia
3130 4164 3401 4221 laborant.
3436 4168 3528 4222 Isti
3558 4185 3693 4225 vero
3724 4170 3793 4225 ab

2199 4245 2265 4299 iis
2295 4248 2568 4315 omnibus,
2604 4256 2654 4304 et
2683 4250 2897 4305 caeteris
2945 4269 3067 4324 quae
3113 4252 3168 4307 in
3211 4255 3352 4311 hunc
3398 4257 3618 4312 modum
3668 4268 3794 4313 sunt

2200 4334 2454 4405 periculis
2500 4352 2729 4406 prorsus
2759 4339 2942 4410 alieni,
2974 4342 3149 4397 securi
3177 4351 3229 4397 et
3274 4344 3401 4413 laeti,
3432 4345 3487 4399 in
3517 4363 3713 4401 serena
3745 4356 3796 4402 et

2200 4438 2416 4478 amoena
2446 4425 2855 4496 tranquillitate,
2888 4428 2942 4483 in
2986 4430 3274 4502 tranquilla
3305 4441 3355 4487 et
3393 4449 3610 4490 amcena
3640 4453 3794 4491 sere-

2200 4511 2385 4577 nitate,
2419 4512 2474 4566 in
2503 4529 2699 4568 serena
2744 4523 2796 4570 et
2825 4518 3115 4589 tranquilla
3158 4520 3466 4577 amoenitate
3513 4524 3794 4592 cujusdam

504 4600 836 4671 reprobatus
858 4604 960 4655 est.
984 4602 1102 4656 Non
1124 4602 1277 4656 enim
1300 4602 1379 4670 (ut
1399 4600 1544 4656 idem
1562 4601 1860 4672 subjungit)
1879 4595 2172 4658 invenitD
2199 4600 2556 4670 placidissimi
2600 4602 2794 4659 littoris
2841 4613 3003 4660 stant.
3050 4606 3095 4662 Ο
3145 4618 3400 4680 quantum
3449 4612 3794 4682 dispendium

501 4688 857 4759 pwnitentiw
889 4689 1091 4755 locum,
1112 4707 1434 4762 quanquam
1464 4707 1594 4746 cum
1624 4691 1889 4762 lacrymis
1918 4691 2103 4763 requi-

503 4777 665 4831 sisset
687 4792 813 4832 eam
833 4777 1013 4845 (Hebr.
1031 4793 1133 4831 xu.
1153 4779 1262 4849 l7).
1277 4779 1401 4833 Non
1414 4778 1595 4848 itaque
1608 4786 1666 4832 ut
1677 4778 1838 4851 longe
1852 4778 2101 4849 superius

502 4862 708 4919 dictum
737 4871 840 4931 est,
873 4864 1117 4935 egressio
1147 4865 1215 4919 de
1245 4865 1400 4931 cella,
1432 4865 1509 4919 illi
1536 4866 1627 4937 qui
1658 4866 1841 4937 aliquo
1872 4865 2013 4922 forte
2046 4866 2101 4921 in

506 4967 570 5005 ea
598 4967 990 5020 nonnunquam
1037 4952 1199 5006 taedio
1248 4952 1499 5019 afficitur,
1533 4953 1743 5008 confert
1772 4955 2101 5010 consolatio-

501 5054 647 5106 nem,
679 5039 777 5093 sed
805 5038 965 5093 infert
987 5038 1258 5108 duplicem
1280 5040 1689 5096 desolationem.
1713 5043 1781 5096 Et
1802 5042 1859 5097 fit
1880 5043 2098 5114 quidem

502 5126 608 5181 hoc
635 5125 705 5179 ad
734 5125 906 5180 instar
934 5126 1238 5197 hydropici,
1273 5127 1363 5199 qui
1393 5144 1502 5198 quo
1530 5129 1741 5185 avidius
1771 5131 1925 5200 bibit,
1951 5147 2015 5186 eo
2045 5139 2099 5186 et

499 5212 877 5269 vehementius
917 5213 973 5267 in
1015 5229 1075 5269 se
1117 5214 1260 5269 sitim
1305 5217 1572 5287 accendit,
1613 5226 1670 5273 ut
1712 5220 1816 5274 hoc
1862 5219 1931 5273 sit
1972 5235 2096 5274 eum

501 5299 736 5370 amplius
765 5299 916 5356 sitire
941 5319 955 5368 ;
986 5301 1216 5356 multum
1245 5303 1453 5359 bibere.
1488 5304 1630 5375 Quid
1663 5323 1797 5378 ergo
1827 5307 1954 5362 est?
1984 5307 2096 5362 Uti-

500 5404 605 5458 que
636 5402 761 5443 cum
790 5388 910 5459 quis
938 5390 1099 5445 taedio
1129 5407 1187 5446 se
1218 5393 1380 5447 sentit
1411 5392 1569 5461 affici,
1595 5395 1750 5465 quasi
1776 5410 1874 5465 pro
1903 5394 2094 5450 obside

494 5476 590 5531 (let
618 5492 818 5547 corpus
839 5494 994 5532 suum
1025 5479 1216 5550 parieti
1238 5481 1409 5548 cellae,
1433 5491 1486 5537 et
1505 5484 1573 5538 de
1604 5499 1832 5555 egressu
1852 5483 2094 5539 funditus

494 5579 602 5619 non
632 5566 878 5636 cogitans
911 5577 1155 5624 recurrat
1184 5571 1254 5625 ad
1284 5570 1604 5637 orationem,
1635 5571 1947 5639 lectionem,
1978 5589 2093 5628 me-

492 5651 843 5723 ditationem,
902 5663 1065 5731 atque
1127 5657 1197 5715 ad
1256 5658 1442 5714 utilem
1507 5659 1740 5733 aliquam
1801 5660 2088 5716 actionem.

2200 4689 2342 4758 apud
2372 4689 2514 4756 illos,
2549 4701 2805 4762 quantum
2834 4696 3216 4766 compendium
3246 4699 3389 4769 apud
3418 4699 3519 4755 isto
3551 4702 3643 4772 qui
3670 4712 3795 4757 sunt

2201 4785 2453 4849 tanquam
2481 4779 2615 4834 nihil
2661 4781 2924 4837 habentes
2954 4792 3007 4839 et
3035 4786 3219 4840 omnia
3264 4788 3627 4857 possidentes.
3681 4793 3793 4846 De-

2200 4876 2423 4936 sperant
2452 4883 2707 4940 namque,
2740 4886 2840 4927 nec
2887 4872 3027 4927 ultra
3050 4874 3163 4941 jam
3212 4874 3416 4943 vivunt,
3449 4878 3797 4952 gaudentque

2201 4955 2550 5011 vehementer
2578 4973 2641 5012 ex
2674 4958 2984 5016 inventione
3016 4963 3255 5033 sepulcri
3295 4965 3529 5037 eligente
3561 4984 3800 5040 suspen-

2198 5043 2346 5097 dium
2391 5044 2574 5099 anima
2620 5062 2829 5113 eorum,
2864 5057 2916 5103 et
2944 5059 3175 5106 mortem
3223 5053 3439 5108 ossibus
3480 5070 3713 5123 eorum;
3747 5065 3797 5111 et

2198 5130 2322 5187 ideo
2360 5132 2693 5189 dormientes
2743 5135 2918 5203 silent,
2952 5147 3003 5193 et
3033 5156 3225 5195 somno
3273 5157 3373 5196 suo
3422 5143 3793 5214 requiescunt,

2196 5219 2457 5275 malorum
2509 5221 2703 5278 timore
2750 5225 2985 5281 sublato.
3038 5227 3224 5283 Sciunt
3272 5229 3416 5284 enim
3464 5230 3518 5285 in
3552 5239 3795 5303 tempore

2196 5309 2483 5363 vacuitatis
2527 5311 2871 5368 scribendam
2903 5332 3025 5370 esse
3074 5317 3416 5388 sapientiam,
3448 5329 3500 5374 et
3529 5323 3675 5392 quod
3706 5322 3797 5394 qui

2195 5400 2497 5452 minoratur
2543 5407 2664 5454 actu
2710 5400 2826 5472 ipse
2856 5402 3094 5460 inveniet
3119 5421 3239 5461 eam
3276 5425 3287 5460 :
3322 5407 3509 5479 eisque
3543 5426 3667 5465 esse
3701 5428 3796 5464 va-

2158 5562 2163 5565 l
2194 5485 2448 5551 candum,
2482 5495 2536 5540 ut
2567 5489 2784 5544 videant
2829 5492 3020 5560 Deum,
3056 5494 3202 5565 quia.
3256 5496 3519 5551 Dominus
3566 5497 3688 5569 ipse
3717 5507 3799 5554 est

2194 5573 2361 5627 Deus.
2385 5574 2454 5627 Et
2476 5575 2600 5646 quia
2631 5578 2861 5649 abyssus
2891 5582 3032 5636 dicit
3051 5581 3119 5637 de
3141 5583 3411 5654 Sapientia
3436 5600 3447 5638 :
3473 5587 3593 5641 Non
3615 5593 3700 5642 est
3733 5591 3792 5642 in

2197 5665 2365 5729 me,et
2385 5678 2542 5719 mare
2566 5665 2977 5737 loquitur:Non
2995 5674 3077 5726 est
3095 5687 3315 5729 mecum
3338 5674 3456 5743 (Job
3468 5680 3706 5744 3.1va
3725 5678 3793 5745 ι).
