  <div class='ocr_page' id='page_1' title='image "/cluster/home/n/w/nwhite01/storage/ocr_20150623/153-154/uc1.31175019678096/416.png"; bbox 0 0 3938 6450; ppageno 0'>
   <div class='ocr_carea' id='block_1_1' title="bbox 230 367 338 421">
    <p class='ocr_par' dir='ltr' id='par_1_1' title="bbox 230 367 338 421">
     <span class='ocr_line' id='line_1_1' title="bbox 230 367 338 421; baseline 0 -2"><span class='ocrx_word' id='word_1_1' title='bbox 230 367 338 421; x_wconf 76' lang='grc'>821</span> 
     </span>
    </p>
   </div>
   <div class='ocr_carea' id='block_1_2' title="bbox 776 519 1325 577">
    <p class='ocr_par' dir='ltr' id='par_1_2' title="bbox 776 519 1325 577">
     <span class='ocr_line' id='line_1_2' title="bbox 776 519 1325 577; baseline 0.002 -2"><span class='ocrx_word' id='word_1_2' title='bbox 776 519 1174 577; x_wconf 82' lang='lat' dir='ltr'>CAPITULUM</span> <span class='ocrx_word' id='word_1_3' title='bbox 1202 521 1325 576; x_wconf 82' lang='lat' dir='ltr'>XII.</span> 
     </span>
    </p>
   </div>
   <div class='ocr_carea' id='block_1_3' title="bbox 245 661 1851 735">
    <p class='ocr_par' dir='ltr' id='par_1_3' title="bbox 245 661 1851 735">
     <span class='ocr_line' id='line_1_3' title="bbox 245 661 1851 735; baseline 0.004 -21"><span class='ocrx_word' id='word_1_4' title='bbox 245 661 328 715; x_wconf 85' lang='lat' dir='ltr'>De</span> <span class='ocrx_word' id='word_1_5' title='bbox 358 661 733 735; x_wconf 70' lang='lat' dir='ltr'>saecularium</span> <span class='ocrx_word' id='word_1_6' title='bbox 765 661 886 735; x_wconf 85' lang='lat' dir='ltr'>(cui</span> <span class='ocrx_word' id='word_1_7' title='bbox 915 664 1203 735; x_wconf 61' lang='lat' dir='ltr'>praecipue</span> <span class='ocrx_word' id='word_1_8' title='bbox 1241 663 1555 719; x_wconf 85' lang='lat' dir='ltr'>intendunt</span> <span class='ocrx_word' id='word_1_9' title='bbox 1601 665 1851 721; x_wconf 80' lang='lat' dir='ltr'>Cartha-</span> 
     </span>
    </p>
   </div>
   <div class='ocr_carea' id='block_1_4' title="bbox 317 733 1851 808">
    <p class='ocr_par' dir='ltr' id='par_1_4' title="bbox 317 733 1851 808">
     <span class='ocr_line' id='line_1_4' title="bbox 317 733 1851 808; baseline 0.004 -23"><span class='ocrx_word' id='word_1_10' title='bbox 317 733 556 808; x_wconf 80' lang='lat' dir='ltr'>sienses)</span> <span class='ocrx_word' id='word_1_11' title='bbox 587 734 973 808; x_wconf 76' lang='lat' dir='ltr'>negotiorum,</span> <span class='ocrx_word' id='word_1_12' title='bbox 1035 733 1106 790; x_wconf 53' lang='lat' dir='ltr'>et&#39;</span> <span class='ocrx_word' id='word_1_13' title='bbox 1134 735 1610 802; x_wconf 75' lang='lat' dir='ltr'>sollicitudinum,</span> <span class='ocrx_word' id='word_1_14' title='bbox 1644 740 1701 791; x_wconf 91' lang='lat' dir='ltr'>et</span> <span class='ocrx_word' id='word_1_15' title='bbox 1727 751 1851 808; x_wconf 87' lang='lat' dir='ltr'>pos-</span> 
     </span>
    </p>
   </div>
   <div class='ocr_carea' id='block_1_5' title="bbox 313 803 998 874">
    <p class='ocr_par' dir='ltr' id='par_1_5' title="bbox 313 803 998 874">
     <span class='ocr_line' id='line_1_5' title="bbox 313 803 998 874; baseline 0.006 -18"><span class='ocrx_word' id='word_1_16' title='bbox 313 803 633 858; x_wconf 83' lang='lat' dir='ltr'>sessionum</span> <span class='ocrx_word' id='word_1_17' title='bbox 662 803 998 874; x_wconf 87' lang='lat' dir='ltr'>abjectione.</span> 
     </span>
    </p>
   </div>
   <div class='ocr_carea' id='block_1_6' title="bbox 320 962 1851 1037">
    <p class='ocr_par' dir='ltr' id='par_1_6' title="bbox 320 962 1851 1037">
     <span class='ocr_line' id='line_1_6' title="bbox 320 962 1851 1037; baseline 0.003 -21"><span class='ocrx_word' id='word_1_18' title='bbox 320 963 473 1017; x_wconf 88' lang='lat' dir='ltr'>Ilanc</span> <span class='ocrx_word' id='word_1_19' title='bbox 502 962 725 1033; x_wconf 84' lang='lat' dir='ltr'>quidem</span> <span class='ocrx_word' id='word_1_20' title='bbox 753 978 786 1018; x_wconf 92' lang='lat' dir='ltr'>a</span> <span class='ocrx_word' id='word_1_21' title='bbox 816 964 1017 1020; x_wconf 66' lang='lat' dir='ltr'>saeculo</span> <span class='ocrx_word' id='word_1_22' title='bbox 1061 965 1499 1037; x_wconf 86' lang='lat' dir='ltr'>segregationem</span> <span class='ocrx_word' id='word_1_23' title='bbox 1544 981 1641 1022; x_wconf 91' lang='lat' dir='ltr'>vos</span> <span class='ocrx_word' id='word_1_24' title='bbox 1673 966 1851 1021; x_wconf 90' lang='lat' dir='ltr'>abun-</span> 
     </span>
    </p>
   </div>
   <div class='ocr_carea' id='block_1_7' title="bbox 244 1049 1853 1125">
    <p class='ocr_par' dir='ltr' id='par_1_7' title="bbox 244 1049 1853 1125">
     <span class='ocr_line' id='line_1_7' title="bbox 244 1049 1853 1125; baseline 0.004 -21"><span class='ocrx_word' id='word_1_25' title='bbox 244 1049 439 1105; x_wconf 88' lang='lat' dir='ltr'>danter</span> <span class='ocrx_word' id='word_1_26' title='bbox 467 1050 697 1117; x_wconf 79' lang='lat' dir='ltr'>habetis,</span> <span class='ocrx_word' id='word_1_27' title='bbox 732 1052 821 1124; x_wconf 90' lang='lat' dir='ltr'>qui</span> <span class='ocrx_word' id='word_1_28' title='bbox 839 1052 907 1108; x_wconf 90' lang='lat' dir='ltr'>de</span> <span class='ocrx_word' id='word_1_29' title='bbox 937 1052 1242 1107; x_wconf 90' lang='lat' dir='ltr'>redditibus</span> <span class='ocrx_word' id='word_1_30' title='bbox 1275 1054 1653 1121; x_wconf 85' lang='lat' dir='ltr'>ecclesiarum,</span> <span class='ocrx_word' id='word_1_31' title='bbox 1688 1070 1853 1125; x_wconf 88' lang='lat' dir='ltr'>paro-</span> 
     </span>
    </p>
   </div>
   <div class='ocr_carea' id='block_1_8' title="bbox 241 1138 1853 1208">
    <p class='ocr_par' dir='ltr' id='par_1_8' title="bbox 241 1138 1853 1208">
     <span class='ocr_line' id='line_1_8' title="bbox 241 1138 1853 1208; baseline 0.003 -15"><span class='ocrx_word' id='word_1_32' title='bbox 241 1138 511 1205; x_wconf 79' lang='lat' dir='ltr'>chiarum,</span> <span class='ocrx_word' id='word_1_33' title='bbox 536 1147 589 1194; x_wconf 91' lang='lat' dir='ltr'>et</span> <span class='ocrx_word' id='word_1_34' title='bbox 608 1140 938 1195; x_wconf 86' lang='lat' dir='ltr'>decimarum</span> <span class='ocrx_word' id='word_1_35' title='bbox 961 1157 1060 1197; x_wconf 88' lang='lat' dir='ltr'>vos</span> <span class='ocrx_word' id='word_1_36' title='bbox 1081 1157 1186 1196; x_wconf 92' lang='lat' dir='ltr'>non</span> <span class='ocrx_word' id='word_1_37' title='bbox 1210 1141 1591 1208; x_wconf 88' lang='lat' dir='ltr'>intromittitis;</span> <span class='ocrx_word' id='word_1_38' title='bbox 1612 1143 1853 1198; x_wconf 74' lang='lat' dir='ltr'>contenti</span> 
     </span>
    </p>
   </div>
   <div class='ocr_carea' id='block_1_9' title="bbox 245 1228 1853 1300">
    <p class='ocr_par' dir='ltr' id='par_1_9' title="bbox 245 1228 1853 1300">
     <span class='ocr_line' id='line_1_9' title="bbox 245 1228 1853 1300; baseline 0.003 -20"><span class='ocrx_word' id='word_1_39' title='bbox 245 1234 566 1297; x_wconf 85' lang='lat' dir='ltr'>paupertate</span> <span class='ocrx_word' id='word_1_40' title='bbox 615 1236 821 1295; x_wconf 90' lang='lat' dir='ltr'>vestra,</span> <span class='ocrx_word' id='word_1_41' title='bbox 870 1229 1032 1300; x_wconf 89' lang='lat' dir='ltr'>plena</span> <span class='ocrx_word' id='word_1_42' title='bbox 1079 1228 1300 1284; x_wconf 85' lang='lat' dir='ltr'>divitiis.</span> <span class='ocrx_word' id='word_1_43' title='bbox 1343 1230 1491 1284; x_wconf 87' lang='lat' dir='ltr'>Nihil</span> <span class='ocrx_word' id='word_1_44' title='bbox 1523 1230 1666 1285; x_wconf 89' lang='lat' dir='ltr'>enim</span> <span class='ocrx_word' id='word_1_45' title='bbox 1699 1240 1853 1286; x_wconf 81' lang='lat' dir='ltr'>extra</span> 
     </span>
    </p>
   </div>
   <div class='ocr_carea' id='block_1_10' title="bbox 246 1315 1846 1388">
    <p class='ocr_par' dir='ltr' id='par_1_10' title="bbox 246 1315 1846 1388">
     <span class='ocr_line' id='line_1_10' title="bbox 246 1315 1846 1388; baseline 0.003 -19"><span class='ocrx_word' id='word_1_46' title='bbox 246 1315 511 1371; x_wconf 85' lang='lat' dir='ltr'>terminos</span> <span class='ocrx_word' id='word_1_47' title='bbox 541 1324 752 1373; x_wconf 90' lang='lat' dir='ltr'>vestros</span> <span class='ocrx_word' id='word_1_48' title='bbox 783 1317 942 1373; x_wconf 87' lang='lat' dir='ltr'>vultis</span> <span class='ocrx_word' id='word_1_49' title='bbox 982 1318 1281 1388; x_wconf 89' lang='lat' dir='ltr'>possidere,</span> <span class='ocrx_word' id='word_1_50' title='bbox 1316 1318 1456 1374; x_wconf 90' lang='lat' dir='ltr'>sicut</span> <span class='ocrx_word' id='word_1_51' title='bbox 1484 1334 1586 1374; x_wconf 89' lang='lat' dir='ltr'>nec</span> <span class='ocrx_word' id='word_1_52' title='bbox 1615 1319 1846 1385; x_wconf 86' lang='lat' dir='ltr'>debetis,</span> 
     </span>
    </p>
   </div>
   <div class='ocr_carea' id='block_1_11' title="bbox 244 1404 1852 1477">
    <p class='ocr_par' dir='ltr' id='par_1_11' title="bbox 244 1404 1852 1477">
     <span class='ocr_line' id='line_1_11' title="bbox 244 1404 1852 1477; baseline 0.004 -20"><span class='ocrx_word' id='word_1_53' title='bbox 244 1410 306 1457; x_wconf 90' lang='lat' dir='ltr'>ut</span> <span class='ocrx_word' id='word_1_54' title='bbox 334 1404 697 1459; x_wconf 87' lang='lat' dir='ltr'>abundantius</span> <span class='ocrx_word' id='word_1_55' title='bbox 747 1405 915 1476; x_wconf 87' lang='lat' dir='ltr'>quieti</span> <span class='ocrx_word' id='word_1_56' title='bbox 962 1414 1012 1461; x_wconf 91' lang='lat' dir='ltr'>et</span> <span class='ocrx_word' id='word_1_57' title='bbox 1062 1407 1184 1477; x_wconf 89' lang='lat' dir='ltr'>paci</span> <span class='ocrx_word' id='word_1_58' title='bbox 1215 1415 1409 1462; x_wconf 71' lang='lat' dir='ltr'>vestra:</span> <span class='ocrx_word' id='word_1_59' title='bbox 1437 1407 1750 1463; x_wconf 85' lang='lat' dir='ltr'>consulatis.</span> <span class='ocrx_word' id='word_1_60' title='bbox 1783 1410 1852 1464; x_wconf 85' lang='lat' dir='ltr'>Ut</span> 
     </span>
    </p>
   </div>
   <div class='ocr_carea' id='block_1_12' title="bbox 246 1493 1850 1566">
    <p class='ocr_par' dir='ltr' id='par_1_12' title="bbox 246 1493 1850 1566">
     <span class='ocr_line' id='line_1_12' title="bbox 246 1493 1850 1566; baseline 0.002 -21"><span class='ocrx_word' id='word_1_61' title='bbox 246 1500 432 1547; x_wconf 89' lang='lat' dir='ltr'>autem</span> <span class='ocrx_word' id='word_1_62' title='bbox 464 1493 568 1549; x_wconf 90' lang='lat' dir='ltr'>hac</span> <span class='ocrx_word' id='word_1_63' title='bbox 598 1493 682 1548; x_wconf 85' lang='lat' dir='ltr'>via</span> <span class='ocrx_word' id='word_1_64' title='bbox 711 1493 778 1548; x_wconf 88' lang='lat' dir='ltr'>ad</span> <span class='ocrx_word' id='word_1_65' title='bbox 828 1510 1058 1566; x_wconf 82' lang='lat' dir='ltr'>regnum</span> <span class='ocrx_word' id='word_1_66' title='bbox 1088 1494 1189 1550; x_wconf 87' lang='lat' dir='ltr'>Dei</span> <span class='ocrx_word' id='word_1_67' title='bbox 1218 1495 1626 1566; x_wconf 87' lang='lat' dir='ltr'>compendiosa,</span> <span class='ocrx_word' id='word_1_68' title='bbox 1660 1512 1850 1551; x_wconf 89' lang='lat' dir='ltr'>secura</span> 
     </span>
    </p>
   </div>
   <div class='ocr_carea' id='block_1_13' title="bbox 246 1580 1851 1654">
    <p class='ocr_par' dir='ltr' id='par_1_13' title="bbox 246 1580 1851 1654">
     <span class='ocr_line' id='line_1_13' title="bbox 246 1580 1851 1654; baseline 0.002 -19"><span class='ocrx_word' id='word_1_69' title='bbox 246 1589 307 1635; x_wconf 90' lang='lat' dir='ltr'>ct</span> <span class='ocrx_word' id='word_1_70' title='bbox 335 1580 536 1635; x_wconf 90' lang='lat' dir='ltr'>munda</span> <span class='ocrx_word' id='word_1_71' title='bbox 582 1580 866 1648; x_wconf 89' lang='lat' dir='ltr'>incedatis,</span> <span class='ocrx_word' id='word_1_72' title='bbox 915 1583 1083 1637; x_wconf 88' lang='lat' dir='ltr'>vestri</span> <span class='ocrx_word' id='word_1_73' title='bbox 1116 1599 1212 1638; x_wconf 91' lang='lat' dir='ltr'>vos</span> <span class='ocrx_word' id='word_1_74' title='bbox 1242 1590 1293 1638; x_wconf 91' lang='lat' dir='ltr'>et</span> <span class='ocrx_word' id='word_1_75' title='bbox 1323 1583 1572 1654; x_wconf 86' lang='lat' dir='ltr'>exemplo</span> <span class='ocrx_word' id='word_1_76' title='bbox 1603 1591 1656 1638; x_wconf 91' lang='lat' dir='ltr'>et</span> <span class='ocrx_word' id='word_1_77' title='bbox 1686 1584 1851 1639; x_wconf 89' lang='lat' dir='ltr'>verbo</span> 
     </span>
    </p>
   </div>
   <div class='ocr_carea' id='block_1_14' title="bbox 240 1668 1851 1744">
    <p class='ocr_par' dir='ltr' id='par_1_14' title="bbox 240 1668 1851 1744">
     <span class='ocr_line' id='line_1_14' title="bbox 240 1668 1851 1744; baseline 0.002 -21"><span class='ocrx_word' id='word_1_78' title='bbox 240 1668 485 1723; x_wconf 89' lang='lat' dir='ltr'>docuere</span> <span class='ocrx_word' id='word_1_79' title='bbox 513 1669 969 1740; x_wconf 69' lang='lat' dir='ltr'>praedecessores,</span> <span class='ocrx_word' id='word_1_80' title='bbox 995 1678 1046 1725; x_wconf 91' lang='lat' dir='ltr'>et</span> <span class='ocrx_word' id='word_1_81' title='bbox 1069 1672 1255 1725; x_wconf 87' lang='lat' dir='ltr'>Patres</span> <span class='ocrx_word' id='word_1_82' title='bbox 1286 1670 1378 1742; x_wconf 87' lang='lat' dir='ltr'>qui</span> <span class='ocrx_word' id='word_1_83' title='bbox 1398 1672 1573 1744; x_wconf 89' lang='lat' dir='ltr'>magis</span> <span class='ocrx_word' id='word_1_84' title='bbox 1595 1671 1851 1727; x_wconf 87' lang='lat' dir='ltr'>volebant</span> 
     </span>
    </p>
   </div>
   <div class='ocr_carea' id='block_1_15' title="bbox 237 1759 1853 1831">
    <p class='ocr_par' dir='ltr' id='par_1_15' title="bbox 237 1759 1853 1831">
     <span class='ocr_line' id='line_1_15' title="bbox 237 1759 1853 1831; baseline 0.002 -20"><span class='ocrx_word' id='word_1_85' title='bbox 237 1772 519 1827; x_wconf 88' lang='lat' dir='ltr'>pauperes</span> <span class='ocrx_word' id='word_1_86' title='bbox 547 1774 671 1812; x_wconf 86' lang='lat' dir='ltr'>esse</span> <span class='ocrx_word' id='word_1_87' title='bbox 715 1775 877 1831; x_wconf 91' lang='lat' dir='ltr'>quam</span> <span class='ocrx_word' id='word_1_88' title='bbox 901 1759 1121 1814; x_wconf 86' lang='lat' dir='ltr'>.divites</span> <span class='ocrx_word' id='word_1_89' title='bbox 1155 1774 1167 1812; x_wconf 90' lang='lat'><strong>:</strong></span> <span class='ocrx_word' id='word_1_90' title='bbox 1202 1759 1327 1830; x_wconf 87' lang='lat' dir='ltr'>quia</span> <span class='ocrx_word' id='word_1_91' title='bbox 1356 1759 1427 1827; x_wconf 92' lang='lat' dir='ltr'>(si</span> <span class='ocrx_word' id='word_1_92' title='bbox 1456 1775 1563 1815; x_wconf 91' lang='lat' dir='ltr'>non</span> <span class='ocrx_word' id='word_1_93' title='bbox 1594 1761 1853 1815; x_wconf 87' lang='lat' dir='ltr'>mentitur</span> 
     </span>
    </p>
   </div>
   <div class='ocr_carea' id='block_1_16' title="bbox 1372 371 2424 434">
    <p class='ocr_par' dir='ltr' id='par_1_16' title="bbox 1372 371 2424 434">
     <span class='ocr_line' id='line_1_16' title="bbox 1372 371 2424 434; baseline 0.008 -8"><span class='ocrx_word' id='word_1_94' title='bbox 1372 371 1575 428; x_wconf 81' lang='lat' dir='ltr'>LIBER</span> <span class='ocrx_word' id='word_1_95' title='bbox 1613 374 1708 429; x_wconf 89' lang='lat' dir='ltr'>DE</span> <span class='ocrx_word' id='word_1_96' title='bbox 1741 374 2126 434; x_wconf 81' lang='lat' dir='ltr'>EXERCITIO</span> <span class='ocrx_word' id='word_1_97' title='bbox 2165 377 2424 434; x_wconf 72' lang='lat' dir='ltr'>CELLE.</span> 
     </span>
    </p>
   </div>
   <div class='ocr_carea' id='block_1_17' title="bbox 1880 500 3556 572">
    <p class='ocr_par' dir='ltr' id='par_1_17' title="bbox 1880 500 3556 572">
     <span class='ocr_line' id='line_1_17' title="bbox 1880 500 3556 572; baseline 0.001 -13"><span class='ocrx_word' id='word_1_98' title='bbox 1880 500 1933 559; x_wconf 85' lang='lat' dir='ltr'><strong>A</strong></span> <span class='ocrx_word' id='word_1_99' title='bbox 1956 500 2314 570; x_wconf 90' lang='lat' dir='ltr'>propositum,</span> <span class='ocrx_word' id='word_1_100' title='bbox 2348 502 2440 558; x_wconf 90' lang='lat' dir='ltr'>ubi</span> <span class='ocrx_word' id='word_1_101' title='bbox 2472 518 2581 559; x_wconf 90' lang='lat' dir='ltr'>non</span> <span class='ocrx_word' id='word_1_102' title='bbox 2630 504 2700 559; x_wconf 90' lang='lat' dir='ltr'>de</span> <span class='ocrx_word' id='word_1_103' title='bbox 2736 504 3027 561; x_wconf 90' lang='lat' dir='ltr'>devotione</span> <span class='ocrx_word' id='word_1_104' title='bbox 3057 504 3327 572; x_wconf 79' lang='lat' dir='ltr'>facientis,</span> <span class='ocrx_word' id='word_1_105' title='bbox 3359 504 3456 561; x_wconf 89' lang='lat' dir='ltr'>sed</span> <span class='ocrx_word' id='word_1_106' title='bbox 3486 504 3556 561; x_wconf 88' lang='lat' dir='ltr'>de</span> 
     </span>
    </p>
   </div>
   <div class='ocr_carea' id='block_1_18' title="bbox 3450 385 3555 440">
    <p class='ocr_par' dir='ltr' id='par_1_18' title="bbox 3450 385 3555 440">
     <span class='ocr_line' id='line_1_18' title="bbox 3450 385 3555 440; baseline 0.019 -2"><span class='ocrx_word' id='word_1_107' title='bbox 3450 385 3555 440; x_wconf 69' lang='lat'>822</span> 
     </span>
    </p>
   </div>
   <div class='ocr_carea' id='block_1_19' title="bbox 1952 589 3556 665">
    <p class='ocr_par' dir='ltr' id='par_1_19' title="bbox 1952 589 3556 665">
     <span class='ocr_line' id='line_1_19' title="bbox 1952 589 3556 665; baseline 0.004 -23"><span class='ocrx_word' id='word_1_108' title='bbox 1952 589 2230 658; x_wconf 89' lang='lat' dir='ltr'>pascentis</span> <span class='ocrx_word' id='word_1_109' title='bbox 2277 590 2457 660; x_wconf 91' lang='lat' dir='ltr'>potius</span> <span class='ocrx_word' id='word_1_110' title='bbox 2494 592 2693 662; x_wconf 89' lang='lat' dir='ltr'>pendet</span> <span class='ocrx_word' id='word_1_111' title='bbox 2738 593 2976 648; x_wconf 90' lang='lat' dir='ltr'>arbitrio.</span> <span class='ocrx_word' id='word_1_112' title='bbox 3021 592 3185 648; x_wconf 89' lang='lat' dir='ltr'>Nulla</span> <span class='ocrx_word' id='word_1_113' title='bbox 3233 592 3436 665; x_wconf 89' lang='lat' dir='ltr'>quippe</span> <span class='ocrx_word' id='word_1_114' title='bbox 3465 593 3556 649; x_wconf 91' lang='lat' dir='ltr'>die</span> 
     </span>
    </p>
   </div>
   <div class='ocr_carea' id='block_1_20' title="bbox 1953 676 3556 754">
    <p class='ocr_par' dir='ltr' id='par_1_20' title="bbox 1953 676 3556 754">
     <span class='ocr_line' id='line_1_20' title="bbox 1953 676 3556 754; baseline 0.003 -23"><span class='ocrx_word' id='word_1_115' title='bbox 1953 676 2265 732; x_wconf 88' lang='lat' dir='ltr'>convivium</span> <span class='ocrx_word' id='word_1_116' title='bbox 2294 678 2380 733; x_wconf 91' lang='lat' dir='ltr'>vel</span> <span class='ocrx_word' id='word_1_117' title='bbox 2401 679 2567 733; x_wconf 87' lang='lat' dir='ltr'>missa</span> <span class='ocrx_word' id='word_1_118' title='bbox 2605 680 2799 747; x_wconf 83' lang='lat' dir='ltr'>deerit,</span> <span class='ocrx_word' id='word_1_119' title='bbox 2831 680 2876 736; x_wconf 90' lang='lat' dir='ltr'>si</span> <span class='ocrx_word' id='word_1_120' title='bbox 2907 681 2999 753; x_wconf 90' lang='lat' dir='ltr'>qui</span> <span class='ocrx_word' id='word_1_121' title='bbox 3027 688 3236 753; x_wconf 87' lang='lat' dir='ltr'>pascat,</span> <span class='ocrx_word' id='word_1_122' title='bbox 3273 697 3556 754; x_wconf 87' lang='lat' dir='ltr'>nunquam</span> 
     </span>
    </p>
   </div>
   <div class='ocr_carea' id='block_1_21' title="bbox 1953 763 3555 841">
    <p class='ocr_par' dir='ltr' id='par_1_21' title="bbox 1953 763 3555 841">
     <span class='ocr_line' id='line_1_21' title="bbox 1953 763 3555 841; baseline 0.005 -23"><span class='ocrx_word' id='word_1_123' title='bbox 1953 763 2206 820; x_wconf 80' lang='lat' dir='ltr'>defuerit.</span> <span class='ocrx_word' id='word_1_124' title='bbox 2253 767 2321 820; x_wconf 92' lang='lat' dir='ltr'>Et</span> <span class='ocrx_word' id='word_1_125' title='bbox 2352 767 2420 821; x_wconf 93' lang='lat' dir='ltr'>de</span> <span class='ocrx_word' id='word_1_126' title='bbox 2450 767 2535 822; x_wconf 91' lang='lat' dir='ltr'>his</span> <span class='ocrx_word' id='word_1_127' title='bbox 2562 784 2735 840; x_wconf 90' lang='lat' dir='ltr'>usque</span> <span class='ocrx_word' id='word_1_128' title='bbox 2768 769 2891 825; x_wconf 90' lang='lat' dir='ltr'>huc.</span> <span class='ocrx_word' id='word_1_129' title='bbox 2924 770 3062 825; x_wconf 90' lang='lat' dir='ltr'>Dicit</span> <span class='ocrx_word' id='word_1_130' title='bbox 3092 777 3273 825; x_wconf 89' lang='lat' dir='ltr'>autem</span> <span class='ocrx_word' id='word_1_131' title='bbox 3302 777 3356 825; x_wconf 91' lang='lat' dir='ltr'>et</span> <span class='ocrx_word' id='word_1_132' title='bbox 3384 786 3555 841; x_wconf 86' lang='lat' dir='ltr'>supe-</span> 
     </span>
    </p>
   </div>
   <div class='ocr_carea' id='block_1_22' title="bbox 1955 850 3556 930">
    <p class='ocr_par' dir='ltr' id='par_1_22' title="bbox 1955 850 3556 930">
     <span class='ocr_line' id='line_1_22' title="bbox 1955 850 3556 930; baseline 0.006 -25"><span class='ocrx_word' id='word_1_133' title='bbox 1955 850 2225 907; x_wconf 90' lang='lat' dir='ltr'>riusidem</span> <span class='ocrx_word' id='word_1_134' title='bbox 2244 853 2327 909; x_wconf 91' lang='lat' dir='ltr'>vir</span> <span class='ocrx_word' id='word_1_135' title='bbox 2349 854 2574 928; x_wconf 88' lang='lat' dir='ltr'>(Guigo,</span> <span class='ocrx_word' id='word_1_136' title='bbox 2599 857 2960 913; x_wconf 79' lang='lat' dir='ltr'>Statutorum</span> <span class='ocrx_word' id='word_1_137' title='bbox 2982 873 3100 929; x_wconf 83' lang='lat' dir='ltr'>cap.</span> <span class='ocrx_word' id='word_1_138' title='bbox 3121 858 3213 930; x_wconf 78' lang='grc'>40)</span> <span class='ocrx_word' id='word_1_139' title='bbox 3235 858 3339 914; x_wconf 93' lang='lat' dir='ltr'>hoc</span> <span class='ocrx_word' id='word_1_140' title='bbox 3355 859 3521 914; x_wconf 90' lang='lat' dir='ltr'>modo</span> <span class='ocrx_word' id='word_1_141' title='bbox 3541 876 3556 915; x_wconf 91' lang='lat'>:</span> 
     </span>
    </p>
   </div>
   <div class='ocr_carea' id='block_1_23' title="bbox 1866 938 3561 1017">
    <p class='ocr_par' dir='ltr' id='par_1_23' title="bbox 1866 938 3561 1017">
     <span class='ocr_line' id='line_1_23' title="bbox 1866 938 3561 1017; baseline 0.005 -23"><span class='ocrx_word' id='word_1_142' title='bbox 1866 944 1873 957; x_wconf 87' lang='lat'><strong><em>&#39;</em></strong></span> <span class='ocrx_word' id='word_1_143' title='bbox 1955 938 2293 997; x_wconf 86' lang='lat' dir='ltr'>Ornamenta</span> <span class='ocrx_word' id='word_1_144' title='bbox 2336 958 2525 1013; x_wconf 89' lang='lat' dir='ltr'>aurea,</span> <span class='ocrx_word' id='word_1_145' title='bbox 2574 944 2659 1001; x_wconf 87' lang='lat' dir='ltr'>vel</span> <span class='ocrx_word' id='word_1_146' title='bbox 2707 954 2991 1016; x_wconf 87' lang='lat' dir='ltr'>argentea,</span> <span class='ocrx_word' id='word_1_147' title='bbox 3022 954 3224 1017; x_wconf 70' lang='lat' dir='ltr'>praeter</span> <span class='ocrx_word' id='word_1_148' title='bbox 3251 946 3476 1003; x_wconf 89' lang='lat' dir='ltr'>calicem</span> <span class='ocrx_word' id='word_1_149' title='bbox 3506 956 3561 1003; x_wconf 91' lang='lat' dir='ltr'>et</span> 
     </span>
    </p>
   </div>
   <div class='ocr_carea' id='block_1_24' title="bbox 1953 1028 3556 1104">
    <p class='ocr_par' dir='ltr' id='par_1_24' title="bbox 1953 1028 3556 1104">
     <span class='ocr_line' id='line_1_24' title="bbox 1953 1028 3556 1104; baseline 0.005 -22"><span class='ocrx_word' id='word_1_150' title='bbox 1953 1028 2221 1083; x_wconf 90' lang='lat' dir='ltr'>calamum</span> <span class='ocrx_word' id='word_1_151' title='bbox 2276 1047 2383 1101; x_wconf 82' lang='lat' dir='ltr'>quo</span> <span class='ocrx_word' id='word_1_152' title='bbox 2430 1032 2657 1104; x_wconf 83' lang='lat' dir='ltr'>sanguis</span> <span class='ocrx_word' id='word_1_153' title='bbox 2704 1033 2921 1089; x_wconf 89' lang='lat' dir='ltr'>Domini</span> <span class='ocrx_word' id='word_1_154' title='bbox 2964 1034 3194 1090; x_wconf 89' lang='lat' dir='ltr'>sumitur</span> <span class='ocrx_word' id='word_1_155' title='bbox 3235 1034 3289 1088; x_wconf 89' lang='lat' dir='ltr'>in</span> <span class='ocrx_word' id='word_1_156' title='bbox 3324 1034 3556 1091; x_wconf 89' lang='lat' dir='ltr'>ecclesia</span> 
     </span>
    </p>
   </div>
   <div class='ocr_carea' id='block_1_25' title="bbox 1952 1118 3559 1195">
    <p class='ocr_par' dir='ltr' id='par_1_25' title="bbox 1952 1118 3559 1195">
     <span class='ocr_line' id='line_1_25' title="bbox 1952 1118 3559 1195; baseline 0.006 -25"><span class='ocrx_word' id='word_1_157' title='bbox 1952 1132 2062 1171; x_wconf 90' lang='lat' dir='ltr'>non</span> <span class='ocrx_word' id='word_1_158' title='bbox 2093 1118 2388 1187; x_wconf 89' lang='lat' dir='ltr'>habemus;</span> <span class='ocrx_word' id='word_1_159' title='bbox 2421 1120 2585 1191; x_wconf 84' lang='lat' dir='ltr'>pallia</span> <span class='ocrx_word' id='word_1_160' title='bbox 2634 1122 2941 1193; x_wconf 90' lang='lat' dir='ltr'>tapetiaque</span> <span class='ocrx_word' id='word_1_161' title='bbox 2970 1122 3322 1195; x_wconf 82' lang='lat' dir='ltr'>relinquimus</span> <span class='ocrx_word' id='word_1_162' title='bbox 3355 1138 3368 1178; x_wconf 93' lang='lat'><strong>:</strong></span> <span class='ocrx_word' id='word_1_163' title='bbox 3402 1122 3559 1179; x_wconf 78' lang='lat' dir='ltr'>fene-</span> 
     </span>
    </p>
   </div>
   <div class='ocr_carea' id='block_1_26' title="bbox 1952 1209 3559 1282">
    <p class='ocr_par' dir='ltr' id='par_1_26' title="bbox 1952 1209 3559 1282">
     <span class='ocr_line' id='line_1_26' title="bbox 1952 1209 3559 1282; baseline 0.005 -24"><span class='ocrx_word' id='word_1_164' title='bbox 1952 1214 2192 1260; x_wconf 89' lang='lat' dir='ltr'>ratorum</span> <span class='ocrx_word' id='word_1_165' title='bbox 2225 1214 2278 1261; x_wconf 86' lang='lat' dir='ltr'>et</span> <span class='ocrx_word' id='word_1_166' title='bbox 2326 1209 2919 1266; x_wconf 89' lang='lat' dir='ltr'>excommunicatorum</span> <span class='ocrx_word' id='word_1_167' title='bbox 2960 1227 3190 1266; x_wconf 89' lang='lat' dir='ltr'>munera</span> <span class='ocrx_word' id='word_1_168' title='bbox 3218 1227 3328 1266; x_wconf 90' lang='lat' dir='ltr'>non</span> <span class='ocrx_word' id='word_1_169' title='bbox 3357 1210 3559 1282; x_wconf 85' lang='lat' dir='ltr'>accipi-</span> 
     </span>
    </p>
   </div>
   <div class='ocr_carea' id='block_1_27' title="bbox 1952 1294 3558 1367">
    <p class='ocr_par' dir='ltr' id='par_1_27' title="bbox 1952 1294 3558 1367">
     <span class='ocr_line' id='line_1_27' title="bbox 1952 1294 3558 1367; baseline 0.006 -21"><span class='ocrx_word' id='word_1_170' title='bbox 1952 1310 2095 1347; x_wconf 92' lang='lat' dir='ltr'>mus.</span> <span class='ocrx_word' id='word_1_171' title='bbox 2129 1295 2199 1348; x_wconf 89' lang='lat' dir='ltr'>Et</span> <span class='ocrx_word' id='word_1_172' title='bbox 2229 1294 2302 1349; x_wconf 88' lang='lat' dir='ltr'>ita</span> <span class='ocrx_word' id='word_1_173' title='bbox 2348 1297 2645 1367; x_wconf 61' lang='lat' dir='ltr'>prmdictus</span> <span class='ocrx_word' id='word_1_174' title='bbox 2672 1300 2836 1353; x_wconf 88' lang='lat' dir='ltr'>homo</span> <span class='ocrx_word' id='word_1_175' title='bbox 2865 1299 2966 1354; x_wconf 90' lang='lat' dir='ltr'>Dei</span> <span class='ocrx_word' id='word_1_176' title='bbox 2997 1300 3180 1354; x_wconf 89' lang='lat' dir='ltr'>scribit</span> <span class='ocrx_word' id='word_1_177' title='bbox 3209 1300 3277 1355; x_wconf 93' lang='lat' dir='ltr'>de</span> <span class='ocrx_word' id='word_1_178' title='bbox 3308 1300 3412 1355; x_wconf 91' lang='lat' dir='ltr'>his.</span> <span class='ocrx_word' id='word_1_179' title='bbox 3445 1300 3558 1355; x_wconf 87' lang='lat' dir='ltr'>Vos</span> 
     </span>
    </p>
   </div>
   <div class='ocr_carea' id='block_1_28' title="bbox 1952 1383 3558 1461">
    <p class='ocr_par' dir='ltr' id='par_1_28' title="bbox 1952 1383 3558 1461">
     <span class='ocr_line' id='line_1_28' title="bbox 1952 1383 3558 1461; baseline 0.006 -27"><span class='ocrx_word' id='word_1_180' title='bbox 1952 1390 2154 1451; x_wconf 88' lang='lat' dir='ltr'>autem,</span> <span class='ocrx_word' id='word_1_181' title='bbox 2189 1398 2222 1438; x_wconf 90' lang='grc' dir='ltr'>ο</span> <span class='ocrx_word' id='word_1_182' title='bbox 2263 1383 2693 1455; x_wconf 86' lang='lat' dir='ltr'>Carthusienses,</span> <span class='ocrx_word' id='word_1_183' title='bbox 2741 1387 2858 1441; x_wconf 63' lang='lat' dir='ltr'>haec</span> <span class='ocrx_word' id='word_1_184' title='bbox 2909 1387 3126 1458; x_wconf 87' lang='lat' dir='ltr'>quidem</span> <span class='ocrx_word' id='word_1_185' title='bbox 3166 1388 3458 1461; x_wconf 89' lang='lat' dir='ltr'>diligenter</span> <span class='ocrx_word' id='word_1_186' title='bbox 3505 1397 3558 1444; x_wconf 89' lang='lat' dir='ltr'>et</span> 
     </span>
    </p>
   </div>
   <div class='ocr_carea' id='block_1_29' title="bbox 1952 1471 3556 1546">
    <p class='ocr_par' dir='ltr' id='par_1_29' title="bbox 1952 1471 3556 1546">
     <span class='ocr_line' id='line_1_29' title="bbox 1952 1471 3556 1546; baseline 0.003 -20"><span class='ocrx_word' id='word_1_187' title='bbox 1952 1485 2077 1526; x_wconf 91' lang='lat' dir='ltr'>cum</span> <span class='ocrx_word' id='word_1_188' title='bbox 2123 1471 2270 1526; x_wconf 91' lang='lat' dir='ltr'>omni</span> <span class='ocrx_word' id='word_1_189' title='bbox 2318 1473 2683 1530; x_wconf 87' lang='lat' dir='ltr'>sollicitudine</span> <span class='ocrx_word' id='word_1_190' title='bbox 2730 1476 3034 1542; x_wconf 87' lang='lat' dir='ltr'>custoditis,</span> <span class='ocrx_word' id='word_1_191' title='bbox 3092 1484 3142 1532; x_wconf 90' lang='lat' dir='ltr'>et</span> <span class='ocrx_word' id='word_1_192' title='bbox 3174 1476 3314 1531; x_wconf 89' lang='lat' dir='ltr'>bene</span> <span class='ocrx_word' id='word_1_193' title='bbox 3341 1476 3556 1546; x_wconf 87' lang='lat' dir='ltr'>facitis;</span> 
     </span>
    </p>
   </div>
   <div class='ocr_carea' id='block_1_30' title="bbox 1952 1560 3558 1634">
    <p class='ocr_par' dir='ltr' id='par_1_30' title="bbox 1952 1560 3558 1634">
     <span class='ocr_line' id='line_1_30' title="bbox 1952 1560 3558 1634; baseline 0.005 -21"><span class='ocrx_word' id='word_1_194' title='bbox 1952 1568 2005 1614; x_wconf 90' lang='lat' dir='ltr'>et</span> <span class='ocrx_word' id='word_1_195' title='bbox 2036 1560 2160 1615; x_wconf 89' lang='lat' dir='ltr'>ideo</span> <span class='ocrx_word' id='word_1_196' title='bbox 2190 1561 2330 1616; x_wconf 90' lang='lat' dir='ltr'>bene</span> <span class='ocrx_word' id='word_1_197' title='bbox 2359 1561 2556 1628; x_wconf 86' lang='lat' dir='ltr'>facitis,</span> <span class='ocrx_word' id='word_1_198' title='bbox 2591 1563 2715 1634; x_wconf 87' lang='lat' dir='ltr'>quia</span> <span class='ocrx_word' id='word_1_199' title='bbox 2747 1580 2855 1634; x_wconf 92' lang='lat' dir='ltr'>quo</span> <span class='ocrx_word' id='word_1_200' title='bbox 2884 1564 3067 1620; x_wconf 91' lang='lat' dir='ltr'>minus</span> <span class='ocrx_word' id='word_1_201' title='bbox 3094 1565 3163 1620; x_wconf 90' lang='lat' dir='ltr'>de</span> <span class='ocrx_word' id='word_1_202' title='bbox 3191 1566 3392 1622; x_wconf 68' lang='lat' dir='ltr'>saeculo</span> <span class='ocrx_word' id='word_1_203' title='bbox 3421 1565 3558 1621; x_wconf 90' lang='lat' dir='ltr'>acci—</span> 
     </span>
    </p>
   </div>
   <div class='ocr_carea' id='block_1_31' title="bbox 1951 1647 3551 1720">
    <p class='ocr_par' dir='ltr' id='par_1_31' title="bbox 1951 1647 3551 1720">
     <span class='ocr_line' id='line_1_31' title="bbox 1951 1647 3551 1720; baseline 0.005 -20"><span class='ocrx_word' id='word_1_204' title='bbox 1951 1647 2099 1717; x_wconf 90' lang='lat' dir='ltr'>pitis,</span> <span class='ocrx_word' id='word_1_205' title='bbox 2130 1664 2196 1703; x_wconf 91' lang='lat' dir='ltr'>eo</span> <span class='ocrx_word' id='word_1_206' title='bbox 2227 1656 2279 1704; x_wconf 89' lang='lat' dir='ltr'>et</span> <span class='ocrx_word' id='word_1_207' title='bbox 2327 1650 2508 1704; x_wconf 89' lang='lat' dir='ltr'>minus</span> <span class='ocrx_word' id='word_1_208' title='bbox 2554 1652 2605 1705; x_wconf 90' lang='lat' dir='ltr'>ei</span> <span class='ocrx_word' id='word_1_209' title='bbox 2653 1652 2886 1707; x_wconf 88' lang='lat' dir='ltr'>debetis.</span> <span class='ocrx_word' id='word_1_210' title='bbox 2930 1652 3039 1708; x_wconf 88' lang='lat' dir='ltr'>Sed</span> <span class='ocrx_word' id='word_1_211' title='bbox 3084 1653 3190 1709; x_wconf 91' lang='lat' dir='ltr'>hoc</span> <span class='ocrx_word' id='word_1_212' title='bbox 3219 1653 3551 1720; x_wconf 89' lang='lat' dir='ltr'>addendum,</span> 
     </span>
    </p>
   </div>
   <div class='ocr_carea' id='block_1_32' title="bbox 1951 1737 3557 1813">
    <p class='ocr_par' dir='ltr' id='par_1_32' title="bbox 1951 1737 3557 1813">
     <span class='ocr_line' id='line_1_32' title="bbox 1951 1737 3557 1813; baseline 0.006 -24"><span class='ocrx_word' id='word_1_213' title='bbox 1951 1737 2074 1807; x_wconf 90' lang='lat' dir='ltr'>quia</span> <span class='ocrx_word' id='word_1_214' title='bbox 2108 1754 2217 1808; x_wconf 88' lang='lat' dir='ltr'>quo</span> <span class='ocrx_word' id='word_1_215' title='bbox 2244 1738 2422 1792; x_wconf 87' lang='lat' dir='ltr'>minus</span> <span class='ocrx_word' id='word_1_216' title='bbox 2454 1739 2675 1806; x_wconf 71' lang='lat' dir='ltr'>sacculo,</span> <span class='ocrx_word' id='word_1_217' title='bbox 2709 1748 2761 1794; x_wconf 91' lang='lat' dir='ltr'>et</span> <span class='ocrx_word' id='word_1_218' title='bbox 2788 1740 2874 1795; x_wconf 88' lang='lat' dir='ltr'>his</span> <span class='ocrx_word' id='word_1_219' title='bbox 2904 1757 3026 1812; x_wconf 71' lang='lat' dir='ltr'>quae</span> <span class='ocrx_word' id='word_1_220' title='bbox 3056 1741 3239 1797; x_wconf 61' lang='lat' dir='ltr'>saeculi</span> <span class='ocrx_word' id='word_1_221' title='bbox 3269 1750 3412 1813; x_wconf 93' lang='lat' dir='ltr'>sunt,</span> <span class='ocrx_word' id='word_1_222' title='bbox 3444 1758 3557 1798; x_wconf 86' lang='lat' dir='ltr'>non</span> 
     </span>
    </p>
   </div>
   <div class='ocr_carea' id='block_1_33' title="bbox 240 1824 3555 1919">
    <p class='ocr_par' dir='ltr' id='par_1_33' title="bbox 240 1824 3555 1919">
     <span class='ocr_line' id='line_1_33' title="bbox 240 1824 3555 1919; baseline 0.005 -20"><span class='ocrx_word' id='word_1_223' title='bbox 240 1824 474 1915; x_wconf 49' lang='lat' dir='ltr'>I’au—lus)</span> <span class='ocrx_word' id='word_1_224' title='bbox 498 1848 593 1919; x_wconf 91' lang='lat' dir='ltr'>qui</span> <span class='ocrx_word' id='word_1_225' title='bbox 614 1824 811 1903; x_wconf 69' lang='lat' dir='ltr'>volunt</span> <span class='ocrx_word' id='word_1_226' title='bbox 830 1847 1031 1903; x_wconf 86' lang='lat' dir='ltr'>divites</span> <span class='ocrx_word' id='word_1_227' title='bbox 1045 1848 1189 1916; x_wconf 79' lang='lat' dir='ltr'>ﬁeri,</span> <span class='ocrx_word' id='word_1_228' title='bbox 1216 1824 1484 1904; x_wconf 81' lang='lat' dir='ltr'>incidunt</span> <span class='ocrx_word' id='word_1_229' title='bbox 1504 1849 1569 1903; x_wconf 89' lang='lat' dir='ltr'>in</span> <span class='ocrx_word' id='word_1_230' title='bbox 1593 1852 1685 1904; x_wconf 88' lang='lat' dir='ltr'>ten</span> <span class='ocrx_word' id='word_1_231' title='bbox 1695 1850 1857 1904; x_wconf 86' lang='lat' dir='ltr'>tatio—</span> <span class='ocrx_word' id='word_1_232' title='bbox 1875 1855 1927 1915; x_wconf 88' lang='lat' dir='ltr'>B</span> <span class='ocrx_word' id='word_1_233' title='bbox 1956 1824 2135 1919; x_wconf 68' lang='lat' dir='ltr'>_S°h_’m</span> <span class='ocrx_word' id='word_1_234' title='bbox 2154 1842 2252 1896; x_wconf 66' lang='lat' dir='ltr'>per</span> <span class='ocrx_word' id='word_1_235' title='bbox 2271 1825 2665 1919; x_wconf 40' lang='grc' dir='ltr'>θδθθίωηκδθά</span> <span class='ocrx_word' id='word_1_236' title='bbox 2688 1835 2738 1919; x_wconf 62' lang='grc' dir='ltr'>θῖί</span> <span class='ocrx_word' id='word_1_237' title='bbox 2758 1845 2858 1898; x_wconf 61' lang='lat' dir='ltr'>per</span> <span class='ocrx_word' id='word_1_238' title='bbox 2877 1836 3058 1919; x_wconf 54' lang='lat' dir='ltr'>“tum</span> <span class='ocrx_word' id='word_1_239' title='bbox 3080 1829 3379 1897; x_wconf 62' lang='grc' dir='ltr'>ίδίθηῶίίδν</span> <span class='ocrx_word' id='word_1_240' title='bbox 3405 1829 3555 1919; x_wconf 40' lang='grc' dir='ltr'>φιῂ</span> 
     </span>
    </p>
   </div>
   <div class='ocr_carea' id='block_1_34' title="bbox 236 1935 1858 2008">
    <p class='ocr_par' dir='ltr' id='par_1_34' title="bbox 236 1935 1858 2008">
     <span class='ocr_line' id='line_1_34' title="bbox 236 1935 1858 2008; baseline 0.003 -19"><span class='ocrx_word' id='word_1_241' title='bbox 236 1950 402 2000; x_wconf 82' lang='lat' dir='ltr'>nem,</span> <span class='ocrx_word' id='word_1_242' title='bbox 422 1938 477 1990; x_wconf 88' lang='lat' dir='ltr'>et</span> <span class='ocrx_word' id='word_1_243' title='bbox 499 1935 779 1990; x_wconf 85' lang='lat' dir='ltr'>desideria</span> <span class='ocrx_word' id='word_1_244' title='bbox 794 1936 976 1991; x_wconf 84' lang='lat' dir='ltr'>multa</span> <span class='ocrx_word' id='word_1_245' title='bbox 995 1937 1237 1992; x_wconf 80' lang='lat' dir='ltr'>inutilia</span> <span class='ocrx_word' id='word_1_246' title='bbox 1258 1941 1315 1992; x_wconf 86' lang='lat' dir='ltr'>et</span> <span class='ocrx_word' id='word_1_247' title='bbox 1336 1938 1557 2002; x_wconf 78' lang='lat' dir='ltr'>nociva,</span> <span class='ocrx_word' id='word_1_248' title='bbox 1575 1955 1696 2008; x_wconf 72' lang='lat' dir='ltr'>qua:</span> <span class='ocrx_word' id='word_1_249' title='bbox 1715 1954 1858 1994; x_wconf 86' lang='lat' dir='ltr'>mer-</span> 
     </span>
    </p>
   </div>
   <div class='ocr_carea' id='block_1_35' title="bbox 230 2022 1850 2098">
    <p class='ocr_par' dir='ltr' id='par_1_35' title="bbox 230 2022 1850 2098">
     <span class='ocr_line' id='line_1_35' title="bbox 230 2022 1850 2098; baseline 0.001 -20"><span class='ocrx_word' id='word_1_250' title='bbox 230 2027 387 2095; x_wconf 85' lang='lat' dir='ltr'>gunt</span> <span class='ocrx_word' id='word_1_251' title='bbox 405 2022 663 2078; x_wconf 77' lang='lat' dir='ltr'>homines</span> <span class='ocrx_word' id='word_1_252' title='bbox 680 2024 743 2078; x_wconf 87' lang='lat' dir='ltr'>in</span> <span class='ocrx_word' id='word_1_253' title='bbox 764 2024 1071 2080; x_wconf 86' lang='lat' dir='ltr'>interitum</span> <span class='ocrx_word' id='word_1_254' title='bbox 1084 2029 1139 2080; x_wconf 86' lang='lat' dir='ltr'>et</span> <span class='ocrx_word' id='word_1_255' title='bbox 1150 2025 1531 2097; x_wconf 80' lang='lat' dir='ltr'>perditionem</span> <span class='ocrx_word' id='word_1_256' title='bbox 1549 2027 1599 2098; x_wconf 88' lang='lat' dir='ltr'>(I</span> <span class='ocrx_word' id='word_1_257' title='bbox 1620 2027 1752 2082; x_wconf 89' lang='lat' dir='ltr'>Tim.</span> <span class='ocrx_word' id='word_1_258' title='bbox 1772 2041 1850 2091; x_wconf 78' lang='lat' dir='ltr'>v1,</span> 
     </span>
    </p>
   </div>
   <div class='ocr_carea' id='block_1_36' title="bbox 230 2111 1853 2183">
    <p class='ocr_par' dir='ltr' id='par_1_36' title="bbox 230 2111 1853 2183">
     <span class='ocr_line' id='line_1_36' title="bbox 230 2111 1853 2183; baseline 0.002 -16"><span class='ocrx_word' id='word_1_259' title='bbox 230 2113 337 2182; x_wconf 87' lang='lat'>9);</span> <span class='ocrx_word' id='word_1_260' title='bbox 372 2119 424 2166; x_wconf 90' lang='lat' dir='ltr'>et</span> <span class='ocrx_word' id='word_1_261' title='bbox 460 2111 706 2183; x_wconf 86' lang='lat' dir='ltr'>adjungit</span> <span class='ocrx_word' id='word_1_262' title='bbox 736 2127 748 2167; x_wconf 90' lang='lat'><strong>:</strong></span> <span class='ocrx_word' id='word_1_263' title='bbox 773 2113 956 2169; x_wconf 70' lang='lat' dir='ltr'>Radix</span> <span class='ocrx_word' id='word_1_264' title='bbox 986 2115 1139 2169; x_wconf 89' lang='lat' dir='ltr'>enim</span> <span class='ocrx_word' id='word_1_265' title='bbox 1170 2115 1423 2170; x_wconf 89' lang='lat' dir='ltr'>omnium</span> <span class='ocrx_word' id='word_1_266' title='bbox 1454 2116 1736 2170; x_wconf 86' lang='lat' dir='ltr'>malorum</span> <span class='ocrx_word' id='word_1_267' title='bbox 1769 2119 1853 2170; x_wconf 87' lang='lat' dir='ltr'>est</span> 
     </span>
    </p>
   </div>
   <div class='ocr_carea' id='block_1_37' title="bbox 232 2200 1848 2273">
    <p class='ocr_par' dir='ltr' id='par_1_37' title="bbox 232 2200 1848 2273">
     <span class='ocr_line' id='line_1_37' title="bbox 232 2200 1848 2273; baseline 0.001 -17"><span class='ocrx_word' id='word_1_268' title='bbox 232 2200 531 2273; x_wconf 74' lang='lat' dir='ltr'>cupiditas</span> <span class='ocrx_word' id='word_1_269' title='bbox 545 2217 713 2272; x_wconf 87' lang='lat' dir='ltr'>quam</span> <span class='ocrx_word' id='word_1_270' title='bbox 727 2201 955 2273; x_wconf 86' lang='lat' dir='ltr'>quidam</span> <span class='ocrx_word' id='word_1_271' title='bbox 967 2205 1302 2273; x_wconf 84' lang='lat' dir='ltr'>appetentes</span> <span class='ocrx_word' id='word_1_272' title='bbox 1313 2207 1649 2258; x_wconf 83' lang='lat' dir='ltr'>erraverunt</span> <span class='ocrx_word' id='word_1_273' title='bbox 1670 2221 1703 2258; x_wconf 89' lang='lat' dir='ltr'>a</span> <span class='ocrx_word' id='word_1_274' title='bbox 1718 2203 1848 2273; x_wconf 83' lang='lat' dir='ltr'>ﬁde,</span> 
     </span>
    </p>
   </div>
   <div class='ocr_carea' id='block_1_38' title="bbox 232 2290 1849 2361">
    <p class='ocr_par' dir='ltr' id='par_1_38' title="bbox 232 2290 1849 2361">
     <span class='ocr_line' id='line_1_38' title="bbox 232 2290 1849 2361; baseline 0.001 -16"><span class='ocrx_word' id='word_1_275' title='bbox 232 2290 302 2345; x_wconf 79' lang='lat' dir='ltr'>et</span> <span class='ocrx_word' id='word_1_276' title='bbox 324 2291 695 2345; x_wconf 79' lang='lat' dir='ltr'>inseruerunt</span> <span class='ocrx_word' id='word_1_277' title='bbox 716 2305 774 2344; x_wconf 88' lang='lat' dir='ltr'>se</span> <span class='ocrx_word' id='word_1_278' title='bbox 795 2290 1077 2345; x_wconf 83' lang='lat' dir='ltr'>doloribus</span> <span class='ocrx_word' id='word_1_279' title='bbox 1094 2291 1491 2359; x_wconf 83' lang='lat' dir='ltr'>multis(ibid.,</span> <span class='ocrx_word' id='word_1_280' title='bbox 1509 2294 1616 2361; x_wconf 85' lang='grc'>10).</span> <span class='ocrx_word' id='word_1_281' title='bbox 1633 2292 1701 2345; x_wconf 87' lang='lat' dir='ltr'>Et</span> <span class='ocrx_word' id='word_1_282' title='bbox 1722 2308 1849 2346; x_wconf 91' lang='lat' dir='ltr'>ecce</span> 
     </span>
    </p>
   </div>
   <div class='ocr_carea' id='block_1_39' title="bbox 244 2376 1845 2450">
    <p class='ocr_par' dir='ltr' id='par_1_39' title="bbox 244 2376 1845 2450">
     <span class='ocr_line' id='line_1_39' title="bbox 244 2376 1845 2450; baseline 0.001 -19"><span class='ocrx_word' id='word_1_283' title='bbox 244 2376 437 2431; x_wconf 87' lang='lat' dir='ltr'>statim</span> <span class='ocrx_word' id='word_1_284' title='bbox 479 2377 778 2432; x_wconf 88' lang='lat' dir='ltr'>admonitio</span> <span class='ocrx_word' id='word_1_285' title='bbox 809 2377 1045 2432; x_wconf 88' lang='lat' dir='ltr'>salubris</span> <span class='ocrx_word' id='word_1_286' title='bbox 1079 2395 1091 2431; x_wconf 94' lang='lat'>:</span> <span class='ocrx_word' id='word_1_287' title='bbox 1123 2379 1349 2434; x_wconf 83' lang='lat' dir='ltr'>Sectare</span> <span class='ocrx_word' id='word_1_288' title='bbox 1382 2394 1509 2435; x_wconf 87' lang='lat' dir='ltr'>vero</span> <span class='ocrx_word' id='word_1_289' title='bbox 1529 2380 1845 2450; x_wconf 81' lang='lat' dir='ltr'>justitiam,</span> 
     </span>
    </p>
   </div>
   <div class='ocr_carea' id='block_1_40' title="bbox 228 2466 1851 2538">
    <p class='ocr_par' dir='ltr' id='par_1_40' title="bbox 228 2466 1851 2538">
     <span class='ocr_line' id='line_1_40' title="bbox 228 2466 1851 2538; baseline 0.002 -18"><span class='ocrx_word' id='word_1_290' title='bbox 228 2467 546 2537; x_wconf 77' lang='lat' dir='ltr'>pietatem,</span> <span class='ocrx_word' id='word_1_291' title='bbox 560 2466 747 2534; x_wconf 81' lang='lat' dir='ltr'>ﬁdem,</span> <span class='ocrx_word' id='word_1_292' title='bbox 768 2466 988 2521; x_wconf 86' lang='lat' dir='ltr'>charita</span> <span class='ocrx_word' id='word_1_293' title='bbox 998 2470 1127 2533; x_wconf 85' lang='lat' dir='ltr'>tem,</span> <span class='ocrx_word' id='word_1_294' title='bbox 1146 2467 1508 2538; x_wconf 84' lang='lat' dir='ltr'>patientiam,</span> <span class='ocrx_word' id='word_1_295' title='bbox 1526 2471 1851 2523; x_wconf 85' lang='lat' dir='ltr'>mansuetu-</span> 
     </span>
    </p>
   </div>
   <div class='ocr_carea' id='block_1_41' title="bbox 233 2553 1849 2625">
    <p class='ocr_par' dir='ltr' id='par_1_41' title="bbox 233 2553 1849 2625">
     <span class='ocr_line' id='line_1_41' title="bbox 233 2553 1849 2625; baseline 0.001 -17"><span class='ocrx_word' id='word_1_296' title='bbox 233 2554 441 2609; x_wconf 85' lang='lat' dir='ltr'>dinem</span> <span class='ocrx_word' id='word_1_297' title='bbox 459 2554 596 2625; x_wconf 87' lang='lat' dir='ltr'>(ibid</span> <span class='ocrx_word' id='word_1_298' title='bbox 604 2595 641 2620; x_wconf 90' lang='lat'>.,</span> <span class='ocrx_word' id='word_1_299' title='bbox 659 2557 678 2608; x_wconf 80' lang='grc'>1</span> <span class='ocrx_word' id='word_1_300' title='bbox 695 2554 767 2625; x_wconf 83' lang='grc'>1).</span> <span class='ocrx_word' id='word_1_301' title='bbox 791 2555 858 2609; x_wconf 92' lang='lat' dir='ltr'>Et</span> <span class='ocrx_word' id='word_1_302' title='bbox 880 2553 934 2608; x_wconf 91' lang='lat' dir='ltr'>in</span> <span class='ocrx_word' id='word_1_303' title='bbox 955 2554 1393 2624; x_wconf 69' lang='lat' dir='ltr'>praecedentibus</span> <span class='ocrx_word' id='word_1_304' title='bbox 1419 2571 1431 2609; x_wconf 90' lang='lat'>:</span> <span class='ocrx_word' id='word_1_305' title='bbox 1455 2556 1748 2623; x_wconf 85' lang='lat' dir='ltr'>Habentes,</span> <span class='ocrx_word' id='word_1_306' title='bbox 1773 2556 1849 2610; x_wconf 89' lang='lat' dir='ltr'>in-</span> 
     </span>
    </p>
   </div>
   <div class='ocr_carea' id='block_1_42' title="bbox 232 2641 1847 2715">
    <p class='ocr_par' dir='ltr' id='par_1_42' title="bbox 232 2641 1847 2715">
     <span class='ocr_line' id='line_1_42' title="bbox 232 2641 1847 2715; baseline 0.002 -19"><span class='ocrx_word' id='word_1_307' title='bbox 232 2641 381 2714; x_wconf 87' lang='lat' dir='ltr'>quit,</span> <span class='ocrx_word' id='word_1_308' title='bbox 402 2643 679 2698; x_wconf 85' lang='lat' dir='ltr'>alimenta</span> <span class='ocrx_word' id='word_1_309' title='bbox 699 2646 755 2698; x_wconf 92' lang='lat' dir='ltr'>et</span> <span class='ocrx_word' id='word_1_310' title='bbox 778 2644 974 2715; x_wconf 85' lang='lat' dir='ltr'>quibus</span> <span class='ocrx_word' id='word_1_311' title='bbox 992 2646 1267 2713; x_wconf 87' lang='lat' dir='ltr'>tegamur,</span> <span class='ocrx_word' id='word_1_312' title='bbox 1286 2643 1373 2698; x_wconf 81' lang='lat' dir='ltr'>his</span> <span class='ocrx_word' id='word_1_313' title='bbox 1392 2645 1648 2699; x_wconf 86' lang='lat' dir='ltr'>contenti</span> <span class='ocrx_word' id='word_1_314' title='bbox 1668 2645 1847 2699; x_wconf 85' lang='lat' dir='ltr'>simus</span> 
     </span>
    </p>
   </div>
   <div class='ocr_carea' id='block_1_43' title="bbox 228 2729 1847 2804">
    <p class='ocr_par' dir='ltr' id='par_1_43' title="bbox 228 2729 1847 2804">
     <span class='ocr_line' id='line_1_43' title="bbox 228 2729 1847 2804; baseline 0.001 -19"><span class='ocrx_word' id='word_1_315' title='bbox 228 2729 427 2802; x_wconf 86' lang='lat' dir='ltr'>(ibid.,</span> <span class='ocrx_word' id='word_1_316' title='bbox 455 2733 530 2800; x_wconf 92' lang='lat'>8).</span> <span class='ocrx_word' id='word_1_317' title='bbox 559 2732 638 2785; x_wconf 92' lang='lat' dir='ltr'>De</span> <span class='ocrx_word' id='word_1_318' title='bbox 676 2731 781 2786; x_wconf 89' lang='lat' dir='ltr'>hac</span> <span class='ocrx_word' id='word_1_319' title='bbox 809 2730 1112 2799; x_wconf 86' lang='lat' dir='ltr'>abjectione</span> <span class='ocrx_word' id='word_1_320' title='bbox 1134 2731 1475 2785; x_wconf 70' lang='lat' dir='ltr'>saecularium</span> <span class='ocrx_word' id='word_1_321' title='bbox 1500 2732 1847 2804; x_wconf 84' lang='lat' dir='ltr'>negotiorum</span> 
     </span>
    </p>
   </div>
   <div class='ocr_carea' id='block_1_44' title="bbox 223 2818 1845 2889">
    <p class='ocr_par' dir='ltr' id='par_1_44' title="bbox 223 2818 1845 2889">
     <span class='ocr_line' id='line_1_44' title="bbox 223 2818 1845 2889; baseline 0 -15"><span class='ocrx_word' id='word_1_322' title='bbox 223 2826 283 2874; x_wconf 89' lang='lat' dir='ltr'>et</span> <span class='ocrx_word' id='word_1_323' title='bbox 331 2826 674 2873; x_wconf 88' lang='lat' dir='ltr'>terrenarum</span> <span class='ocrx_word' id='word_1_324' title='bbox 722 2818 1152 2889; x_wconf 89' lang='lat' dir='ltr'>possessionum,</span> <span class='ocrx_word' id='word_1_325' title='bbox 1188 2827 1245 2873; x_wconf 91' lang='lat' dir='ltr'>ut</span> <span class='ocrx_word' id='word_1_326' title='bbox 1269 2819 1551 2875; x_wconf 90' lang='lat' dir='ltr'>immutata</span> <span class='ocrx_word' id='word_1_327' title='bbox 1584 2828 1635 2874; x_wconf 91' lang='lat' dir='ltr'>et</span> <span class='ocrx_word' id='word_1_328' title='bbox 1663 2820 1845 2875; x_wconf 90' lang='lat' dir='ltr'>invio-</span> 
     </span>
    </p>
   </div>
   <div class='ocr_carea' id='block_1_45' title="bbox 223 2906 1844 2978">
    <p class='ocr_par' dir='ltr' id='par_1_45' title="bbox 223 2906 1844 2978">
     <span class='ocr_line' id='line_1_45' title="bbox 223 2906 1844 2978; baseline 0.001 -17"><span class='ocrx_word' id='word_1_329' title='bbox 223 2907 342 2962; x_wconf 88' lang='lat' dir='ltr'>lata</span> <span class='ocrx_word' id='word_1_330' title='bbox 385 2907 441 2960; x_wconf 92' lang='lat' dir='ltr'>in</span> <span class='ocrx_word' id='word_1_331' title='bbox 484 2906 678 2961; x_wconf 91' lang='lat' dir='ltr'>ordine</span> <span class='ocrx_word' id='word_1_332' title='bbox 722 2907 1001 2977; x_wconf 90' lang='lat' dir='ltr'>perpetuis</span> <span class='ocrx_word' id='word_1_333' title='bbox 1041 2907 1371 2978; x_wconf 87' lang='lat' dir='ltr'>temporibus</span> <span class='ocrx_word' id='word_1_334' title='bbox 1420 2908 1704 2975; x_wconf 86' lang='lat' dir='ltr'>habeatur,</span> <span class='ocrx_word' id='word_1_335' title='bbox 1765 2917 1844 2964; x_wconf 91' lang='lat' dir='ltr'>te-</span> 
     </span>
    </p>
   </div>
   <div class='ocr_carea' id='block_1_46' title="bbox 222 2995 1844 3067">
    <p class='ocr_par' dir='ltr' id='par_1_46' title="bbox 222 2995 1844 3067">
     <span class='ocr_line' id='line_1_46' title="bbox 222 2995 1844 3067; baseline 0 -16"><span class='ocrx_word' id='word_1_336' title='bbox 222 3004 449 3060; x_wconf 86' lang='lat' dir='ltr'>neatur,</span> <span class='ocrx_word' id='word_1_337' title='bbox 498 2995 854 3063; x_wconf 89' lang='lat' dir='ltr'>custodiatur,</span> <span class='ocrx_word' id='word_1_338' title='bbox 887 2995 958 3050; x_wconf 80' lang='lat' dir='ltr'>ita</span> <span class='ocrx_word' id='word_1_339' title='bbox 989 2995 1091 3066; x_wconf 68' lang='lat' dir='ltr'>pia:</span> <span class='ocrx_word' id='word_1_340' title='bbox 1121 2997 1399 3051; x_wconf 65' lang='lat' dir='ltr'>memoriae</span> <span class='ocrx_word' id='word_1_341' title='bbox 1430 2996 1509 3067; x_wconf 89' lang='lat' dir='ltr'>(ut</span> <span class='ocrx_word' id='word_1_342' title='bbox 1538 2996 1643 3067; x_wconf 89' lang='lat' dir='ltr'>ipsi</span> <span class='ocrx_word' id='word_1_343' title='bbox 1672 2996 1844 3067; x_wconf 89' lang='lat' dir='ltr'>scitis)</span> 
     </span>
    </p>
   </div>
   <div class='ocr_carea' id='block_1_47' title="bbox 223 3083 1844 3156">
    <p class='ocr_par' dir='ltr' id='par_1_47' title="bbox 223 3083 1844 3156">
     <span class='ocr_line' id='line_1_47' title="bbox 223 3083 1844 3156; baseline 0.001 -17"><span class='ocrx_word' id='word_1_344' title='bbox 223 3084 317 3139; x_wconf 88' lang='lat' dir='ltr'>vir</span> <span class='ocrx_word' id='word_1_345' title='bbox 349 3083 475 3139; x_wconf 75' lang='lat' dir='ltr'>vita:</span> <span class='ocrx_word' id='word_1_346' title='bbox 504 3084 868 3151; x_wconf 86' lang='lat' dir='ltr'>venerabilis,</span> <span class='ocrx_word' id='word_1_347' title='bbox 929 3084 1161 3139; x_wconf 86' lang='lat' dir='ltr'>domnus</span> <span class='ocrx_word' id='word_1_348' title='bbox 1220 3084 1398 3156; x_wconf 87' lang='lat' dir='ltr'>Guigo</span> <span class='ocrx_word' id='word_1_349' title='bbox 1456 3086 1844 3153; x_wconf 87' lang='lat' dir='ltr'>(Statutorum</span> 
     </span>
    </p>
   </div>
   <div class='ocr_carea' id='block_1_48' title="bbox 230 3171 1841 3245">
    <p class='ocr_par' dir='ltr' id='par_1_48' title="bbox 230 3171 1841 3245">
     <span class='ocr_line' id='line_1_48' title="bbox 230 3171 1841 3245; baseline 0 -17"><span class='ocrx_word' id='word_1_350' title='bbox 230 3189 365 3243; x_wconf 88' lang='lat' dir='ltr'>cap.</span> <span class='ocrx_word' id='word_1_351' title='bbox 402 3172 512 3242; x_wconf 80' lang='grc'>41),</span> <span class='ocrx_word' id='word_1_352' title='bbox 538 3173 701 3227; x_wconf 91' lang='lat' dir='ltr'>homo</span> <span class='ocrx_word' id='word_1_353' title='bbox 721 3188 936 3245; x_wconf 73' lang='lat' dir='ltr'>magna:</span> <span class='ocrx_word' id='word_1_354' title='bbox 963 3171 1245 3243; x_wconf 81' lang='lat' dir='ltr'>religionis</span> <span class='ocrx_word' id='word_1_355' title='bbox 1275 3173 1463 3229; x_wconf 90' lang='lat' dir='ltr'>scribit</span> <span class='ocrx_word' id='word_1_356' title='bbox 1484 3191 1496 3227; x_wconf 93' lang='lat'><strong>:</strong></span> <span class='ocrx_word' id='word_1_357' title='bbox 1517 3173 1841 3244; x_wconf 87' lang='lat' dir='ltr'>Cupiditatis</span> 
     </span>
    </p>
   </div>
   <div class='ocr_carea' id='block_1_49' title="bbox 223 3260 1836 3333">
    <p class='ocr_par' dir='ltr' id='par_1_49' title="bbox 223 3260 1836 3333">
     <span class='ocr_line' id='line_1_49' title="bbox 223 3260 1836 3333; baseline 0.001 -16"><span class='ocrx_word' id='word_1_358' title='bbox 223 3260 563 3331; x_wconf 80' lang='lat' dir='ltr'>occasiones</span> <span class='ocrx_word' id='word_1_359' title='bbox 607 3260 765 3315; x_wconf 90' lang='lat' dir='ltr'>nobis</span> <span class='ocrx_word' id='word_1_360' title='bbox 796 3268 848 3315; x_wconf 82' lang='lat' dir='ltr'>et</span> <span class='ocrx_word' id='word_1_361' title='bbox 887 3260 1120 3332; x_wconf 88' lang='lat' dir='ltr'>posteris</span> <span class='ocrx_word' id='word_1_362' title='bbox 1150 3261 1370 3328; x_wconf 89' lang='lat' dir='ltr'>nostris,</span> <span class='ocrx_word' id='word_1_363' title='bbox 1407 3270 1686 3333; x_wconf 87' lang='lat' dir='ltr'>quantum,</span> <span class='ocrx_word' id='word_1_364' title='bbox 1720 3264 1836 3319; x_wconf 91' lang='lat' dir='ltr'>Deo</span> 
     </span>
    </p>
   </div>
   <div class='ocr_carea' id='block_1_50' title="bbox 211 3348 1836 3422">
    <p class='ocr_par' dir='ltr' id='par_1_50' title="bbox 211 3348 1836 3422">
     <span class='ocr_line' id='line_1_50' title="bbox 211 3348 1836 3422; baseline 0.002 -19"><span class='ocrx_word' id='word_1_365' title='bbox 211 3350 475 3420; x_wconf 80' lang='lat' dir='ltr'>juvaute,</span> <span class='ocrx_word' id='word_1_366' title='bbox 526 3365 841 3421; x_wconf 90' lang='lat' dir='ltr'>possumus,</span> <span class='ocrx_word' id='word_1_367' title='bbox 894 3348 1273 3420; x_wconf 60' lang='lat' dir='ltr'>praecidentes,</span> <span class='ocrx_word' id='word_1_368' title='bbox 1322 3351 1609 3421; x_wconf 59' lang='lat' dir='ltr'>praisentis</span> <span class='ocrx_word' id='word_1_369' title='bbox 1648 3351 1836 3422; x_wconf 89' lang='lat' dir='ltr'>scripti</span> 
     </span>
    </p>
   </div>
   <div class='ocr_carea' id='block_1_51' title="bbox 222 3437 1834 3510">
    <p class='ocr_par' dir='ltr' id='par_1_51' title="bbox 222 3437 1834 3510">
     <span class='ocr_line' id='line_1_51' title="bbox 222 3437 1834 3510; baseline -0.001 -16"><span class='ocrx_word' id='word_1_370' title='bbox 222 3437 521 3494; x_wconf 89' lang='lat' dir='ltr'>sanctione</span> <span class='ocrx_word' id='word_1_371' title='bbox 584 3437 909 3505; x_wconf 88' lang='lat' dir='ltr'>statuimus;</span> <span class='ocrx_word' id='word_1_372' title='bbox 971 3445 1238 3510; x_wconf 86' lang='lat' dir='ltr'>quatenus</span> <span class='ocrx_word' id='word_1_373' title='bbox 1285 3438 1391 3495; x_wconf 90' lang='lat' dir='ltr'>loci</span> <span class='ocrx_word' id='word_1_374' title='bbox 1439 3440 1595 3509; x_wconf 87' lang='lat' dir='ltr'>hujus</span> <span class='ocrx_word' id='word_1_375' title='bbox 1620 3440 1834 3494; x_wconf 90' lang='lat' dir='ltr'>habita-</span> 
     </span>
    </p>
   </div>
   <div class='ocr_carea' id='block_1_52' title="bbox 221 3525 1837 3598">
    <p class='ocr_par' dir='ltr' id='par_1_52' title="bbox 221 3525 1837 3598">
     <span class='ocr_line' id='line_1_52' title="bbox 221 3525 1837 3598; baseline -0.001 -16"><span class='ocrx_word' id='word_1_376' title='bbox 221 3534 405 3591; x_wconf 87' lang='lat' dir='ltr'>tores,</span> <span class='ocrx_word' id='word_1_377' title='bbox 440 3533 588 3581; x_wconf 83' lang='lat' dir='ltr'>extra</span> <span class='ocrx_word' id='word_1_378' title='bbox 619 3542 731 3582; x_wconf 64' lang='lat' dir='ltr'>sua:</span> <span class='ocrx_word' id='word_1_379' title='bbox 757 3525 1019 3581; x_wconf 89' lang='lat' dir='ltr'>terminos</span> <span class='ocrx_word' id='word_1_380' title='bbox 1048 3526 1219 3582; x_wconf 89' lang='lat' dir='ltr'>eremi</span> <span class='ocrx_word' id='word_1_381' title='bbox 1247 3526 1382 3582; x_wconf 91' lang='lat' dir='ltr'>nihil</span> <span class='ocrx_word' id='word_1_382' title='bbox 1410 3527 1634 3583; x_wconf 87' lang='lat' dir='ltr'>omnino</span> <span class='ocrx_word' id='word_1_383' title='bbox 1664 3528 1837 3598; x_wconf 88' lang='lat' dir='ltr'>possi-</span> 
     </span>
    </p>
   </div>
   <div class='ocr_carea' id='block_1_53' title="bbox 217 3613 1828 3686">
    <p class='ocr_par' dir='ltr' id='par_1_53' title="bbox 217 3613 1828 3686">
     <span class='ocr_line' id='line_1_53' title="bbox 217 3613 1828 3686; baseline 0.001 -17"><span class='ocrx_word' id='word_1_384' title='bbox 217 3614 419 3681; x_wconf 87' lang='lat' dir='ltr'>deant,</span> <span class='ocrx_word' id='word_1_385' title='bbox 454 3613 507 3667; x_wconf 91' lang='lat' dir='ltr'>id</span> <span class='ocrx_word' id='word_1_386' title='bbox 557 3621 660 3681; x_wconf 87' lang='lat' dir='ltr'>est,</span> <span class='ocrx_word' id='word_1_387' title='bbox 712 3630 821 3670; x_wconf 92' lang='lat' dir='ltr'>non</span> <span class='ocrx_word' id='word_1_388' title='bbox 869 3629 1051 3686; x_wconf 86' lang='lat' dir='ltr'>agros,</span> <span class='ocrx_word' id='word_1_389' title='bbox 1082 3629 1190 3670; x_wconf 93' lang='lat' dir='ltr'>non</span> <span class='ocrx_word' id='word_1_390' title='bbox 1239 3615 1447 3685; x_wconf 86' lang='lat' dir='ltr'>vineas,</span> <span class='ocrx_word' id='word_1_391' title='bbox 1479 3631 1589 3671; x_wconf 92' lang='lat' dir='ltr'>non</span> <span class='ocrx_word' id='word_1_392' title='bbox 1618 3616 1828 3685; x_wconf 88' lang='lat' dir='ltr'>hortos,</span> 
     </span>
    </p>
   </div>
   <div class='ocr_carea' id='block_1_54' title="bbox 213 3701 1833 3771">
    <p class='ocr_par' dir='ltr' id='par_1_54' title="bbox 213 3701 1833 3771">
     <span class='ocr_line' id='line_1_54' title="bbox 213 3701 1833 3771; baseline 0.002 -14"><span class='ocrx_word' id='word_1_393' title='bbox 213 3719 337 3758; x_wconf 90' lang='lat' dir='ltr'>non</span> <span class='ocrx_word' id='word_1_394' title='bbox 370 3701 651 3771; x_wconf 87' lang='lat' dir='ltr'>ecclesias,</span> <span class='ocrx_word' id='word_1_395' title='bbox 701 3718 813 3757; x_wconf 90' lang='lat' dir='ltr'>non</span> <span class='ocrx_word' id='word_1_396' title='bbox 862 3702 1194 3770; x_wconf 66' lang='lat' dir='ltr'>caemeteria,</span> <span class='ocrx_word' id='word_1_397' title='bbox 1229 3718 1337 3758; x_wconf 91' lang='lat' dir='ltr'>non</span> <span class='ocrx_word' id='word_1_398' title='bbox 1366 3704 1688 3770; x_wconf 88' lang='lat' dir='ltr'>oblationes,</span> <span class='ocrx_word' id='word_1_399' title='bbox 1722 3721 1833 3760; x_wconf 90' lang='lat' dir='ltr'>non</span> 
     </span>
    </p>
   </div>
   <div class='ocr_carea' id='block_1_55' title="bbox 215 3791 1831 3863">
    <p class='ocr_par' dir='ltr' id='par_1_55' title="bbox 215 3791 1831 3863">
     <span class='ocr_line' id='line_1_55' title="bbox 215 3791 1831 3863; baseline 0.001 -16"><span class='ocrx_word' id='word_1_400' title='bbox 215 3791 490 3858; x_wconf 87' lang='lat' dir='ltr'>decimas,</span> <span class='ocrx_word' id='word_1_401' title='bbox 525 3798 577 3846; x_wconf 92' lang='lat' dir='ltr'>et</span> <span class='ocrx_word' id='word_1_402' title='bbox 627 3807 965 3863; x_wconf 73' lang='lat' dir='ltr'>quaecunque</span> <span class='ocrx_word' id='word_1_403' title='bbox 1012 3791 1342 3860; x_wconf 88' lang='lat' dir='ltr'>hujusmodi.</span> <span class='ocrx_word' id='word_1_404' title='bbox 1390 3792 1484 3846; x_wconf 83' lang='lat' dir='ltr'>His</span> <span class='ocrx_word' id='word_1_405' title='bbox 1533 3793 1694 3847; x_wconf 88' lang='lat' dir='ltr'>etiam</span> <span class='ocrx_word' id='word_1_406' title='bbox 1726 3794 1831 3849; x_wconf 90' lang='lat' dir='ltr'>hoc</span> 
     </span>
    </p>
   </div>
   <div class='ocr_carea' id='block_1_56' title="bbox 216 3878 1829 3953">
    <p class='ocr_par' dir='ltr' id='par_1_56' title="bbox 216 3878 1829 3953">
     <span class='ocr_line' id='line_1_56' title="bbox 216 3878 1829 3953; baseline 0.002 -19"><span class='ocrx_word' id='word_1_407' title='bbox 216 3880 391 3935; x_wconf 91' lang='lat' dir='ltr'>modo</span> <span class='ocrx_word' id='word_1_408' title='bbox 423 3879 507 3933; x_wconf 92' lang='lat' dir='ltr'>vir</span> <span class='ocrx_word' id='word_1_409' title='bbox 534 3878 635 3934; x_wconf 89' lang='lat' dir='ltr'>Dei</span> <span class='ocrx_word' id='word_1_410' title='bbox 666 3879 930 3953; x_wconf 88' lang='lat' dir='ltr'>adjungit.</span> <span class='ocrx_word' id='word_1_411' title='bbox 966 3879 1139 3934; x_wconf 90' lang='lat' dir='ltr'>Simili</span> <span class='ocrx_word' id='word_1_412' title='bbox 1167 3880 1330 3935; x_wconf 89' lang='lat' dir='ltr'>etiam</span> <span class='ocrx_word' id='word_1_413' title='bbox 1352 3889 1538 3936; x_wconf 87' lang='lat' dir='ltr'>tenore</span> <span class='ocrx_word' id='word_1_414' title='bbox 1560 3882 1829 3937; x_wconf 89' lang='lat' dir='ltr'>sancitum</span> 
     </span>
    </p>
   </div>
   <div class='ocr_carea' id='block_1_57' title="bbox 215 3967 1829 4039">
    <p class='ocr_par' dir='ltr' id='par_1_57' title="bbox 215 3967 1829 4039">
     <span class='ocr_line' id='line_1_57' title="bbox 215 3967 1829 4039; baseline 0.001 -15"><span class='ocrx_word' id='word_1_415' title='bbox 215 3976 325 4038; x_wconf 89' lang='lat' dir='ltr'>est,</span> <span class='ocrx_word' id='word_1_416' title='bbox 360 3975 420 4023; x_wconf 91' lang='lat' dir='ltr'>ut</span> <span class='ocrx_word' id='word_1_417' title='bbox 450 3967 723 4023; x_wconf 88' lang='lat' dir='ltr'>nemiuem</span> <span class='ocrx_word' id='word_1_418' title='bbox 768 3983 997 4039; x_wconf 89' lang='lat' dir='ltr'>prorsus</span> <span class='ocrx_word' id='word_1_419' title='bbox 1047 3968 1162 4024; x_wconf 90' lang='lat' dir='ltr'>sive</span> <span class='ocrx_word' id='word_1_420' title='bbox 1190 3969 1348 4038; x_wconf 88' lang='lat' dir='ltr'>intra,</span> <span class='ocrx_word' id='word_1_421' title='bbox 1378 3969 1493 4024; x_wconf 90' lang='lat' dir='ltr'>sive</span> <span class='ocrx_word' id='word_1_422' title='bbox 1524 3977 1673 4025; x_wconf 82' lang='lat' dir='ltr'>extra</span> <span class='ocrx_word' id='word_1_423' title='bbox 1702 3986 1829 4026; x_wconf 89' lang='lat' dir='ltr'>ere-</span> 
     </span>
    </p>
   </div>
   <div class='ocr_carea' id='block_1_58' title="bbox 214 4055 1824 4129">
    <p class='ocr_par' dir='ltr' id='par_1_58' title="bbox 214 4055 1824 4129">
     <span class='ocr_line' id='line_1_58' title="bbox 214 4055 1824 4129; baseline 0.001 -16"><span class='ocrx_word' id='word_1_424' title='bbox 214 4073 376 4113; x_wconf 88' lang='lat' dir='ltr'>mum</span> <span class='ocrx_word' id='word_1_425' title='bbox 407 4056 567 4111; x_wconf 90' lang='lat' dir='ltr'>istam</span> <span class='ocrx_word' id='word_1_426' title='bbox 611 4055 924 4112; x_wconf 82' lang='lat' dir='ltr'>defunctum</span> <span class='ocrx_word' id='word_1_427' title='bbox 968 4073 1068 4113; x_wconf 92' lang='lat' dir='ltr'>suo</span> <span class='ocrx_word' id='word_1_428' title='bbox 1110 4058 1377 4129; x_wconf 84' lang='lat' dir='ltr'>sepeliant</span> <span class='ocrx_word' id='word_1_429' title='bbox 1404 4058 1459 4112; x_wconf 93' lang='lat' dir='ltr'>in</span> <span class='ocrx_word' id='word_1_430' title='bbox 1489 4060 1824 4127; x_wconf 73' lang='lat' dir='ltr'>cmmeterio,</span> 
     </span>
    </p>
   </div>
   <div class='ocr_carea' id='block_1_59' title="bbox 216 4145 1825 4218">
    <p class='ocr_par' dir='ltr' id='par_1_59' title="bbox 216 4145 1825 4218">
     <span class='ocr_line' id='line_1_59' title="bbox 216 4145 1825 4218; baseline 0.001 -18"><span class='ocrx_word' id='word_1_431' title='bbox 216 4146 327 4201; x_wconf 86' lang='lat' dir='ltr'>nisi</span> <span class='ocrx_word' id='word_1_432' title='bbox 360 4145 503 4201; x_wconf 83' lang='lat' dir='ltr'>forte</span> <span class='ocrx_word' id='word_1_433' title='bbox 551 4145 789 4217; x_wconf 84' lang='lat' dir='ltr'>aliquem</span> <span class='ocrx_word' id='word_1_434' title='bbox 834 4146 992 4215; x_wconf 86' lang='lat' dir='ltr'>hujus</span> <span class='ocrx_word' id='word_1_435' title='bbox 1037 4147 1304 4218; x_wconf 89' lang='lat' dir='ltr'>propositi</span> <span class='ocrx_word' id='word_1_436' title='bbox 1347 4147 1435 4204; x_wconf 91' lang='lat' dir='ltr'>hic</span> <span class='ocrx_word' id='word_1_437' title='bbox 1465 4148 1619 4203; x_wconf 90' lang='lat' dir='ltr'>obire</span> <span class='ocrx_word' id='word_1_438' title='bbox 1648 4149 1825 4204; x_wconf 89' lang='lat' dir='ltr'>conti-</span> 
     </span>
    </p>
   </div>
   <div class='ocr_carea' id='block_1_60' title="bbox 212 4234 1826 4309">
    <p class='ocr_par' dir='ltr' id='par_1_60' title="bbox 212 4234 1826 4309">
     <span class='ocr_line' id='line_1_60' title="bbox 212 4234 1826 4309; baseline 0.001 -19"><span class='ocrx_word' id='word_1_439' title='bbox 212 4234 385 4309; x_wconf 83' lang='lat' dir='ltr'>gerit.</span> <span class='ocrx_word' id='word_1_440' title='bbox 420 4234 528 4290; x_wconf 88' lang='lat' dir='ltr'>Sed</span> <span class='ocrx_word' id='word_1_441' title='bbox 558 4242 611 4290; x_wconf 91' lang='lat' dir='ltr'>et</span> <span class='ocrx_word' id='word_1_442' title='bbox 641 4242 963 4290; x_wconf 70' lang='lat' dir='ltr'>caeterarum</span> <span class='ocrx_word' id='word_1_443' title='bbox 998 4235 1347 4307; x_wconf 87' lang='lat' dir='ltr'>religionum,</span> <span class='ocrx_word' id='word_1_444' title='bbox 1384 4236 1430 4290; x_wconf 89' lang='lat' dir='ltr'>si</span> <span class='ocrx_word' id='word_1_445' title='bbox 1459 4236 1581 4307; x_wconf 91' lang='lat' dir='ltr'>quis</span> <span class='ocrx_word' id='word_1_446' title='bbox 1613 4237 1699 4292; x_wconf 90' lang='lat' dir='ltr'>hic</span> <span class='ocrx_word' id='word_1_447' title='bbox 1724 4238 1826 4292; x_wconf 92' lang='lat' dir='ltr'>de-</span> 
     </span>
    </p>
   </div>
   <div class='ocr_carea' id='block_1_61' title="bbox 214 4322 1825 4398">
    <p class='ocr_par' dir='ltr' id='par_1_61' title="bbox 214 4322 1825 4398">
     <span class='ocr_line' id='line_1_61' title="bbox 214 4322 1825 4398; baseline 0.002 -20"><span class='ocrx_word' id='word_1_448' title='bbox 214 4323 445 4380; x_wconf 82' lang='lat' dir='ltr'>functus</span> <span class='ocrx_word' id='word_1_449' title='bbox 472 4322 656 4389; x_wconf 86' lang='lat' dir='ltr'>fuerit,</span> <span class='ocrx_word' id='word_1_450' title='bbox 690 4339 852 4394; x_wconf 90' lang='lat' dir='ltr'>quem</span> <span class='ocrx_word' id='word_1_451' title='bbox 882 4339 978 4378; x_wconf 91' lang='lat' dir='ltr'>sua</span> <span class='ocrx_word' id='word_1_452' title='bbox 1004 4324 1366 4398; x_wconf 90' lang='lat' dir='ltr'>congregatio</span> <span class='ocrx_word' id='word_1_453' title='bbox 1393 4324 1520 4380; x_wconf 89' lang='lat' dir='ltr'>hinc</span> <span class='ocrx_word' id='word_1_454' title='bbox 1547 4334 1825 4396; x_wconf 88' lang='lat' dir='ltr'>asportare</span> 
     </span>
    </p>
   </div>
   <div class='ocr_carea' id='block_1_62' title="bbox 212 4411 1825 4484">
    <p class='ocr_par' dir='ltr' id='par_1_62' title="bbox 212 4411 1825 4484">
     <span class='ocr_line' id='line_1_62' title="bbox 212 4411 1825 4484; baseline 0.003 -18"><span class='ocrx_word' id='word_1_455' title='bbox 212 4420 309 4466; x_wconf 89' lang='lat' dir='ltr'>aut</span> <span class='ocrx_word' id='word_1_456' title='bbox 341 4411 673 4484; x_wconf 88' lang='lat' dir='ltr'>nequiverit,</span> <span class='ocrx_word' id='word_1_457' title='bbox 724 4420 817 4467; x_wconf 91' lang='lat' dir='ltr'>aut</span> <span class='ocrx_word' id='word_1_458' title='bbox 861 4412 1186 4484; x_wconf 86' lang='lat' dir='ltr'>neglexerit,</span> <span class='ocrx_word' id='word_1_459' title='bbox 1227 4415 1371 4469; x_wconf 89' lang='lat' dir='ltr'>hunc</span> <span class='ocrx_word' id='word_1_460' title='bbox 1400 4414 1681 4482; x_wconf 85' lang='lat' dir='ltr'>sepelient.</span> <span class='ocrx_word' id='word_1_461' title='bbox 1714 4415 1825 4471; x_wconf 88' lang='lat' dir='ltr'>No-</span> 
     </span>
    </p>
   </div>
   <div class='ocr_carea' id='block_1_63' title="bbox 211 4500 1823 4574">
    <p class='ocr_par' dir='ltr' id='par_1_63' title="bbox 211 4500 1823 4574">
     <span class='ocr_line' id='line_1_63' title="bbox 211 4500 1823 4574; baseline 0.002 -20"><span class='ocrx_word' id='word_1_462' title='bbox 211 4517 344 4555; x_wconf 90' lang='lat' dir='ltr'>men</span> <span class='ocrx_word' id='word_1_463' title='bbox 380 4514 515 4555; x_wconf 90' lang='lat' dir='ltr'>vero</span> <span class='ocrx_word' id='word_1_464' title='bbox 563 4500 885 4572; x_wconf 88' lang='lat' dir='ltr'>cujusquam</span> <span class='ocrx_word' id='word_1_465' title='bbox 932 4500 988 4555; x_wconf 93' lang='lat' dir='ltr'>in</span> <span class='ocrx_word' id='word_1_466' title='bbox 1016 4517 1114 4556; x_wconf 92' lang='lat' dir='ltr'>suo</span> <span class='ocrx_word' id='word_1_467' title='bbox 1146 4516 1254 4557; x_wconf 92' lang='lat' dir='ltr'>non</span> <span class='ocrx_word' id='word_1_468' title='bbox 1285 4502 1527 4557; x_wconf 88' lang='lat' dir='ltr'>scribent</span> <span class='ocrx_word' id='word_1_469' title='bbox 1556 4504 1823 4574; x_wconf 70' lang='lat' dir='ltr'>Martyro~</span> 
     </span>
    </p>
   </div>
   <div class='ocr_carea' id='block_1_64' title="bbox 212 4562 2056 4660">
    <p class='ocr_par' dir='ltr' id='par_1_64' title="bbox 212 4562 2056 4660">
     <span class='ocr_line' id='line_1_64' title="bbox 212 4562 2056 4660; baseline 0.002 -18"><span class='ocrx_word' id='word_1_470' title='bbox 212 4588 392 4660; x_wconf 92' lang='lat' dir='ltr'>logio,</span> <span class='ocrx_word' id='word_1_471' title='bbox 427 4604 528 4644; x_wconf 90' lang='lat' dir='ltr'>nec</span> <span class='ocrx_word' id='word_1_472' title='bbox 556 4589 875 4660; x_wconf 89' lang='lat' dir='ltr'>cujusquam</span> <span class='ocrx_word' id='word_1_473' title='bbox 898 4589 1329 4645; x_wconf 88' lang='lat' dir='ltr'>anniversarium</span> <span class='ocrx_word' id='word_1_474' title='bbox 1347 4606 1412 4645; x_wconf 87' lang='lat' dir='ltr'>ex</span> <span class='ocrx_word' id='word_1_475' title='bbox 1430 4606 1581 4645; x_wconf 89' lang='lat' dir='ltr'>more</span> <span class='ocrx_word' id='word_1_476' title='bbox 1604 4590 1822 4646; x_wconf 84' lang='lat' dir='ltr'>facient.</span> <span class='ocrx_word' id='word_1_477' title='bbox 1854 4562 1906 4620; x_wconf 83' lang='lat' dir='ltr'><strong>D</strong></span> <span class='ocrx_word' id='word_1_478' title='bbox 1927 4577 2056 4634; x_wconf 65' lang='lat' dir='ltr'>qum</span> 
     </span>
    </p>
   </div>
   <div class='ocr_carea' id='block_1_65' title="bbox 218 4675 1825 4747">
    <p class='ocr_par' dir='ltr' id='par_1_65' title="bbox 218 4675 1825 4747">
     <span class='ocr_line' id='line_1_65' title="bbox 218 4675 1825 4747; baseline 0.003 -16"><span class='ocrx_word' id='word_1_479' title='bbox 218 4675 387 4745; x_wconf 91' lang='lat' dir='ltr'>Quod</span> <span class='ocrx_word' id='word_1_480' title='bbox 420 4676 665 4747; x_wconf 84' lang='lat' dir='ltr'>profecto</span> <span class='ocrx_word' id='word_1_481' title='bbox 695 4693 764 4733; x_wconf 91' lang='lat' dir='ltr'>ne</span> <span class='ocrx_word' id='word_1_482' title='bbox 786 4676 924 4733; x_wconf 86' lang='lat' dir='ltr'>forte</span> <span class='ocrx_word' id='word_1_483' title='bbox 949 4677 1110 4734; x_wconf 89' lang='lat' dir='ltr'>alicui</span> <span class='ocrx_word' id='word_1_484' title='bbox 1127 4678 1287 4733; x_wconf 90' lang='lat' dir='ltr'>nimis</span> <span class='ocrx_word' id='word_1_485' title='bbox 1310 4678 1505 4733; x_wconf 90' lang='lat' dir='ltr'>durum</span> <span class='ocrx_word' id='word_1_486' title='bbox 1527 4687 1576 4734; x_wconf 89' lang='lat' dir='ltr'>et</span> <span class='ocrx_word' id='word_1_487' title='bbox 1601 4679 1825 4736; x_wconf 90' lang='lat' dir='ltr'>crudele</span> 
     </span>
    </p>
   </div>
   <div class='ocr_carea' id='block_1_66' title="bbox 213 4764 1827 4838">
    <p class='ocr_par' dir='ltr' id='par_1_66' title="bbox 213 4764 1827 4838">
     <span class='ocr_line' id='line_1_66' title="bbox 213 4764 1827 4838; baseline 0.002 -18"><span class='ocrx_word' id='word_1_488' title='bbox 213 4764 391 4820; x_wconf 90' lang='lat' dir='ltr'>videri</span> <span class='ocrx_word' id='word_1_489' title='bbox 421 4765 635 4833; x_wconf 90' lang='lat' dir='ltr'>debeat,</span> <span class='ocrx_word' id='word_1_490' title='bbox 670 4782 833 4838; x_wconf 88' lang='lat' dir='ltr'>quam</span> <span class='ocrx_word' id='word_1_491' title='bbox 865 4764 1179 4821; x_wconf 82' lang='lat' dir='ltr'>rationabili</span> <span class='ocrx_word' id='word_1_492' title='bbox 1209 4782 1397 4833; x_wconf 89' lang='lat' dir='ltr'>causa,</span> <span class='ocrx_word' id='word_1_493' title='bbox 1431 4775 1483 4822; x_wconf 92' lang='lat' dir='ltr'>et</span> <span class='ocrx_word' id='word_1_494' title='bbox 1527 4767 1827 4824; x_wconf 90' lang='lat' dir='ltr'>intentione</span> 
     </span>
    </p>
   </div>
   <div class='ocr_carea' id='block_1_67' title="bbox 213 4853 1824 4926">
    <p class='ocr_par' dir='ltr' id='par_1_67' title="bbox 213 4853 1824 4926">
     <span class='ocr_line' id='line_1_67' title="bbox 213 4853 1824 4926; baseline 0.003 -19"><span class='ocrx_word' id='word_1_495' title='bbox 213 4853 479 4919; x_wconf 88' lang='lat' dir='ltr'>discreta,</span> <span class='ocrx_word' id='word_1_496' title='bbox 529 4861 582 4909; x_wconf 90' lang='lat' dir='ltr'>et</span> <span class='ocrx_word' id='word_1_497' title='bbox 628 4854 697 4909; x_wconf 89' lang='lat' dir='ltr'>ad</span> <span class='ocrx_word' id='word_1_498' title='bbox 734 4870 855 4926; x_wconf 68' lang='lat' dir='ltr'>quae</span> <span class='ocrx_word' id='word_1_499' title='bbox 904 4854 1264 4925; x_wconf 66' lang='lat' dir='ltr'>praecavenda</span> <span class='ocrx_word' id='word_1_500' title='bbox 1301 4855 1443 4910; x_wconf 90' lang='lat' dir='ltr'>mala</span> <span class='ocrx_word' id='word_1_501' title='bbox 1471 4857 1576 4912; x_wconf 90' lang='lat' dir='ltr'>hoc</span> <span class='ocrx_word' id='word_1_502' title='bbox 1605 4856 1824 4912; x_wconf 91' lang='lat' dir='ltr'>institu-</span> 
     </span>
    </p>
   </div>
   <div class='ocr_carea' id='block_1_68' title="bbox 214 4936 1825 5013">
    <p class='ocr_par' dir='ltr' id='par_1_68' title="bbox 214 4936 1825 5013">
     <span class='ocr_line' id='line_1_68' title="bbox 214 4936 1825 5013; baseline 0.004 -19"><span class='ocrx_word' id='word_1_503' title='bbox 214 4947 331 4994; x_wconf 91' lang='lat' dir='ltr'>tum</span> <span class='ocrx_word' id='word_1_504' title='bbox 360 4936 522 4997; x_wconf 82' lang='lat' dir='ltr'>fuerit</span> <span class='ocrx_word' id='word_1_505' title='bbox 556 4957 569 4996; x_wconf 86' lang='lat'><strong>:</strong></span> <span class='ocrx_word' id='word_1_506' title='bbox 602 4943 897 5013; x_wconf 75' lang='lat' dir='ltr'>praedictus</span> <span class='ocrx_word' id='word_1_507' title='bbox 944 4943 1075 4999; x_wconf 84' lang='lat' dir='ltr'>Jesu</span> <span class='ocrx_word' id='word_1_508' title='bbox 1105 4943 1305 4998; x_wconf 84' lang='lat' dir='ltr'>Christi</span> <span class='ocrx_word' id='word_1_509' title='bbox 1349 4943 1606 5012; x_wconf 84' lang='lat' dir='ltr'>famulus,</span> <span class='ocrx_word' id='word_1_510' title='bbox 1660 4946 1825 5001; x_wconf 89' lang='lat' dir='ltr'>homo</span> 
     </span>
    </p>
   </div>
   <div class='ocr_carea' id='block_1_69' title="bbox 216 5031 1824 5103">
    <p class='ocr_par' dir='ltr' id='par_1_69' title="bbox 216 5031 1824 5103">
     <span class='ocr_line' id='line_1_69' title="bbox 216 5031 1824 5103; baseline 0.003 -21"><span class='ocrx_word' id='word_1_511' title='bbox 216 5044 433 5100; x_wconf 57' lang='lat' dir='ltr'>magna;</span> <span class='ocrx_word' id='word_1_512' title='bbox 476 5045 575 5086; x_wconf 91' lang='lat' dir='ltr'>suo</span> <span class='ocrx_word' id='word_1_513' title='bbox 620 5038 865 5102; x_wconf 90' lang='lat' dir='ltr'>tempore</span> <span class='ocrx_word' id='word_1_514' title='bbox 911 5031 992 5101; x_wconf 89' lang='lat' dir='ltr'>(ut</span> <span class='ocrx_word' id='word_1_515' title='bbox 1040 5031 1217 5087; x_wconf 87' lang='lat' dir='ltr'>adhuc</span> <span class='ocrx_word' id='word_1_516' title='bbox 1245 5032 1406 5087; x_wconf 86' lang='lat' dir='ltr'>hodie</span> <span class='ocrx_word' id='word_1_517' title='bbox 1436 5036 1683 5103; x_wconf 86' lang='lat' dir='ltr'>apparet)</span> <span class='ocrx_word' id='word_1_518' title='bbox 1716 5042 1824 5088; x_wconf 91' lang='lat' dir='ltr'>tam</span> 
     </span>
    </p>
   </div>
   <div class='ocr_carea' id='block_1_70' title="bbox 218 5116 1825 5190">
    <p class='ocr_par' dir='ltr' id='par_1_70' title="bbox 218 5116 1825 5190">
     <span class='ocr_line' id='line_1_70' title="bbox 218 5116 1825 5190; baseline 0.006 -21"><span class='ocrx_word' id='word_1_519' title='bbox 218 5116 503 5190; x_wconf 89' lang='lat' dir='ltr'>religionis</span> <span class='ocrx_word' id='word_1_520' title='bbox 549 5134 712 5190; x_wconf 89' lang='lat' dir='ltr'>quam</span> <span class='ocrx_word' id='word_1_521' title='bbox 762 5119 1004 5176; x_wconf 66' lang='lat' dir='ltr'>scientiae</span> <span class='ocrx_word' id='word_1_522' title='bbox 1049 5119 1332 5175; x_wconf 85' lang='lat' dir='ltr'>evidenter</span> <span class='ocrx_word' id='word_1_523' title='bbox 1359 5120 1687 5188; x_wconf 80' lang='lat' dir='ltr'>manifestat,</span> <span class='ocrx_word' id='word_1_524' title='bbox 1722 5124 1825 5178; x_wconf 91' lang='lat' dir='ltr'>hoc</span> 
     </span>
    </p>
   </div>
   <div class='ocr_carea' id='block_1_71' title="bbox 215 5207 1824 5280">
    <p class='ocr_par' dir='ltr' id='par_1_71' title="bbox 215 5207 1824 5280">
     <span class='ocr_line' id='line_1_71' title="bbox 215 5207 1824 5280; baseline 0.004 -21"><span class='ocrx_word' id='word_1_525' title='bbox 215 5207 381 5262; x_wconf 91' lang='lat' dir='ltr'>modo</span> <span class='ocrx_word' id='word_1_526' title='bbox 416 5207 696 5274; x_wconf 87' lang='lat' dir='ltr'>subdens;</span> <span class='ocrx_word' id='word_1_527' title='bbox 728 5208 1035 5263; x_wconf 89' lang='lat' dir='ltr'>audivimus</span> <span class='ocrx_word' id='word_1_528' title='bbox 1076 5208 1240 5277; x_wconf 88' lang='lat' dir='ltr'>enim,</span> <span class='ocrx_word' id='word_1_529' title='bbox 1274 5209 1444 5280; x_wconf 91' lang='lat' dir='ltr'>(quod</span> <span class='ocrx_word' id='word_1_530' title='bbox 1476 5225 1583 5264; x_wconf 92' lang='lat' dir='ltr'>non</span> <span class='ocrx_word' id='word_1_531' title='bbox 1613 5210 1824 5280; x_wconf 87' lang='lat' dir='ltr'>proba-</span> 
     </span>
    </p>
   </div>
   <div class='ocr_carea' id='block_1_72' title="bbox 214 5295 1823 5367">
    <p class='ocr_par' dir='ltr' id='par_1_72' title="bbox 214 5295 1823 5367">
     <span class='ocr_line' id='line_1_72' title="bbox 214 5295 1823 5367; baseline 0.005 -21"><span class='ocrx_word' id='word_1_532' title='bbox 214 5295 360 5365; x_wconf 81' lang='lat' dir='ltr'>mus)</span> <span class='ocrx_word' id='word_1_533' title='bbox 410 5295 702 5367; x_wconf 87' lang='lat' dir='ltr'>plerosque</span> <span class='ocrx_word' id='word_1_534' title='bbox 730 5296 892 5351; x_wconf 87' lang='lat' dir='ltr'>toties</span> <span class='ocrx_word' id='word_1_535' title='bbox 923 5296 1207 5367; x_wconf 89' lang='lat' dir='ltr'>splendide</span> <span class='ocrx_word' id='word_1_536' title='bbox 1238 5297 1515 5352; x_wconf 86' lang='lat' dir='ltr'>convivari</span> <span class='ocrx_word' id='word_1_537' title='bbox 1549 5315 1562 5352; x_wconf 91' lang='lat'>:</span> <span class='ocrx_word' id='word_1_538' title='bbox 1596 5298 1823 5354; x_wconf 90' lang='lat' dir='ltr'>missas-</span> 
     </span>
    </p>
   </div>
   <div class='ocr_carea' id='block_1_73' title="bbox 215 5382 1824 5457">
    <p class='ocr_par' dir='ltr' id='par_1_73' title="bbox 215 5382 1824 5457">
     <span class='ocr_line' id='line_1_73' title="bbox 215 5382 1824 5457; baseline 0.004 -22"><span class='ocrx_word' id='word_1_539' title='bbox 215 5396 322 5451; x_wconf 91' lang='lat' dir='ltr'>que</span> <span class='ocrx_word' id='word_1_540' title='bbox 379 5382 562 5440; x_wconf 85' lang='lat' dir='ltr'>facere</span> <span class='ocrx_word' id='word_1_541' title='bbox 620 5392 857 5455; x_wconf 86' lang='lat' dir='ltr'>paratos,</span> <span class='ocrx_word' id='word_1_542' title='bbox 929 5385 1143 5455; x_wconf 89' lang='lat' dir='ltr'>quoties</span> <span class='ocrx_word' id='word_1_543' title='bbox 1192 5384 1271 5439; x_wconf 90' lang='lat' dir='ltr'>eis</span> <span class='ocrx_word' id='word_1_544' title='bbox 1319 5384 1517 5456; x_wconf 86' lang='lat' dir='ltr'>aliquis</span> <span class='ocrx_word' id='word_1_545' title='bbox 1564 5402 1665 5457; x_wconf 92' lang='lat' dir='ltr'>pro</span> <span class='ocrx_word' id='word_1_546' title='bbox 1708 5387 1824 5442; x_wconf 92' lang='lat' dir='ltr'>suis</span> 
     </span>
    </p>
   </div>
   <div class='ocr_carea' id='block_1_74' title="bbox 213 5469 1823 5542">
    <p class='ocr_par' dir='ltr' id='par_1_74' title="bbox 213 5469 1823 5542">
     <span class='ocr_line' id='line_1_74' title="bbox 213 5469 1823 5542; baseline 0.004 -19"><span class='ocrx_word' id='word_1_547' title='bbox 213 5469 485 5526; x_wconf 87' lang='lat' dir='ltr'>voluerint</span> <span class='ocrx_word' id='word_1_548' title='bbox 552 5473 809 5529; x_wconf 87' lang='lat' dir='ltr'>exhibere</span> <span class='ocrx_word' id='word_1_549' title='bbox 861 5472 1153 5528; x_wconf 82' lang='lat' dir='ltr'>defunctis.</span> <span class='ocrx_word' id='word_1_550' title='bbox 1205 5472 1340 5542; x_wconf 62' lang='lat' dir='ltr'>Qum</span> <span class='ocrx_word' id='word_1_551' title='bbox 1382 5474 1723 5530; x_wconf 89' lang='lat' dir='ltr'>consuetudo</span> <span class='ocrx_word' id='word_1_552' title='bbox 1769 5483 1823 5530; x_wconf 92' lang='lat' dir='ltr'>et</span> 
     </span>
    </p>
   </div>
   <div class='ocr_carea' id='block_1_75' title="bbox 215 5556 1822 5629">
    <p class='ocr_par' dir='ltr' id='par_1_75' title="bbox 215 5556 1822 5629">
     <span class='ocr_line' id='line_1_75' title="bbox 215 5556 1822 5629; baseline 0.006 -20"><span class='ocrx_word' id='word_1_553' title='bbox 215 5556 597 5615; x_wconf 89' lang='lat' dir='ltr'>abstinentiam</span> <span class='ocrx_word' id='word_1_554' title='bbox 642 5561 798 5629; x_wconf 92' lang='lat' dir='ltr'>tollit,</span> <span class='ocrx_word' id='word_1_555' title='bbox 847 5569 898 5616; x_wconf 92' lang='lat' dir='ltr'>et</span> <span class='ocrx_word' id='word_1_556' title='bbox 929 5560 1151 5616; x_wconf 88' lang='lat' dir='ltr'>venales</span> <span class='ocrx_word' id='word_1_557' title='bbox 1194 5561 1319 5616; x_wconf 89' lang='lat' dir='ltr'>facit</span> <span class='ocrx_word' id='word_1_558' title='bbox 1347 5561 1661 5628; x_wconf 90' lang='lat' dir='ltr'>orationes;</span> <span class='ocrx_word' id='word_1_559' title='bbox 1693 5563 1822 5618; x_wconf 88' lang='lat' dir='ltr'>dum</span> 
     </span>
    </p>
   </div>
   <div class='ocr_carea' id='block_1_76' title="bbox 213 5649 1817 5719">
    <p class='ocr_par' dir='ltr' id='par_1_76' title="bbox 213 5649 1817 5719">
     <span class='ocr_line' id='line_1_76' title="bbox 213 5649 1817 5719; baseline 0.005 -21"><span class='ocrx_word' id='word_1_560' title='bbox 213 5653 412 5714; x_wconf 85' lang='lat' dir='ltr'>quotus</span> <span class='ocrx_word' id='word_1_561' title='bbox 442 5656 694 5719; x_wconf 87' lang='lat' dir='ltr'>pastuum</span> <span class='ocrx_word' id='word_1_562' title='bbox 742 5664 1024 5715; x_wconf 87' lang='lat' dir='ltr'>numerus,</span> <span class='ocrx_word' id='word_1_563' title='bbox 1072 5655 1216 5704; x_wconf 87' lang='lat' dir='ltr'>totus</span> <span class='ocrx_word' id='word_1_564' title='bbox 1264 5657 1348 5704; x_wconf 88' lang='lat' dir='ltr'>est</span> <span class='ocrx_word' id='word_1_565' title='bbox 1405 5658 1455 5703; x_wconf 89' lang='lat' dir='ltr'>et</span> <span class='ocrx_word' id='word_1_566' title='bbox 1503 5649 1817 5706; x_wconf 85' lang='lat' dir='ltr'>missarum.</span> 
     </span>
    </p>
   </div>
   <div class='ocr_carea' id='block_1_77' title="bbox 216 5731 1824 5808">
    <p class='ocr_par' dir='ltr' id='par_1_77' title="bbox 216 5731 1824 5808">
     <span class='ocr_line' id='line_1_77' title="bbox 216 5731 1824 5808; baseline 0.006 -21"><span class='ocrx_word' id='word_1_567' title='bbox 216 5731 330 5790; x_wconf 87' lang='lat' dir='ltr'>Nec</span> <span class='ocrx_word' id='word_1_568' title='bbox 361 5736 531 5793; x_wconf 88' lang='lat' dir='ltr'>ullum</span> <span class='ocrx_word' id='word_1_569' title='bbox 577 5737 653 5793; x_wconf 89' lang='lat' dir='ltr'>ibi</span> <span class='ocrx_word' id='word_1_570' title='bbox 683 5738 772 5795; x_wconf 91' lang='lat' dir='ltr'>vel</span> <span class='ocrx_word' id='word_1_571' title='bbox 797 5736 1102 5808; x_wconf 87' lang='lat' dir='ltr'>jejunandi,</span> <span class='ocrx_word' id='word_1_572' title='bbox 1136 5737 1223 5794; x_wconf 87' lang='lat' dir='ltr'>vel</span> <span class='ocrx_word' id='word_1_573' title='bbox 1250 5738 1581 5795; x_wconf 81' lang='lat' dir='ltr'>obsecrandi</span> <span class='ocrx_word' id='word_1_574' title='bbox 1609 5746 1824 5797; x_wconf 84' lang='lat' dir='ltr'>constat</span> 
     </span>
    </p>
   </div>
   <div class='ocr_carea' id='block_1_78' title="bbox 1956 1912 3554 1989">
    <p class='ocr_par' dir='ltr' id='par_1_78' title="bbox 1956 1912 3554 1989">
     <span class='ocr_line' id='line_1_78' title="bbox 1956 1912 3554 1989; baseline 0.005 -23"><span class='ocrx_word' id='word_1_575' title='bbox 1956 1912 2140 1968; x_wconf 88' lang='lat' dir='ltr'>berius</span> <span class='ocrx_word' id='word_1_576' title='bbox 2153 1920 2206 1968; x_wconf 88' lang='lat' dir='ltr'>et</span> <span class='ocrx_word' id='word_1_577' title='bbox 2223 1914 2429 1984; x_wconf 91' lang='lat' dir='ltr'>purius,</span> <span class='ocrx_word' id='word_1_578' title='bbox 2444 1931 2510 1970; x_wconf 87' lang='lat' dir='ltr'>eo</span> <span class='ocrx_word' id='word_1_579' title='bbox 2528 1915 2791 1971; x_wconf 89' lang='lat' dir='ltr'>sincerius</span> <span class='ocrx_word' id='word_1_580' title='bbox 2808 1925 2858 1971; x_wconf 92' lang='lat' dir='ltr'>et</span> <span class='ocrx_word' id='word_1_581' title='bbox 2873 1917 3112 1983; x_wconf 89' lang='lat' dir='ltr'>suavius,</span> <span class='ocrx_word' id='word_1_582' title='bbox 3138 1934 3204 1973; x_wconf 91' lang='lat' dir='ltr'>eo</span> <span class='ocrx_word' id='word_1_583' title='bbox 3223 1918 3554 1989; x_wconf 90' lang='lat' dir='ltr'>peramplius</span> 
     </span>
    </p>
   </div>
   <div class='ocr_carea' id='block_1_79' title="bbox 1955 2000 3556 2077">
    <p class='ocr_par' dir='ltr' id='par_1_79' title="bbox 1955 2000 3556 2077">
     <span class='ocr_line' id='line_1_79' title="bbox 1955 2000 3556 2077; baseline 0.004 -23"><span class='ocrx_word' id='word_1_584' title='bbox 1955 2008 2006 2055; x_wconf 90' lang='lat' dir='ltr'>et</span> <span class='ocrx_word' id='word_1_585' title='bbox 2038 2000 2331 2072; x_wconf 82' lang='lat' dir='ltr'>perfectius</span> <span class='ocrx_word' id='word_1_586' title='bbox 2358 2002 2459 2057; x_wconf 91' lang='lat' dir='ltr'>soli</span> <span class='ocrx_word' id='word_1_587' title='bbox 2489 2005 2605 2058; x_wconf 90' lang='lat' dir='ltr'>Deo</span> <span class='ocrx_word' id='word_1_588' title='bbox 2639 2004 2922 2060; x_wconf 88' lang='lat' dir='ltr'>intendere</span> <span class='ocrx_word' id='word_1_589' title='bbox 2951 2005 3197 2075; x_wconf 88' lang='lat' dir='ltr'>potestis,</span> <span class='ocrx_word' id='word_1_590' title='bbox 3231 2014 3288 2060; x_wconf 91' lang='lat' dir='ltr'>ut</span> <span class='ocrx_word' id='word_1_591' title='bbox 3325 2006 3395 2061; x_wconf 90' lang='lat' dir='ltr'>ad</span> <span class='ocrx_word' id='word_1_592' title='bbox 3425 2022 3556 2077; x_wconf 86' lang='lat' dir='ltr'>per-</span> 
     </span>
    </p>
   </div>
   <div class='ocr_carea' id='block_1_80' title="bbox 1953 2088 3556 2166">
    <p class='ocr_par' dir='ltr' id='par_1_80' title="bbox 1953 2088 3556 2166">
     <span class='ocr_line' id='line_1_80' title="bbox 1953 2088 3556 2166; baseline 0.004 -23"><span class='ocrx_word' id='word_1_593' title='bbox 1953 2088 2204 2145; x_wconf 88' lang='lat' dir='ltr'>fectionis</span> <span class='ocrx_word' id='word_1_594' title='bbox 2234 2091 2517 2147; x_wconf 88' lang='lat' dir='ltr'>tendentes</span> <span class='ocrx_word' id='word_1_595' title='bbox 2548 2092 2842 2160; x_wconf 88' lang='lat' dir='ltr'>desertum,</span> <span class='ocrx_word' id='word_1_596' title='bbox 2873 2109 2943 2149; x_wconf 91' lang='lat' dir='ltr'>ne</span> <span class='ocrx_word' id='word_1_597' title='bbox 2970 2094 3232 2166; x_wconf 87' lang='lat' dir='ltr'>ungulam</span> <span class='ocrx_word' id='word_1_598' title='bbox 3262 2094 3483 2165; x_wconf 90' lang='lat' dir='ltr'>quidem</span> <span class='ocrx_word' id='word_1_599' title='bbox 3499 2094 3556 2149; x_wconf 90' lang='lat' dir='ltr'>in</span> 
     </span>
    </p>
   </div>
   <div class='ocr_carea' id='block_1_81' title="bbox 1954 2179 3551 2255">
    <p class='ocr_par' dir='ltr' id='par_1_81' title="bbox 1954 2179 3551 2255">
     <span class='ocr_line' id='line_1_81' title="bbox 1954 2179 3551 2255; baseline 0.003 -22"><span class='ocrx_word' id='word_1_600' title='bbox 1954 2179 2188 2249; x_wconf 65' lang='lat' dir='ltr'>JEgypto</span> <span class='ocrx_word' id='word_1_601' title='bbox 2233 2195 2520 2236; x_wconf 88' lang='lat' dir='ltr'>remanere</span> <span class='ocrx_word' id='word_1_602' title='bbox 2566 2181 2889 2251; x_wconf 90' lang='lat' dir='ltr'>permittatis</span> <span class='ocrx_word' id='word_1_603' title='bbox 2928 2197 2994 2237; x_wconf 89' lang='lat' dir='ltr'>ex</span> <span class='ocrx_word' id='word_1_604' title='bbox 3025 2182 3300 2250; x_wconf 90' lang='lat' dir='ltr'>omnibus,</span> <span class='ocrx_word' id='word_1_605' title='bbox 3333 2200 3453 2255; x_wconf 67' lang='lat' dir='ltr'>qua:</span> <span class='ocrx_word' id='word_1_606' title='bbox 3478 2183 3551 2238; x_wconf 82' lang='lat' dir='ltr'>ad</span> 
     </span>
    </p>
   </div>
   <div class='ocr_carea' id='block_1_82' title="bbox 1953 2266 3557 2347">
    <p class='ocr_par' dir='ltr' id='par_1_82' title="bbox 1953 2266 3557 2347">
     <span class='ocr_line' id='line_1_82' title="bbox 1953 2266 3557 2347; baseline 0.004 -26"><span class='ocrx_word' id='word_1_607' title='bbox 1953 2266 2280 2323; x_wconf 78' lang='lat' dir='ltr'>sacrificium</span> <span class='ocrx_word' id='word_1_608' title='bbox 2328 2268 2569 2323; x_wconf 90' lang='lat' dir='ltr'>divinum</span> <span class='ocrx_word' id='word_1_609' title='bbox 2618 2269 2923 2325; x_wconf 90' lang='lat' dir='ltr'>necessaria</span> <span class='ocrx_word' id='word_1_610' title='bbox 2955 2278 3098 2347; x_wconf 83' lang='lat' dir='ltr'>sunt.</span> <span class='ocrx_word' id='word_1_611' title='bbox 3145 2271 3254 2326; x_wconf 90' lang='lat' dir='ltr'>Sed</span> <span class='ocrx_word' id='word_1_612' title='bbox 3296 2271 3457 2342; x_wconf 91' lang='lat' dir='ltr'>plene</span> <span class='ocrx_word' id='word_1_613' title='bbox 3487 2286 3557 2328; x_wconf 87' lang='lat' dir='ltr'>ac</span> 
     </span>
    </p>
   </div>
   <div class='ocr_carea' id='block_1_83' title="bbox 1952 2354 3552 2430">
    <p class='ocr_par' dir='ltr' id='par_1_83' title="bbox 1952 2354 3552 2430">
     <span class='ocr_line' id='line_1_83' title="bbox 1952 2354 3552 2430; baseline 0.002 -20"><span class='ocrx_word' id='word_1_614' title='bbox 1952 2354 2186 2425; x_wconf 84' lang='lat' dir='ltr'>perfecte</span> <span class='ocrx_word' id='word_1_615' title='bbox 2236 2355 2576 2412; x_wconf 88' lang='lat' dir='ltr'>intellexistis</span> <span class='ocrx_word' id='word_1_616' title='bbox 2615 2358 2733 2413; x_wconf 65' lang='lat' dir='ltr'>haec</span> <span class='ocrx_word' id='word_1_617' title='bbox 2779 2358 2981 2425; x_wconf 90' lang='lat' dir='ltr'>omnia,</span> <span class='ocrx_word' id='word_1_618' title='bbox 3033 2375 3154 2430; x_wconf 67' lang='lat' dir='ltr'>quae</span> <span class='ocrx_word' id='word_1_619' title='bbox 3198 2358 3271 2415; x_wconf 93' lang='lat' dir='ltr'>ad</span> <span class='ocrx_word' id='word_1_620' title='bbox 3300 2359 3415 2415; x_wconf 66' lang='lat' dir='ltr'>haec</span> <span class='ocrx_word' id='word_1_621' title='bbox 3446 2359 3552 2413; x_wconf 82' lang='lat' dir='ltr'>tria</span> 
     </span>
    </p>
   </div>
   <div class='ocr_carea' id='block_1_84' title="bbox 1949 2444 3551 2515">
    <p class='ocr_par' dir='ltr' id='par_1_84' title="bbox 1949 2444 3551 2515">
     <span class='ocr_line' id='line_1_84' title="bbox 1949 2444 3551 2515; baseline 0.004 -18"><span class='ocrx_word' id='word_1_622' title='bbox 1949 2444 2183 2498; x_wconf 85' lang='lat' dir='ltr'>diximus</span> <span class='ocrx_word' id='word_1_623' title='bbox 2232 2445 2542 2515; x_wconf 87' lang='lat' dir='ltr'>pertinere;</span> <span class='ocrx_word' id='word_1_624' title='bbox 2575 2444 2829 2502; x_wconf 90' lang='lat' dir='ltr'>videlicet</span> <span class='ocrx_word' id='word_1_625' title='bbox 2870 2447 2939 2500; x_wconf 90' lang='lat' dir='ltr'>ad</span> <span class='ocrx_word' id='word_1_626' title='bbox 2970 2455 3247 2502; x_wconf 83' lang='lat' dir='ltr'>externam</span> <span class='ocrx_word' id='word_1_627' title='bbox 3277 2447 3551 2503; x_wconf 83' lang='lat' dir='ltr'>exercita-</span> 
     </span>
    </p>
   </div>
   <div class='ocr_carea' id='block_1_85' title="bbox 1950 2532 3550 2606">
    <p class='ocr_par' dir='ltr' id='par_1_85' title="bbox 1950 2532 3550 2606">
     <span class='ocr_line' id='line_1_85' title="bbox 1950 2532 3550 2606; baseline 0.003 -20"><span class='ocrx_word' id='word_1_628' title='bbox 1950 2532 2152 2587; x_wconf 89' lang='lat' dir='ltr'>tionem</span> <span class='ocrx_word' id='word_1_629' title='bbox 2183 2541 2443 2599; x_wconf 82' lang='lat' dir='ltr'>vestram,</span> <span class='ocrx_word' id='word_1_630' title='bbox 2477 2533 2545 2588; x_wconf 92' lang='lat' dir='ltr'>ad</span> <span class='ocrx_word' id='word_1_631' title='bbox 2567 2534 2757 2604; x_wconf 88' lang='lat' dir='ltr'>jugem</span> <span class='ocrx_word' id='word_1_632' title='bbox 2787 2550 2949 2606; x_wconf 91' lang='lat' dir='ltr'>quam</span> <span class='ocrx_word' id='word_1_633' title='bbox 2973 2534 3165 2591; x_wconf 89' lang='lat' dir='ltr'>tenetis</span> <span class='ocrx_word' id='word_1_634' title='bbox 3187 2535 3340 2591; x_wconf 72' lang='lat' dir='ltr'>cellae</span> <span class='ocrx_word' id='word_1_635' title='bbox 3360 2535 3550 2590; x_wconf 90' lang='lat' dir='ltr'>solitu-</span> 
     </span>
    </p>
   </div>
   <div class='ocr_carea' id='block_1_86' title="bbox 1948 2620 3549 2695">
    <p class='ocr_par' dir='ltr' id='par_1_86' title="bbox 1948 2620 3549 2695">
     <span class='ocr_line' id='line_1_86' title="bbox 1948 2620 3549 2695; baseline 0.003 -20"><span class='ocrx_word' id='word_1_636' title='bbox 1948 2620 2152 2689; x_wconf 89' lang='lat' dir='ltr'>dinem,</span> <span class='ocrx_word' id='word_1_637' title='bbox 2194 2622 2263 2675; x_wconf 90' lang='lat' dir='ltr'>ad</span> <span class='ocrx_word' id='word_1_638' title='bbox 2308 2620 2524 2691; x_wconf 90' lang='lat' dir='ltr'>plenam</span> <span class='ocrx_word' id='word_1_639' title='bbox 2567 2622 2802 2693; x_wconf 89' lang='lat' dir='ltr'>denique</span> <span class='ocrx_word' id='word_1_640' title='bbox 2842 2622 3048 2691; x_wconf 62' lang='lat' dir='ltr'>saeculi,</span> <span class='ocrx_word' id='word_1_641' title='bbox 3092 2630 3144 2678; x_wconf 89' lang='lat' dir='ltr'>et</span> <span class='ocrx_word' id='word_1_642' title='bbox 3194 2639 3383 2679; x_wconf 88' lang='lat' dir='ltr'>eorum</span> <span class='ocrx_word' id='word_1_643' title='bbox 3426 2640 3549 2695; x_wconf 62' lang='lat' dir='ltr'>quae</span> 
     </span>
    </p>
   </div>
   <div class='ocr_carea' id='block_1_87' title="bbox 1949 2709 3546 2783">
    <p class='ocr_par' dir='ltr' id='par_1_87' title="bbox 1949 2709 3546 2783">
     <span class='ocr_line' id='line_1_87' title="bbox 1949 2709 3546 2783; baseline 0.003 -20"><span class='ocrx_word' id='word_1_644' title='bbox 1949 2709 2136 2764; x_wconf 64' lang='lat' dir='ltr'>saeculi</span> <span class='ocrx_word' id='word_1_645' title='bbox 2167 2718 2291 2764; x_wconf 91' lang='lat' dir='ltr'>sunt</span> <span class='ocrx_word' id='word_1_646' title='bbox 2336 2709 2719 2778; x_wconf 87' lang='lat' dir='ltr'>abjectionem.</span> <span class='ocrx_word' id='word_1_647' title='bbox 2752 2712 2875 2766; x_wconf 92' lang='lat' dir='ltr'>Non</span> <span class='ocrx_word' id='word_1_648' title='bbox 2910 2711 3065 2767; x_wconf 88' lang='lat' dir='ltr'>vobis</span> <span class='ocrx_word' id='word_1_649' title='bbox 3093 2712 3172 2783; x_wconf 88' lang='lat' dir='ltr'>(ut</span> <span class='ocrx_word' id='word_1_650' title='bbox 3199 2712 3546 2783; x_wconf 88' lang='lat' dir='ltr'>arbitramur)</span> 
     </span>
    </p>
   </div>
   <div class='ocr_carea' id='block_1_88' title="bbox 1948 2797 3548 2871">
    <p class='ocr_par' dir='ltr' id='par_1_88' title="bbox 1948 2797 3548 2871">
     <span class='ocr_line' id='line_1_88' title="bbox 1948 2797 3548 2871; baseline 0.003 -20"><span class='ocrx_word' id='word_1_651' title='bbox 1948 2797 2116 2852; x_wconf 87' lang='lat' dir='ltr'>videri</span> <span class='ocrx_word' id='word_1_652' title='bbox 2145 2797 2305 2853; x_wconf 86' lang='lat' dir='ltr'>debet</span> <span class='ocrx_word' id='word_1_653' title='bbox 2355 2797 2675 2865; x_wconf 88' lang='lat' dir='ltr'>absurdum,</span> <span class='ocrx_word' id='word_1_654' title='bbox 2722 2799 2869 2870; x_wconf 91' lang='lat' dir='ltr'>quod</span> <span class='ocrx_word' id='word_1_655' title='bbox 2917 2799 3126 2855; x_wconf 86' lang='lat' dir='ltr'>ordinis</span> <span class='ocrx_word' id='word_1_656' title='bbox 3164 2800 3346 2868; x_wconf 89' lang='lat' dir='ltr'>vestri,</span> <span class='ocrx_word' id='word_1_657' title='bbox 3381 2816 3548 2871; x_wconf 89' lang='lat' dir='ltr'>quem</span> 
     </span>
    </p>
   </div>
   <div class='ocr_carea' id='block_1_89' title="bbox 1946 2871 3546 2955">
    <p class='ocr_par' dir='ltr' id='par_1_89' title="bbox 1946 2871 3546 2955">
     <span class='ocr_line' id='line_1_89' title="bbox 1946 2871 3546 2955; baseline 0.003 -16"><span class='ocrx_word' id='word_1_658' title='bbox 1946 2886 2061 2941; x_wconf 80' lang='lat' dir='ltr'>haec</span> <span class='ocrx_word' id='word_1_659' title='bbox 2112 2886 2216 2940; x_wconf 87' lang='lat' dir='ltr'>tria</span> <span class='ocrx_word' id='word_1_660' title='bbox 2283 2871 2685 2953; x_wconf 78' lang='lat' dir='ltr'>commendant,</span> <span class='ocrx_word' id='word_1_661' title='bbox 2746 2888 3067 2943; x_wconf 86' lang='lat' dir='ltr'>suavitatem</span> <span class='ocrx_word' id='word_1_662' title='bbox 3132 2888 3441 2955; x_wconf 90' lang='lat' dir='ltr'>sublimem,</span> <span class='ocrx_word' id='word_1_663' title='bbox 3492 2896 3546 2944; x_wconf 90' lang='lat' dir='ltr'>et</span> 
     </span>
    </p>
   </div>
   <div class='ocr_carea' id='block_1_90' title="bbox 1947 2974 3593 3048">
    <p class='ocr_par' dir='ltr' id='par_1_90' title="bbox 1947 2974 3593 3048">
     <span class='ocr_line' id='line_1_90' title="bbox 1947 2974 3593 3048; baseline 0.002 -20"><span class='ocrx_word' id='word_1_664' title='bbox 1947 2974 2332 3029; x_wconf 89' lang='lat' dir='ltr'>sublimitatem</span> <span class='ocrx_word' id='word_1_665' title='bbox 2399 2990 2617 3046; x_wconf 89' lang='lat' dir='ltr'>quoque</span> <span class='ocrx_word' id='word_1_666' title='bbox 2662 2991 2903 3038; x_wconf 85' lang='lat' dir='ltr'>suavem,</span> <span class='ocrx_word' id='word_1_667' title='bbox 2967 2976 3260 3048; x_wconf 89' lang='lat' dir='ltr'>quemdam</span> <span class='ocrx_word' id='word_1_668' title='bbox 3305 2976 3542 3033; x_wconf 88' lang='lat' dir='ltr'>diximus</span> <span class='ocrx_word' id='word_1_669' title='bbox 3586 2998 3593 3006; x_wconf 61' lang='grc' dir='ltr'><em>ί</em></span> 
     </span>
    </p>
   </div>
   <div class='ocr_carea' id='block_1_91' title="bbox 1944 3063 3541 3137">
    <p class='ocr_par' dir='ltr' id='par_1_91' title="bbox 1944 3063 3541 3137">
     <span class='ocr_line' id='line_1_91' title="bbox 1944 3063 3541 3137; baseline 0.003 -21"><span class='ocrx_word' id='word_1_670' title='bbox 1944 3079 2067 3118; x_wconf 91' lang='lat' dir='ltr'>esse</span> <span class='ocrx_word' id='word_1_671' title='bbox 2105 3063 2438 3133; x_wconf 86' lang='lat' dir='ltr'>paradisum.</span> <span class='ocrx_word' id='word_1_672' title='bbox 2494 3064 2634 3119; x_wconf 87' lang='lat' dir='ltr'>Vere</span> <span class='ocrx_word' id='word_1_673' title='bbox 2680 3064 2969 3134; x_wconf 88' lang='lat' dir='ltr'>paradisus</span> <span class='ocrx_word' id='word_1_674' title='bbox 2999 3073 3101 3131; x_wconf 90' lang='lat' dir='ltr'>est,</span> <span class='ocrx_word' id='word_1_675' title='bbox 3132 3065 3326 3120; x_wconf 90' lang='lat' dir='ltr'>hortus</span> <span class='ocrx_word' id='word_1_676' title='bbox 3353 3064 3541 3137; x_wconf 85' lang='lat' dir='ltr'>utique</span> 
     </span>
    </p>
   </div>
   <div class='ocr_carea' id='block_1_92' title="bbox 1941 3151 3540 3219">
    <p class='ocr_par' dir='ltr' id='par_1_92' title="bbox 1941 3151 3540 3219">
     <span class='ocr_line' id='line_1_92' title="bbox 1941 3151 3540 3219; baseline 0.001 -13"><span class='ocrx_word' id='word_1_677' title='bbox 1941 3151 2278 3219; x_wconf 87' lang='lat' dir='ltr'>deliciarum,</span> <span class='ocrx_word' id='word_1_678' title='bbox 2328 3151 2476 3206; x_wconf 89' lang='lat' dir='ltr'>omni</span> <span class='ocrx_word' id='word_1_679' title='bbox 2525 3151 2885 3208; x_wconf 89' lang='lat' dir='ltr'>delectatione</span> <span class='ocrx_word' id='word_1_680' title='bbox 2924 3152 3173 3219; x_wconf 83' lang='lat' dir='ltr'>refertus,</span> <span class='ocrx_word' id='word_1_681' title='bbox 3225 3160 3279 3209; x_wconf 92' lang='lat' dir='ltr'>et</span> <span class='ocrx_word' id='word_1_682' title='bbox 3308 3152 3540 3208; x_wconf 79' lang='lat' dir='ltr'>ammni-</span> 
     </span>
    </p>
   </div>
   <div class='ocr_carea' id='block_1_93' title="bbox 1941 3239 3538 3313">
    <p class='ocr_par' dir='ltr' id='par_1_93' title="bbox 1941 3239 3538 3313">
     <span class='ocr_line' id='line_1_93' title="bbox 1941 3239 3538 3313; baseline 0.003 -20"><span class='ocrx_word' id='word_1_683' title='bbox 1941 3248 2048 3295; x_wconf 88' lang='lat' dir='ltr'>tate</span> <span class='ocrx_word' id='word_1_684' title='bbox 2079 3240 2395 3295; x_wconf 90' lang='lat' dir='ltr'>omnimoda</span> <span class='ocrx_word' id='word_1_685' title='bbox 2440 3239 2655 3311; x_wconf 88' lang='lat' dir='ltr'>plenus.</span> <span class='ocrx_word' id='word_1_686' title='bbox 2708 3241 2816 3295; x_wconf 90' lang='lat' dir='ltr'>Sed</span> <span class='ocrx_word' id='word_1_687' title='bbox 2865 3240 3071 3312; x_wconf 88' lang='lat' dir='ltr'>rigetur</span> <span class='ocrx_word' id='word_1_688' title='bbox 3098 3241 3201 3297; x_wconf 91' lang='lat' dir='ltr'>iste</span> <span class='ocrx_word' id='word_1_689' title='bbox 3227 3241 3538 3313; x_wconf 90' lang='lat' dir='ltr'>paradisus,</span> 
     </span>
    </p>
   </div>
   <div class='ocr_carea' id='block_1_94' title="bbox 1938 3328 3540 3402">
    <p class='ocr_par' dir='ltr' id='par_1_94' title="bbox 1938 3328 3540 3402">
     <span class='ocr_line' id='line_1_94' title="bbox 1938 3328 3540 3402; baseline 0.002 -19"><span class='ocrx_word' id='word_1_690' title='bbox 1938 3329 2043 3385; x_wconf 92' lang='lat' dir='ltr'>hoc</span> <span class='ocrx_word' id='word_1_691' title='bbox 2071 3328 2217 3384; x_wconf 89' lang='lat' dir='ltr'>enim</span> <span class='ocrx_word' id='word_1_692' title='bbox 2259 3328 2540 3399; x_wconf 88' lang='lat' dir='ltr'>probabile</span> <span class='ocrx_word' id='word_1_693' title='bbox 2573 3336 2626 3384; x_wconf 91' lang='lat' dir='ltr'>et</span> <span class='ocrx_word' id='word_1_694' title='bbox 2654 3328 2809 3384; x_wconf 90' lang='lat' dir='ltr'>valde</span> <span class='ocrx_word' id='word_1_695' title='bbox 2837 3329 3061 3384; x_wconf 90' lang='lat' dir='ltr'>bonum.</span> <span class='ocrx_word' id='word_1_696' title='bbox 3097 3330 3265 3385; x_wconf 85' lang='lat' dir='ltr'>Porro</span> <span class='ocrx_word' id='word_1_697' title='bbox 3294 3329 3540 3402; x_wconf 88' lang='lat' dir='ltr'>irrigatio</span> 
     </span>
    </p>
   </div>
   <div class='ocr_carea' id='block_1_95' title="bbox 1936 3416 3533 3489">
    <p class='ocr_par' dir='ltr' id='par_1_95' title="bbox 1936 3416 3533 3489">
     <span class='ocr_line' id='line_1_95' title="bbox 1936 3416 3533 3489; baseline 0.002 -18"><span class='ocrx_word' id='word_1_698' title='bbox 1936 3418 2072 3486; x_wconf 87' lang='lat' dir='ltr'>ejus,</span> <span class='ocrx_word' id='word_1_699' title='bbox 2093 3416 2464 3489; x_wconf 87' lang='lat' dir='ltr'>augmentatio</span> <span class='ocrx_word' id='word_1_700' title='bbox 2486 3417 2603 3485; x_wconf 89' lang='lat' dir='ltr'>ejus</span> <span class='ocrx_word' id='word_1_701' title='bbox 2629 3416 2912 3488; x_wconf 88' lang='lat' dir='ltr'>;irrigatio</span> <span class='ocrx_word' id='word_1_702' title='bbox 2935 3419 3071 3487; x_wconf 91' lang='lat' dir='ltr'>ejus,</span> <span class='ocrx_word' id='word_1_703' title='bbox 3094 3417 3374 3488; x_wconf 82' lang='lat' dir='ltr'>profectus</span> <span class='ocrx_word' id='word_1_704' title='bbox 3394 3417 3533 3486; x_wconf 85' lang='lat' dir='ltr'>ejus.</span> 
     </span>
    </p>
   </div>
   <div class='ocr_carea' id='block_1_96' title="bbox 1934 3504 3537 3576">
    <p class='ocr_par' dir='ltr' id='par_1_96' title="bbox 1934 3504 3537 3576">
     <span class='ocr_line' id='line_1_96' title="bbox 1934 3504 3537 3576; baseline 0 -16"><span class='ocrx_word' id='word_1_705' title='bbox 1934 3506 2078 3560; x_wconf 90' lang='lat' dir='ltr'>Nam</span> <span class='ocrx_word' id='word_1_706' title='bbox 2108 3512 2235 3560; x_wconf 89' lang='lat' dir='ltr'>tunc</span> <span class='ocrx_word' id='word_1_707' title='bbox 2278 3504 2551 3576; x_wconf 86' lang='lat' dir='ltr'>irrigatur,</span> <span class='ocrx_word' id='word_1_708' title='bbox 2602 3519 2725 3560; x_wconf 90' lang='lat' dir='ltr'>cum</span> <span class='ocrx_word' id='word_1_709' title='bbox 2756 3505 2925 3560; x_wconf 90' lang='lat' dir='ltr'>robur</span> <span class='ocrx_word' id='word_1_710' title='bbox 2968 3505 3019 3561; x_wconf 90' lang='lat' dir='ltr'>ei</span> <span class='ocrx_word' id='word_1_711' title='bbox 3048 3513 3102 3560; x_wconf 89' lang='lat' dir='ltr'>et</span> <span class='ocrx_word' id='word_1_712' title='bbox 3137 3504 3537 3561; x_wconf 88' lang='lat' dir='ltr'>incrementum</span> 
     </span>
    </p>
   </div>
   <div class='ocr_carea' id='block_1_97' title="bbox 1935 3592 3535 3664">
    <p class='ocr_par' dir='ltr' id='par_1_97' title="bbox 1935 3592 3535 3664">
     <span class='ocr_line' id='line_1_97' title="bbox 1935 3592 3535 3664; baseline -0.001 -15"><span class='ocrx_word' id='word_1_713' title='bbox 1935 3592 2233 3653; x_wconf 83' lang='lat' dir='ltr'>confertur.</span> <span class='ocrx_word' id='word_1_714' title='bbox 2282 3594 2351 3648; x_wconf 88' lang='lat' dir='ltr'>Et</span> <span class='ocrx_word' id='word_1_715' title='bbox 2398 3592 2681 3664; x_wconf 90' lang='lat' dir='ltr'>paradisus</span> <span class='ocrx_word' id='word_1_716' title='bbox 2710 3600 2811 3661; x_wconf 89' lang='lat' dir='ltr'>est,</span> <span class='ocrx_word' id='word_1_717' title='bbox 2845 3602 2899 3649; x_wconf 91' lang='lat' dir='ltr'>et</span> <span class='ocrx_word' id='word_1_718' title='bbox 2928 3592 3145 3664; x_wconf 87' lang='lat' dir='ltr'>irrigari</span> <span class='ocrx_word' id='word_1_719' title='bbox 3175 3592 3224 3648; x_wconf 91' lang='lat' dir='ltr'>ei</span> <span class='ocrx_word' id='word_1_720' title='bbox 3269 3607 3535 3650; x_wconf 87' lang='lat' dir='ltr'>necessa-</span> 
     </span>
    </p>
   </div>
   <div class='ocr_carea' id='block_1_98' title="bbox 1932 3680 3536 3753">
    <p class='ocr_par' dir='ltr' id='par_1_98' title="bbox 1932 3680 3536 3753">
     <span class='ocr_line' id='line_1_98' title="bbox 1932 3680 3536 3753; baseline 0.001 -18"><span class='ocrx_word' id='word_1_721' title='bbox 1932 3682 2072 3736; x_wconf 86' lang='lat' dir='ltr'>rium</span> <span class='ocrx_word' id='word_1_722' title='bbox 2102 3689 2200 3737; x_wconf 91' lang='lat' dir='ltr'>est.</span> <span class='ocrx_word' id='word_1_723' title='bbox 2228 3682 2289 3736; x_wconf 91' lang='lat' dir='ltr'>In</span> <span class='ocrx_word' id='word_1_724' title='bbox 2307 3681 2724 3737; x_wconf 88' lang='lat' dir='ltr'>conversatione</span> <span class='ocrx_word' id='word_1_725' title='bbox 2747 3680 2946 3752; x_wconf 89' lang='lat' dir='ltr'>quippe</span> <span class='ocrx_word' id='word_1_726' title='bbox 2967 3680 3232 3752; x_wconf 87' lang='lat' dir='ltr'>spirituali</span> <span class='ocrx_word' id='word_1_727' title='bbox 3268 3697 3378 3736; x_wconf 90' lang='lat' dir='ltr'>non</span> <span class='ocrx_word' id='word_1_728' title='bbox 3398 3696 3536 3753; x_wconf 89' lang='lat' dir='ltr'>pro-</span> 
     </span>
    </p>
   </div>
   <div class='ocr_carea' id='block_1_99' title="bbox 1932 3769 3535 3840">
    <p class='ocr_par' dir='ltr' id='par_1_99' title="bbox 1932 3769 3535 3840">
     <span class='ocr_line' id='line_1_99' title="bbox 1932 3769 3535 3840; baseline 0.001 -16"><span class='ocrx_word' id='word_1_729' title='bbox 1932 3769 2094 3826; x_wconf 81' lang='lat' dir='ltr'>ficere</span> <span class='ocrx_word' id='word_1_730' title='bbox 2115 3769 2346 3826; x_wconf 78' lang='lat' dir='ltr'>deiicere</span> <span class='ocrx_word' id='word_1_731' title='bbox 2368 3777 2468 3825; x_wconf 90' lang='lat' dir='ltr'>est.</span> <span class='ocrx_word' id='word_1_732' title='bbox 2492 3770 2634 3824; x_wconf 89' lang='lat' dir='ltr'>Dum</span> <span class='ocrx_word' id='word_1_733' title='bbox 2654 3770 2797 3825; x_wconf 90' lang='lat' dir='ltr'>enim</span> <span class='ocrx_word' id='word_1_734' title='bbox 2820 3770 3189 3840; x_wconf 85' lang='lat' dir='ltr'>(utScriptura</span> <span class='ocrx_word' id='word_1_735' title='bbox 3219 3769 3368 3836; x_wconf 88' lang='lat' dir='ltr'>dicit,</span> <span class='ocrx_word' id='word_1_736' title='bbox 3400 3784 3535 3827; x_wconf 87' lang='lat' dir='ltr'>cum</span> 
     </span>
    </p>
   </div>
   <div class='ocr_carea' id='block_1_100' title="bbox 1931 3852 3533 3925">
    <p class='ocr_par' dir='ltr' id='par_1_100' title="bbox 1931 3852 3533 3925">
     <span class='ocr_line' id='line_1_100' title="bbox 1931 3852 3533 3925; baseline -0.002 -13"><span class='ocrx_word' id='word_1_737' title='bbox 1931 3855 2410 3912; x_wconf 86' lang='lat' dir='ltr'>consummaverit</span> <span class='ocrx_word' id='word_1_738' title='bbox 2454 3852 2635 3918; x_wconf 86' lang='lat' dir='ltr'>homo,</span> <span class='ocrx_word' id='word_1_739' title='bbox 2683 3857 2820 3909; x_wconf 85' lang='lat' dir='ltr'>tunc</span> <span class='ocrx_word' id='word_1_740' title='bbox 2866 3854 3071 3925; x_wconf 84' lang='lat' dir='ltr'>incipit</span> <span class='ocrx_word' id='word_1_741' title='bbox 3135 3854 3330 3924; x_wconf 84' lang='lat' dir='ltr'>(Eccti.</span> <span class='ocrx_word' id='word_1_742' title='bbox 3373 3869 3533 3922; x_wconf 82' lang='lat' dir='ltr'>xvm,</span> 
     </span>
    </p>
   </div>
   <div class='ocr_carea' id='block_1_101' title="bbox 1931 3941 3535 4014">
    <p class='ocr_par' dir='ltr' id='par_1_101' title="bbox 1931 3941 3535 4014">
     <span class='ocr_line' id='line_1_101' title="bbox 1931 3941 3535 4014; baseline -0.001 -16"><span class='ocrx_word' id='word_1_743' title='bbox 1931 3944 2006 4014; x_wconf 88' lang='lat'>6),</span> <span class='ocrx_word' id='word_1_744' title='bbox 2037 3943 2357 4014; x_wconf 88' lang='lat' dir='ltr'>paradisum</span> <span class='ocrx_word' id='word_1_745' title='bbox 2384 3942 2603 4014; x_wconf 89' lang='lat' dir='ltr'>quidem</span> <span class='ocrx_word' id='word_1_746' title='bbox 2632 3950 2794 4013; x_wconf 88' lang='lat' dir='ltr'>patet,</span> <span class='ocrx_word' id='word_1_747' title='bbox 2820 3941 3132 4013; x_wconf 91' lang='lat' dir='ltr'>paradisum</span> <span class='ocrx_word' id='word_1_748' title='bbox 3153 3957 3296 4010; x_wconf 88' lang='lat' dir='ltr'>esse,</span> <span class='ocrx_word' id='word_1_749' title='bbox 3329 3948 3383 3996; x_wconf 90' lang='lat' dir='ltr'>et</span> <span class='ocrx_word' id='word_1_750' title='bbox 3412 3942 3535 3997; x_wconf 85' lang='lat' dir='ltr'>irri-</span> 
     </span>
    </p>
   </div>
   <div class='ocr_carea' id='block_1_102' title="bbox 1929 4030 3532 4103">
    <p class='ocr_par' dir='ltr' id='par_1_102' title="bbox 1929 4030 3532 4103">
     <span class='ocr_line' id='line_1_102' title="bbox 1929 4030 3532 4103; baseline 0 -17"><span class='ocrx_word' id='word_1_751' title='bbox 1929 4032 2147 4103; x_wconf 88' lang='lat' dir='ltr'>gatione</span> <span class='ocrx_word' id='word_1_752' title='bbox 2195 4038 2378 4086; x_wconf 89' lang='lat' dir='ltr'>tamen</span> <span class='ocrx_word' id='word_1_753' title='bbox 2408 4030 2674 4103; x_wconf 85' lang='lat' dir='ltr'>indigere.</span> <span class='ocrx_word' id='word_1_754' title='bbox 2717 4030 2966 4101; x_wconf 84' lang='lat' dir='ltr'>Amplius</span> <span class='ocrx_word' id='word_1_755' title='bbox 2999 4045 3011 4085; x_wconf 92' lang='lat'><strong>:</strong></span> <span class='ocrx_word' id='word_1_756' title='bbox 3043 4030 3179 4085; x_wconf 90' lang='lat' dir='ltr'>Cum</span> <span class='ocrx_word' id='word_1_757' title='bbox 3200 4031 3352 4100; x_wconf 88' lang='lat' dir='ltr'>juxta</span> <span class='ocrx_word' id='word_1_758' title='bbox 3382 4031 3532 4102; x_wconf 93' lang='lat' dir='ltr'>quod</span> 
     </span>
    </p>
   </div>
   <div class='ocr_carea' id='block_1_103' title="bbox 1932 4118 3532 4192">
    <p class='ocr_par' dir='ltr' id='par_1_103' title="bbox 1932 4118 3532 4192">
     <span class='ocr_line' id='line_1_103' title="bbox 1932 4118 3532 4192; baseline 0.001 -18"><span class='ocrx_word' id='word_1_759' title='bbox 1932 4121 2123 4176; x_wconf 91' lang='lat' dir='ltr'>beatus</span> <span class='ocrx_word' id='word_1_760' title='bbox 2166 4120 2270 4175; x_wconf 88' lang='lat' dir='ltr'>Job</span> <span class='ocrx_word' id='word_1_761' title='bbox 2319 4119 2449 4175; x_wconf 89' lang='lat' dir='ltr'>dicit</span> <span class='ocrx_word' id='word_1_762' title='bbox 2480 4119 2596 4189; x_wconf 86' lang='lat' dir='ltr'>(Job</span> <span class='ocrx_word' id='word_1_763' title='bbox 2626 4134 2743 4185; x_wconf 75' lang='lat' dir='ltr'>xxv,</span> <span class='ocrx_word' id='word_1_764' title='bbox 2780 4120 2857 4190; x_wconf 85' lang='lat' dir='ltr'>l),</span> <span class='ocrx_word' id='word_1_765' title='bbox 2896 4129 2945 4175; x_wconf 92' lang='lat' dir='ltr'>et</span> <span class='ocrx_word' id='word_1_766' title='bbox 2977 4135 3079 4175; x_wconf 91' lang='lat' dir='ltr'>nos</span> <span class='ocrx_word' id='word_1_767' title='bbox 3106 4134 3299 4175; x_wconf 90' lang='lat' dir='ltr'>omnes</span> <span class='ocrx_word' id='word_1_768' title='bbox 3322 4118 3532 4192; x_wconf 89' lang='lat' dir='ltr'>jugiter</span> 
     </span>
    </p>
   </div>
   <div class='ocr_carea' id='block_1_104' title="bbox 1927 4206 3529 4280">
    <p class='ocr_par' dir='ltr' id='par_1_104' title="bbox 1927 4206 3529 4280">
     <span class='ocr_line' id='line_1_104' title="bbox 1927 4206 3529 4280; baseline -0.001 -17"><span class='ocrx_word' id='word_1_769' title='bbox 1927 4208 2259 4280; x_wconf 89' lang='lat' dir='ltr'>experimur,</span> <span class='ocrx_word' id='word_1_770' title='bbox 2291 4222 2570 4279; x_wconf 89' lang='lat' dir='ltr'>nunquam</span> <span class='ocrx_word' id='word_1_771' title='bbox 2612 4206 2665 4261; x_wconf 91' lang='lat' dir='ltr'>iu</span> <span class='ocrx_word' id='word_1_772' title='bbox 2698 4206 2892 4262; x_wconf 89' lang='lat' dir='ltr'>eodem</span> <span class='ocrx_word' id='word_1_773' title='bbox 2947 4214 3089 4262; x_wconf 90' lang='lat' dir='ltr'>statu</span> <span class='ocrx_word' id='word_1_774' title='bbox 3121 4214 3278 4262; x_wconf 88' lang='lat' dir='ltr'>natus</span> <span class='ocrx_word' id='word_1_775' title='bbox 3305 4207 3376 4262; x_wconf 91' lang='lat' dir='ltr'>de</span> <span class='ocrx_word' id='word_1_776' title='bbox 3402 4223 3529 4262; x_wconf 88' lang='lat' dir='ltr'>mu-</span> 
     </span>
    </p>
   </div>
   <div class='ocr_carea' id='block_1_105' title="bbox 1925 4294 3531 4367">
    <p class='ocr_par' dir='ltr' id='par_1_105' title="bbox 1925 4294 3531 4367">
     <span class='ocr_line' id='line_1_105' title="bbox 1925 4294 3531 4367; baseline -0.001 -15"><span class='ocrx_word' id='word_1_777' title='bbox 1925 4297 2058 4353; x_wconf 86' lang='lat' dir='ltr'>liere</span> <span class='ocrx_word' id='word_1_778' title='bbox 2087 4303 2399 4367; x_wconf 88' lang='lat' dir='ltr'>permaneat</span> <span class='ocrx_word' id='word_1_779' title='bbox 2438 4296 2623 4361; x_wconf 83' lang='lat' dir='ltr'>homo,</span> <span class='ocrx_word' id='word_1_780' title='bbox 2675 4294 2763 4350; x_wconf 87' lang='lat' dir='ltr'>vel</span> <span class='ocrx_word' id='word_1_781' title='bbox 2793 4294 3038 4350; x_wconf 90' lang='lat' dir='ltr'>ascendit</span> <span class='ocrx_word' id='word_1_782' title='bbox 3070 4295 3140 4349; x_wconf 91' lang='lat' dir='ltr'>ad</span> <span class='ocrx_word' id='word_1_783' title='bbox 3169 4294 3274 4349; x_wconf 89' lang='lat' dir='ltr'>alta</span> <span class='ocrx_word' id='word_1_784' title='bbox 3302 4310 3531 4351; x_wconf 89' lang='lat' dir='ltr'>munere</span> 
     </span>
    </p>
   </div>
   <div class='ocr_carea' id='block_1_106' title="bbox 1927 4382 3530 4456">
    <p class='ocr_par' dir='ltr' id='par_1_106' title="bbox 1927 4382 3530 4456">
     <span class='ocr_line' id='line_1_106' title="bbox 1927 4382 3530 4456; baseline -0.001 -16"><span class='ocrx_word' id='word_1_785' title='bbox 1927 4384 2232 4440; x_wconf 86' lang='lat' dir='ltr'>roborantis</span> <span class='ocrx_word' id='word_1_786' title='bbox 2252 4400 2375 4439; x_wconf 90' lang='lat' dir='ltr'>eum</span> <span class='ocrx_word' id='word_1_787' title='bbox 2406 4382 2617 4456; x_wconf 67' lang='lat' dir='ltr'>gratim,</span> <span class='ocrx_word' id='word_1_788' title='bbox 2650 4382 2736 4437; x_wconf 91' lang='lat' dir='ltr'>vel</span> <span class='ocrx_word' id='word_1_789' title='bbox 2766 4383 3049 4438; x_wconf 89' lang='lat' dir='ltr'>descendit</span> <span class='ocrx_word' id='word_1_790' title='bbox 3068 4382 3139 4437; x_wconf 91' lang='lat' dir='ltr'>ad</span> <span class='ocrx_word' id='word_1_791' title='bbox 3160 4382 3269 4437; x_wconf 86' lang='lat' dir='ltr'>ima</span> <span class='ocrx_word' id='word_1_792' title='bbox 3287 4382 3530 4453; x_wconf 89' lang='lat' dir='ltr'>pondere</span> 
     </span>
    </p>
   </div>
   <div class='ocr_carea' id='block_1_107' title="bbox 1926 4460 3523 4542">
    <p class='ocr_par' dir='ltr' id='par_1_107' title="bbox 1926 4460 3523 4542">
     <span class='ocr_line' id='line_1_107' title="bbox 1926 4460 3523 4542; baseline -0.003 -14"><span class='ocrx_word' id='word_1_793' title='bbox 1926 4460 2253 4528; x_wconf 85' lang='lat' dir='ltr'>infirmitatis</span> <span class='ocrx_word' id='word_1_794' title='bbox 2299 4471 2555 4542; x_wconf 70' lang='lat' dir='ltr'>propriae.</span> <span class='ocrx_word' id='word_1_795' title='bbox 2588 4470 2716 4524; x_wconf 88' lang='lat' dir='ltr'>Ideo</span> <span class='ocrx_word' id='word_1_796' title='bbox 2746 4485 2820 4524; x_wconf 86' lang='lat' dir='ltr'>ex</span> <span class='ocrx_word' id='word_1_797' title='bbox 2858 4471 2945 4524; x_wconf 91' lang='lat' dir='ltr'>his</span> <span class='ocrx_word' id='word_1_798' title='bbox 2972 4470 3094 4525; x_wconf 91' lang='lat' dir='ltr'>luce</span> <span class='ocrx_word' id='word_1_799' title='bbox 3125 4469 3326 4526; x_wconf 90' lang='lat' dir='ltr'>clarius</span> <span class='ocrx_word' id='word_1_800' title='bbox 3352 4476 3523 4541; x_wconf 90' lang='lat' dir='ltr'>patet,</span> 
     </span>
    </p>
   </div>
   <div class='ocr_carea' id='block_1_108' title="bbox 2087 4556 3528 4632">
    <p class='ocr_par' dir='ltr' id='par_1_108' title="bbox 2087 4556 3528 4632">
     <span class='ocr_line' id='line_1_108' title="bbox 2087 4556 3528 4632; baseline -0.002 -17"><span class='ocrx_word' id='word_1_801' title='bbox 2087 4561 2179 4632; x_wconf 91' lang='lat' dir='ltr'>qui</span> <span class='ocrx_word' id='word_1_802' title='bbox 2208 4560 2277 4615; x_wconf 90' lang='lat' dir='ltr'>de</span> <span class='ocrx_word' id='word_1_803' title='bbox 2325 4558 2578 4631; x_wconf 87' lang='lat' dir='ltr'>augendo</span> <span class='ocrx_word' id='word_1_804' title='bbox 2609 4557 2871 4628; x_wconf 87' lang='lat' dir='ltr'>spirituali</span> <span class='ocrx_word' id='word_1_805' title='bbox 2902 4556 3149 4629; x_wconf 83' lang='lat' dir='ltr'>profectu</span> <span class='ocrx_word' id='word_1_806' title='bbox 3177 4573 3278 4612; x_wconf 92' lang='lat' dir='ltr'>suo</span> <span class='ocrx_word' id='word_1_807' title='bbox 3306 4556 3528 4613; x_wconf 89' lang='lat' dir='ltr'>solliciti</span> 
     </span>
    </p>
   </div>
   <div class='ocr_carea' id='block_1_109' title="bbox 1926 4644 3523 4716">
    <p class='ocr_par' dir='ltr' id='par_1_109' title="bbox 1926 4644 3523 4716">
     <span class='ocr_line' id='line_1_109' title="bbox 1926 4644 3523 4716; baseline -0.001 -14"><span class='ocrx_word' id='word_1_808' title='bbox 1926 4666 2035 4704; x_wconf 90' lang='lat' dir='ltr'>non</span> <span class='ocrx_word' id='word_1_809' title='bbox 2065 4656 2208 4716; x_wconf 91' lang='lat' dir='ltr'>sunt,</span> <span class='ocrx_word' id='word_1_810' title='bbox 2241 4646 2497 4703; x_wconf 80' lang='lat' dir='ltr'>nimirum</span> <span class='ocrx_word' id='word_1_811' title='bbox 2519 4646 2575 4700; x_wconf 90' lang='lat' dir='ltr'>in</span> <span class='ocrx_word' id='word_1_812' title='bbox 2590 4644 2865 4700; x_wconf 85' lang='lat' dir='ltr'>defectum</span> <span class='ocrx_word' id='word_1_813' title='bbox 2885 4645 3221 4701; x_wconf 88' lang='lat' dir='ltr'>teterrimum</span> <span class='ocrx_word' id='word_1_814' title='bbox 3243 4653 3523 4701; x_wconf 89' lang='lat' dir='ltr'>corruunt.</span> 
     </span>
    </p>
   </div>
   <div class='ocr_carea' id='block_1_110' title="bbox 1926 4733 3525 4806">
    <p class='ocr_par' dir='ltr' id='par_1_110' title="bbox 1926 4733 3525 4806">
     <span class='ocr_line' id='line_1_110' title="bbox 1926 4733 3525 4806; baseline -0.003 -14"><span class='ocrx_word' id='word_1_815' title='bbox 1926 4736 2029 4806; x_wconf 89' lang='lat' dir='ltr'>Qui</span> <span class='ocrx_word' id='word_1_816' title='bbox 2059 4738 2204 4793; x_wconf 90' lang='lat' dir='ltr'>enim</span> <span class='ocrx_word' id='word_1_817' title='bbox 2232 4735 2540 4805; x_wconf 89' lang='lat' dir='ltr'>hujusmodi</span> <span class='ocrx_word' id='word_1_818' title='bbox 2573 4742 2696 4789; x_wconf 91' lang='lat' dir='ltr'>sunt</span> <span class='ocrx_word' id='word_1_819' title='bbox 2722 4735 2798 4789; x_wconf 90' lang='lat' dir='ltr'>ibi</span> <span class='ocrx_word' id='word_1_820' title='bbox 2846 4734 2927 4805; x_wconf 88' lang='lat' dir='ltr'>(ut</span> <span class='ocrx_word' id='word_1_821' title='bbox 2955 4733 3120 4806; x_wconf 90' lang='lat' dir='ltr'>longe</span> <span class='ocrx_word' id='word_1_822' title='bbox 3150 4742 3272 4789; x_wconf 90' lang='lat' dir='ltr'>ante</span> <span class='ocrx_word' id='word_1_823' title='bbox 3302 4748 3403 4789; x_wconf 91' lang='lat' dir='ltr'>nos</span> <span class='ocrx_word' id='word_1_824' title='bbox 3434 4734 3525 4788; x_wconf 91' lang='lat' dir='ltr'>di-</span> 
     </span>
    </p>
   </div>
   <div class='ocr_carea' id='block_1_111' title="bbox 1925 4822 3523 4895">
    <p class='ocr_par' dir='ltr' id='par_1_111' title="bbox 1925 4822 3523 4895">
     <span class='ocr_line' id='line_1_111' title="bbox 1925 4822 3523 4895; baseline -0.004 -12"><span class='ocrx_word' id='word_1_825' title='bbox 1925 4834 2071 4883; x_wconf 92' lang='lat' dir='ltr'>ctum</span> <span class='ocrx_word' id='word_1_826' title='bbox 2102 4827 2208 4895; x_wconf 89' lang='lat' dir='ltr'>est)</span> <span class='ocrx_word' id='word_1_827' title='bbox 2236 4823 2533 4893; x_wconf 85' lang='lat' dir='ltr'>deﬁciendi</span> <span class='ocrx_word' id='word_1_828' title='bbox 2561 4822 2827 4878; x_wconf 87' lang='lat' dir='ltr'>incidunt</span> <span class='ocrx_word' id='word_1_829' title='bbox 2855 4822 3208 4895; x_wconf 87' lang='lat' dir='ltr'>periculum;</span> <span class='ocrx_word' id='word_1_830' title='bbox 3237 4822 3332 4878; x_wconf 89' lang='lat' dir='ltr'>ubi</span> <span class='ocrx_word' id='word_1_831' title='bbox 3347 4822 3523 4894; x_wconf 85' lang='lat' dir='ltr'>proﬁ-</span> 
     </span>
    </p>
   </div>
   <div class='ocr_carea' id='block_1_112' title="bbox 1924 4908 3523 4986">
    <p class='ocr_par' dir='ltr' id='par_1_112' title="bbox 1924 4908 3523 4986">
     <span class='ocr_line' id='line_1_112' title="bbox 1924 4908 3523 4986; baseline -0.002 -18"><span class='ocrx_word' id='word_1_832' title='bbox 1924 4914 2108 4970; x_wconf 79' lang='lat' dir='ltr'>ciendi</span> <span class='ocrx_word' id='word_1_833' title='bbox 2137 4914 2439 4986; x_wconf 86' lang='lat' dir='ltr'>deposuere</span> <span class='ocrx_word' id='word_1_834' title='bbox 2468 4911 2810 4983; x_wconf 87' lang='lat' dir='ltr'>appetitum.</span> <span class='ocrx_word' id='word_1_835' title='bbox 2848 4910 3053 4967; x_wconf 84' lang='lat' dir='ltr'>Idcirco</span> <span class='ocrx_word' id='word_1_836' title='bbox 3084 4910 3200 4981; x_wconf 89' lang='lat' dir='ltr'>ipse</span> <span class='ocrx_word' id='word_1_837' title='bbox 3230 4908 3523 4982; x_wconf 89' lang='lat' dir='ltr'>paradisus</span> 
     </span>
    </p>
   </div>
   <div class='ocr_carea' id='block_1_113' title="bbox 1925 4998 3527 5075">
    <p class='ocr_par' dir='ltr' id='par_1_113' title="bbox 1925 4998 3527 5075">
     <span class='ocr_line' id='line_1_113' title="bbox 1925 4998 3527 5075; baseline -0.002 -18"><span class='ocrx_word' id='word_1_838' title='bbox 1925 5003 2198 5075; x_wconf 87' lang='lat' dir='ltr'>irrigetur,</span> <span class='ocrx_word' id='word_1_839' title='bbox 2233 5001 2358 5073; x_wconf 91' lang='lat' dir='ltr'>quia</span> <span class='ocrx_word' id='word_1_840' title='bbox 2388 5000 2481 5072; x_wconf 91' lang='lat' dir='ltr'>qui</span> <span class='ocrx_word' id='word_1_841' title='bbox 2510 5000 2653 5054; x_wconf 92' lang='lat' dir='ltr'>lotus</span> <span class='ocrx_word' id='word_1_842' title='bbox 2680 5008 2780 5068; x_wconf 87' lang='lat' dir='ltr'>est,</span> <span class='ocrx_word' id='word_1_843' title='bbox 2805 5000 3012 5071; x_wconf 85' lang='lat' dir='ltr'>indiget</span> <span class='ocrx_word' id='word_1_844' title='bbox 3032 5015 3250 5071; x_wconf 89' lang='lat' dir='ltr'>quoque</span> <span class='ocrx_word' id='word_1_845' title='bbox 3271 5006 3327 5054; x_wconf 93' lang='lat' dir='ltr'>ut</span> <span class='ocrx_word' id='word_1_846' title='bbox 3355 4998 3527 5070; x_wconf 88' lang='lat' dir='ltr'>pedes</span> 
     </span>
    </p>
   </div>
   <div class='ocr_carea' id='block_1_114' title="bbox 1924 5086 3527 5160">
    <p class='ocr_par' dir='ltr' id='par_1_114' title="bbox 1924 5086 3527 5160">
     <span class='ocr_line' id='line_1_114' title="bbox 1924 5086 3527 5160; baseline -0.002 -15"><span class='ocrx_word' id='word_1_847' title='bbox 1924 5092 2086 5147; x_wconf 88' lang='lat' dir='ltr'>lavet.</span> <span class='ocrx_word' id='word_1_848' title='bbox 2139 5091 2367 5145; x_wconf 88' lang='lat' dir='ltr'>Etcum</span> <span class='ocrx_word' id='word_1_849' title='bbox 2416 5088 2668 5144; x_wconf 90' lang='lat' dir='ltr'>omnibus</span> <span class='ocrx_word' id='word_1_850' title='bbox 2717 5090 2981 5160; x_wconf 88' lang='lat' dir='ltr'>apostolis</span> <span class='ocrx_word' id='word_1_851' title='bbox 3033 5088 3154 5159; x_wconf 89' lang='lat' dir='ltr'>plus</span> <span class='ocrx_word' id='word_1_852' title='bbox 3201 5086 3527 5143; x_wconf 86' lang='lat' dir='ltr'>laboraverit</span> 
     </span>
    </p>
   </div>
   <div class='ocr_carea' id='block_1_115' title="bbox 1924 5176 3525 5251">
    <p class='ocr_par' dir='ltr' id='par_1_115' title="bbox 1924 5176 3525 5251">
     <span class='ocr_line' id='line_1_115' title="bbox 1924 5176 3525 5251; baseline -0.002 -18"><span class='ocrx_word' id='word_1_853' title='bbox 1924 5179 2141 5245; x_wconf 88' lang='lat' dir='ltr'>Paulus,</span> <span class='ocrx_word' id='word_1_854' title='bbox 2186 5177 2470 5251; x_wconf 88' lang='lat' dir='ltr'>indignum</span> <span class='ocrx_word' id='word_1_855' title='bbox 2502 5193 2562 5233; x_wconf 91' lang='lat' dir='ltr'>se</span> <span class='ocrx_word' id='word_1_856' title='bbox 2608 5176 3012 5233; x_wconf 73' lang='lat' dir='ltr'>tamemasserit</span> <span class='ocrx_word' id='word_1_857' title='bbox 3043 5184 3101 5231; x_wconf 90' lang='lat' dir='ltr'>ut</span> <span class='ocrx_word' id='word_1_858' title='bbox 3128 5184 3355 5232; x_wconf 86' lang='lat' dir='ltr'>vocetur</span> <span class='ocrx_word' id='word_1_859' title='bbox 3383 5190 3525 5248; x_wconf 84' lang='lat' dir='ltr'>apo-</span> 
     </span>
    </p>
   </div>
   <div class='ocr_carea' id='block_1_116' title="bbox 1924 5267 2116 5323">
    <p class='ocr_par' dir='ltr' id='par_1_116' title="bbox 1924 5267 2116 5323">
     <span class='ocr_line' id='line_1_116' title="bbox 1924 5267 2116 5323; baseline 0 -1"><span class='ocrx_word' id='word_1_860' title='bbox 1924 5267 2116 5323; x_wconf 89' lang='lat' dir='ltr'>stolus.</span> 
     </span>
    </p>
   </div>
   <div class='ocr_carea' id='block_1_117' title="bbox 2432 5404 3009 5461">
    <p class='ocr_par' dir='ltr' id='par_1_117' title="bbox 2432 5404 3009 5461">
     <span class='ocr_line' id='line_1_117' title="bbox 2432 5404 3009 5461; baseline -0.002 -2"><span class='ocrx_word' id='word_1_861' title='bbox 2432 5404 2827 5461; x_wconf 80' lang='lat' dir='ltr'>CAPITULUM</span> <span class='ocrx_word' id='word_1_862' title='bbox 2859 5404 3009 5458; x_wconf 84' lang='lat' dir='ltr'>XIII.</span> 
     </span>
    </p>
   </div>
   <div class='ocr_carea' id='block_1_118' title="bbox 1922 5536 3526 5664">
    <p class='ocr_par' dir='ltr' id='par_1_118' title="bbox 1922 5536 3526 5664">
     <span class='ocr_line' id='line_1_118' title="bbox 1922 5536 3526 5664; baseline 0.001 -73"><span class='ocrx_word' id='word_1_863' title='bbox 1922 5539 1998 5593; x_wconf 89' lang='lat' dir='ltr'>De</span> <span class='ocrx_word' id='word_1_864' title='bbox 2033 5539 2148 5595; x_wconf 85' lang='lat' dir='ltr'>loco</span> <span class='ocrx_word' id='word_1_865' title='bbox 2171 5540 2385 5592; x_wconf 71' lang='lat' dir='ltr'>sanctae</span> <span class='ocrx_word' id='word_1_866' title='bbox 2412 5536 2896 5664; x_wconf 54' lang='lat' dir='ltr'>volupctgtijsaggbdc</span> <span class='ocrx_word' id='word_1_867' title='bbox 2925 5536 3221 5609; x_wconf 85' lang='lat' dir='ltr'>spirituali</span> <span class='ocrx_word' id='word_1_868' title='bbox 3240 5537 3378 5608; x_wconf 82' lang='lat' dir='ltr'>fuga</span> <span class='ocrx_word' id='word_1_869' title='bbox 3397 5552 3526 5592; x_wconf 84' lang='lat' dir='ltr'>san-</span> 
     </span>
    </p>
   </div>
   <div class='ocr_carea' id='block_1_119' title="bbox 1996 5737 3522 5811">
    <p class='ocr_par' dir='ltr' id='par_1_119' title="bbox 1996 5737 3522 5811">
     <span class='ocr_line' id='line_1_119' title="bbox 1996 5737 3522 5811; baseline 0.001 -18"><span class='ocrx_word' id='word_1_870' title='bbox 1996 5737 2307 5809; x_wconf 85' lang='lat' dir='ltr'>Quomodo,</span> <span class='ocrx_word' id='word_1_871' title='bbox 2338 5738 2413 5793; x_wconf 91' lang='lat' dir='ltr'>ait</span> <span class='ocrx_word' id='word_1_872' title='bbox 2455 5738 2674 5811; x_wconf 87' lang='lat' dir='ltr'>aliquis,</span> <span class='ocrx_word' id='word_1_873' title='bbox 2708 5738 2809 5797; x_wconf 85' lang='lat' dir='ltr'>iste</span> <span class='ocrx_word' id='word_1_874' title='bbox 2837 5739 3127 5811; x_wconf 90' lang='lat' dir='ltr'>paradisus</span> <span class='ocrx_word' id='word_1_875' title='bbox 3154 5737 3522 5810; x_wconf 73' lang='lat' dir='ltr'>irrigabitur?</span> 
     </span>
    </p>
   </div>
  </div>
