3938 6404
396 350 498 404 823

1235 344 1573 401 GUIGONIS
1629 343 1677 397 II
1726 337 2133 397 CARTHUSIE
2189 336 2482 393 MAJORIS
2537 335 2836 393 PRIORIS.

3593 334 3708 389 824

393 473 452 526 In
527 471 728 527 Genesi
781 471 908 542 quid
968 470 1228 541 scriptum
1266 470 1395 523 est?
1445 468 1719 540 quomodo
1765 465 2060 537 legitis?A
2090 461 2246 529 loco;
2299 461 2550 528 dormiat,
2601 461 2841 532 inquam,
2893 464 3154 530 quantum
3201 455 3271 512 ad
3318 455 3595 528 quietem;
3633 456 3696 512 in

391 562 585 615 Nonne
617 560 896 629 Scriptura
927 558 1074 624 dicit,
1104 557 1230 629 quia
1258 559 1468 626 ﬂuvius
1499 555 1890 626 egrediebatur
1920 556 1984 609 dc

395 650 508 704 loco
532 649 837 719 voluptatis
866 648 938 702 ad
967 646 1322 717 irrigandum
1340 646 1708 718 paradisum?
1729 643 1887 714 (Gen.
1914 645 1979 711 II,

393 736 507 805 10.)
536 737 601 789 Et
624 736 744 806 quis
780 735 974 789 ﬂuvius
1004 736 1142 789 iste?
1170 735 1280 789 imo
1313 735 1432 806 quis
1467 734 1554 788 hic
1589 732 1875 802 voluptatis
1897 731 1983 784 lo-

389 826 524 879 cus?
552 826 688 878 Nam
723 825 827 879 hoc
855 823 1005 894 prius
1029 823 1403 896 quaerendum,
1430 822 1550 893 quia
1574 821 1824 875 nimirum
1846 819 1984 874 sicut

384 913 452 967 de
483 912 644 966 ﬂuvio
673 913 775 966 hoc
805 911 1051 982 procedit
1082 911 1345 982 irrigatio,
1385 911 1462 965 sic
1493 919 1544 965 et
1575 910 1641 964 de
1673 910 1792 964 loco
1825 909 1982 963 volu-

385 1000 544 1070 ptatis
574 1000 639 1054 sit
670 999 820 1054 ﬂuvii
849 1001 1119 1072 egressio.
1141 1002 1328 1070 Itaque
1359 1007 1416 1052 ut
1446 1007 1587 1069 patet
1620 1014 1685 1051 ex
1715 997 1818 1064 his,
1848 995 1982 1050 ditii-

383 1089 505 1153 cile,
558 1088 667 1142 imo
725 1088 1082 1158 impossibile,
1134 1097 1192 1143 ut
1223 1088 1510 1159 paradisus
1557 1087 1658 1140 iste
1704 1085 1980 1157 irrigetur,

382 1177 487 1231 nisi
515 1176 667 1247 prius
699 1177 766 1231 de
813 1177 934 1232 loco
966 1177 1250 1246 voluptatis
1301 1177 1608 1248 quicunque
1655 1174 1742 1228 ille
1775 1174 1842 1228 sit
1876 1174 1982 1226 ﬂu-

382 1266 522 1333 vius,
554 1265 890 1335 egrediatur.
920 1265 1131 1320 Idcirco
1163 1281 1227 1319 ex
1261 1280 1365 1336 quo
1398 1265 1472 1318 ita
1501 1272 1603 1329 est,
1628 1263 1749 1333 quis
1769 1263 1858 1318 hic
1886 1277 1982 1315 vo-

381 1353 603 1424 luptatis
633 1354 786 1409 locus
820 1353 946 1408 est?
973 1353 1144 1407 Nobis
1176 1353 1386 1408 videtur
1417 1353 1486 1423 (si
1517 1353 1587 1405 ita
1619 1351 1774 1406 vobis
1806 1350 1981 1419 sedet)

382 1442 529 1513 quod
558 1441 732 1496 dulcis
779 1450 831 1497 et
869 1442 1049 1496 suavis
1100 1441 1331 1496 sincerae
1379 1429 1655 1496 charitatis
1704 1439 1980 1493 unanimi-

380 1537 483 1596 tas,
515 1546 680 1601 quam
729 1531 1028 1585 secundum
1077 1531 1251 1584 Deum
1292 1530 1346 1584 in
1378 1528 1609 1584 invicem
1640 1527 1849 1581 habetis
1877 1543 1980 1597 pu-

383 1634 502 1674 ram
534 1634 599 1674 ac
637 1617 977 1686 defaecatam,
1028 1618 1228 1672 bonam
1274 1617 1475 1688 pariter
1501 1625 1553 1672 et
1579 1616 1891 1684 jucundam,
1925 1615 1979 1669 in

382 1707 531 1763 omni
580 1709 704 1778 (pro
749 1723 934 1775 nosse,
986 1721 1051 1762 ac
1098 1723 1200 1777 pro
1238 1723 1402 1776 posse
1453 1705 1507 1760 in
1554 1705 1798 1774 Christo)
1829 1712 1881 1758 et
1911 1704 1980 1758 ad

383 1812 544 1852 omne
575 1795 774 1850 malum
797 1796 960 1861 nolle,
987 1801 1039 1849 et
1060 1795 1128 1849 ad
1148 1810 1308 1849 omne
1349 1795 1550 1850 bonum
1575 1793 1728 1859 velle,
1753 1793 1975 1881 quidam
2004 1821 2058 1881 B

380 1901 491 1940 non
521 1884 826 1957 incongrue
852 1883 1026 1955 possit
1055 1890 1106 1938 et
1135 1884 1332 1938 debeat
1358 1883 1462 1938 dici
1486 1882 1638 1938 locus
1661 1880 1972 1952 voluptatis.

380 1975 519 2029 Vere
565 1972 717 2028 locus
769 1973 874 2037 hic,
921 1972 1072 2027 locus
1102 1972 1393 2042 voluptatis
1435 1979 1538 2038 est,
1570 1970 1858 2042 voluptatis
1888 1970 1976 2024 in-

377 2077 540 2132 quam
580 2076 689 2115 non
734 2061 992 2126 carnalis,
1047 2061 1145 2115 sed
1193 2059 1522 2131 spiritualis;
1549 2075 1657 2114 non
1705 2075 1814 2131 qua
1853 2074 1977 2114 caro

379 2151 466 2206 vel
497 2149 722 2220 spiritus
762 2149 1093 2220 inquinatur,
1143 2149 1240 2202 sed
1288 2147 1464 2220 magis
1511 2164 1616 2220 qua
1662 2155 1714 2202 et
1758 2147 1977 2218 spiritus

378 2246 431 2293 et
459 2253 586 2294 caro
615 2235 946 2309 purificatur,
997 2238 1311 2303 adornatur,
1344 2237 1658 2292 decoratur.
1696 2237 1797 2291 Hic
1825 2235 1978 2291 locus

380 2336 464 2382 est
493 2327 563 2381 ad
615 2342 776 2398 quem
817 2325 964 2380 venit
1013 2326 1104 2397 qui
1133 2341 1165 2379 a
1191 2324 1325 2380 facie
1367 2333 1600 2379 mortem
1648 2325 1697 2379 ei
1745 2324 1976 2379 commi-

379 2414 559 2470 nantis
588 2414 748 2484 pilosi
794 2414 948 2486 fugit,
1001 2413 1054 2467 in
1086 2429 1192 2485 quo
1222 2413 1335 2469 vult
1366 2413 1714 2484 requiescere
1747 2428 1976 2469 occum-

377 2503 537 2560 bente
561 2504 676 2572 jam
714 2501 850 2557 sole.
886 2502 976 2558 Sic
1005 2502 1148 2557 enim
1180 2502 1234 2556 in
1265 2502 1491 2556 historia
1522 2501 1703 2558 veraci
1734 2502 1977 2557 contine-

377 2599 464 2647 tur
496 2607 508 2646 :
547 2591 788 2663 Cumque
821 2591 1063 2646 venisset
1090 2591 1256 2658 (haud
1277 2590 1502 2645 dubium
1543 2591 1675 2661 quin
1694 2589 1883 2660 Jaeob)
1907 2591 1978 2645 ad

377 2680 674 2754 quemdam
696 2679 899 2746 locum,
923 2684 976 2735 ct
996 2681 1162 2735 vellet
1189 2681 1251 2734 in
1273 2695 1334 2736 eo
1351 2681 1696 2753 requiescere
1707 2683 1833 2751 post
1845 2680 1978 2735 solis

377 2769 697 2825 accubitum
726 2769 888 2840 (Gen.
923 2783 1128 2834 xxvm,
1157 2767 1265 2838 It).
1308 2767 1442 2837 Quis
1472 2768 1690 2840 fugiens
1721 2768 1840 2836 iste,
1873 2767 1978 2821 nisi

375 2857 467 2913 ille
498 2857 566 2912 de
595 2873 705 2930 quo
733 2856 1042 2928 praecipitur
1069 2857 1125 2910 in
1155 2872 1323 2911 onere
1344 2857 1399 2910 in
1429 2857 1629 2910 Arabia
1659 2873 1759 2926 per
1781 2856 1978 2912 Isaiam

376 2945 443 3002 iis
473 2945 564 3017 qui
593 2945 647 3000 in
677 2953 824 3001 terra
866 2945 1048 2999 Austri
1095 2945 1360 3014 habitant,
1408 2951 1466 2998 ut
1508 2945 1558 2998 ei
1587 2961 1710 2999 cum
1742 2945 1979 3014 panibus

377 3035 708 3090 occurrant?
737 3035 859 3104 Ipse
922 3041 1006 3087 est
1053 3033 1258 3088 electus
1303 3033 1554 3103 quislibet
1596 3031 1790 3097 ﬁdelis,
1832 3033 1980 3104 quia

377 3121 749 3193 superﬂuitate
779 3121 988 3177 carnali
1035 3137 1131 3175 seu
1159 3121 1433 3187 mundiali,
1468 3121 1646 3194 magis
1678 3137 1737 3176 se
1767 3137 1829 3176 ac
1856 3137 1978 3176 ma-

376 3209 464 3282 gis
494 3209 712 3284 elongat
749 3225 818 3265 ne
863 3217 1092 3264 mortem
1140 3209 1403 3264 incurrat.
1457 3210 1556 3265 Cui
1604 3210 1976 3265 necessarium

378 3297 540 3354 valde
568 3305 625 3354 ut
672 3314 794 3354 cum
842 3297 1072 3370 panibus
1111 3305 1421 3354 occurratur
1455 3299 1522 3352 ab
1552 3299 1975 3355 inhabitantibus

376 3395 579 3444 terram
629 3386 819 3453 austri,
869 3394 1134 3458 quatenus
1191 3387 1283 3458 qui
1327 3387 1637 3458 spirituales
1696 3396 1837 3454 sunt,
1885 3388 1974 3442 in-

376 3483 588 3530 struant
633 3475 688 3531 in
745 3475 936 3546 spiritu
982 3476 1218 3531 lenitatis
1274 3477 1615 3545 hujusmodi;
1651 3485 1704 3531 et
1744 3493 1838 3532 eos
1883 3477 1975 3550 qui

376 3563 557 3621 triduo
589 3564 855 3619 sustinent
885 3564 1057 3631 illum,
1089 3564 1147 3619 in
1174 3565 1366 3621 domos
1396 3582 1524 3620 suas
1544 3567 1810 3621 Dominus
1826 3567 1973 3634 jeju—

371 3669 473 3710 nos
503 3669 613 3708 non
640 3653 891 3722 dimittat,
925 3669 994 3708 ne
1024 3653 1281 3709 deﬁciant
1311 3654 1367 3708 in
1388 3653 1490 3708 via.
1519 3655 1557 3709 A
1584 3656 1750 3725 facie,
1781 3655 1969 3726 inquit,

372 3741 691 3813 gladiorum
707 3745 1003 3813 fugerunt,
1028 3759 1063 3796 a
1083 3744 1231 3813 facie
1243 3743 1422 3813 gladii
1443 3743 1819 3810 imminentis,
1848 3761 1881 3798 a
1892 3747 1975 3814 fa-

378 3831 464 3887 cie
485 3847 651 3885 arcus
673 3831 920 3896 extenti,
941 3847 973 3884 a
984 3831 1132 3900 facie
1153 3831 1340 3902 gravis
1361 3831 1832 3901 praelii(lsa.xx1,
1860 3833 1966 3902 15).

373 3918 504 3974 Haec
515 3917 697 3972 omnia
710 3918 780 3971 ad
792 3924 1022 3972 mortem
1039 3926 1304 3989 spectant,
1332 3934 1494 3989 quam
1516 3920 1746 3974 minatur
1767 3920 1972 3990 pilosus

371 4005 501 4075 leni,
527 4007 673 4060 Esau
694 4006 862 4061 Jacob
889 4024 901 4060 :
924 4022 1084 4078 quam
1117 4023 1185 4061 ne
1214 4006 1476 4074 incurrat,
1515 4025 1615 4078 per
1645 4007 1829 4081 fugam
1868 4009 1972 4064 sibi

372 4093 657 4150 consulere
675 4102 850 4165 parat.
874 4095 1059 4166 Itaque
1081 4094 1298 4168 fugiens
1324 4097 1471 4151 venit
1495 4098 1563 4152 ad
1586 4097 1874 4168 quemdam
1897 4098 1971 4154 lo-

372 4196 517 4238 cum.
541 4183 608 4237 Et
636 4182 752 4254 ipse
784 4190 865 4237 est
896 4183 1187 4253 voluptatis
1228 4183 1399 4250 locus,
1440 4185 1566 4256 quia
1597 4186 1750 4242 locus
1775 4187 1970 4258 quietis

370 4278 454 4326 est
481 4286 493 4325 :
516 4285 640 4325 nam
672 4279 723 4326 et
746 4272 848 4327 hoc
878 4271 1141 4343 sequitur.
1175 4274 1244 4326 Et
1275 4275 1441 4329 vellet
1464 4277 1524 4330 in
1547 4291 1606 4330 eo
1625 4278 1968 4347 requiescere

371 4363 497 4430 post
524 4359 658 4416 solis
687 4359 1028 4416 accubitum.
1063 4361 1295 4428 Quando
1327 4362 1408 4416 sol
1425 4363 1720 4419 occubuit?
1751 4364 1968 4435 quando

370 4446 556 4503 fervor
602 4449 913 4503 tentationis
950 4448 1238 4504 deferbuit.
1288 4451 1630 4521 Impossibile
1665 4461 1721 4506 ut
1751 4453 1839 4508 hic
1878 4453 1967 4508 fu-

368 4535 886 4610 giensrequiescat,
928 4546 1219 4611 antequam
1249 4539 1350 4594 iste
1377 4541 1460 4595 sol
1490 4541 1810 4607 occumbat;
1844 4542 1966 4614 quia
1987 4531 2039 4592 D

365 4625 601 4696 quandiu
643 4635 878 4682 mentem
911 4628 1081 4682 exurit
1125 4629 1290 4684 ardor
1321 4629 1650 4697 tentationis,
1683 4629 1738 4684 in
1768 4646 1964 4686 sereno

363 4728 473 4768 non
503 4721 699 4784 pausat
743 4715 971 4772 interna:
1027 4717 1223 4788 quietis
1248 4737 1261 4784 ;
1293 4733 1356 4773 ac
1383 4735 1484 4788 per
1511 4719 1616 4773 hoc
1655 4735 1758 4774 nec
1787 4719 1965 4776 adhuc

365 4803 437 4857 ad
465 4802 646 4858 locum
685 4806 928 4874 pervenit
970 4806 1268 4878 spiritualis
1318 4807 1624 4878 voluptatis.
1659 4809 1799 4863 Nam
1829 4825 1978 4881 quo--

363 4891 530 4947 modo
559 4892 634 4947 ibi
685 4893 925 4948 suavitas
954 4894 1082 4960 ulla,
1116 4895 1207 4948 ubi
1238 4895 1606 4967 tranquillitas
1635 4897 1822 4953 nulla?
1854 4898 1962 4954 Sed

362 4987 491 5036 tunc
519 4979 736 5053 fugiens
777 4981 897 5046 iste,
950 4989 1003 5035 et
1047 4981 1116 5035 ad
1145 4983 1289 5038 hunc
1317 4982 1497 5038 locum
1529 4985 1693 5050 venit,
1728 4995 1782 5041 et
1810 4987 1863 5041 in
1897 5003 1962 5042 eo

361 5067 676 5138 requiescit,
718 5085 840 5122 cum
888 5083 1110 5122 suavem
1157 5070 1455 5124 secundum
1501 5072 1670 5127 Deum
1701 5074 1958 5146 quietem,

359 5163 416 5211 et
491 5156 731 5226 quietam
795 5155 1144 5211 nihilominus
1198 5158 1520 5214 suavitatem
1579 5164 1957 5232 apprehendit,

359 5242 781 5314 apprehendens
819 5251 985 5310 tenet,
1026 5251 1218 5300 tenens
1248 5263 1357 5302 non
1387 5248 1625 5304 dimittit.
1660 5253 1780 5305 Jam
1810 5252 1961 5307 tollat

357 5332 428 5386 de
456 5330 729 5401 lapidibus
758 5332 847 5404 qui
873 5333 1072 5401 jaceat,
1107 5334 1174 5388 de
1191 5335 1321 5390 viris
1343 5336 1595 5393 videlicet
1619 5338 1951 5408 divitiarum,

357 5418 449 5490 qui
479 5418 535 5472 in
565 5417 779 5474 civitate
811 5421 1027 5477 Domini
1057 5423 1338 5493 virtutum,
1370 5426 1424 5480 in
1453 5443 1596 5482 verte
1629 5427 1958 5486 fortitudinis

357 5506 698 5562 multitudine
729 5525 786 5564 se
817 5511 1104 5566 humiliant
1137 5532 1148 5567 :
1183 5513 1333 5568 illum
1363 5515 1606 5570 omnium
1639 5526 1957 5574 sanctorum

357 5594 637 5662 Sanctum,
671 5612 901 5672 eumque
941 5602 1139 5657 mentis
1189 5618 1299 5658 suae
1346 5605 1510 5675 capiti
1559 5621 1657 5677 per
1695 5607 1952 5663 imitatio-

353 5699 482 5742 nem
513 5696 776 5761 supponat
804 5708 816 5758 ;
851 5690 1037 5766 sicque
1060 5692 1109 5749 ei
1131 5692 1400 5750 inhaerens
1420 5695 1657 5754 dormiat
1676 5695 1730 5753 in
1762 5697 1954 5754 eodem

2086 550 2276 604 eodem
2309 549 2449 617 loco,
2505 557 2765 620 quantum
2794 547 2861 602 ad
2903 545 3242 610 suavitatem,
3277 551 3334 598 ut
3362 545 3429 598 sit
3459 545 3602 598 illius
3635 553 3696 600 et

2086 639 2240 710 quies
2273 639 2455 693 suavis
2487 645 2539 691 et
2586 637 2826 691 suavitas
2872 634 3073 706 quieta.
3108 633 3304 704 Sicque
3333 632 3388 687 in
3419 633 3699 689 suavitate

2083 727 2204 792 hac,
2238 726 2293 780 in
2328 725 2506 797 quiete
2539 726 2678 792 hac,
2714 723 3013 796 puriﬁcatis
3058 722 3251 777 videns
3289 721 3458 776 oculis
3487 722 3699 776 mentis

2085 815 2360 871 charitatis
2399 814 2635 880 scalam;
2671 822 2721 868 et
2751 812 2805 867 in
2835 811 2957 866 imis
2976 827 3074 882 per
3092 810 3526 880 compassionem
3555 826 3694 881 pro-

2085 903 2210 956 ximi
2242 903 2558 969 demissam,
2613 909 2666 956 et
2713 901 2768 954 in
2812 899 3039 955 summis
3084 915 3182 970 per
3224 898 3552 954 desiderium
3583 899 3692 954 Dei

2083 990 2310 1046 deﬁxam
2348 1009 2361 1046 :
2394 991 2715 1062 angelorum
2746 1004 2982 1062 quoque,
3016 987 3105 1060 qui
3133 994 3257 1042 sunt
3279 987 3520 1042 veritatis
3549 1004 3695 1059 prae-

2083 1095 2270 1147 cones,
2318 1088 2368 1134 et
2417 1096 2516 1150 per
2579 1077 3091 1149 contemplationem
3133 1091 3439 1146 ascensum,
3490 1083 3542 1132 et
3583 1091 3694 1146 per

2083 1169 2351 1224 actionem
2383 1168 2657 1222 intueatur
2702 1167 3030 1222 descensum
3063 1182 3075 1219 :
3110 1180 3341 1237 eumque
3371 1164 3462 1236 qui
3490 1164 3691 1219 reddet

2081 1257 2396 1312 mercedem
2426 1257 2678 1312 laborum
2708 1263 3019 1311 sanctorum
3050 1269 3289 1320 suorum,
3321 1253 3496 1308 eidem
3516 1252 3688 1308 scalae

2081 1345 2342 1400 innixum.
2409 1346 2527 1400 Jam
2592 1360 2714 1400 cum
2779 1359 2984 1416 pavore
3027 1343 3417 1414 obstupescens
3464 1350 3687 1397 etcum

2082 1441 2304 1504 stupore
2336 1449 2730 1504 expavescens,
2756 1432 3068 1504 evigilando
3098 1431 3164 1486 ad
3203 1447 3262 1487 se
3293 1446 3548 1486 reversus
3579 1447 3687 1485 ex-

2081 1522 2298 1588 clamet,
2335 1530 2384 1577 et
2416 1521 2561 1577 dicat
2597 1539 2609 1576 :
2653 1523 2780 1577 Vere
2811 1521 3084 1577 Dominus
3105 1524 3188 1576 est
3208 1522 3266 1575 in
3289 1520 3402 1574 loco
3422 1519 3549 1574 isto.
3575 1517 3691 1576 Ubi

2080 1611 2224 1664 enim
2255 1609 2540 1676 Dominus,
2574 1609 2680 1663 nisi
2727 1609 2780 1663 in
2823 1608 3002 1681 quiete
3045 1608 3132 1664 cui
3160 1608 3312 1662 deest
3342 1607 3518 1662 omnis
3547 1622 3687 1677 per—

2079 1698 2314 1753 turbatio
2337 1698 2365 1751 ?
2393 1697 2498 1752 nisi
2547 1697 2600 1751 in
2633 1696 2891 1752 suavitate
2930 1697 3017 1753 cui
3051 1696 3193 1752 inest
3228 1695 3402 1751 omnis
3423 1695 3686 1761 dulcedo,

2081 1793 2134 1841 et
2165 1786 2313 1841 nulla
2343 1801 2568 1857 prorsus
2599 1785 2904 1841 amaritudo
2925 1785 2952 1839 ‘3
2980 1788 3049 1841 Et
3081 1801 3194 1856 ego,
3230 1783 3422 1856 inquit,
3454 1785 3686 1840 nescie-

2079 1876 2224 1930 bam.
2275 1875 2392 1930 Nec
2437 1874 2635 1931 mirum
2679 1889 2790 1929 non
2837 1873 2981 1930 enim
3028 1874 3133 1928 hoc
3176 1888 3242 1928 eo
3304 1872 3477 1944 potuit
3523 1873 3680 1940 sciri,

2078 1963 2256 2035 quoad
2284 1979 2454 2036 usque
2485 1963 2538 2017 id
2571 1963 2621 2018 ei
2650 1963 2834 2018 datum
2865 1970 2946 2017 est
2973 1962 3226 2034 experiri.
3250 1963 3451 2018 Verum
3479 1969 3685 2018 extunc

2079 2051 2256 2118 scivit,
2291 2068 2357 2107 ex
2393 2067 2502 2122 quo
2534 2052 2600 2106 ad
2634 2052 2815 2108 locum
2846 2051 2997 2106 illum
3027 2051 3193 2121 venit,
3225 2050 3292 2106 de
3313 2050 3578 2122 lapidibus
3595 2058 3686 2105 tu-

2077 2139 2156 2208 lit,
2188 2140 2383 2196 tollens
2405 2140 2570 2211 capiti
2591 2156 2690 2196 suo
2711 2140 2994 2212 supposuit
3021 2158 3034 2206 ;
3068 2154 3381 2212 supponens
3402 2138 3681 2207 dormivit,

2079 2229 2380 2296 dormiens,
2416 2229 2622 2285 scalam
2655 2237 2706 2284 et
2737 2245 2857 2302 quae
2885 2229 2940 2284 in
2971 2244 3037 2285 ea
3061 2228 3362 2300 agebantur
3377 2228 3526 2284 vidit.
3559 2229 3684 2283 Nec

2083 2317 2162 2374 sic
2192 2317 2423 2374 dicimus
2454 2317 2578 2392 quia
2609 2317 2767 2374 scivit
2814 2318 3058 2384 veniens,
3090 2317 3305 2387 tollens,
3339 2333 3679 2388 supponens,

2081 2405 2401 2473 dormiens;
2435 2405 2590 2478 quasi
2638 2406 2688 2460 ei
2732 2407 2876 2461 hanc
2925 2405 3206 2461 scientiam
3253 2405 3501 2461 conferre
3539 2421 3681 2476 pos-

2080 2502 2217 2561 sent,
2251 2494 2296 2548 si
2325 2509 2435 2549 non
2479 2494 2703 2564 scalam,
2735 2503 2787 2550 et
2816 2495 2883 2549 ad
2916 2509 3036 2550 eam
3065 2494 3388 2565 pertinentia
3425 2494 3677 2551 vidisset.

2081 2583 2188 2637 Sed
2217 2583 2340 2654 quia
2371 2582 2488 2638 haec
2519 2591 2754 2655 quatuor
2780 2584 2850 2638 ad
2867 2583 2973 2639 hoc
3000 2591 3416 2655 praecesserunt,
3441 2591 3497 2639 ut
3517 2585 3684 2656 quin-

2079 2678 2191 2726 tum
2222 2671 2516 2727 succedere
2558 2679 2764 2742 posset,
2797 2672 2884 2728 cui
2915 2680 3147 2741 sextum,
3179 2673 3284 2728 hoc
3314 2679 3398 2728 est
3428 2672 3678 2738 scientia,

2079 2775 2187 2817 non
2219 2767 2330 2816 tam
2374 2761 2636 2816 successit
2675 2776 2839 2833 quam
2883 2761 3130 2817 accessit.
3163 2761 3333 2834 Igitur
3361 2769 3488 2818 tunc
3519 2761 3682 2817 scivit

2081 2849 2298 2920 quando
2345 2849 2601 2917 vidit;et
2631 2849 2767 2905 sicut
2814 2849 2918 2904 nisi
2965 2850 3173 2906 videret
3219 2865 3328 2906 non
3362 2850 3541 2916 sciret,
3595 2851 3679 2905 sic

2079 2952 2188 2992 non
2209 2937 2417 2992 videret
2446 2938 2550 2992 nisi
2581 2938 2862 3008 dormiret,
2899 2954 2997 2995 nec
3027 2939 3293 2996 dormiret
3321 2939 3423 2994 nisi
3462 2954 3674 3010 suppo-

2080 3034 2254 3093 neret,
2287 3042 2398 3082 non
2443 3035 2624 3083 autem
2656 3036 2990 3101 supponeret
3019 3027 3125 3084 nisi
3155 3027 3407 3087 tolleret:
3438 3028 3535 3083 sed
3564 3044 3679 3084 non

2080 3115 2293 3169 tolleret
2322 3115 2425 3171 nisi
2448 3115 2676 3172 veniret.
2702 3118 2890 3188 Itaque
2931 3117 3146 3189 quando
3172 3116 3305 3172 vidit
3343 3125 3467 3172 tunc
3496 3117 3674 3184 scivit,

2001 3175 2048 3236 Ο
2076 3203 2203 3274 quia
2234 3205 2448 3275 quando
2495 3213 2752 3276 expertus
2782 3175 2882 3273 est,
2918 3175 2969 3260 ei
2999 3213 3258 3278 quantum
3288 3213 3538 3276 expertus
3567 3175 3674 3273 est,

2079 3291 2332 3346 nimirum
2362 3301 2491 3348 tunc
2520 3301 2572 3349 et
2603 3301 2804 3349 tantum
2837 3293 3013 3350 scivit.
3047 3295 3105 3349 In
3139 3302 3286 3349 tanta
3317 3294 3516 3367 quippe
3545 3295 3678 3350 tali-

2080 3397 2186 3451 que
2215 3397 2293 3447 re,
2325 3389 2533 3436 tantam
2564 3389 2616 3438 et
2646 3398 2756 3438 non
2803 3382 3037 3455 amplius
3067 3383 3458 3454 comprehendi
3486 3383 3678 3439 scien-

2073 3469 2224 3535 tiam,
2259 3478 2518 3542 quantum
2547 3471 2709 3526 sentit
2738 3471 2857 3542 ipsa
2877 3471 3228 3542 experientia.
3263 3471 3481 3528 Addidit
3511 3471 3676 3528 etiam

2073 3557 2143 3613 ad
2172 3558 2290 3614 haec
2324 3575 2337 3612 :
2362 3559 2540 3626 Quam
2564 3559 2838 3616 terribilis
2859 3564 2942 3616 est
2967 3561 3120 3616 locus
3135 3562 3241 3617 iste
3259 3567 3277 3616 !
3298 3560 3445 3615 Nihil
3465 3560 3670 3616 verius.

2071 3647 2212 3701 Nam
2255 3647 2512 3702 terribilis
2554 3648 2792 3715 diabolo,
2835 3648 3093 3705 terribilis
3138 3649 3362 3718 mundo,
3415 3649 3675 3705 terribilis

2073 3743 2126 3790 et
2176 3737 2380 3790 homini
2427 3753 2628 3809 pravo;
2682 3746 2734 3794 et
2783 3737 2861 3793 sic
2913 3738 3188 3808 terribilis,
3251 3746 3308 3793 ut
3368 3746 3676 3794 castrorum

2073 3823 2218 3879 acies
2249 3824 2513 3880 ordinata.
2547 3826 2629 3880 Illi
2662 3826 2764 3882 soli
2795 3826 3046 3882 amabilis
3093 3834 3196 3893 est,
3242 3826 3319 3882 illi
3358 3826 3458 3882 soli
3489 3842 3675 3882 acces-

2073 3912 2246 3968 sibilis
2275 3921 2378 3980 est,
2411 3914 2502 3986 qui
2529 3915 2666 3988 fugit
2695 3932 2724 3970 a
2755 3913 2892 3971 facie
2921 3915 3100 3987 pilosi,
3135 3923 3188 3971 et
3206 3915 3262 3969 in
3283 3931 3492 3970 morem
3513 3915 3674 3986 pellis

2071 4001 2290 4073 hispidi,
2325 4018 2448 4058 cum
2500 4004 2568 4058 sit
2617 4005 2734 4075 ipse
2777 4004 2936 4060 lenis.
2979 4005 3102 4060 Non
3130 4008 3217 4060 est
3249 4003 3338 4059 hic
3369 4005 3529 4060 aliud
3557 4006 3674 4062 nisi

2071 4091 2267 4147 domus
2289 4093 2408 4158 Dei,
2441 4097 2498 4149 et
2525 4097 2694 4165 porta
2721 4094 2866 4149 caeli.
2901 4093 3106 4149 Verum
3137 4101 3188 4149 et
3217 4094 3342 4163 hoc,
3373 4109 3551 4164 neque
3579 4094 3672 4149 ali~

2071 4180 2202 4251 quid
2234 4180 2333 4234 sub
2364 4180 2503 4236 coelo
2532 4181 2716 4236 verius
2745 4181 2831 4237 vel
2875 4190 2974 4248 est,
3008 4181 3095 4238 vel
3124 4197 3246 4238 esse
3275 4189 3454 4254 potest
3484 4182 3537 4236 in
3567 4183 3671 4238 hoc

2072 4271 2269 4339 quippe
2299 4269 2418 4325 loco
2433 4269 2777 4341 potissimum
2795 4278 2979 4328 manet
3002 4272 3170 4343 Deus,
3194 4271 3292 4328 sed
3313 4278 3365 4326 et
3385 4271 3454 4326 ad
3473 4271 3668 4328 malum

2069 4372 2170 4428 per
2197 4357 2376 4428 ipsum
2404 4358 2656 4414 introitus
2688 4367 2788 4414 est.

2585 4545 2984 4604 CAPITULUM
3010 4545 3158 4603 XIV.

2071 4699 2349 4775 Quomodo
2376 4703 2764 4775 spiritualiter
2783 4705 3108 4775 egrediatur
3123 4707 3333 4774 ﬂuvius
3351 4707 3416 4762 de
3440 4709 3555 4763 loco
3579 4725 3668 4765 vo-

2524 4773 2886 4846 irrigandum
2922 4773 3288 4849 paradisum,
3329 4782 3385 4834 et
3413 4781 3536 4850 quis
3565 4780 3665 4836 ille

2135 4979 2243 5034 Iste
2291 4979 2597 5051 specialiter
2627 4981 2780 5039 locus
2819 4983 2920 5040 Dei
2970 4993 3070 5053 est,
3113 4985 3206 5041 ubi
3237 4994 3290 5042 et
3319 4988 3536 5044 auditur
3564 5007 3667 5046 vox

2063 5069 2440 5124 commotionis
2487 5086 2719 5144 magnae,
2774 5071 3059 5129 benedicta
3101 5074 3278 5147 gloria
3337 5077 3552 5133 Domini
3600 5079 3666 5135 de

2062 5155 2184 5212 loco
2213 5173 2332 5212 suo.
2365 5159 2505 5212 Nam
2553 5160 2854 5230 sudarium,
2910 5163 3055 5234 quod
3106 5163 3276 5220 fuerat
3311 5181 3478 5237 super
3507 5177 3666 5238 caput

2061 5245 2278 5300 Domini
2309 5247 2503 5317 sepulti
2534 5248 2653 5318 ipso
2697 5249 2859 5304 etiam
2910 5252 3231 5308 resuscitato
3253 5257 3255 5260 ’
3278 5253 3557 5310 inventum
3586 5266 3666 5312 est

2063 5334 2350 5404 separatim
2381 5335 2680 5391 involutum
2728 5337 2781 5391 in
2811 5355 2986 5393 unum
3023 5339 3226 5395 locum.
3261 5341 3441 5410 Quare
3470 5344 3556 5399 hic
3586 5343 3671 5399 lo-

2061 5437 2158 5477 cus
2207 5422 2399 5477 dicitur
2443 5440 2603 5493 unus,
2678 5426 2782 5480 nisi
2826 5427 2955 5499 quia
3000 5427 3153 5485 locus
3202 5438 3283 5484 est
3332 5430 3667 5502 voluptatis?

2059 5510 2182 5565 Non
2214 5511 2358 5565 enim
2391 5511 2446 5565 in
2494 5513 2734 5570 scissura
2779 5516 3041 5571 mentium
3075 5518 3173 5573 sed
3210 5518 3264 5572 in
3293 5519 3491 5574 unitate
3522 5521 3669 5577 Deus

2059 5605 2178 5666 est;
2212 5607 2266 5653 et
2295 5599 2388 5654 ubi
2417 5599 2512 5654 illa
2541 5601 2713 5671 deest,
2763 5603 2838 5658 ibi
2869 5620 3002 5660 vera
3033 5605 3227 5662 anima:
3258 5609 3499 5663 suavitas
3554 5625 3662 5665 non

2058 5693 2160 5745 est.
2191 5686 2291 5748 Hic
2328 5686 2481 5748 locus
2526 5697 2609 5748 est
2659 5691 2781 5748 talis
2833 5693 3166 5752 unanimitas
3195 5703 3398 5764 vestra,
3431 5695 3610 5772 qualis
3638 5715 3669 5758 a
