3938 6404
84 339 196 392 825

1244 336 1450 394 LIBER
1487 337 1582 392 DE
1618 333 2004 393 EXERCITIO
2044 338 2303 394 CELLzE.

3325 339 3428 395 826

89 458 267 514 nobis
303 459 560 531 superius
590 460 831 516 breviter
877 460 1152 532 descripta
1201 469 1303 516 est.
1345 461 1425 516 De
1473 461 1577 516 hoc
1603 460 1726 516 loco
1753 462 1809 523 Α
1830 461 2136 532 Capitulum
2170 460 2501 518 convenistis
2539 479 2551 515 :
2585 461 2651 528 si,
2683 461 2927 533 inquam,
2972 469 3058 517 est
3085 461 3230 532 apud
3261 477 3362 517 vos
3383 468 3435 516 et

92 556 373 602 emanant
400 548 548 604 ﬂuvii
576 549 763 622 magni
810 557 864 604 et
909 549 1066 604 multi
1100 568 1113 604 :
1163 549 1436 622 siquidem
1464 549 1617 605 locus
1647 557 1730 604 est

92 636 430 703 ﬂuviorum,
471 637 565 692 ubi
622 638 724 694 rivi
765 638 1014 692 latissimi
1062 645 1114 693 et
1156 647 1425 709 patentes.
1478 639 1585 693 Sed
1637 638 1729 693 ille

93 740 270 796 quam
303 725 544 780 maxime
575 725 770 781 ﬂuvius
813 727 881 782 de
929 726 1052 782 loco
1101 725 1194 781 illo
1227 727 1524 798 egreditur,
1554 735 1610 781 ut
1637 743 1730 798 pa-

94 813 332 869 radisus
363 822 544 868 vester
572 814 852 888 irrigetur.
903 815 1062 870 Nulla
1093 815 1258 870 ﬂuvio
1288 815 1415 872 huic
1444 816 1729 887 participa-

97 902 198 968 tio,
233 902 500 969 societas,
534 911 585 958 et
611 903 900 960 conventio
921 919 1046 959 cum
1065 903 1244 958 ﬂuviis
1266 904 1392 970 illis,
1427 905 1496 959 de
1529 904 1726 975 quibus

100 989 415 1045 Dominum
446 991 726 1063 alloquens
774 990 1060 1047 Psalmista
1091 1009 1104 1046 :
1145 994 1238 1060 Tu,
1273 991 1468 1064 inquit,
1500 993 1728 1048 siccasti

100 1079 317 1148 ﬂuvios
341 1080 554 1135 Ethan.
581 1080 756 1149 (Psal.
779 1095 978 1147 Lxxm,
1005 1081 1094 1151 t5)
1119 1100 1132 1147 ;
1157 1081 1256 1136 sed
1272 1097 1374 1136 nec
1395 1097 1516 1136 cum
1536 1081 1640 1134 illis
1657 1081 1724 1135 de

99 1167 310 1239 quibus
341 1168 522 1222 eidem
553 1168 787 1224 Domino
815 1169 946 1224 dicit
975 1169 1227 1225 Habacuc
1263 1184 1275 1222 :
1309 1170 1532 1225 Fluvios
1563 1171 1722 1225 scin-

99 1257 199 1312 des
231 1260 411 1312 terra:
451 1257 680 1328 (Hebae.
729 1273 810 1326 nl,
846 1260 934 1328 10)
971 1257 1183 1313 :multo
1222 1257 1401 1312 minus
1450 1273 1574 1314 cum
1618 1258 1724 1313 illis

101 1344 198 1417 qui
245 1343 510 1400 dicuntur
575 1345 768 1400 Abans
812 1353 863 1400 et
903 1347 1208 1418 Pharphar,
1259 1347 1404 1401 ﬂuvii
1447 1347 1720 1403 Damasci.

97 1432 287 1506 Magis
317 1440 500 1488 autem
527 1433 817 1488 assimilari
861 1442 914 1490 et
940 1433 1081 1490 valet
1129 1443 1182 1490 et
1211 1434 1373 1490 debet
1417 1434 1599 1500 ﬂuvio,
1633 1435 1723 1507 qui

98 1519 374 1577 Jordanis
391 1521 732 1592 appellatur;
764 1522 821 1576 in
849 1539 957 1594 quo
987 1523 1220 1590 lavatur,
1255 1531 1304 1578 et
1329 1523 1469 1578 lotus
1493 1524 1725 1578 munda-

93 1616 189 1680 tur
235 1609 490 1664 Naaman
535 1609 701 1681 Syrus
749 1611 843 1681 (IV
892 1614 1022 1682 Reg.
1073 1627 1128 1679 v,
1181 1615 1272 1681 η,
1325 1611 1445 1683 14);
1479 1621 1531 1667 et
1569 1613 1722 1684 aquis

99 1696 274 1764 Siloe,
318 1697 378 1752 in
425 1699 580 1768 cujus
625 1698 910 1754 natatoriis
955 1699 1098 1756 lotus
1145 1699 1474 1754 illuminatur
1540 1716 1722 1756 cazcus

100 1793 268 1840 natus
299 1787 490 1855 (Joan.
515 1801 597 1856 ιι,
629 1786 706 1859 ’7).
741 1787 898 1843 Valet
944 1787 1104 1843 etiam
1152 1803 1218 1843 ex
1247 1796 1400 1860 parte
1430 1787 1721 1844 assimilari
1741 1818 1796 1878 Β

104 1872 279 1930 ﬂuvio
309 1873 414 1942 illi,
447 1875 516 1930 de
562 1891 669 1948 quo
715 1885 934 1932 sanctus
979 1875 1216 1933 Joannes
1260 1877 1316 1932 in
1366 1878 1718 1949 Apocalypsi,

97 1962 318 2018 visione
350 1962 581 2034 septima
625 1964 731 2020 hoc
784 1965 948 2020 modo
1004 1965 1227 2033 scribit;
1264 1966 1524 2022 Ostendit
1581 1966 1725 2022 mihi

99 2052 273 2121 (haud
303 2051 534 2107 dubium
564 2053 694 2125 quin
747 2053 1002 2126 angelus)
1059 2055 1298 2124 ﬂuvium
1356 2071 1516 2128 aqua:
1565 2056 1720 2121 vivae,

99 2140 479 2213 splendidum
491 2141 891 2214 procedentem
910 2143 977 2199 de
995 2143 1122 2199 sede
1143 2144 1242 2200 Dei
1271 2148 1327 2200 et
1351 2145 1496 2214 Agni
1528 2143 1720 2217 (Apoc.

99 2243 245 2296 χιιι,
285 2230 365 2299 1).
401 2230 544 2284 Nam
592 2230 738 2302 quod
769 2230 932 2287 sedes
975 2231 1078 2287 Dei
1126 2239 1179 2287 et
1226 2233 1388 2305 Agni,
1435 2232 1589 2288 locus
1637 2232 1725 2286 in-

102 2317 624 2389 comprehensibilis
657 2319 943 2388 cujusdam
987 2319 1279 2392 voluptatis
1318 2320 1404 2388 sit,
1441 2337 1602 2376 nemo
1632 2321 1724 2392 qui

101 2405 492 2463 contradicere
541 2406 672 2463 velit
735 2407 822 2462 vel
873 2407 1064 2478 possit.
1134 2409 1214 2464 De
1274 2409 1373 2464 hac
1435 2410 1566 2464 sede
1615 2409 1722 2464 ﬂu-

101 2494 223 2550 vius
253 2495 508 2566 procedit
536 2494 1104 2567 incomprehensibilis
1125 2496 1218 2551 illa
1246 2497 1719 2568 superabundans,

97 2583 222 2639 viva
253 2592 308 2638 et
356 2592 566 2640 aeterna
612 2583 862 2653 felicitas,
912 2600 1018 2657 qua
1064 2585 1118 2639 in
1159 2595 1424 2641 aeternum
1475 2585 1724 2642 fruentur

101 2671 301 2739 electi;
335 2671 393 2726 in
444 2672 899 2745 contemplatione
945 2671 1276 2729 indeficienti
1323 2674 1521 2730 divinae
1551 2675 1722 2731 visio-

109 2761 215 2816 nis.
249 2761 398 2817 Dicit
427 2761 573 2818 enim
603 2761 869 2818 Dominus
899 2762 969 2818 de
997 2762 1101 2819 hoc
1156 2763 1344 2819 electis
1373 2764 1486 2818 suis
1522 2780 1534 2819 :
1568 2765 1718 2820 Men-

109 2866 307 2906 suram
319 2849 544 2916 bonam,
566 2855 622 2906 et
639 2852 958 2923 confertam
978 2855 1034 2908 et
1058 2853 1421 2924 coagitatam,
1441 2857 1496 2908 et
1526 2869 1721 2924 super-

107 2940 390 3008 ﬂuentem
427 2937 644 2995 dabunt
669 2939 733 2995 in
762 2942 956 2996 sinum
991 2944 1245 2996 vestrum
1278 2942 1441 3012 (Luc.
1490 2957 1566 3008 vr,
1606 2941 1716 3011 38).

109 3028 254 3084 Ecce
272 3042 535 3086 mensura
556 3028 673 3084 sine
685 3044 958 3096 mensura,
973 3029 1044 3084 de
1057 3045 1162 3100 qua
1174 3029 1320 3101 quod
1337 3029 1619 3100 superﬂuit
1631 3030 1719 3085 di-

112 3115 253 3170 citur
285 3134 299 3171 :
334 3133 523 3173 verum
554 3116 659 3173 hoc
689 3132 798 3172 non
828 3117 882 3172 in
912 3118 1168 3189 praesenti
1195 3127 1297 3187 est,
1331 3118 1428 3173 sed
1458 3117 1514 3173 in
1542 3118 1720 3174 futuro

113 3203 234 3260 erit.
268 3206 336 3260 Et
366 3213 551 3261 tamen
579 3220 689 3262 non
721 3205 897 3262 solum
927 3214 1156 3278 possunt
1185 3207 1351 3262 verba
1382 3207 1500 3264 haec
1528 3207 1596 3262 de
1627 3207 1722 3264 illa

106 3292 337 3368 intelligi
368 3293 643 3363 felicitate,
678 3311 784 3367 qua
828 3293 1076 3351 fruentur
1123 3295 1216 3368 qui
1246 3295 1400 3369 digni
1438 3297 1724 3352 habebun-

108 3390 213 3453 tur,
245 3384 302 3438 in
330 3383 577 3455 praemio,
627 3384 753 3457 quia
792 3391 1041 3456 possunt,
1085 3392 1138 3440 et
1167 3384 1237 3441 de
1286 3385 1576 3442 sanctitate
1610 3401 1720 3459 qua

111 3489 252 3528 nunc
281 3472 521 3528 ditantur
550 3472 604 3527 in
633 3473 848 3530 merito.
899 3473 968 3530 Ut
1011 3481 1191 3528 autem
1240 3490 1339 3530 vos
1383 3474 1581 3529 diutius
1612 3491 1723 3530 non

108 3562 513 3633 protrahamus,
545 3560 760 3617 videtur
811 3561 968 3618 nobis
1017 3562 1162 3635 quod
1193 3562 1412 3618 fervens
1442 3571 1495 3619 et
1523 3563 1721 3619 indeﬁ-

107 3650 257 3706 ciens
286 3667 443 3723 purae
483 3650 680 3706 mentis
722 3658 920 3707 vestra
967 3651 1204 3718 devotio,
1251 3652 1470 3724 quidam
1515 3653 1584 3707 sit
1615 3653 1720 3708 ﬂu-

107 3739 225 3795 vius
254 3739 581 3811 perenniter
610 3739 785 3796 ﬂuens
817 3759 832 3807 ;
865 3739 958 3812 qui
1000 3748 1126 3796 tunc
1172 3741 1391 3813 quidem
1439 3742 1722 3815 egreditur

109 3827 176 3883 de
206 3828 330 3886 loco
358 3827 674 3900 voluptatis,
726 3829 873 3900 apud
903 3844 1003 3885 vos
1049 3829 1391 3886 extrinsecus
1420 3847 1716 3902 apparens,

109 3917 262 3987 quasi
283 3917 352 3972 ad
373 3917 654 3989 publicum
685 3917 1011 3989 procedens,
1045 3925 1098 3973 et
1126 3918 1252 3974 inde
1283 3927 1464 3976 tamen
1495 3936 1606 3975 non
1635 3937 1721 3976 re-

109 4005 327 4078 cedens,
381 4023 494 4062 non
553 4005 803 4062 exeundo
848 4005 957 4062 exit
1016 4006 1086 4062 de
1133 4016 1348 4064 secreto
1391 4008 1625 4080 (qualem
1665 4009 1721 4064 in

105 4095 541 4163 praecedentibus
607 4095 1022 4166 descripsimus)
1086 4104 1281 4153 vestrae
1324 4096 1716 4153 unanimitatis.

108 4181 228 4252 Ipsa
254 4183 439 4257 itaque
470 4199 576 4256 qua
607 4183 934 4240 intrinsecus
961 4201 1094 4257 erga
1115 4187 1290 4242 Deum
1307 4195 1360 4241 et
1380 4201 1446 4242 ea
1467 4203 1588 4258 qua:
1619 4187 1719 4242 Dei

110 4281 231 4326 sunt
261 4271 588 4329 inﬂammati
617 4273 747 4330 estis
768 4273 964 4328 mentis
992 4275 1230 4341 devotio,
1258 4275 1360 4330 iste
1389 4283 1471 4331 est
1502 4275 1716 4344 ﬂuvius,

113 4360 201 4430 qui
231 4369 360 4418 tunc
391 4363 674 4436 egreditur
704 4363 924 4435 quando
961 4363 1128 4419 certis
1173 4363 1323 4420 foras
1352 4364 1567 4421 indiciis
1596 4381 1718 4420 ma-

108 4448 406 4518 nifestatur,
440 4468 564 4508 cum
595 4466 718 4507 eam
747 4451 1006 4508 cohibere
1053 4469 1164 4523 prae
1209 4453 1373 4507 nimia
1404 4454 1521 4522 ejus
1549 4455 1718 4509 vehe-

1830 551 1972 604 intra
2001 567 2100 606 vos
2131 550 2324 605 ﬂuvius
2352 550 2472 617 iste,
2521 550 2629 604 imo
2659 551 2788 622 quia
2819 558 2920 616 est,
2957 550 3148 606 scitote
3176 549 3300 622 quia
3323 549 3436 618 jam

1829 647 2044 710 tempus
2072 656 2184 717 non
2215 647 2324 693 tam
2359 639 2522 693 instat
2571 655 2732 711 quam
2782 647 2974 705 exstat,
3023 647 3078 694 ut
3127 638 3438 710 egrediatur

1829 728 1900 782 ad
1927 727 2270 801 irrigandum
2301 728 2637 798 paradisum.
2671 730 2738 782 Et
2764 728 2942 784 dicitis
2977 743 2988 782 :
3025 727 3314 796 Quomodo
3346 726 3438 782 ﬂet

1827 816 2018 870 istud?
2047 816 2337 884 Quomodo
2368 817 2621 886 superius
2670 825 2950 871 ostensum
2997 824 3098 870 est.
3142 815 3439 871 Convenite

1829 905 1881 958 in
1914 921 2080 958 unum
2114 903 2452 975 spiritualem
2491 904 2791 960 secundum
2833 906 3028 971 Deum,
3071 921 3137 959 ex
3165 905 3301 972 Deo,
3336 919 3438 974 pro

1827 993 1962 1060 Deo,
1997 1009 2119 1048 cum
2148 994 2266 1048 Deo
2297 1009 2646 1059 consensum,
2682 993 2824 1048 sicut
2872 993 2927 1047 in
2966 1009 3133 1047 unum
3158 993 3269 1061 jam
3298 1007 3436 1048 con-

1828 1083 2052 1138 venistis
2083 1082 2421 1153 corporalem
2454 1081 2652 1147 locum,
2690 1090 2742 1137 et
2772 1090 2882 1136 tam
2933 1081 3137 1154 singuli
3167 1097 3328 1152 quam
3358 1081 3432 1135 si-

1826 1171 1939 1225 mul
1962 1187 2175 1236 omnes,
2209 1187 2334 1227 cum
2365 1186 2569 1242 magna
2589 1170 2899 1236 devotione,
2925 1179 2976 1225 et
3003 1169 3096 1225 illo
3119 1170 3211 1241 qui
3241 1186 3438 1225 secun-

1826 1260 1955 1314 dum
1986 1260 2271 1315 scientiam
2301 1267 2402 1325 est,
2451 1259 2588 1328 zelo,
2623 1259 2676 1313 id
2723 1268 2824 1326 est,
2872 1259 3110 1314 discreto
3138 1259 3206 1314 de
3227 1259 3437 1313 ordinis

1825 1348 2180 1418 reparatione,
2222 1348 2597 1416 renovatione,
2622 1347 3082 1413 corroboratione,
3117 1354 3226 1401 tam
3259 1347 3312 1401 in
3357 1347 3429 1400 si-

1824 1437 2030 1506 nistris,
2067 1437 2111 1491 si
2144 1453 2263 1509 quae
2292 1445 2437 1502 sunt,
2471 1437 2837 1508 corrigendis,
2882 1452 3044 1508 quam
3075 1436 3128 1490 in
3159 1435 3318 1491 bonis
3347 1435 3434 1490 in-

1825 1526 2136 1592 stituendis,
2188 1525 2548 1598 adaugendis,
2612 1524 3016 1591 confirmandis,
3069 1531 3288 1580 strenue
3335 1539 3435 1580 vos

1823 1614 2179 1670 intromittite.
2213 1615 2398 1686 Itaque
2428 1614 2606 1670 levate
2653 1614 2843 1670 oculos
2892 1621 3142 1680 vestros;
3176 1621 3229 1667 et
3257 1612 3437 1669 videte

1823 1704 2080 1775 regiones
2112 1703 2158 1757 si
2190 1703 2330 1757 albae
2388 1711 2510 1757 sunt
2561 1703 2675 1771 jam
2725 1703 2794 1757 ad
2823 1717 3081 1770 messem,
3139 1718 3206 1755 an
3266 1701 3436 1772 (quod

1827 1791 1988 1862 absit‘
2021 1791 2182 1848 siccae
2214 1791 2282 1846 ad
2313 1791 2521 1862 ignem.
2561 1792 2715 1846 Mane
2764 1790 2971 1863 surgite
3000 1790 3070 1844 ad
3115 1789 3322 1854 vineas,
3359 1789 3438 1844 vi-

1827 1881 1952 1936 dete
1983 1881 2027 1935 si
2050 1880 2232 1934 ﬂoruit
2260 1880 2440 1946 vinea,
2473 1879 2520 1933 si
2568 1879 2735 1934 ﬂores
2782 1877 2992 1934 fructus
3021 1878 3355 1950 parturiunt,
3390 1877 3437 1931 si

1822 1970 2118 2024 ﬂoruerunt
2139 1968 2282 2023 mala
2301 1967 2527 2040 punica.
2569 1967 2648 2021 Ibi
2679 1967 3024 2038 potissimum
3054 1966 3203 2020 dabit
3237 1981 3438 2036 sponsa

1822 2058 1996 2113 ubera
2029 2073 2130 2112 sua
2158 2072 2382 2128 sponso.
2403 2055 2526 2125 Quo
2549 2064 2731 2111 autem
2752 2056 2869 2112 haec
2889 2056 3170 2122 attineant,
3195 2054 3318 2110 ideo
3335 2054 3437 2110 de-

1823 2147 2059 2202 vitamus
2123 2146 2362 2217 apertius
2437 2161 2714 2216 exponere
2789 2145 3024 2201 scrutari
3090 2143 3435 2216 profundius,

1822 2236 2099 2307 profusius
2130 2234 2367 2304 edicere,
2392 2234 2522 2306 quia
2576 2234 2692 2289 haec
2750 2233 2903 2288 nullo
2965 2233 3128 2288 modo
3186 2232 3434 2304 potestis,

1825 2332 2084 2396 quantum
2113 2324 2182 2379 ad
2213 2324 2392 2395 ipsam
2441 2323 2703 2378 duntaxat
2753 2322 3148 2394 experientiam
3197 2328 3428 2392 spectat,

1823 2413 2098 2486 ignorare,
2131 2413 2178 2467 si
2209 2421 2447 2468 vestrum
2481 2411 2709 2466 studetis
2741 2418 2851 2466 tam
2875 2410 3080 2483 jugiter
3109 2425 3273 2480 quam
3306 2408 3436 2464 viri-

1823 2501 1949 2556 liter
1977 2517 2075 2573 pro
2106 2501 2226 2556 loco
2259 2509 2311 2555 et
2339 2509 2606 2572 tempore,
2642 2515 2739 2571 pro
2779 2499 3000 2573 negotio
3031 2507 3083 2553 et
3113 2513 3299 2563 causa,
3332 2513 3434 2568 pro

1824 2605 2084 2645 mensura
2114 2598 2166 2644 et
2195 2589 2380 2655 modo,
2417 2597 2470 2643 ut
2500 2589 2648 2654 licet,
2683 2589 2840 2644 decet
2870 2597 2924 2642 et
2950 2587 3166 2658 expedit
3195 2585 3431 2642 oﬂicium

1824 2695 2097 2734 exercere.
2133 2680 2248 2734 Hoc
2275 2686 2456 2734 autem
2487 2693 2652 2750 quam
2691 2677 2921 2733 sollicite
2952 2683 3207 2747 procuret
3237 2673 3435 2730 ﬂuvius

1823 2767 1944 2834 iste,
1979 2776 2037 2823 ut
2066 2767 2147 2824 sic
2175 2767 2486 2840 egrediatur
2517 2767 2586 2822 de
2615 2766 2738 2822 loco
2769 2765 3063 2836 voluptatis
3094 2764 3163 2818 ad
3192 2763 3432 2836 irrigan-

1823 2857 1952 2911 dum
1981 2856 2316 2928 paradisum,
2353 2865 2620 2928 quatenus
2649 2855 2776 2928 inde
2806 2854 3078 2909 dividatur
3115 2853 3171 2907 in
3203 2860 3431 2924 quatuor

1822 2946 2016 3017 capita.
2035 2947 2176 3000 Nam
2199 2946 2278 3001 sic
2298 2961 2463 3001 verax
2477 2944 2640 3000 refert
2667 2943 2889 2999 historia
2907 2944 3067 3014 (Gen.
3097 2958 3158 3008 ιι,
3177 2942 3265 3011 10)
3293 2957 3304 2995 :
3329 2957 3431 2996 nos

1822 3043 2022 3101 autem,
2046 3035 2159 3089 siin
2179 3034 2436 3106 praasenti
2453 3033 2649 3088 melius
2671 3049 2781 3088 non
2802 3031 3034 3097 habetis,
3060 3032 3177 3086 haec
3199 3037 3431 3101 quatuor

1823 3125 1997 3196 capita
2026 3123 2315 3180 referimus
2337 3123 2406 3178 ad
2423 3123 2644 3178 totidem
2673 3129 2874 3177 sanctae
2907 3119 3186 3194 religionis
3217 3119 3432 3174 exerci-

1827 3215 1916 3282 tia,
1963 3214 2018 3268 in
2057 3214 2256 3285 quibus
2313 3213 2433 3284 ipsa
2488 3211 2736 3268 consistit
2791 3210 2954 3265 totius
3002 3209 3208 3264 ordinis
3261 3208 3434 3263 nostri

1823 3304 2002 3360 forma
2033 3304 2224 3376 [Par.,
2257 3301 2510 3374 summa].
2538 3303 2673 3357 Sunt
2693 3309 2894 3366 autem,
2922 3299 3103 3366 lectio,
3127 3298 3429 3365 meditatio,

1822 3393 2016 3459 oratio,
2049 3393 2187 3448 actio
2221 3411 2234 3446 :
2267 3400 2504 3466 quatuor
2532 3391 2666 3456 hzec,
2701 3391 2878 3460 major
2907 3397 3088 3444 autem
3118 3389 3316 3443 horum
3348 3395 3432 3442 est

1822 3482 2020 3538 oratio.
2054 3481 2216 3537 Omni
2246 3482 2447 3552 quippe
2475 3481 2609 3535 hora
2639 3495 2764 3535 cum
2793 3479 2861 3532 ab
2888 3477 3022 3548 ipsis
3051 3475 3431 3548 corporalibus

1821 3571 2241 3628 necessitatibus
2294 3585 2558 3626 vocamus
2603 3569 2825 3640 (quibus
2883 3565 3123 3638 quandiu
3167 3564 3258 3620 hic
3285 3564 3428 3620 vivi-

1821 3677 1964 3728 mus,
1997 3661 2204 3717 servire
2234 3659 2637 3730 compellimur)
2654 3657 2706 3712 in
2723 3657 2905 3729 aliquo
2934 3655 3160 3710 istorum
3190 3662 3426 3726 quatuor

1822 3749 2072 3816 inveniri,
2106 3751 2264 3822 eique
2291 3765 2455 3821 quam
2483 3747 2712 3805 sollicite
2742 3747 3026 3802 intendere
3056 3753 3328 3800 tenemur.
3364 3745 3432 3798 Et

1821 3848 2035 3911 oportet
2082 3840 2303 3912 quidem
2348 3847 2406 3894 ut
2442 3839 2603 3895 lectio
2651 3837 2932 3892 evidenter
2994 3834 3331 3907 intelligatur
3378 3840 3432 3888 et

1821 3929 2134 3984 memoriter
2161 3928 2464 3984 retineatur
2499 3946 2512 3982 :
2545 3927 2842 3992 meditatio,
2877 3933 2935 3980 ut
2959 3924 3158 3979 nullius
3188 3924 3428 3994 phanta-

1823 4019 2009 4074 smatis
2038 4017 2275 4090 caligine
2303 4019 2644 4083 obscuretur,
2678 4016 2778 4071 sed
2825 4014 2987 4086 plena
3034 4013 3281 4069 veritatis
3311 4012 3434 4067 luce

1821 4109 2156 4174 illustratur;
2189 4107 2364 4163 oratio
2391 4123 2610 4178 quoque
2636 4149 2649 4172 ,
2684 4113 2742 4160 ut
2771 4105 2982 4161 caelesti
3009 4103 3063 4159 in
3095 4103 3243 4159 omni
3274 4101 3433 4174 puri-

1821 4206 1929 4253 tate
1959 4198 2177 4254 sincera
2207 4204 2260 4251 et
2289 4195 2604 4251 sinceritate
2642 4209 2779 4266 pura
2825 4192 3098 4249 desiderio
3129 4192 3436 4247 inﬂamme-

1822 4295 1927 4352 tur,
1962 4294 2013 4342 et
2044 4287 2280 4358 integra,
2314 4292 2484 4349 recta,
2536 4283 2742 4338 directa
2781 4291 2944 4353 atque
2994 4288 3177 4337 erecta
3222 4280 3434 4351 piarum

1821 4375 2187 4448 lacrymarum
2207 4372 2472 4429 eﬂusione
2493 4373 2853 4427 humectetur.
2873 4370 3029 4426 Actio
3048 4385 3181 4425 vero
3201 4369 3272 4424 ab
3285 4369 3434 4424 omni

1819 4481 2048 4537 prorsus
2079 4473 2288 4536 tepore,
2323 4460 2574 4533 segnitie,
2625 4469 2678 4515 et
2722 4458 3148 4531 perturbatione,
3183 4473 3248 4513 ac
3278 4474 3432 4512 mur-

109 4539 303 4594 mentia
332 4540 452 4612 ipse
487 4557 703 4613 quoque
748 4542 963 4596 animus
1005 4557 1115 4596 non
1165 4541 1377 4597 sinitur.
1410 4543 1478 4597 Et
1507 4541 1608 4598 iste
1636 4551 1719 4598 est
1747 4543 1798 4603 D
1822 4571 1975 4610 mure
2005 4553 2203 4616 aliena,
2236 4567 2398 4607 omne
2442 4550 2590 4622 quod
2639 4557 2816 4620 potest
2861 4549 3059 4603 obesse
3107 4547 3429 4613 omittendo,

110 4623 299 4683 ﬂuvius
331 4629 422 4700 qui
452 4629 734 4702 egreditur
765 4629 834 4685 de
864 4628 988 4686 loco
1037 4629 1327 4701 voluptatis
1374 4631 1444 4686 ad
1475 4630 1715 4704 irrigan-

111 4711 232 4767 dum
253 4717 586 4786 paradisum.
639 4719 784 4774 Ecce
829 4717 957 4790 quia
999 4719 1123 4791 quis
1171 4719 1272 4774 iste
1321 4719 1390 4774 sit
1425 4719 1716 4790 paradisus

110 4802 224 4871 quis
245 4805 405 4861 etiam
432 4806 587 4862 locus
629 4807 944 4878 voluptatis,
997 4808 1120 4878 quis
1167 4823 1300 4863 vero
1347 4808 1450 4864 iste
1493 4808 1711 4874 ﬂuvius,

111 4890 302 4958 quidve
331 4895 398 4950 sit
438 4895 584 4951 hunc
634 4896 949 4966 paradisum
997 4895 1230 4969 irrigari,
1281 4896 1518 4952 diximus
1558 4897 1715 4952 vobis

105 4975 234 5046 jam,
267 4989 316 5036 et
346 4983 596 5039 audistis.

559 5073 955 5131 CAPITULUM
985 5075 1106 5130 XV.

124 5153 382 5242 Qu0d_gui
401 5162 476 5242 ad
495 5164 1121 5242 unnuuni_conueniunt
1136 5163 1462 5242 capitulum
1475 5165 1712 5242 priores,

184 5227 399 5305 ordinis
430 5233 634 5288 debent
664 5233 972 5305 diligenter
995 5227 1296 5289 intendere
1314 5227 1669 5290 renouationi
1695 5227 1714 5290 ἓ

183 5301 235 5376 et
266 5300 330 5376 de
383 5309 627 5376 quatuor
654 5300 874 5360 sancti:
898 5307 1211 5368 exercitiis,
1246 5306 1444 5376 quibus
1473 5306 1715 5360 sollicite

185 5371 404 5428 studere
443 5375 602 5430 debet
636 5378 823 5431 omnis
845 5377 1023 5448 quiin
1065 5377 1211 5432 cella
1254 5371 1384 5432 'vult
1424 5379 1716 5447 fructuose

183 5448 535 5500 com-morari.

185 5523 364 5600 Itaque
393 5533 437 5588 si
470 5542 551 5588 est
573 5536 716 5605 apud
748 5551 866 5600 vos,
890 5534 1000 5592 imo
1022 5535 1163 5591 intra
1191 5552 1290 5591 vos
1323 5534 1501 5604 (vobis
1531 5541 1715 5590 autem

121 5608 238 5668 dico
265 5623 550 5679 reverendi
581 5625 766 5680 Patres
797 5624 969 5679 nostri
999 5625 1230 5697 priores,
1267 5624 1356 5698 qui
1378 5624 1446 5680 ad
1475 5640 1714 5678 annuum

1817 4644 1967 4699 nulla
1995 4642 2219 4697 malitias
2241 4641 2468 4709 alicujus
2492 4647 2644 4710 peste
2665 4645 3088 4708 corrumpatur;
3124 4635 3219 4690 sed
3250 4636 3432 4708 magis

1817 4750 1943 4790 curn
2013 4731 2254 4803 perfecta
2336 4727 2719 4792 sollicitudine,
2781 4725 3076 4792 alacritate,
3135 4725 3429 4794 hilaritate,

1817 4822 2146 4887 strenuitate,
2213 4817 2474 4892 quidquid
2520 4816 2661 4872 valet
2702 4815 2988 4886 prodesse,
3040 4829 3140 4885 pro
3175 4829 3340 4885 posse
3381 4822 3435 4869 et

1817 4929 1982 4968 nosse
2011 4908 2368 4973 admittendo,
2401 4906 2550 4962 omni
2596 4903 2860 4978 probabili
2906 4902 3162 4959 exercitio
3191 4902 3430 4957 adorne-

1816 5010 1923 5057 tur.
1976 5000 2095 5055 Nisi
2139 4997 2343 5054 sanctis
2390 4996 2476 5051 his
2525 5004 2754 5067 quatuor
2801 4993 3071 5049 exercitiis
3127 4991 3431 5048 sanctitatis

1816 5090 2101 5146 intendere
2130 5088 2424 5160 diligenter
2469 5095 2522 5142 et
2568 5083 2939 5140 indesinenter
2989 5098 3262 5150 curemus,
3315 5080 3432 5136 fru-

1816 5188 2005 5236 ctuose
2035 5179 2088 5232 in
2119 5178 2274 5234 cmlis
2303 5175 2508 5232 nostris
2563 5173 2766 5230 morari
2816 5189 2925 5228 non
2956 5171 3219 5227 valemus.
3255 5169 3433 5238 Quam

1818 5269 1999 5333 dulce,
2035 5284 2196 5339 quam
2229 5283 2419 5336 suave,
2449 5279 2610 5337 quam
2644 5264 2868 5328 bonum,
2913 5277 3078 5333 quam
3104 5261 3428 5330 jucundum,

1816 5374 1980 5428 quam
2050 5355 2394 5420 delectabile,
2441 5371 2601 5426 quam
2647 5351 2878 5407 amabile
2920 5351 3091 5405 videri
3121 5366 3280 5404 servo
3330 5350 3429 5404 Dei
3478 5364 3481 5367 ·

1815 5448 2000 5513 debet,
2051 5447 2235 5502 latenti
2286 5446 2340 5500 in
2385 5444 2541 5508 cella,
2609 5443 2694 5498 his
2743 5450 2975 5515 quatuor
3022 5437 3336 5496 intendere!
3373 5447 3433 5494 ut

1815 5552 1959 5592 nunc
1989 5535 2231 5590 studiose
2263 5533 2506 5592 intendat
2537 5532 2778 5597 lectioni,
2825 5545 2968 5586 nunc
3011 5545 3158 5601 purae
3209 5528 3428 5583 incum-

1817 5627 1905 5681 bat
1934 5624 2185 5691 orationi,
2219 5639 2362 5679 nunc
2409 5622 2738 5678 necessariae
2784 5635 2940 5675 suam
2988 5617 3269 5690 impendat
3299 5616 3429 5671 dili-
