3938 6414
457 364 561 420 827

1312 364 1655 421 GUIGONIS
1700 365 1748 420 ll
1791 361 2197 419 CARTHUSL/E
2244 360 2538 418 MAJORIS
2586 361 2881 417 PRIORIS.

3653 362 3757 416 828

452 484 696 557 gentiam
727 485 966 554 actioni,-
998 494 1050 541 et
1078 486 1150 541 ita
1181 494 1237 541 ut
1264 487 1320 542 in
1369 487 1600 560 singulis
1629 488 1713 542 his
1743 487 1893 542 nulla
1920 487 2053 541 hora
2072 487 2127 547 Α
2155 484 2253 539 sed
2281 484 2397 541 hac
2426 484 2480 538 in
2511 491 2563 540 te
2593 483 2857 541 comestio
2902 482 3078 554 magis
3107 482 3309 537 famem
3332 482 3573 555 adauget
3601 496 3768 554 quam

457 573 543 627 vel
572 582 846 629 momento
876 591 1030 629 mens
1079 590 1176 630 sua
1224 576 1486 631 defecata
1529 576 1668 630 desit
1697 575 2054 630 meditationi.

455 662 579 731 Ipsa
608 677 845 733 namque
878 678 1001 717 cum
1032 663 1259 735 singulis
1287 665 1372 719 his
1412 665 1611 720 absens
1643 672 1743 730 est,
1779 664 1925 717 nulla
1954 680 2056 733 pe-

456 750 602 803 nitus
630 750 683 803 in
716 750 977 806 exercitio
1019 767 1117 806 suo
1148 752 1307 823 plene
1351 751 1627 808 fructuosa
1683 760 1783 806 est.
1842 750 2057 806 Etenim

451 838 657 908 absque
686 839 976 907 prasentia
1017 840 1155 908 ejus,
1188 857 1289 896 nec
1345 840 1506 896 lectio
1554 840 1695 896 valet
1723 856 1824 910 per
1853 839 2056 893 intelli-

451 925 695 997 gentiam
725 928 1066 996 apprehendi
1093 936 1147 983 et
1177 929 1415 995 retineri,
1468 945 1568 983 nec
1613 928 1785 983 oratio
1815 928 1868 981 in
1901 943 2054 981 sum-

450 1014 555 1067 mis
585 1014 846 1083 suspendi
876 1023 929 1069 et
958 1016 1175 1082 morari,
1218 1032 1321 1071 nec
1367 1017 1507 1072 actio
1548 1016 1618 1070 ad
1661 1015 1973 1070 necessaria
2003 1022 2055 1069 et

451 1101 601 1155 utilia
632 1102 848 1157 extendi
885 1111 937 1158 et
984 1103 1169 1176 dirigi.
1220 1103 1432 1160 Idcirco
1477 1103 1848 1159 necessarium
1898 1103 2056 1158 valde

452 1197 507 1242 ut
565 1206 998 1262 unamquamque
1042 1192 1371 1263 reliquarum
1416 1191 1576 1246 trium
1623 1192 1727 1245 ista
1756 1190 2051 1261 pracedat,

450 1284 504 1331 et
534 1278 841 1345 comitetur,
876 1286 929 1334 et
957 1279 1317 1350 subsequatur
1348 1296 1361 1334 :
1392 1280 1663 1350 pracedat
1706 1279 1830 1334 dico
1859 1295 2054 1333 unam-

452 1380 747 1438 quamque,
781 1375 839 1421 ut
870 1368 1009 1423 bene
1035 1368 1361 1438 incipiatur;
1394 1368 1700 1433 comitetur,
1728 1376 1785 1421 ut
1809 1368 1949 1422 bene
1980 1366 2056 1421 in-

450 1462 627 1524 cepta,
679 1454 843 1525 plena
875 1464 1321 1522 consummetur;
1356 1456 1739 1528 subsequatur,
1791 1464 1848 1510 ut
1894 1455 2054 1525 plene

448 1551 845 1612 consummata,
926 1543 1154 1598 firmiter
1220 1545 1528 1600 roboretur.
1582 1544 1878 1599 Consolare
1934 1542 2054 1613 (tibi

446 1629 588 1694 dico,
623 1629 715 1700 qui
737 1630 1062 1686 inhabitator
1093 1632 1245 1687 cella
1273 1632 1356 1702 es)
1387 1631 1689 1696 consolare,
1721 1631 1967 1702 inquam,
2001 1638 2055 1685 et

449 1712 631 1768 latere
660 1714 714 1768 in
748 1715 1004 1782 Domino,
1038 1732 1164 1771 cum
1211 1716 1461 1781 Domino,
1511 1732 1614 1786 pro
1644 1716 1895 1785 Domino,
1930 1714 2054 1786 quia

2158 573 2349 627 minuit
2381 590 2395 627 :
2428 580 2481 628 et
2510 573 2739 628 multum
2785 572 2977 627 bibere
3007 570 3138 625 nihil
3169 578 3251 625 est
3280 571 3424 625 aliud
3456 586 3619 643 quam
3653 587 3767 625 am-

2157 660 2300 731 plius
2330 660 2506 716 sitire.
2546 661 2743 732 Sicque
2774 676 2963 715 verum
3011 675 3133 714 esse
3163 659 3437 713 invenitur
3466 659 3614 730 quod
3645 659 3766 729 ipsa

2157 750 2226 803 de
2244 765 2303 803 se
2326 748 2601 819 Sapientia
2622 748 2777 803 dicit:
2800 749 2905 815 Qui
2923 748 3098 803 edunt
3129 763 3238 815 me,
3267 747 3451 802 adhuc
3480 747 3757 814 esuriant,

2157 842 2215 893 et
2244 839 2340 909 qui
2366 838 2563 893 bibunt
2607 854 2697 892 me
2744 835 2927 892 adhuc
2975 837 3175 892 sitiant
3223 836 3418 902 (Eccli.
3452 849 3613 903 xxrv,
3644 839 3760 905 29).

2158 924 2390 993 Quando
2422 933 2471 980 te
2512 925 2710 996 poterit
2757 924 2999 995 arripere
3052 922 3471 995 pusillanimitas
3519 923 3763 993 spiritus,

2157 1012 2324 1067 animi
2354 1020 2670 1083 tempestas,
2703 1012 2902 1085 agonia
2929 1012 3128 1077 cordis,
3181 1011 3268 1066 vel
3309 1012 3636 1066 contristare
3665 1010 3765 1064 ali-

2158 1101 2306 1172 quod
2339 1101 2578 1166 tadium,
2614 1116 2735 1155 cum
2768 1100 3219 1173 quadripertitum
3258 1101 3364 1155 hoc
3410 1099 3554 1170 apud
3602 1107 3654 1153 te
3685 1098 3765 1153 vi-

2155 1189 2335 1261 guerit
2364 1189 2679 1245 exercitium
2700 1190 2727 1243 εν
2757 1188 2934 1257 Quare
2980 1188 3198 1259 quidam
3229 1188 3384 1243 cella
3414 1187 3761 1241 solitudinem

2157 1285 2209 1331 et
2274 1277 2509 1348 quietem
2559 1277 2736 1349 [Par.,
2800 1275 3095 1349 silentium]
3154 1276 3471 1343 abhorrent,
3537 1283 3591 1330 et
3650 1275 3765 1329 suf-

2156 1364 2303 1420 ferre
2334 1381 2503 1437 grave
2551 1365 2854 1437 deputant;
2884 1365 2989 1419 nisi
3021 1365 3144 1436 quia
3188 1381 3329 1436 qua,
3376 1363 3548 1435 qualis
3579 1379 3763 1434 quan-

2156 1460 2316 1523 taque
2346 1454 2415 1507 sit
2457 1469 2645 1509 eorum
2688 1453 2923 1509 suavitas
2967 1460 3019 1507 et
3063 1452 3296 1507 dulcedo
3342 1452 3555 1521 penitus
3597 1451 3765 1523 igno-

2155 1542 2331 1596 rant?
2362 1541 2458 1596 Cui
2486 1542 2818 1613 comparabo
2848 1549 2921 1606 te,
2956 1541 3044 1596 vel
3070 1540 3159 1597 cui
3206 1540 3522 1595 assimilabo
3559 1546 3632 1605 te,
3667 1538 3763 1609 qui

2156 1638 2370 1684 amator
2400 1637 2452 1685 et
2482 1630 2812 1685 inhabitator
2841 1646 2902 1685 es
2931 1629 3122 1696 cella;
3156 1629 3247 1700 qui
3277 1644 3396 1683 eam
3425 1636 3479 1682 et
3525 1627 3762 1682 amando

2155 1717 2441 1786 inhabitas,
2491 1726 2543 1772 et
2588 1718 2939 1772 inhabitando
2988 1718 3187 1772 amas?
3230 1715 3366 1784 Quis
3411 1716 3468 1769 in
3507 1716 3608 1770 hac
3650 1715 3762 1770 vita

449 1801 597 1855 illam
629 1819 790 1872 quam
821 1810 873 1857 te
904 1819 1092 1873 speras
1122 1804 1179 1857 in
1207 1803 1389 1859 futuro
1430 1804 1743 1858 habiturum
1793 1804 2049 1875 quietem,
2072 1837 2124 1897 B
2155 1807 2319 1861 homo
2350 1805 2403 1859 in
2432 1806 2534 1861 hac
2563 1814 2615 1861 te
2643 1806 2943 1861 dulcedinis
2965 1804 3293 1875 experientia
3314 1802 3602 1874 superior?
3633 1803 3763 1874 quia

443 1890 557 1958 jam
588 1890 749 1945 modo
778 1890 833 1944 in
864 1892 1187 1962 quibusdam
1226 1892 1337 1946 suis
1367 1892 1770 1963 quodammodo
1800 1891 2051 1962 primitiis

448 1977 623 2032 habes
655 1985 707 2033 et
738 1986 911 2034 tenes.
962 1980 1238 2035 Audenter
1277 1980 1511 2036 dicimus
1553 1980 1670 2049 tibi,
1720 1980 1847 2052 quia
1893 1981 1937 2034 si
1985 1995 2051 2035 eo

452 2066 616 2121 modo
648 2082 755 2137 quo
785 2083 908 2122 esse
937 2067 1126 2133 debes,
1171 2068 1226 2123 in
1273 2069 1412 2123 cella
1439 2085 1519 2137 es,
1562 2069 1717 2137 juxta
1763 2069 2051 2139 quemdam

447 2154 667 2209 modum
685 2155 739 2209 in
760 2155 879 2226 ipso
901 2155 1040 2211 calo
1058 2173 1137 2211 es.
1164 2159 1304 2212 Ecce
1317 2157 1456 2229 legis
1474 2165 1682 2225 etoras,
1702 2156 1984 2211 meditaris
2000 2165 2054 2211 et

446 2242 690 2312 operaris
724 2258 736 2296 :
769 2244 887 2299 hac
917 2252 1039 2298 sunt
1059 2245 1317 2301 exercitia
1339 2245 1536 2317 quibus
1558 2245 1862 2299 intendisin
1892 2245 2048 2300 cella.

453 2329 626 2398 Quam
658 2340 904 2387 sanctum
936 2348 999 2387 os
1030 2341 1200 2398 tuum,
1242 2349 1406 2405 quam
1438 2342 1624 2389 sancta
1652 2341 1705 2388 et
1736 2333 1884 2387 auris
1915 2342 2004 2387 tua
2035 2333 2047 2387 ι

448 2419 580 2473 Cum
615 2434 778 2474 auras
810 2420 879 2491 (si
911 2428 1093 2475 tamen
1129 2438 1195 2477 eo
1246 2422 1416 2476 modo
1445 2437 1588 2488 oras,
1624 2438 1730 2493 quo
1763 2437 1919 2476 orare
1949 2422 2051 2476 de-

450 2506 594 2576 bes),
628 2523 690 2563 os
720 2517 868 2563 tuum
900 2509 953 2563 in
982 2525 1115 2564 aure
1165 2510 1262 2565 Dei
1294 2518 1395 2565 est.
1428 2511 1494 2565 Et
1523 2526 1628 2582 ego
1658 2510 1891 2565 verebor
1918 2510 2052 2564 illud

449 2610 512 2651 os
542 2605 787 2651 sanctum
848 2597 1036 2653 dicere
1067 2598 1211 2669 quod
1258 2599 1312 2652 in
1341 2599 1512 2669 ipsius
1560 2614 1690 2653 aure
1746 2598 1847 2653 Dei
1894 2599 2052 2654 video

452 2684 618 2738 esse?
648 2685 781 2739 Cum
812 2702 945 2740 vero
975 2686 1130 2757 legis,
1165 2694 1218 2740 et
1276 2703 1339 2741 os
1396 2686 1495 2741 Dei
1545 2686 1599 2740 in
1649 2702 1779 2741 aure
1822 2695 1910 2740 tua
1938 2694 2044 2741 est.

446 2772 516 2826 Et
568 2788 759 2827 aurem
814 2774 957 2830 hanc
1026 2791 1132 2847 ego
1188 2784 1431 2831 sanctam
1485 2790 1594 2829 non
1651 2775 1874 2830 dicam?
1927 2775 2051 2830 Sive

442 2876 574 2933 ergo
602 2868 658 2915 tu
686 2861 928 2933 loquaris
958 2864 1073 2918 Deo
1104 2863 1272 2934 (quod
1302 2864 1485 2934 utique
1514 2862 1650 2917 facis
1698 2879 1821 2918 cum
1852 2864 1999 2933 oras)
2035 2880 2048 2918 :

445 2948 561 3003 sive
619 2949 871 3021 loquatur
928 2951 1023 3004 tibi
1082 2952 1229 3006 Deus
1288 2951 1457 3022 (quod
1516 2959 1641 3005 tunc
1695 2951 1946 3005 nimirum
1995 2950 2052 3006 ﬁt

446 3053 571 3093 cum
602 3036 783 3108 legis),
820 3038 1037 3093 beatum
1068 3046 1118 3093 te
1149 3039 1523 3094 incunctanter
1551 3055 1758 3094 assero.
1795 3038 1935 3108 Quid
1962 3040 2050 3094 di-

447 3140 568 3180 cam
600 3125 668 3181 de
699 3126 1053 3181 meditatione
1083 3128 1263 3198 pura?
1284 3128 1415 3199 quid
1445 3128 1513 3182 de
1542 3129 1752 3183 actione
1782 3128 2051 3200 egregia?

2154 1894 2273 1948 talis
2304 1902 2358 1949 ut
2388 1894 2521 1948 mihi
2549 1893 2761 1949 videtur
2790 1894 2972 1948 nullus
3020 1893 3310 1948 invenitur.
3355 1892 3463 1947 Sed
3511 1890 3634 1962 quis
3665 1890 3760 1945 tibi

2151 1982 2236 2036 vel
2268 1983 2470 2054 aquari
2522 1981 2764 2053 poterit?
2792 1982 2933 2036 Num
2978 1980 3173 2052 aliquis
3215 1996 3403 2036 eorum
3432 1979 3524 2051 qui
3554 1978 3757 2033 summi

2154 2078 2280 2125 sunt
2306 2087 2488 2126 rerum
2535 2070 2789 2125 domini?
2818 2069 3010 2125 Nullus
3060 2070 3301 2125 omnino.
3343 2070 3553 2138 Nempe
3596 2083 3759 2138 supe-

2152 2159 2327 2213 riores
2357 2166 2412 2213 te
2440 2174 2566 2215 esse
2593 2158 2839 2214 fortassis
2865 2157 3136 2226 videntur,
3170 2164 3429 2228 quantum
3462 2156 3530 2211 ad
3561 2170 3758 2227 quam-

2153 2248 2275 2301 dam
2308 2247 2526 2302 nomine
2572 2255 2749 2312 tenus,
2803 2256 2855 2301 et
2902 2246 3191 2317 superficie
3233 2254 3390 2300 tenus
3436 2244 3756 2315 dignitatem

2152 2335 2511 2404 periculosam
2536 2352 2551 2399 ;
2579 2336 2648 2389 de
2678 2350 2782 2405 qua
2808 2342 2860 2389 et
2889 2350 2988 2405 pro
3010 2350 3116 2405 qua
3133 2334 3188 2387 in
3209 2334 3456 2389 districto
3488 2332 3585 2387 Dei
3611 2332 3758 2401 judi-

2153 2423 2238 2478 cio
2270 2424 2528 2477 reddituri
2552 2432 2676 2477 sunt
2696 2422 2982 2477 rationem.
3009 2423 3117 2478 Sed
3145 2422 3307 2492 longe
3330 2429 3451 2475 sunt
3482 2429 3534 2475 te
3561 2436 3757 2475 omnes

2152 2510 2437 2566 inferiores
2469 2519 2521 2565 et
2552 2511 2793 2565 minores
2836 2518 3098 2583 quantum
3128 2510 3195 2565 ad
3226 2510 3560 2582 singularem
3590 2509 3753 2574 hanc,

2152 2599 2207 2653 in
2237 2615 2343 2670 qua
2374 2606 2428 2654 tu
2460 2599 2696 2654 exsultas
2736 2608 2788 2653 et
2837 2599 3104 2669 tripudias
3150 2598 3508 2663 suavitatem;
3540 2596 3637 2651 sed
3662 2597 3757 2665 ju-

2153 2688 2503 2753 cunditatem,
2556 2688 2652 2742 sed
2698 2687 3061 2754 dulcedinem,
3114 2686 3211 2741 sed
3257 2686 3624 2751 hilaritatem,
3656 2685 3757 2739 sed

2151 2776 2509 2845 alacritatem,
2544 2776 2639 2830 sed
2671 2776 3059 2842 ammnitatem,
3107 2776 3205 2830 sed
3253 2774 3623 2839 serenitatem,
3656 2773 3759 2828 sed

2152 2863 2534 2930 sinceritatem,
2568 2864 2666 2919 sed
2696 2864 3135 2930 delectationem,
3167 2863 3263 2918 sed
3311 2862 3488 2918 omnis
3517 2861 3758 2932 denique

2149 2953 2231 3023 (ut
2260 2952 2413 3008 brevi
2441 2953 2611 3007 multa
2640 2968 2894 3008 sermone
2939 2952 3279 3021 concludam)
3308 2951 3433 3005 boni
3462 2949 3765 3021 plenitudi-

2150 3056 2274 3096 nem
2304 3048 2358 3095 et
2388 3041 2681 3112 quamdam
2713 3040 2858 3095 illius
2887 3040 2955 3093 ad
3004 3056 3166 3111 quam
3215 3039 3550 3109 suspiramus
3580 3038 3758 3092 beati-

2150 3128 2353 3183 tudinis
2380 3128 2621 3185 ccelestis
2640 3128 2956 3201 imaginem,
2982 3136 3037 3183 et
3066 3127 3491 3182 similitudinem.
3516 3125 3563 3182 Ο
3592 3141 3758 3197 quam

446 3214 585 3267 Nam
641 3212 735 3267 illa
793 3213 1092 3270 sanctiﬁcat
1122 3215 1380 3283 animum,
1430 3217 1546 3271 hac
1594 3224 1772 3271 autem
1821 3224 2050 3271 exornat
2070 3189 2116 3247 Ο
2151 3232 2348 3287 magna
2378 3232 2648 3288 quamque
2678 3189 2845 3270 multa
2874 3216 2929 3269 in
2959 3215 3044 3269 his
3074 3206 3307 3286 quatuor
3337 3212 3609 3270 exercitiis
3637 3214 3761 3268 dul-

444 3318 685 3357 manum.
720 3301 854 3372 Quis
882 3312 1047 3376 neget
1105 3305 1279 3359 Deum
1336 3322 1458 3360 esse
1516 3306 1655 3359 intra
1711 3313 1782 3375 te,
1842 3321 1964 3361 cum
1994 3306 2049 3360 in

443 3398 626 3446 mente
656 3398 748 3446 tua
789 3391 921 3446 nihil
969 3408 1075 3447 non
1138 3393 1336 3448 bonum
1384 3402 1437 3449 et
1484 3402 1746 3459 sanctum,
1779 3393 1911 3448 nihil
1938 3410 2047 3449 non

445 3479 721 3535 sincerum
750 3488 800 3535 et
848 3480 1187 3552 religiosum,
1242 3482 1375 3536 nihil
1431 3498 1541 3538 non
1598 3490 1937 3537 mansuetum
1995 3491 2049 3537 et

446 3568 616 3639 pium,
660 3569 794 3623 nihil
824 3584 931 3624 non
961 3587 1156 3641 purum
1190 3580 1242 3625 et
1286 3571 1566 3638 mundum,
1603 3580 1865 3641 quantum
1901 3571 2047 3625 dun-

444 3663 591 3710 taxat
621 3656 690 3711 ad
730 3656 939 3713 crimen
971 3658 1237 3728 pertinet;
1271 3659 1369 3713 sed
1418 3659 1564 3730 quod
1617 3667 1701 3713 est
1746 3658 2048 3714 sanctitatis

443 3753 498 3799 et
527 3745 803 3812 bonitatis,
865 3747 1011 3818 quod
1066 3747 1388 3802 sinceritatis
1445 3755 1498 3802 et
1539 3746 1842 3817 religionis,
1902 3748 2047 3818 quod

446 3833 878 3888 mansuetudinis
907 3843 959 3888 et
1002 3835 1240 3905 pietatis,
1275 3836 1420 3905 quod
1469 3835 1716 3906 puritatis
1743 3843 1797 3890 et
1824 3836 2046 3889 mundi-

443 3920 551 3989 tia,
586 3921 639 3975 in
672 3937 737 3976 ea
765 3930 1028 3976 versatur.
1062 3922 1196 3990 Quis
1227 3923 1389 3977 etiam
1418 3931 1548 3979 tunc
1576 3932 1739 3993 neget
1768 3940 1891 3978 eum
1924 3940 2047 3979 esse

445 4009 593 4079 apud
622 4017 693 4075 te,
736 4026 859 4065 cum
889 4010 1019 4064 nihil
1048 4011 1152 4065 nisi
1171 4011 1316 4082 quod
1336 4011 1464 4066 utile
1487 4019 1569 4067 est
1596 4012 1845 4082 Operaris
1863 4012 1891 4065 ?
1913 4013 2047 4067 Sunt
2072 4006 2077 4009 ’

444 4097 626 4168 itaque
658 4097 853 4169 quibus
881 4098 934 4152 in
963 4099 1098 4154 cella
1122 4099 1328 4170 jugiter
1356 4100 1610 4167 intendis,
1646 4100 1736 4170 qui
1780 4100 2048 4156 habitator

442 4201 503 4241 es
533 4185 704 4252 cella,
740 4194 966 4258 quatuor
995 4188 1248 4243 exercitia
1276 4190 1393 4243 hac
1440 4188 1601 4243 lectio
1648 4188 1894 4244 studiosa
1922 4206 2043 4245 me-

441 4273 631 4330 ditatio
661 4290 819 4347 pura,
853 4275 1027 4331 oratio
1058 4276 1370 4342 medullata,
1400 4277 1541 4332 actio
1568 4277 1895 4333 necessaria.

959 4437 1353 4494 CAPITULUM
1382 4438 1535 4493 XVI.

2148 3306 2305 3370 cedo,
2359 3304 2415 3359 in
2469 3304 2732 3371 lectione,
2784 3303 2841 3357 in
2884 3302 3254 3368 meditatione,
3304 3304 3358 3357 in
3405 3302 3668 3369 oratione,
3701 3302 3759 3356 in

2147 3393 2360 3447 actione
2380 3391 2392 3446 l
2418 3394 2644 3463 Magna;
2668 3407 2773 3447 nec
2789 3391 2858 3446 ad
2872 3406 2992 3446 eam
3012 3391 3523 3462 attingitmensura;
3552 3389 3757 3454 multa;

2148 3497 2248 3536 nec
2278 3481 2437 3535 video
2469 3480 2612 3551 quod
2641 3479 2841 3551 aliquis
2869 3480 2936 3534 sit
2964 3480 3081 3549 ejus
3111 3495 3393 3533 numerus.
3426 3480 3493 3533 Et
3520 3486 3757 3549 quatuor

2147 3570 2285 3634 hac,
2319 3567 2565 3624 fortassis
2595 3568 2682 3621 illa
2717 3576 2945 3639 quatuor
2962 3575 3088 3622 sunt
3117 3568 3294 3638 capita
3323 3567 3377 3621 in
3410 3583 3531 3638 qua
3559 3565 3757 3621 ﬂuvius

2146 3658 2236 3712 ille
2276 3656 2546 3722 dividitur,
2581 3656 2672 3728 qui
2701 3656 2771 3711 ad
2800 3656 3137 3727 irrigandum
3185 3655 3498 3727 paradisum
3528 3654 3596 3710 de
3626 3654 3753 3710 loco

2147 3745 2437 3816 voluptatis
2469 3745 2771 3817 egreditur.
2806 3745 3101 3799 Videamus
3124 3744 3238 3813 jam
3268 3743 3398 3815 quid
3428 3743 3572 3798 dicat
3605 3742 3756 3798 Scri-

2147 3842 2308 3904 ptura
2335 3834 2404 3887 de
2435 3842 2667 3905 quatuor
2683 3832 3079 3903 capitibusistis
3105 3850 3117 3886 :
3143 3834 3352 3888 Nomm
3373 3834 3478 3887 uni
3506 3830 3752 3904 Physou,

2146 3938 2352 3978 nomen
2363 3922 2599 3977 secundi
2609 3922 2769 3990 ﬂuvii
2783 3922 2951 3991 Gyon,
2966 3937 3173 3976 nomen
3187 3922 3344 3976 tertii
3356 3920 3517 3988 ﬂuvii
3533 3920 3721 3991 Tygris
3736 3941 3755 3987 ,-

2146 4011 2353 4079 ﬂuvius
2374 4025 2500 4066 vero
2524 4013 2763 4081 quartus
2783 4012 2869 4064 est
2888 4008 3222 4080 Euphrates.
3254 4008 3321 4062 Et
3343 4008 3411 4062 de
3432 4008 3649 4078 Physon
3666 4007 3754 4061 di-

2145 4100 2284 4153 citur
2311 4097 2458 4169 quod
2485 4097 2677 4153 circuit
2705 4112 2925 4152 omnem
2955 4105 3152 4151 terram
3183 4094 3418 4161 Evilath,
3470 4096 3539 4151 de
3590 4095 3751 4167 Gyon

2145 4186 2291 4258 quod
2322 4185 2515 4242 circuit
2564 4201 2781 4241 omnem
2828 4194 3032 4240 terram
3079 4183 3399 4256 dithyopia,
3451 4191 3504 4238 et
3550 4182 3753 4254 Tygris

2144 4274 2293 4329 vadit
2321 4282 2510 4330 contra
2543 4274 2820 4345 Assyrios.
2851 4274 2975 4328 Non
3018 4280 3198 4327 autem
3229 4272 3428 4327 dicitur
3459 4271 3607 4342 quod
3642 4271 3755 4325 Eu—

2144 4364 2370 4431 phrates
2412 4362 2649 4433 aliquam
2698 4371 2903 4417 terram
2951 4361 3267 4429 circumeat,
3300 4360 3386 4415 vel
3415 4375 3523 4431 quo
3557 4359 3753 4425 vadat,

2147 4450 2243 4505 sed
2275 4450 2620 4505 solummodo
2650 4449 2863 4518 dicitur,
2915 4449 3060 4520 quod
3108 4448 3306 4502 ﬂuvius
3356 4456 3584 4518 quartus
3632 4446 3752 4517 ipse

437 4552 514 4607 De
544 4552 1029 4625 commendatione
1058 4555 1240 4617 cellae,
1275 4557 1332 4608 et
1377 4554 1443 4608 de
1481 4557 1726 4625 quatuor
1762 4541 2065 4624 capitibus

2149 4545 2226 4594 est
2265 4540 2593 4609 Euphrates.
2645 4538 2787 4592 Num
2835 4536 3041 4609 aliquid
3087 4537 3313 4591 istorum
3342 4536 3517 4591 otiose
3546 4535 3753 4591 dictum

506 4624 628 4678 illis
658 4626 719 4696 in
751 4625 1106 4696 quaefluvius
1129 4624 1427 4689 diuiditur,
1455 4624 1551 4696 qui
1580 4624 1653 4696 ad
1683 4625 2042 4695 irrigandum

506 4694 837 4765 paradisum
866 4695 932 4749 de
964 4696 1079 4751 loco
1110 4696 1416 4767 voluptatis
1445 4694 1752 4765 egreditur.

510 4798 652 4868 Quid
681 4799 898 4865 melius,
947 4799 1146 4871 quidve
1187 4800 1496 4869 jucundius,
1549 4808 1605 4856 tu
1651 4799 1743 4872 qui
1773 4800 2043 4855 habitator

440 4886 595 4942 cella
625 4903 703 4954 es,
741 4887 1013 4943 astimare
1041 4888 1230 4952 debes,
1257 4904 1419 4959 quam
1442 4889 1542 4942 has
1571 4889 1658 4943 die
1680 4904 1745 4944 ac
1775 4897 1930 4944 nocte
1960 4888 2042 4943 di-

438 4974 675 5046 ligenter
704 4975 980 5031 alternare
1011 4976 1203 5031 vices?
1232 4976 1371 5031 Sane
1402 4984 1513 5030 tam
1544 4976 1702 5031 dulce
1734 4977 1840 5031 tibi.
1860 4976 2043 5030 inten-

438 5063 569 5118 dere
599 5064 703 5131 his,
738 5071 1049 5135 tantamque
1070 5064 1124 5119 in
1145 5080 1476 5136 unoquoque
1505 5081 1693 5120 eorum
1725 5065 2043 5119 suavitatem

439 5150 670 5220 invenis,
718 5160 775 5205 ut
829 5152 1050 5223 quando
1107 5152 1199 5206 uni
1253 5153 1509 5217 intendis,
1569 5152 1661 5208 vix
1691 5153 1759 5207 ab
1790 5168 1855 5208 eo
1884 5152 2043 5208 evelli

438 5239 617 5308 possis
648 5248 705 5294 ut
733 5242 804 5294 ad
834 5240 980 5295 aliud
1008 5241 1260 5296 accedas.
1309 5242 1392 5296 Eo
1440 5241 1614 5313 magis
1664 5241 1882 5312 singula
1926 5242 2044 5297 hac

439 5326 535 5381 tibi
567 5344 760 5397 sapere
790 5337 843 5383 et
880 5329 1200 5384 dulcescere
1244 5329 1432 5397 sentis,
1485 5345 1591 5400 quo
1640 5330 1816 5400 magis
1855 5345 2041 5384 eorum

439 5431 690 5485 saporem
722 5425 774 5470 et
804 5417 1149 5472 dulcedinem
1177 5433 1278 5472 nec
1308 5426 1419 5471 tam
1439 5433 1585 5489 sape
1606 5434 1772 5489 quam
1801 5433 2040 5488 semper,

438 5519 537 5557 nec
569 5510 678 5556 tam
704 5502 1016 5573 frequenter
1049 5521 1211 5576 quam
1259 5505 1633 5560 indesinenter
1681 5506 1937 5576 percipis.
1975 5506 2044 5559 Et

439 5590 659 5663 quidem
688 5591 930 5647 comedis
963 5600 1014 5647 et
1043 5593 1184 5650 bibis
1213 5609 1338 5650 cum
1368 5594 1452 5649 his
1496 5594 1739 5656 studiose
1768 5593 2001 5653 intendis
2026 5612 2041 5665 ;

2142 4628 2261 4681 est?
2278 4628 2401 4682 Non
2422 4627 2629 4698 utique.
2649 4626 2770 4680 Jam
2792 4642 2924 4699 ergo
2946 4625 3292 4680 intendamus
3312 4625 3417 4679 his.
3438 4623 3515 4679 Os
3531 4623 3753 4694 pupilla

2140 4715 2325 4771 dicunt
2348 4730 2541 4769 sonare
2590 4715 2827 4785 Physon.
2876 4714 2947 4768 Et
2991 4713 3037 4769 si
3083 4714 3191 4769 hoc
3236 4728 3427 4768 verum
3456 4719 3576 4778 est,
3610 4711 3753 4767 sicut

2141 4803 2210 4857 ad
2238 4802 2493 4873 pupillam
2527 4801 2663 4857 visio
2686 4842 2700 4869 ,
2735 4801 2815 4857 sic
2861 4801 2932 4857 ad
2963 4817 3025 4857 os
3070 4800 3272 4856 locutio
3318 4800 3510 4856 referri
3539 4807 3754 4877 potest;

2142 4906 2268 4944 nam
2298 4889 2353 4944 in
2385 4907 2478 4945 ore
2507 4890 2692 4962 lingua
2713 4898 2795 4944 est
2824 4906 2928 4960 qua
2948 4888 3239 4960 loquimur,
3263 4888 3331 4942 'in
3361 4887 3523 4944 oculo
3547 4888 3757 4959 pupilla

2141 4995 2247 5049 qua
2277 4978 2547 5033 videmus.
2581 4978 2650 5031 Et
2680 4978 2771 5031 ubi
2794 4977 2940 5047 quod
2967 4993 3153 5032 verum
3187 4984 3269 5031 est
3299 4976 3566 5042 videmus,
3598 4992 3667 5031 ne
3699 4976 3755 5031 in

2142 5066 2376 5137 caligine
2408 5065 2661 5122 falsitatis
2686 5066 3029 5129 aberremus,
3065 5065 3168 5119 nisi
3199 5065 3255 5119 in
3297 5064 3540 5119 studiosa
3584 5080 3754 5120 sacra

2143 5154 2439 5225 Scriptura
2468 5154 2699 5209 lectione
2721 5155 2748 5208 ?
2772 5155 2835 5208 Et
2851 5153 3069 5224 quando
3090 5170 3154 5207 ex
3177 5152 3385 5209 ordinis
3413 5151 3755 5224 indulgentia

2142 5242 2336 5298 diebus
2367 5242 2520 5297 festis
2550 5241 2782 5297 locuturi
2812 5240 3188 5305 convenimus,
3214 5241 3358 5295 unde
3386 5256 3570 5311 quaso
3601 5239 3754 5311 loqui

2142 5332 2426 5398 debemus,
2458 5330 2562 5384 nisi
2594 5331 2662 5385 de
2692 5330 2759 5384 iis
2792 5347 2912 5400 qua
2940 5329 3102 5384 lectio
3130 5329 3186 5383 in
3217 5345 3276 5384 se
3306 5328 3545 5384 continet
3575 5344 3751 5384 sacra

2143 5418 2436 5489 Scriptura
2454 5418 2481 5472 ἱ)
2511 5418 2703 5473 Merito
2724 5434 2824 5488 per
2852 5434 2914 5471 os
2935 5425 2987 5472 et
3007 5417 3287 5488 pupillam,
3310 5416 3544 5470 studium
3579 5432 3753 5472 sacra

2142 5506 2391 5562 lectionis
2423 5506 2763 5576 exprimitur,
2798 5506 2854 5559 in
2885 5522 2988 5576 qua
3034 5505 3125 5559 lux
3157 5504 3329 5576 fulget
3358 5504 3623 5571 veritatis,
3657 5522 3757 5575 per

2143 5610 2305 5671 quam
2358 5594 2427 5648 ad
2477 5594 2775 5650 claritatem
2815 5593 3173 5669 pertingimus
3220 5592 3504 5651 luminosa
3553 5593 3755 5669 cogni-
