3938 6426
258 371 360 425 829

1393 366 1591 422 LIBER
1628 365 1724 421 DE
1762 363 2146 421 EXERCITIO
2187 365 2446 421 CELLE.

3475 368 3581 421 830

263 489 425 545 tionis
458 508 474 556 ;
504 498 559 545 et
588 489 825 563 legimus
845 490 1072 545 verbum
1102 504 1270 545 sacra:
1301 489 1641 555 eruditionis,
1677 489 1746 545 de
1765 505 1874 561 quo
1901 492 1955 551 Α
1975 497 2091 544 net.
2112 489 2251 545 Hinc
2268 491 2429 545 Pater
2458 499 2512 545 et
2530 490 2638 544 dux
2668 498 2833 562 atque
2855 489 3153 545 advocatus
3175 489 3575 546 monachorum

264 576 599 635 conferimus
628 580 698 633 ad
720 579 954 633 invicem
985 579 1055 633 ad
1084 579 1468 634 documentum
1498 587 1606 633 tam
1640 578 1877 649 prOprize

266 683 429 738 quam
443 665 695 721 fraterna:
720 650 1113 721 zediﬁcationis.
1142 666 1223 721 De
1254 683 1320 721 eo
1337 674 1515 721 autem
1533 666 1679 737 quod
1699 666 1877 737 primo

262 755 387 810 loco
416 755 722 825 posuimus,
752 755 995 826 loquitur
1022 754 1076 808 in
1094 755 1335 810 secunda
1354 755 1600 825 Epistola
1652 769 1752 809 sua
1776 755 1877 810 Pe-

265 850 403 911 trus,
419 844 716 911 Habemus,
734 843 1006 915 inquiens,
1025 843 1337 911 ﬁrmiorem
1346 844 1744 915 propheticum
1758 860 1876 899 ser-

263 931 624 998 monem,cui
641 934 775 987 bene
793 933 991 1002 [acitis
1023 932 1407 997 attendentes,
1441 934 1593 987 sicut
1629 933 1876 988 lucerna:

270 1020 487 1074 lucenti
517 1022 581 1075 in
602 1022 915 1091 caliginoso
941 1021 1057 1075 loco
1080 1020 1155 1089 (II
1171 1021 1325 1075 Petr.
1343 1035 1380 1088 ι,
1406 1022 1516 1090 19).
1545 1021 1625 1075 De
1655 1036 1721 1075 eo
1743 1036 1875 1076 vero

268 1108 415 1180 quod
445 1109 709 1174 secundo,
746 1116 966 1163 sanctus
988 1107 1163 1163 David
1184 1108 1363 1179 ipsum
1405 1124 1751 1164 communem
1772 1110 1875 1164 Do-

266 1196 473 1251 minum
503 1196 765 1251 ommium
793 1196 1082 1268 alloquens
1111 1196 1873 1270 :Lucerna,inquit,pedibus

266 1286 410 1340 meis
445 1285 672 1340 verbum
700 1289 902 1355 tuum,
935 1289 993 1341 et
1013 1285 1207 1340 lumen
1236 1286 1457 1341 semitis
1492 1287 1633 1341 meis
1683 1288 1863 1355 (Psal.

267 1388 466 1440 cxvm,
513 1372 659 1443 105).

770 1513 973 1569 CAPIT
975 1514 1166 1570 ULUM
1196 1514 1367 1570 XVII.

268 1648 420 1716 Quod
450 1648 547 1718 qui
576 1646 863 1702 habitator
880 1651 965 1702 est
977 1648 1136 1703 cella:
1149 1663 1373 1703 omnem
1390 1647 1586 1703 debeat
1599 1649 1870 1704 illicitam

336 1720 587 1774 devitarc
604 1719 969 1801 locutionem,
1003 1722 1058 1801 et
1071 1719 1309 1801 quwilla
1339 1721 1459 1774 sint
1491 1719 1635 1774 bona
1655 1720 1727 1774 ad
1748 1737 1870 1792 qua:

333 1805 435 1844 nos
463 1806 627 1844 sacra
662 1790 825 1844 lectio
849 1788 1137 1861 provehit.

334 1903 413 1957 Tu
434 1917 590 1974 ergo,
626 1917 782 1958 serve
812 1902 933 1967 Dei,
967 1901 1059 1973 qui
1087 1902 1143 1956 in
1175 1901 1309 1958 cella
1342 1902 1491 1958 solus
1517 1922 1531 1970 ;
1568 1911 1618 1959 et
1648 1920 1757 1958 non
1778 1912 1866 1960 ta-

265 2007 395 2046 men
428 1991 579 2046 solus
601 1990 818 2045 habitas
850 2010 865 2057 -,
899 1990 947 2045 si
977 1991 1158 2047 omnia
1205 2008 1328 2063 quae
1374 1991 1644 2063 pertinent
1671 1993 1739 2047 ad
1771 2009 1866 2049 sa-

269 2095 419 2136 cram
449 2079 782 2150 Scripturam
811 2095 911 2150 per
955 2079 1175 2150 plenam
1206 2080 1447 2134 notitiam
1499 2082 1865 2151 apprehendis

264 2168 333 2222 ad
363 2167 724 2224 clarissimam
756 2166 1046 2238 quamdam
1077 2168 1131 2222 in
1153 2175 1338 2223 mente
1369 2168 1635 2224 visionem
1664 2170 1865 2241 pertin-

261 2256 371 2330 gis.
406 2257 541 2311 Cum
569 2272 702 2312 vero
734 2256 945 2327 quoties
976 2256 1071 2310 tibi
1105 2256 1375 2311 indultum
1395 2257 1555 2312 fuerit
1581 2266 1638 2312 ut
1667 2258 1862 2331 loqua-

261 2346 353 2412 ris,
387 2345 434 2399 si
464 2345 520 2399 in
548 2344 633 2399 his
665 2344 911 2417 linguam
938 2353 1084 2399 tuam
1122 2361 1389 2417 occupare
1430 2347 1724 2423 studueris,
1750 2348 1860 2417 jam

258 2450 369 2489 non
399 2433 577 2489 solum
607 2432 783 2488 visum
814 2433 1143 2489 intrinsecus
1176 2433 1553 2501 clariﬁcatum,
1586 2437 1682 2490 sed
1718 2446 1770 2491 et
1798 2453 1861 2492 os

256 2530 405 2577 tuum
435 2521 696 2576 mundum
725 2521 1050 2578 intrinsecus
1093 2522 1319 2577 habebis
1368 2531 1419 2577 et
1459 2525 1857 2593 ornatum.Sic,

257 2611 358 2678 sic,
394 2626 504 2665 non
550 2611 668 2665 sine
725 2611 1279 2681 causainterpretari
1319 2628 1381 2667 os
1411 2613 1628 2684 pupilla:
1673 2614 1859 2670 dicere

258 2700 463 2771 poteris
484 2700 724 2770 Physon,
750 2716 850 2770 per
882 2700 1029 2770 quod
1060 2716 1272 2756 sacram
1300 2717 1401 2756 nos
1432 2718 1594 2772 posse
1636 2719 1737 2773 per
1779 2702 1859 2757 le-

256 2786 493 2843 ctionem
548 2787 801 2863 accipere
849 2788 1113 2854 diximus;
1145 2789 1273 2843 dum
1331 2806 1427 2859 per
1473 2805 1595 2845 eam
1656 2798 1857 2846 tantam

258 2875 499 2947 acquiris
537 2884 590 2931 et
619 2876 673 2930 in
721 2876 912 2930 intuitu
967 2876 1183 2932 interno
1244 2877 1561 2944 claritatem,
1590 2886 1643 2933 et
1672 2878 1725 2933 in
1761 2895 1857 2935 orc

256 2964 492 3020 exterius
525 2965 750 3020 verbum
773 2965 1032 3031 veritatis,
1062 2966 1131 3020 ad
1163 2970 1304 3021 tuain
1367 2975 1419 3021 et
1446 2983 1635 3023 eorum
1665 2968 1756 3040 qui
1805 2976 1858 3024 te

256 3052 484 3108 audiunt
520 3052 959 3109 aedificationem.
993 3054 1148 3108 Absit
1176 3055 1343 3111 semel
1368 3063 1420 3110 et
1450 3056 1664 3123 iterum,
1718 3057 1856 3112 absit

259 3157 405 3212 saepe
426 3149 479 3196 et
500 3157 735 3212 semper,
770 3149 825 3196 ut
856 3141 911 3196 in
941 3142 1180 3198 claustro
1227 3143 1379 3198 festis
1401 3144 1595 3199 diebus
1637 3160 1759 3201 cum
1792 3162 1855 3201 os

253 3236 403 3283 tuum
433 3228 503 3284 ad
526 3229 856 3301 loquendum
885 3231 1123 3302 aperies,
1156 3231 1542 3303 loquacitatem
1575 3234 1631 3288 in
1662 3235 1853 3290 eodem

248 3333 345 3373 ore
375 3326 468 3373 tuo
484 3318 847 3374 inordinatam
879 3335 1128 3374 assumas
1158 3341 1176 3377 :
1206 3322 1308 3377 hoc
1354 3322 1499 3377 enim
1529 3324 1854 3395 gravitatem

248 3414 300 3462 et
330 3407 686 3463 maturitatem
724 3416 871 3463 tuam
905 3408 1127 3465 omnino
1184 3426 1293 3464 non
1324 3410 1503 3467 decet.
1544 3413 1666 3467 Non
1706 3412 1853 3467 mul-

246 3502 361 3548 tum
392 3504 640 3567 apparet,
688 3497 834 3568 quod
880 3497 1073 3553 diebus
1130 3498 1255 3553 aliis
1290 3499 1549 3555 studiosa:
1602 3500 1841 3569 lectioni,

249 3600 403 3653 pura:
433 3584 792 3652 meditationi,
826 3585 1136 3641 medullatze
1190 3588 1420 3643 orationi
1477 3590 1742 3645 intentum
1797 3599 1852 3646 te

250 3672 578 3739 exhibueris,
612 3673 658 3727 si
701 3689 764 3729 os
794 3674 862 3729 ad
890 3674 1225 3747 loquendum
1281 3676 1558 3747 aperiens,
1590 3678 1847 3751 loquaci-

246 3760 339 3814 tati
369 3768 458 3815 aut
485 3761 808 3835 garrulitati,
842 3770 895 3817 et
923 3763 1159 3818 maxime
1199 3764 1579 3836 disceptationi
1610 3776 1663 3823 et
1709 3783 1847 3823 con-

248 3848 469 3903 tentioni
502 3849 747 3923 linguam
770 3858 916 3905 tuam
934 3868 999 3907 ex
1018 3868 1186 3923 prava
1207 3855 1603 3911 consuetudine
1622 3872 1848 3913 accom-

247 3938 560 3993 modaveris
596 3953 609 3992 :
641 3940 757 3995 haec
789 3940 934 3994 enim
963 3941 1163 4008 omnia,
1196 3943 1293 3997 sed
1323 3951 1375 3997 et
1404 3959 1567 3999 omne
1620 3946 1847 4001 verbum

246 4025 465 4080 stultum
502 4034 555 4081 et
607 4042 857 4095 vacuum,
919 4029 1172 4099 mendax,
1248 4031 1520 4101 dolosum,
1591 4034 1843 4104 otiosum,

242 4113 595 4184 impudicum,
620 4116 1043 4185 excusatorium,
1085 4118 1494 4187 detractorium,
1546 4123 1845 4178 commina-

247 4201 463 4271 torium,
515 4201 733 4271 iratum,
790 4206 1108 4276 superbum,
1171 4208 1241 4262 ab
1306 4208 1413 4263 illis
1469 4209 1844 4280 spiritualibus

244 4290 535 4357 exercitiis,
569 4292 766 4363 quibus
797 4293 853 4348 in
884 4294 1023 4350 cella
1070 4295 1354 4352 intendere
1397 4298 1585 4363 debes,
1618 4316 1842 4371 prorsus

241 4378 415 4434 aliena
438 4388 580 4435 sunt.
613 4383 884 4438 Memento
907 4383 1035 4456 quid
1083 4401 1181 4456 per
1229 4387 1577 4457 semetipsam
1629 4389 1841 4445 Veritas

241 4467 416 4523 dicat:
444 4469 617 4525 Omne
647 4471 875 4527 verbum
904 4474 1144 4529 otiosum
1158 4476 1300 4547 quod
1315 4477 1490 4532 locuti
1500 4480 1840 4547 fuerintho-

240 4556 442 4621 mines,
460 4556 998 4616 reddentrationem
1019 4561 1085 4617 de
1116 4578 1177 4618 eo
1199 4564 1261 4618 in
1280 4562 1370 4618 die
1381 4564 1590 4634 judicii
1612 4564 1835 4636 (Matth.
1861 4564 1913 4625 D
1943 4555 2033 4636 De,
2068 4554 2371 4636 ρεηεῖὶὺυε,
2412 4560 2767 4636 ,εᾳηειςιηωη
2817 4558 3280 4636 ,ηιεάὶζςιέἱοηωη

239 4658 340 4709 xu,
372 4647 482 4714 36).
509 4645 564 4699 Si
590 4663 724 4719 ergo
755 4656 837 4702 est
868 4649 1150 4705 reddenda
1177 4652 1311 4706 ratio
1340 4652 1409 4707 de
1441 4654 1612 4708 verbo
1640 4655 1837 4722 otioso,

237 4741 440 4803 quanto
469 4734 644 4807 magis
672 4735 740 4790 de
770 4736 977 4791 noxio?
1007 4755 1336 4811 quamquam
1374 4756 1483 4796 non
1511 4743 1685 4812 possit
1715 4761 1839 4800 esse

236 4836 347 4876 non
371 4822 593 4876 noxium
625 4823 787 4878 etiam
822 4826 1049 4880 verbum
1080 4827 1335 4883 otiosum.
1357 4830 1464 4884 Sed
1496 4832 1713 4887 noxium
1736 4834 1839 4889 hoc

233 4908 357 4963 loco
388 4910 614 4965 verbum
636 4927 917 4980 vocamus,
950 4915 1181 4970 verbum
1210 4917 1606 4989 deceptorium,
1639 4921 1835 4976 adula-

234 4998 455 5065 torium,
491 4998 808 5072 litigiosum,
857 5001 1073 5071 falsum,
1106 5012 1158 5059 et
1188 5014 1386 5061 caetera
1432 5008 1487 5061 in
1515 5010 1657 5065 hunc
1710 5027 1834 5066 mo-

230 5086 359 5140 dum
391 5087 562 5141 verba
590 5088 916 5157 criminalia,
952 5092 1234 5163 siquidem
1267 5102 1348 5149 est
1379 5095 1584 5152 crimen
1604 5098 1837 5169 plerum-

230 5192 336 5246 que
367 5175 422 5229 in
443 5191 560 5241 ore,
596 5176 804 5233 sicutet
836 5178 890 5233 in
930 5196 1184 5251 corpore.
1230 5183 1459 5248 Czelera,
1507 5185 1747 5258 inquam,
1778 5189 1833 5242 in

228 5270 428 5341 quibus
447 5279 499 5325 et
529 5272 676 5325 Deus
711 5273 940 5329 multum
978 5274 1286 5346 oﬂ'cnditur,
1322 5287 1374 5333 et
1403 5282 1581 5335 omnis
1611 5282 1703 5353 qui
1730 5299 1830 5338 au-

226 5358 302 5414 dit
334 5376 443 5414 non
468 5360 820 5417 mediocriter
842 5362 1076 5430 laeditur,
1100 5366 1217 5435 ipse
1249 5367 1413 5423 etiam
1444 5370 1537 5441 qui
1568 5370 1824 5442 loquitur,

222 5448 380 5519 gravi
420 5457 650 5518 peccato
682 5450 952 5507 addicitur
981 5473 1000 5509 :
1031 5452 1151 5524 ipso
1196 5456 1429 5511 Domino
1452 5466 1589 5514 teste
1622 5477 1635 5513 :
1670 5462 1828 5517 Sicut

219 5553 293 5591 ex
311 5538 492 5592 verbis
516 5538 631 5592 tuis
646 5540 1073 5609 justiﬁeaberis,
1095 5544 1176 5598 sic
1196 5548 1253 5598 et
1274 5560 1349 5600 ea:
1367 5546 1544 5601 verbis
1562 5548 1677 5603 tuis
1693 5564 1829 5604 con-

216 5625 577 5680 demnaberis
627 5626 847 5696 (Matth.
875 5644 1017 5695 xx",
1066 5632 1178 5700 37).
1216 5632 1347 5687 Vide
1379 5642 1575 5705 quanta
1621 5636 1824 5692 debeas

212 5728 535 5789 praecavere
564 5729 689 5769 cura
727 5731 793 5771 ne
823 5716 958 5774 illud
988 5717 1266 5788 incurras,
1303 5722 1451 5796 quod
1472 5730 1524 5779 te
1557 5725 1821 5782 condem-

1977 577 2167 633 bcatus
2204 578 2548 644 Benedictus,
2582 580 2637 632 in
2663 577 2871 649 Regula
2901 578 3299 633 monachorum
3330 578 3410 635 sic
3439 578 3574 634 scri-

1975 666 2053 720 bit
2085 684 2099 721 :
2132 668 2545 733 Scurrililates,
2566 668 2651 723 vel
2674 668 2834 723 verba
2852 668 3051 732 otiosa,
3073 672 3128 724 et
3151 670 3333 723 risum
3349 684 3576 723 moven-

1978 756 2078 820 tia,
2099 760 2317 811 (eterna
2333 757 2602 811 clausura
2624 758 2685 811 in
2702 755 2961 812 omnibus
2980 756 3114 813 locis
3130 755 3493 823 damnamus,
3516 760 3573 813 et

1976 845 2047 898 ad
2061 845 2175 899 tale
2192 845 2479 917 eloquium
2496 845 2837 916 discipulum
2862 846 3085 917 aperire
3116 860 3175 899 os
3196 862 3309 901 non
3325 847 3573 918 permit-

1977 930 2151 983 timus
2175 927 2404 1000 [Regula
2423 930 2478 985 S.
2513 930 2822 995 Benedicti,
2855 945 2905 983 c.
2940 928 3012 1000 6].
3039 928 3575 995 Scito,dilectissime

1974 1016 2155 1085 nobis,
2186 1016 2275 1088 qui
2313 1017 2585 1071 habitator
2611 1033 2672 1071 es
2718 1016 2892 1086 cellae,
2951 1016 3076 1089 quia
3134 1017 3493 1073 tabulationes
3523 1027 3576 1074 et

1974 1121 2156 1176 nugae,
2183 1122 2304 1177 quae
2332 1106 2388 1160 in
2409 1122 2502 1160 ore
2524 1105 2818 1161 multorum
2848 1106 3191 1162 saecularium
3223 1105 3338 1162 fere
3364 1107 3574 1163 indesi-

1972 1202 2165 1249 nenter
2194 1202 2335 1259 sunt,
2361 1193 2415 1247 in
2435 1210 2527 1249 ore
2551 1194 2790 1250 virorum
2812 1195 3217 1267 religiosorum,
3257 1203 3309 1250 et
3337 1196 3574 1252 maxime

1972 1282 2027 1336 in
2046 1298 2141 1337 ore
2186 1282 2666 1349 Carthusiensium,
2718 1283 3073 1354 blasphemiae
3113 1291 3256 1339 sunt.
3291 1284 3469 1353 Certe,
3517 1292 3577 1340 ut

1970 1372 2045 1425 ait
2074 1372 2357 1436 Dominus,
2393 1372 2567 1427 bonus
2598 1372 2759 1427 homo
2787 1372 2855 1428 de
2888 1371 3026 1428 bono
3057 1372 3323 1428 thesauro
3354 1377 3572 1445 profert

1971 1456 2113 1511 bona
2146 1456 2369 1527 (Matth.
2405 1471 2507 1519 xu,
2543 1459 2654 1526 35).
2691 1457 2747 1511 Si
2774 1456 2828 1510 in
2867 1458 3123 1512 thesauro
3163 1458 3346 1513 cordis
3377 1458 3453 1512 tui
3480 1474 3571 1513 re-

1970 1544 2146 1614 posita
2176 1552 2258 1599 est
2290 1560 2386 1614 per
2416 1560 2663 1599 amorem
2692 1545 2996 1613 ardentem,
3030 1554 3083 1601 et
3112 1546 3429 1602 exercitium
3449 1563 3576 1601 con-

1970 1632 2174 1686 tinuum
2206 1632 2387 1700 lectio,
2422 1634 2722 1702 meditatio,
2747 1634 2939 1700 oratio,
2974 1633 3121 1689 utilis
3151 1634 3291 1690 actio
3331 1634 3574 1705 proferet

1967 1720 2153 1791 utique
2202 1720 2406 1791 lingua,
2448 1721 2633 1793 aliqua
2666 1721 2892 1776 istarum
2926 1738 3049 1778 cum
3109 1740 3168 1778 se
3216 1723 3449 1779 moverit
3505 1723 3573 1777 ad

1885 1848 1938 1908 B
1968 1809 2322 1881 loquendum.
2346 1810 2402 1866 Si
2432 1812 2537 1867 hoc
2580 1812 2745 1867 modo
2775 1812 2977 1883 egeris,
3038 1828 3232 1868 sensus
3262 1821 3387 1868 tuus
3444 1813 3572 1868 illu-

1970 1898 2248 1965 strabitur,
2312 1907 2364 1954 et
2425 1900 2660 1955 exterius
2708 1916 2771 1955 os
2828 1909 2980 1955 tuum
3048 1901 3459 1968 venustabitur;
3519 1909 3574 1957 et

1968 1994 2255 2059 utrumque
2284 1988 2390 2043 hoc
2434 1988 2635 2043 bonum
2676 2005 2778 2060 per
2806 1989 3105 2044 studiosam
3156 1989 3251 2044 tibi
3281 1989 3570 2045 lectionem

1967 2074 2312 2143 conferetur;
2344 2085 2400 2131 ut
2430 2092 2540 2132 non
2572 2077 2689 2132 sine
2715 2093 2926 2148 magno
2956 2079 3216 2149 mysterio
3249 2079 3487 2150 Physon,
3511 2095 3570 2135 os

1963 2166 2201 2237 pupilla:
2231 2164 2642 2236 interpretetur.
2682 2168 2809 2222 Haec
2829 2175 3028 2234 autem,
3054 2168 3122 2222 de
3154 2183 3256 2239 qua
3280 2167 3395 2237 jam
3410 2184 3567 2239 quaa-

1964 2260 2095 2308 dam
2130 2253 2382 2320 diximus,
2417 2254 2577 2310 lectio
2621 2255 2866 2310 studiosa
2896 2256 3067 2311 erudit
3123 2272 3244 2325 nos,
3274 2263 3331 2311 ut
3376 2264 3566 2312 cante-

1962 2357 2083 2396 mus
2104 2341 2338 2397 Domino
2361 2344 2629 2399 canticum
2661 2359 2860 2399 novum
2884 2352 2936 2398 et
2962 2352 3164 2400 sanctae
3193 2360 3412 2416 semper
3441 2345 3565 2400 vita:

1962 2429 2258 2485 novitatem
2314 2431 2684 2501 parturiamus
2719 2476 2731 2498 ,
2790 2432 2919 2503 quia
2978 2442 3030 2487 et
3106 2433 3322 2504 Physon
3376 2432 3568 2487 circuit

1962 2534 2179 2573 omnem
2211 2527 2415 2574 terram
2447 2519 2682 2575 Evilath.
2716 2522 2775 2575 In
2798 2521 2902 2577 hac
2934 2529 3133 2577 sanctae
3162 2522 3415 2577 novitatis
3436 2538 3565 2593 par-

1962 2606 2235 2675 turitione,
2288 2624 2433 2663 vera:
2460 2608 2737 2679 sapientize
2766 2609 3009 2665 nascitur
3065 2626 3279 2677 aurum,
3313 2618 3366 2665 et
3404 2618 3565 2667 terra:

1959 2695 2105 2750 illius
2156 2712 2349 2750 aurum
2385 2697 2580 2751 horum
2639 2698 2805 2766 (haud
2865 2698 3091 2753 dubium
3144 2699 3272 2770 quin
3325 2699 3561 2770 Evilalh)

1959 2784 2224 2854 optimum
2238 2793 2339 2840 est.
2365 2784 2503 2853 Quia
2519 2785 2774 2840 nimirum
2801 2794 2883 2841 est
2914 2788 3199 2859 sapientia
3230 2787 3561 2859 quwdesur-

1958 2888 2083 2928 sum
2102 2877 2206 2939 est,
2224 2875 2475 2945 primum
2487 2875 2711 2947 quidem
2724 2876 2935 2946 pudica
2949 2880 3051 2942 est,
3077 2876 3280 2932 deinde
3295 2877 3557 2949 paciﬁca,

1958 2962 2230 3030 modesta,
2256 2963 2571 3030 suadibilis,
2590 2964 2744 3019 bonis
2759 2967 3143 3031 consentiens,
3157 2966 3330 3037 plena
3344 2966 3560 3021 miseri-

1958 3051 2149 3105 cordia
2172 3054 2229 3106 et
2249 3052 2533 3122 fructibus
2555 3052 2732 3118 bonis,
2756 3053 3026 3124 judicans
3047 3054 3168 3108 sine
3190 3054 3557 3110 simulatione

1957 3140 2099 3208 (Jac.
2132 3154 2255 3207 xm,
2284 3142 2394 3209 17).
2429 3140 2703 3211 Sapientia
2742 3158 2871 3195 sane
2888 3158 3069 3196 nonne
3100 3142 3287 3213 sapida
3330 3142 3556 3197 scientia

1955 3229 2086 3283 est?
2115 3228 2183 3282 Et
2212 3245 2399 3283 aurum
2446 3229 2590 3300 quod
2622 3245 2731 3285 non
2779 3230 3123 3286 solummodo
3174 3231 3399 3299 bonum,
3460 3232 3556 3287 sed

1955 3317 2100 3387 quod
2131 3317 2392 3387 optimum
2424 3326 2524 3386 est,
2550 3317 2604 3372 in
2635 3326 2779 3373 terra
2800 3319 3015 3373 Evilath
3043 3320 3302 3388 nascitur,
3337 3322 3556 3393 quando

1953 3413 2005 3460 et
2033 3405 2100 3459 ab
2116 3405 2297 3460 anima
2325 3406 2434 3477 pia,
2461 3414 2510 3462 et
2543 3406 2597 3460 in
2619 3423 2728 3479 qua
2754 3424 2856 3479 per
2888 3408 3127 3463 studium
3160 3426 3331 3465 sacras
3362 3409 3553 3465 lectio-

1951 3494 2035 3550 nis
2058 3494 2208 3550 visus
2237 3496 2465 3552 interior
2490 3495 2670 3568 [Par.,
2698 3496 3027 3553 intrinsecus
3058 3497 3191 3552 nihil
3211 3499 3553 3569 profcrturin

1951 3598 2065 3649 ore,
2098 3584 2202 3638 nisi
2233 3584 2378 3655 quod
2402 3585 2636 3655 pertinet
2675 3585 2747 3640 ad
2785 3584 3195 3641 aedificationem
3216 3587 3243 3639 ?
3274 3602 3397 3642 cum
3421 3603 3553 3641 san-

1950 3680 2052 3727 cta:
2081 3672 2334 3727 novitatis
2382 3673 2724 3744 parturitioni
2755 3673 3003 3743 intendit,
3052 3674 3298 3747 diligitur
3327 3675 3549 3741 bonum,

1949 3768 2000 3815 et
2032 3760 2085 3815 in
2117 3761 2238 3832 ipso
2267 3762 2481 3817 interno
2521 3762 2705 3833 palato
2753 3778 2872 3830 suo,
2904 3780 3028 3818 cum
3075 3763 3289 3833 abjecta
3317 3780 3546 3835 prorsus

1948 3850 2097 3904 omni
2126 3851 2417 3907 dulcedine
2449 3850 2655 3921 illicita,
2696 3851 2832 3905 nihil
2859 3852 2907 3907 ei
2939 3852 3201 3908 dulcescit
3250 3852 3353 3907 nisi
3402 3853 3550 3908 solus

1949 3940 2118 4006 Deus,
2144 3940 2278 4010 sapit
2306 3940 2355 3994 ei
2377 3941 2523 4012 quod
2552 3941 2793 3996 omnium
2824 3949 2907 3996 est
2965 3942 3228 3997 bonorum
3261 3942 3545 4013 optimum.

1947 4029 2014 4083 Et
2044 4028 2124 4083 sic
2145 4037 2228 4083 est
2257 4028 2351 4084 uni
2381 4046 2582 4085 nomen
2615 4030 2832 4101 Physon
2868 4048 2881 4084 :
2906 4038 2958 4086 et
2988 4031 3065 4087 sic
3109 4030 3299 4086 circuit
3328 4046 3549 4087 omnem

1945 4124 2147 4171 terram
2179 4117 2411 4184 Evilath,
2445 4118 2537 4173 ubi
2565 4119 2802 4175 nascitur
2834 4135 3044 4188 aurum,
3078 4127 3130 4175 et
3162 4136 3348 4175 aurum
3388 4127 3549 4175 terrae

1944 4203 2091 4259 illius
2122 4205 2384 4276 optimum
2419 4214 2533 4262 est;

2404 4405 2799 4463 CAPITULUM
2843 4408 3040 4464 XVIII.

2013 4571 2019 4603 ε
2068 4563 2363 4623 generibus
2435 4563 2767 4612 sanctarum
2838 4563 3280 4617 meditationum
3374 4563 3539 4621 uibus

2013 4626 2309 4701 intendere
2336 4626 2493 4681 debet
2522 4630 2618 4701 qui
2652 4630 2715 4683 in
2744 4630 2889 4684 cella
2932 4632 3225 4685 solitarius
3266 4580 3441 4701 sedet,
3476 4640 3531 4691 et

2013 4697 2080 4751 de
2112 4696 2363 4751 studiosa
2384 4696 2560 4753 sacra:
2579 4700 2891 4771 Scripturte
2926 4703 3344 4760 recordatione.

2013 4848 2181 4903 Porro
2210 4864 2409 4903 nomen
2460 4849 2687 4905 secundi
2736 4849 2884 4906 fluvii
2931 4852 3107 4924 Gyon,
3167 4854 3256 4926 qui
3313 4868 3436 4911 cum
3468 4856 3536 4911 sit

1938 4937 2250 5007 prceruptio,
2282 4937 2474 4993 circuit
2494 4955 2712 4994 omnem
2736 4948 2936 4995 terram
2956 4942 3257 5013 tEthiopim.
3293 4945 3415 5015 Ipsa
3447 4955 3531 5002 est

1937 5026 2234 5091 meditatio,
2270 5044 2393 5098 qua1
2420 5028 2682 5100 quidquid
2714 5037 2797 5083 est
2833 5031 3150 5102 zEthiopicze
3195 5033 3522 5105 nigredinis,

1935 5114 2003 5167 ad
2034 5115 2238 5185 peccati
2272 5116 2590 5185 pertinentis
2626 5117 3047 5186 deformitatem,
3090 5121 3405 5193 priusquam
3434 5142 3535 5195 per

1934 5219 2263 5258 consensum
2286 5204 2525 5261 animam
2555 5206 2851 5262 deformem
2887 5209 3117 5265 reddere
3138 5211 3331 5281 possit,
3364 5213 3537 5268 virili-

1935 5299 2018 5346 ter
2047 5300 2099 5347 ct
2130 5294 2372 5348 valenter
2404 5294 2710 5352 resistendo
2738 5300 3066 5368 perrumpit.
3102 5300 3236 5355 Cum
3267 5300 3413 5357 enim
3445 5302 3535 5357 in-

1933 5388 2101 5436 ternae
2140 5382 2508 5438 meditationis
2530 5384 2745 5454 puritati
2781 5386 2961 5441 anima
2994 5395 3181 5443 sancta
3230 5406 3295 5444 ex
3349 5392 3499 5446 omni
3522 5423 3534 5433 -

1928 5478 2083 5538 parte
2116 5486 2175 5524 se
2204 5470 2453 5540 intenst,
2487 5473 2636 5528 nulla
2666 5489 2788 5528 eam
2818 5474 2921 5529 sibi
2962 5476 3376 5547 quamtumlibet
3410 5480 3531 5535 vio-

1928 5555 2072 5611 lenta
2104 5559 2327 5613 tentatio
2363 5576 2460 5629 per
2520 5576 2849 5617 consensum
2891 5564 3163 5633 subjicere
3205 5565 3366 5622 valet.
3404 5569 3527 5623 Mox

1926 5645 2127 5715 quippe
2158 5655 2213 5700 ut
2245 5647 2315 5701 ad
2354 5647 2526 5717 ipsam
2565 5648 2762 5704 mentis
2785 5651 3010 5719 januam
3049 5653 3270 5724 pulsare
3303 5655 3525 5711 tentatio

1923 5732 2130 5805 incipit,
2164 5734 2209 5788 si
2257 5735 2311 5789 in
2354 5735 2616 5792 defaecata
2662 5738 3014 5796 meditatione
3070 5740 3311 5814 perfecte
3365 5758 3525 5799 mens
