3938 6418
335 373 433 425 831

1163 368 1505 426 GUIGONIS
1544 369 1591 424 II
1629 368 2039 424 CARTHUSIAE
2077 366 2372 423 MAIORIS
2409 367 2709 425 PRIORIS.

3531 381 3642 435 832

334 503 602 568 occupata
630 494 810 550 fuerit.
842 495 975 565 Ejus
1005 494 1259 550 nimirum
1284 494 1451 562 vires,
1508 511 1617 550 non
1647 503 1757 549 tam
1814 510 1933 566 quae
1952 495 2009 555 Α
2036 492 2287 549 fortassis
2318 493 2726 550 meditationum
2774 512 2978 567 genera
3026 514 3147 569 quae
3192 499 3545 556 rationabiles
3580 510 3642 557 et

328 586 443 653 jam
473 591 771 639 nocuerunt
814 583 1099 654 abrumpit,
1146 600 1308 656 quam
1336 600 1404 638 ne
1435 584 1503 637 de
1560 599 1703 638 novo
1733 598 1934 638 nocere

334 672 549 728 valeant
596 672 901 743 perrumpit
956 672 1143 743 [Parc.
1198 671 1555 744 praerumpit].
1594 672 1821 737 Idcirco,
1854 680 1931 737 tu,

336 762 427 832 qui
457 760 729 815 habitator
758 777 817 815 es
848 760 1020 826 cellzr,
1067 760 1207 816 sicut
1236 761 1329 814 tibi
1376 761 1516 831 sapit
1573 761 1817 814 studiosa
1848 760 1933 813 le-

335 849 458 914 ctio,
495 866 615 920 qua:
645 856 725 903 est
765 849 1000 919 Physon,
1034 865 1156 905 cum
1189 849 1305 918 ejus
1362 865 1535 921 aquas
1568 849 1729 916 bibis,
1791 848 1935 918 (quae

334 937 523 993 circuit
553 953 770 992 omnem
793 945 993 992 terram
1024 938 1259 1001 Evilatb,
1293 937 1382 991 ubi
1415 938 1677 1008 optimum
1698 937 1937 991 nascitur

331 1042 518 1081 aurum
539 1027 578 1095 ;)
609 1026 687 1080 sic
718 1025 1067 1080 nihilominus
1102 1026 1274 1097 sapiat
1306 1026 1401 1079 tibi
1461 1025 1745 1079 meditatio
1768 1041 1926 1095 pura,

333 1131 455 1187 quae
484 1122 536 1169 et
566 1114 755 1169 circuit
786 1131 1004 1169 omnem
1038 1123 1236 1170 terram
1259 1114 1565 1185 Ethiopize.
1609 1115 1749 1168 Nam
1772 1113 1932 1167 nimis

334 1202 644 1274 periculose
676 1202 883 1257 evomis
914 1202 1177 1273 quidquid
1208 1202 1501 1257 scribendo
1515 1202 1581 1255 de
1600 1202 1757 1273 aquis
1787 1218 1933 1254 sum-

334 1291 490 1362 psisti
524 1292 761 1362 Physon,
794 1291 896 1344 nisi
929 1291 1106 1345 statim
1121 1291 1189 1345 de
1208 1291 1361 1363 aquis
1392 1291 1550 1345 bibas
1580 1290 1756 1361 Gyon.
1784 1290 1935 1345 Sicut

334 1379 478 1434 enim
506 1378 695 1451 legere
726 1387 779 1434 et
808 1395 916 1433 non
935 1379 1241 1450 intelligere
1265 1379 1548 1450 negligere
1571 1388 1671 1443 est,
1698 1378 1776 1433 sic
1806 1394 1933 1449 pro-

333 1466 476 1522 fecto
505 1467 649 1522 lecta
678 1476 729 1522 et
757 1467 1030 1522 intellecta
1057 1467 1325 1532 oblivisci,
1358 1467 1484 1539 quid
1507 1467 1651 1520 aliud
1674 1475 1754 1519 est
1773 1482 1931 1538 quam

336 1555 558 1611 omnino
589 1555 822 1626 perdere
852 1556 1114 1627 quidquid
1178 1555 1414 1627 legendo
1472 1563 1522 1609 et
1581 1555 1934 1625 intelligendo

335 1643 616 1715 acquisisti
647 1645 675 1698 τ
702 1643 833 1698 Sunt
862 1653 1045 1698 autem
1079 1643 1265 1715 plures
1307 1643 1718 1698 meditationum
1762 1642 1931 1709 modi,

338 1732 537 1803 quibus
566 1748 690 1787 cum
729 1732 968 1787 studiose
1001 1732 1314 1798 intenderis,
1351 1733 1422 1787 ab
1480 1732 1731 1789 stabilem
1777 1731 1937 1785 nimi-

2036 583 2424 637 convenientes
2455 599 2520 637 ex
2542 600 2601 637 se
2628 599 2819 639 causas
2841 586 3183 656 producunt;
3218 588 3317 642 sed
3342 588 3445 643 ista
3474 590 3641 644 nobis

2034 671 2087 725 in
2118 671 2372 741 praesenti
2421 680 2792 727 occurrerunt.
2854 674 2920 728 Et
2957 690 3102 731 nunc
3155 676 3281 730 audi
3324 677 3541 747 plenius
3579 686 3641 733 et

2036 759 2351 829 perfectius,
2373 767 2427 813 tu
2457 760 2548 831 qui
2579 760 2850 816 habitator
2897 762 3052 818 cellae
3078 779 3158 829 es,
3209 764 3457 835 quaedam
3510 782 3639 836 qua:

2035 848 2307 917 pertinent
2334 848 2399 902 ad
2430 849 2565 903 haec.
2600 850 2807 920 Itaque,
2833 857 2891 905 ut
2920 851 3154 921 primum
3173 852 3243 907 de
3263 853 3441 922 primo
3467 854 3640 909 modo

2036 952 2344 991 sermonem
2369 937 2593 991 habeam
2625 938 2695 992 ad
2726 945 2797 1008 te,
2832 939 3031 993 sedens
3055 940 3109 993 in
3141 940 3281 996 cella
3309 948 3418 1009 tua,
3451 951 3640 997 mente

2034 1041 2135 1095 per
2161 1041 2351 1079 omnes
2382 1024 2577 1080 divinae
2595 1025 2810 1096 paginae
2840 1026 3009 1082 libros
3030 1027 3312 1095 discurre;
3344 1029 3640 1086 comitante

2036 1114 2283 1167 silentem
2315 1114 2455 1168 hanc
2482 1113 2897 1169 ruminationem
2929 1124 2981 1170 et
3023 1116 3455 1172 recordationem
3483 1126 3637 1173 tuam

2034 1201 2412 1273 intelligentia,
2439 1218 2663 1273 eamque
2723 1202 3075 1270 clarificante,
3117 1204 3334 1260 revolve
3364 1207 3508 1276 apud
3557 1215 3634 1273 te,

2035 1290 2144 1345 imo
2176 1290 2313 1343 intra
2346 1298 2415 1355 te,
2446 1290 2501 1343 in
2532 1298 2733 1361 mente,
2768 1308 2888 1363 qua:
2916 1292 2971 1346 in
3002 1292 3157 1347 libris
3186 1302 3311 1348 sunt
3340 1294 3634 1365 legalibus,

2036 1386 2088 1431 et
2109 1378 2256 1431 libris
2288 1379 2763 1449 prophetarum,et
2791 1380 3286 1451 agiographorum;
3310 1383 3408 1438 sed
3439 1392 3491 1437 et
3513 1400 3639 1453 quae

2036 1466 2380 1521 continentur
2408 1467 2461 1520 in
2491 1467 2644 1521 libris
2677 1485 2799 1539 qua:
2827 1468 2896 1523 ad
2945 1469 3158 1524 Novum
3202 1470 3471 1540 pertinent
3523 1472 3637 1526 Te-

2036 1563 2383 1621 stamentum,
2414 1556 2868 1626 evangelistamm
2887 1556 3136 1612 videlicet
3167 1566 3220 1612 et
3241 1559 3635 1629 apostolorum,

2035 1652 2195 1714 atque
2225 1643 2511 1699 doctorum
2541 1644 2929 1699 catholicorum
2972 1646 3312 1701 narrationes
3351 1654 3403 1700 et
3458 1664 3638 1719 gene-

2036 1732 2297 1796 rationes,
2332 1740 2558 1786 eventus
2588 1739 2641 1787 et
2674 1741 2831 1804 gesta
2863 1752 2876 1800 ;
2905 1732 3017 1788 sive
3047 1750 3169 1805 quae
3198 1735 3474 1801 historice,
3517 1735 3639 1791 sive

337 1836 460 1875 rum
489 1827 726 1874 mentem
756 1827 905 1874 tuam
948 1820 1328 1887 maturitatem,
1360 1828 1411 1875 et
1439 1828 1702 1874 maturam
1761 1818 1933 1873 stabi-
1955 1846 2008 1907 B
2038 1837 2158 1891 quae
2189 1820 2483 1892 allegorice
2514 1828 2604 1874 aut
2633 1821 2993 1893 tropologice,
3024 1822 3109 1877 vel
3142 1830 3286 1878 certe
3306 1824 3637 1894 anagogice,

337 1908 547 1962 litatem
574 1908 909 1981 restringere
939 1908 1164 1979 poteris.
1190 1909 1386 1980 Sicque
1416 1924 1584 1979 coges
1615 1923 1735 1962 eam
1764 1915 1821 1961 ut
1852 1924 1936 1962 so-

337 1995 447 2051 lide
478 1996 738 2050 subsistat
765 1996 819 2049 in
841 2013 920 2062 se,
954 2012 1057 2052 nec
1088 2012 1146 2051 se
1176 1996 1262 2052 vel
1291 1997 1525 2051 inaniter
1554 1996 1732 2051 elevet
1770 2011 1935 2065 supra

339 2100 419 2150 se,
452 2083 539 2139 vel
567 2084 840 2139 enerviter
868 2084 1087 2153 dejiciat
1121 2084 1309 2139 subtus
1341 2100 1420 2139 se.
1472 2085 1588 2139 Nec
1618 2084 1919 2152 sordescat,

334 2172 575 2243 inquam,
607 2188 731 2227 cum
761 2171 917 2227 fuerit
945 2173 1012 2226 ab
1061 2172 1153 2228 illo
1182 2188 1396 2228 summo
1446 2172 1715 2245 magistro
1770 2187 1936 2243 super

335 2269 580 2317 tumenta
609 2268 768 2316 terra:
799 2261 1024 2328 edocta;
1058 2277 1158 2317 nec
1187 2261 1471 2317 inanescat
1501 2276 1623 2317 cum
1655 2277 1821 2331 super
1848 2276 1939 2314 vo-

334 2350 513 2405 lucres
541 2350 666 2406 caeli
704 2350 935 2405 erudita.
968 2350 1120 2406 Sicut
1149 2358 1334 2405 autem
1365 2350 1525 2419 hujus
1546 2349 1613 2404 de
1647 2365 1754 2421 qua
1786 2348 1940 2421 loqui

338 2438 691 2510 proponimus
718 2438 1087 2494 meditationis
1127 2438 1327 2495 diversi
1385 2438 1534 2494 modi
1578 2446 1720 2504 sunt,
1756 2437 1828 2491 ita
1885 2444 1938 2492 et

336 2526 585 2582 diversas
613 2526 669 2580 in
697 2526 879 2582 animo
912 2527 1223 2581 meditantis
1266 2543 1461 2583 causas
1518 2526 1769 2599 gignunt.
1822 2527 1937 2580 Nos

341 2623 523 2671 autem
560 2614 711 2669 illum
758 2615 932 2686 primo
972 2615 1093 2671 loco
1142 2616 1367 2670 modum
1412 2615 1684 2686 ponimus,
1747 2631 1853 2685 quo
1882 2613 1937 2668 in

342 2703 655 2759 meditantis
702 2711 880 2758 mente
911 2719 1079 2759 causa
1141 2704 1391 2775 procedit
1445 2703 1762 2758 eruditionis
1795 2721 1809 2768 ;
1844 2718 1938 2756 se-

343 2792 541 2861 cundo,
572 2791 665 2865 qui
692 2808 910 2848 causam
941 2792 1117 2865 gignit
1146 2793 1353 2848 doloris
1386 2800 1438 2848 et
1493 2792 1701 2847 timoris
1734 2810 1747 2856 ;
1781 2790 1938 2846 tertio

340 2896 470 2937 vero
501 2881 620 2936 loco
648 2880 902 2951 ponimus
925 2881 1097 2946 illum,
1121 2881 1213 2953 qui
1233 2881 1578 2937 occasionem
1595 2880 1939 2934 administrat

341 2969 546 3024 amoris
575 2976 630 3023 et
661 2969 1078 3036 consolationis;
1102 2977 1298 3041 quarto
1327 2985 1563 3041 quoque,
1592 2969 1659 3023 de
1684 2984 1791 3039 quo
1811 2984 1939 3039 per-

337 3057 467 3128 cipit
505 3073 659 3111 mens
690 3072 916 3112 causam
958 3057 1173 3128 pietatis
1203 3072 1256 3112 et
1286 3057 1715 3128 compassionis;
1750 3056 1939 3127 quinto

297 3173 301 3176 ν
340 3160 491 3212 vero,
524 3145 594 3200 de
623 3160 730 3216 quo
758 3144 1105 3201 discretionis
1135 3162 1299 3200 causa
1328 3145 1473 3200 venit
1519 3152 1571 3201 et
1597 3144 1937 3214 abjectionis;

342 3241 495 3289 sexto
524 3233 647 3289 loco
678 3232 830 3288 illum
858 3234 1114 3304 ponimus
1171 3234 1411 3300 modum,
1442 3234 1511 3288 de
1567 3249 1675 3305 quo
1708 3232 1854 3288 venit
1882 3232 1938 3286 in

339 3322 521 3378 anima
551 3322 918 3378 renovationis
970 3339 1084 3378 suae
1114 3339 1277 3378 causa
1307 3331 1359 3377 et
1400 3322 1764 3394 reparationis
1797 3341 1811 3389 ;
1845 3338 1938 3377 se-

336 3411 507 3482 ptimo
538 3427 776 3484 quoque,
810 3412 879 3467 de
909 3427 1017 3484 quo
1047 3412 1283 3482 stuporis
1312 3427 1479 3467 causa
1509 3411 1655 3467 venit
1676 3418 1728 3467 et
1756 3410 1938 3465 admi-

339 3500 613 3568 rationis;
672 3508 867 3556 octavo
918 3500 1072 3555 illum
1128 3501 1379 3572 ponimus
1427 3501 1667 3567 modum,
1720 3516 1828 3572 quo
1882 3500 1937 3554 in

337 3598 519 3646 mente
548 3589 858 3646 meditantis
889 3589 985 3644 illa
1017 3589 1385 3657 revolvuntur,
1420 3605 1541 3662 qua)
1571 3597 1695 3644 sunt
1750 3588 1938 3644 invisi-

337 3678 469 3733 bilia
496 3686 548 3733 et
562 3677 860 3749 spiritualia
877 3697 891 3746 ;
909 3678 1007 3733 sed
1037 3686 1087 3732 et
1118 3677 1271 3733 illum
1291 3678 1639 3734 nihilominus
1659 3677 1934 3748 ponimus,

339 3782 448 3839 quo
476 3783 632 3822 mens
670 3766 860 3821 sobria
889 3774 941 3821 et
972 3774 1161 3821 sancta
1192 3766 1262 3820 ab
1290 3766 1437 3821 omni
1461 3781 1571 3821 non
1591 3765 1933 3821 solummodo

337 3853 625 3911 aﬂ'ectione
654 3854 886 3924 impura,
922 3855 1019 3909 sed
1049 3862 1102 3909 et
1130 3854 1199 3908 ab
1229 3854 1378 3909 omni
1408 3854 1737 3927 cogitatione
1766 3854 1941 3909 otiosa

336 3959 565 4015 prorsus
596 3958 794 4013 expers
826 3940 1017 3998 effecta
1048 3950 1102 3997 et
1130 3941 1329 4009 aliena,
1362 3958 1458 4013 per
1514 3942 1782 3997 visionem
1830 3958 1940 3999 non

332 4033 449 4102 jam
479 4030 838 4102 spiritualem,
872 4030 970 4085 sed
1000 4044 1102 4085 nec
1131 4029 1465 4097 rationalem,
1516 4030 1613 4085 sed
1643 4046 1742 4101 per
1769 4029 1938 4085 visio-

336 4135 463 4176 nem
490 4119 673 4190 potius
716 4118 1157 4186 intellectualem,
1192 4118 1245 4173 in
1269 4118 1398 4189 ipsis
1454 4119 1601 4174 veris
1643 4118 1817 4190 ipsam
1847 4136 1934 4174 ve-

328 4208 546 4263 ritatem
576 4208 752 4262 beatis
782 4207 1068 4279 conspicit.
1119 4207 1219 4263 Hic
1248 4224 1401 4278 purae
1434 4207 1630 4263 mentis
1663 4207 1857 4263 beatus
1881 4205 1940 4261 fit

334 4296 583 4353 excelsus
610 4295 665 4350 in
695 4297 889 4362 Deum,
927 4295 1018 4367 qui
1043 4296 1158 4365 jam
1188 4312 1296 4352 non
1351 4296 1582 4367 simplex
1641 4295 1934 4362 meditatio,

336 4386 433 4441 sed
463 4385 739 4441 excellens
761 4385 1304 4456 valetcontemplatio
1325 4384 1530 4441 vocari.
1548 4386 1607 4439 In
1622 4401 1688 4439 ea
1709 4399 1939 4456 eamque

335 4474 427 4547 pia
456 4482 508 4530 et
538 4490 805 4530 succensa
833 4490 1008 4539 mens,
1044 4490 1206 4529 omne
1238 4489 1455 4545 corpus,
1489 4489 1790 4545 omnesque
1812 4489 1938 4528 cor-

330 4578 531 4635 poreas
562 4562 830 4633 imagines
875 4563 1367 4634 similitudinesque
1411 4561 1829 4627 transcendens,
1882 4561 2009 4620 inD

335 4653 456 4724 ipsa
481 4652 601 4708 luce
630 4652 907 4721 Veritatis,
942 4652 998 4706 in
1025 4669 1133 4724 qua
1172 4669 1301 4708 vere
1334 4659 1386 4707 et
1416 4668 1546 4707 vera
1590 4659 1717 4706 sunt
1764 4650 1947 4706 omnia

340 4740 634 4813 praaterita,
667 4741 958 4811 priesentia
989 4749 1042 4796 et
1076 4741 1293 4809 futura;
1326 4757 1428 4796 nec
1459 4740 1944 4815 aliterxpraaterita,

341 4845 504 4903 quam
550 4828 723 4884 futura
779 4830 865 4886 vel
912 4830 1236 4900 praesentia;
1286 4844 1390 4885 nec
1441 4829 1599 4884 aliter
1629 4827 1942 4899 praesentia,

336 4934 495 4990 quam
523 4918 799 4989 praeterita
829 4918 914 4973 vel
947 4917 1148 4984 futura;
1180 4933 1284 4972 nec
1328 4916 1482 4972 aliter
1523 4917 1723 4983 futura,
1782 4932 1946 4989 quam

336 5006 643 5079 praesentia,
686 5006 771 5060 vel
801 5005 1098 5076 praeterita;
1133 5005 1230 5059 sed
1289 5004 1469 5070 simul,
1530 5013 1584 5060 et
1624 5020 1860 5074 semper,
1894 5013 1950 5059 et

334 5096 529 5151 eodem
551 5094 717 5149 modo
748 5093 948 5158 omnia,
985 5107 1325 5163 quaecunque
1359 5092 1408 5147 ei
1441 5092 1652 5148 Veritas
1683 5092 1949 5148 revelavit

340 5183 575 5255 simplici
603 5180 798 5237 intuitu
826 5180 1248 5251 contemplatur.
1285 5178 1564 5251 Quidquid
1587 5180 1639 5233 in
1664 5181 1767 5234 hac
1786 5179 1949 5234 fuerit

339 5269 550 5325 visione
570 5267 639 5320 ab
669 5265 852 5319 anima
883 5271 1077 5319 sancta
1109 5280 1246 5335 pure
1278 5264 1734 5335 comprehensum
1760 5307 1772 5330 ,
1822 5279 1948 5319 vere

341 5356 671 5411 luminosum
718 5369 841 5407 esse
890 5360 1123 5419 constat,
1158 5360 1213 5407 et
1247 5360 1474 5408 certum.
1512 5354 1635 5422 Ipsa
1691 5360 1774 5407 est
1829 5369 1949 5425 qua:

343 5450 551 5499 semota
583 5442 789 5497 visione
819 5441 1141 5514 imaginaria
1165 5445 1372 5513 pariter
1402 5449 1455 5496 et
1484 5441 1844 5511 phantastica,
1868 5440 1948 5496 νί-

345 5531 553 5587 sionem
584 5530 888 5585 sensualem
921 5538 971 5585 et
1002 5530 1339 5601 spiritualem
1369 5528 1649 5599 clariﬁcat,
1682 5538 1738 5584 ut
1770 5529 1864 5584 fiat
1893 5529 1950 5584 in

346 5636 411 5674 ea
435 5619 647 5689 videns,
678 5619 763 5675 vel
795 5619 1055 5691 mysteria
1078 5619 1327 5692 loquens,
1361 5619 1450 5675 vel
1498 5619 1711 5676 occulta
1741 5618 1951 5691 patefa-

345 5709 516 5775 ciens,
540 5708 625 5765 vel
655 5717 884 5766 ventura
914 5709 1306 5780 pranuntians.
1354 5709 1493 5765 Sunt
1530 5716 1710 5765 autem
1757 5716 1811 5765 et
1840 5708 1949 5764 alia

2037 1917 2179 1963 recte
2211 1917 2263 1963 et
2293 1909 2556 1965 catholice
2577 1910 2927 1980 intelligenda
2959 1918 3099 1965 sunt.
3147 1911 3261 1965 Duc
3316 1913 3641 1967 considera-

2032 1997 2236 2052 tionem
2255 2005 2401 2051 tuam
2422 1998 2490 2051 ab
2520 1997 2639 2068 ipso
2671 1998 2857 2052 mundi
2878 1998 3122 2067 exordio,
3155 2015 3256 2070 per
3286 2014 3353 2055 ea
3374 2016 3496 2071 quae
3538 2016 3642 2070 per

2035 2093 2269 2157 quatuor
2297 2086 2709 2141 successionum
2759 2086 3116 2141 variationem
3162 2086 3311 2158 [Pan
3364 2088 3638 2143 narratio-

2034 2174 2153 2244 nes]
2207 2182 2331 2227 sunt
2378 2173 2521 2228 facta
2567 2181 2619 2228 et
2649 2174 2811 2242 'dicta,
2849 2190 2943 2246 per
2987 2182 3174 2230 aetates
3206 2191 3321 2244 sex,
3362 2192 3463 2246 per
3508 2183 3645 2230 tem-

2036 2278 2171 2333 pora
2203 2262 2438 2332 tria,per
2459 2270 2628 2316 status
2650 2262 2787 2317 duos
2812 2280 2825 2316 :
2846 2270 3204 2333 etatempore
3242 2263 3643 2320 Incarnationis

2038 2350 2235 2405 Christi
2274 2366 2445 2421 usque
2505 2350 2573 2404 ad
2622 2350 2781 2419 hujus
2822 2350 3083 2421 temporis
3130 2350 3325 2418 fecem,
3391 2367 3508 2423 quae
3568 2352 3641 2406 ad

2038 2438 2214 2509 ipsum
2245 2438 2537 2504 Christum,
2571 2456 2693 2510 qua}
2723 2438 2884 2494 etiam
2913 2439 2984 2493 ad
3012 2439 3308 2509 apostolos,
3342 2447 3396 2495 et
3424 2447 3640 2511 marty-

2038 2544 2148 2592 res,
2182 2534 2235 2581 et
2269 2526 2635 2593 confessores,
2657 2534 2709 2581 et
2739 2527 2983 2599 virgines
3023 2535 3290 2598 spectant.
3325 2528 3497 2597 Quam
3527 2544 3644 2583 ma-

2038 2631 2205 2687 gnum
2239 2616 2337 2669 sub
2370 2614 2582 2670 silentio
2612 2615 2664 2669 in
2697 2616 2863 2670 corde
2896 2622 2986 2670 tuo
3016 2615 3418 2688 multiloquium
3446 2617 3500 2670 in
3535 2615 3643 2671 sin-

2038 2704 2183 2774 gulis
2220 2702 2231 2758 !
2266 2704 2406 2757 Num
2441 2704 2659 2774 quando
2690 2705 2805 2759 ha‘c
2850 2703 3034 2759 omnia
3063 2712 3115 2759 et
3144 2704 3361 2776 singula
3416 2705 3557 2759 intra
3586 2712 3641 2761 te

2040 2792 2299 2858 ruminas,
2325 2808 2447 2846 esse
2469 2792 2618 2847 solus
2652 2793 2705 2845 in
2734 2792 2871 2847 cella
2902 2792 3167 2847 dicendus
3189 2809 3248 2846 es
3267 2793 3294 2846 ?
3310 2794 3430 2848 Non
3451 2794 3641 2864 utique
3705 2846 3712 2851 .

2038 2888 2167 2935 tunc
2207 2880 2356 2933 solus
2386 2896 2464 2938 es.
2490 2881 2617 2952 quia
2646 2896 2767 2934 cum
2800 2880 2886 2934 his
2914 2880 3207 2953 diligenter
3236 2881 3489 2951 intendis,
3522 2881 3642 2936 uni-

2040 2984 2217 3024 versae
2256 2969 2323 3023 de
2354 2968 2550 3040 quibus
2583 2970 2693 3041 agit
2722 2976 2876 3023 vetus
2906 2976 2959 3023 et
2986 2984 3130 3023 nova
3160 2969 3454 3040 Scriptura,
3487 2977 3541 3025 et
3569 2970 3641 3025 de

2040 3058 2236 3129 quibus
2267 3057 2321 3111 in
2355 3057 2647 3128 Scripturis
2668 3058 2885 3111 Patrum
2916 3057 3009 3129 qui
3038 3065 3158 3128 post
3208 3058 3641 3113 Incarnationem

2042 3145 2260 3200 fuerunt
2292 3146 2494 3202 mentio
2533 3145 2608 3212 fit,
2654 3155 2833 3201 tecum
2891 3145 3126 3217 quodam
3182 3147 3346 3201 modo
3389 3162 3641 3217 persona:

2040 3243 2182 3289 sunt.
2214 3235 2332 3289 Nisi
2362 3235 2486 3307 quia
2517 3235 2622 3290 hoc
2645 3233 2892 3290 fortassis
2911 3234 3247 3306 peramplius
3270 3242 3322 3289 et
3341 3235 3637 3306 perfectius

2039 3332 2141 3392 est,
2177 3323 2305 3395 quia
2329 3323 2382 3378 in
2416 3332 2467 3378 te
2491 3339 2707 3395 quoque
2741 3330 2866 3378 sunt
2900 3338 2913 3377 :
2945 3330 2997 3377 et
3024 3339 3279 3396 magnam
3320 3323 3538 3395 quidem
3572 3338 3641 3379 ac

2040 3412 2268 3468 multam
2298 3413 2383 3468 hic
2405 3413 2675 3484 percipies
2718 3411 3097 3479 eruditionem,
3151 3412 3242 3483 qui
3273 3412 3443 3483 ipsam
3500 3411 3645 3467 intra

2040 3509 2092 3557 te
2116 3517 2286 3558 sacrze
2320 3501 2616 3573 Scriptura:
2647 3499 3069 3572 comprehendis
3100 3500 3530 3557 universitatem.

2540 3679 2936 3736 CAPITULUM
2964 3679 3120 3735 XIX.

2042 3829 2118 3886 De
2146 3829 2246 3886 illo
2276 3830 2671 3887 meditationis
2685 3831 2867 3896 modo,
2903 3831 3072 3903 quiin
3092 3832 3285 3886 animo
3302 3830 3641 3887 meditanti:

2117 3917 2335 3970 timoris
2367 3915 2549 3986 gignit
2578 3932 2812 3972 causam
2841 3919 2897 3971 et
2928 3915 3153 3981 doloris,
3175 3915 3356 3988 quiin
3376 3919 3497 3972 octo
3513 3931 3638 3975 m0-

2112 4004 2207 4060 do:
2253 4004 2552 4060 dividitur.

2112 4138 2450 4194 Meditationi
2479 4139 2605 4195 huic
2634 4137 2878 4196 succedit
2900 4139 3026 4204 alia,
3052 4146 3105 4193 et
3125 4138 3278 4211 est(o
3307 4146 3383 4207 tu,
3414 4139 3504 4210 qui
3534 4139 3640 4194 ha-

2044 4228 2244 4284 bitator
2282 4245 2341 4282 es
2387 4227 2565 4299 cellae)
2623 4244 2744 4298 quae
2794 4227 3106 4299 specialiter
3153 4228 3385 4299 pertinet
3440 4227 3511 4282 ad
3564 4236 3638 4283 te.

2045 4318 2255 4373 Sedens
2285 4317 2463 4388 itaque
2494 4316 2549 4370 in
2578 4316 2714 4371 cella
2748 4324 2838 4371 tua
2894 4315 3137 4388 recogita
3167 4316 3222 4370 in
3278 4316 3643 4372 amaritudine

2043 4405 2239 4460 animae
2269 4413 2375 4460 tua:
2406 4420 2581 4459 annos
2612 4413 2665 4459 et
2693 4404 2812 4459 dies
2865 4412 3021 4471 tuos;
3067 4405 3295 4461 volvens
3322 4404 3465 4459 intra
3512 4412 3563 4460 te
3593 4413 3646 4460 et

2043 4494 2333 4550 revolvens
2365 4510 2485 4566 qua:
2517 4502 2570 4549 et
2625 4500 2827 4565 quanta
2858 4501 2911 4549 et
2969 4492 3154 4564 qualia
3207 4493 3381 4562 mala,
3438 4492 3533 4547 ubi
3591 4500 3644 4548 et

2047 4583 2285 4654 quando,
2319 4597 2428 4653 qua
2457 4582 2733 4637 voluntate
2762 4589 2815 4636 et
2843 4580 3161 4646 intentione,
3196 4582 3293 4636 sed
3322 4589 3375 4636 et
3404 4581 3645 4653 quandiu

2049 4672 2162 4727 sive
2194 4672 2247 4725 in
2280 4679 2461 4726 mente
2492 4670 2606 4726 sive
2636 4671 2691 4724 in
2721 4685 2884 4726 carne
2914 4678 3007 4725 tua
3052 4669 3391 4725 commisisti.
3452 4669 3645 4743 Cogita

2048 4769 2101 4816 et
2133 4760 2382 4833 recogita
2412 4760 2552 4814 intra
2582 4767 2654 4824 te,
2690 4774 2853 4830 quam
2886 4759 2962 4813 sis
3007 4766 3061 4813 et
3089 4766 3271 4814 mente
3306 4765 3358 4814 et
3413 4773 3648 4828 corpore

2048 4841 2312 4909 inﬁmus,
2346 4859 2506 4914 quam
2535 4841 2796 4913 proclivis
2829 4841 2897 4896 ad
2949 4841 3099 4911 vitia,
3161 4858 3325 4913 quam
3380 4840 3647 4897 invalidus

2048 4932 2116 4986 ad
2150 4931 2390 4996 virtutes,
2425 4945 2590 5002 quam
2619 4929 2802 4984 multis
2847 4930 2922 4984 sis
2979 4929 3267 4985 timoribus
3312 4937 3644 4994 contractus,

2048 5019 2331 5075 doloribus
2360 5017 2605 5085 afﬂictus,
2665 5017 2945 5073 erroribus
3000 5034 3193 5091 vagus,
3252 5018 3395 5073 curis
3453 5017 3647 5072 anxius

2050 5107 2451 5178 suspicionibus
2475 5107 2786 5179 inquietus:
2822 5106 3016 5178 quibus
3056 5105 3380 5178 quantisque
3433 5106 3652 5177 pericu-

2048 5196 2115 5251 lis
2144 5197 2219 5251 sis
2250 5196 2557 5267 expositus,
2591 5194 2822 5251 vinculis
2851 5194 3074 5266 ligatus,
3107 5195 3360 5250 sordibus
3391 5194 3643 5265 inquina-

2050 5293 2157 5352 tus,
2187 5284 2417 5356 piaculis
2445 5284 2703 5355 repletus,
2737 5300 2899 5354 quam
2954 5299 3286 5355 magnorum
3338 5283 3413 5337 sis
3442 5282 3646 5337 multo-

2050 5390 2276 5446 rumque
2314 5373 2582 5428 malorum
2613 5373 2848 5427 molibus
2879 5388 3196 5443 oppressus.
3258 5371 3507 5440 Qualiter
3536 5370 3649 5426 fere

2048 5462 2389 5518 incessanter
2418 5461 2616 5516 alienis
2645 5476 2679 5515 a
2708 5468 2780 5530 te,
2814 5459 3099 5515 dilanieris
3127 5460 3185 5513 in
3214 5467 3287 5528 te,
3330 5458 3650 5514 dilacereris

2050 5551 2189 5605 intra
2216 5559 2287 5617 te,
2320 5549 2603 5620 dissiperis
2635 5556 2784 5604 extra
2814 5556 2888 5615 te,
2950 5548 3226 5617 dcjiciaris
3266 5546 3408 5601 infra
3464 5555 3517 5602 te
3574 5550 3653 5615 (et

2048 5638 2423 5711 prosternaris
2454 5638 2645 5693 subtus
2676 5645 2748 5704 te,
2782 5637 2880 5692 sed
2903 5645 2951 5693 et
2974 5636 3211 5691 inaniter
3231 5635 3461 5691 eleveris
3482 5651 3654 5706 supra

2049 5736 2125 5784 te.
2157 5728 2226 5782 Et
2255 5726 2383 5799 quia
2412 5726 2574 5782 nimis
2606 5726 2831 5798 longum
2863 5733 2965 5794 est,
2999 5726 3109 5781 imo
3157 5723 3495 5799 impossibile
3552 5740 3655 5781 no-

3386 5922 3409 5947 ο
