3938 6426
285 340 386 400 833

1422 344 1625 400 LIBER
1663 344 1758 400 DE
1794 339 2181 399 EXERCITIO
2221 341 2479 397 CELLE.

3497 333 3600 393 83L

284 470 370 525 bis
401 477 482 526 est
511 485 704 526 omnes
748 485 1040 525 numerare
1079 468 1437 535 calamitates,
1486 484 1626 541 quas
1671 470 1815 525 intus
1846 475 1899 523 et
1918 470 1973 529 A
2002 480 2123 531 xxv,
2158 465 2270 536 30).
2293 467 2440 522 Unus
2469 465 2634 520 homo
2666 472 2782 520 erat
2800 463 2893 537 qui
2912 479 3015 536 pro
3044 479 3110 520 eo
3141 463 3289 520 solus
3314 463 3599 535 ingressus

286 566 438 614 extra
470 557 636 613 miser
686 558 888 629 patitur
929 558 1114 625 homo,
1154 558 1335 630 cogita
1364 559 1641 630 quomodo
1670 559 1746 612 sis
1777 557 1894 629 ipse

292 647 485 702 similis
532 646 994 703 descendentibus
1040 646 1097 701 in
1143 646 1319 703 lacum
1352 663 1365 701 :
1399 654 1453 702 et
1497 646 1605 701 nisi
1646 646 1741 701 tibi
1772 662 1896 719 gra-

290 736 425 791 tuita
473 735 782 791 Conditoris
819 736 894 790 tui
942 736 1086 791 adsit
1132 736 1324 808 gratia,
1376 735 1501 790 talis
1528 752 1589 791 es
1629 735 1683 791 in
1715 743 1896 790 tenta-

291 826 457 891 tione,
509 825 684 896 qualis
732 832 815 879 est
865 823 947 880 vel
997 839 1124 880 cera
1166 840 1195 879 a
1225 824 1365 880 facie
1405 823 1570 897 ignis,
1608 823 1690 880 vel
1720 824 1898 895 pulvis

288 908 598 965 levissimus
628 908 681 963 in
713 908 845 964 ﬂatu
874 908 1343 965 vehementissimi
1374 908 1540 963 venti.
1575 910 1899 980 Repraesen-

292 1005 366 1052 tet
400 997 495 1051 tibi
523 1005 648 1068 post
694 996 812 1053 haec
853 996 910 1051 in
957 1005 1139 1053 mente
1180 1005 1269 1052 tua
1312 997 1432 1068 ipsa
1477 998 1757 1052 meditatio
1785 1004 1895 1063 tua,

296 1102 462 1158 quam
489 1084 745 1141 terribilis
793 1084 862 1140 sit
906 1085 1024 1157 ipse
1051 1085 1319 1141 universae
1348 1094 1610 1141 creaturae
1640 1085 1903 1141 Conditor
1932 1100 1939 1103 '

293 1173 350 1229 in
382 1173 623 1230 consiliis
670 1189 836 1245 super
885 1172 1025 1230 filios
1071 1173 1372 1244 hominum,
1407 1175 1772 1245 reproborum
1801 1190 1902 1230 nec

295 1262 443 1318 mala
471 1262 706 1329 diluens,
739 1277 842 1318 nec
874 1262 1020 1319 bona
1050 1271 1364 1334 acceptans,
1398 1263 1625 1334 insuper
1656 1270 1707 1319 et
1738 1263 1904 1319 corda

297 1366 491 1406 eorum
520 1352 668 1421 justo
699 1352 797 1406 sed
845 1351 1057 1407 occulto
1086 1352 1295 1421 judicio
1327 1368 1426 1407 suo
1454 1368 1564 1406 non
1595 1352 1901 1422 emolliens,

297 1439 397 1495 sed
427 1439 591 1494 etiam
621 1438 906 1509 indurans,
938 1456 1007 1496 ne
1029 1448 1380 1496 convertatur
1409 1449 1462 1496 et
1491 1449 1643 1495 sanet
1663 1456 1780 1495 eos.
1802 1441 1904 1496 Co-

297 1528 412 1601 gita
437 1527 574 1583 intra
604 1536 655 1584 te
686 1529 830 1600 quod
859 1528 1225 1585 Ecclesiastes
1254 1529 1405 1595 dicit,
1442 1529 1567 1600 quia
1597 1534 1732 1585 sunt
1762 1531 1905 1599 iusti

298 1622 353 1673 et
365 1619 669 1690 sapientes,
696 1622 750 1673 et
771 1634 940 1691 Opera
961 1634 1155 1673 eorum
1177 1621 1237 1674 in
1253 1635 1428 1674 manu
1444 1619 1542 1673 Dei
1556 1623 1689 1673 sunt
1712 1639 1731 1686 ;
1753 1622 1808 1674 et
1826 1623 1906 1673 ta-

300 1722 433 1762 men
462 1708 647 1762 nescit
693 1707 856 1762 homo
892 1711 1090 1762 utrum
1122 1723 1314 1763 amore
1340 1724 1417 1763 an
1445 1707 1565 1763 odio
1597 1708 1801 1777 dignus
1830 1709 1905 1762 sit

303 1795 507 1865 (Eccle.
541 1809 623 1861 Ix,
656 1795 750 1865 1);
783 1793 881 1850 sed
897 1794 1155 1851 omniain
1170 1794 1406 1850 futurum
1428 1803 1735 1851 servantur.
1755 1796 1906 1851 Tunc

300 1890 455 1937 erunt
485 1889 656 1949 certa,
701 1882 920 1954 quando
968 1890 1026 1939 ut
1055 1900 1114 1938 se
1159 1884 1414 1939 emendet
1455 1884 1640 1949 homo,
1688 1900 1791 1939 nec
1821 1884 1905 1940 lo-

302 1986 427 2027 cum
449 1972 561 2041 jam
588 1971 831 2039 habebit,
864 1988 966 2027 nec
994 1979 1229 2044 tempus.
1262 1972 1404 2028 Dicit
1432 1972 1562 2028 item
1583 1972 1727 2027 idem
1750 1972 1867 2043 ipse
1892 1991 1905 2028 :

301 2059 602 2115 Considera
630 2076 799 2132 Opera
830 2060 958 2127 Dei,
995 2060 1138 2133 quod
1172 2077 1339 2115 nemo
1381 2062 1563 2133 possit
1604 2061 1905 2132 corrigere,

301 2163 463 2220 quem
485 2149 586 2204 ille
607 2148 930 2221 despexerit
950 2149 1156 2220 (Eccle.
1182 2164 1279 2215 vn,
1307 2150 1416 2221 14).
1444 2149 1628 2205 Statue
1647 2156 1771 2220 post
1792 2150 1910 2205 haec

306 2244 430 2292 ante
460 2235 650 2293 oculos
679 2236 1139 2293 considerationis
1168 2245 1293 2304 tuae,
1315 2237 1494 2309 ipsum
1522 2237 1718 2294 anima)
1739 2245 1845 2293 tuae
1879 2252 1912 2293 a

302 2340 536 2396 corpore
564 2341 849 2398 egressum
877 2325 1184 2399 depingens
1214 2326 1379 2383 modo
1420 2327 1565 2382 intra
1613 2335 1683 2393 te,
1746 2342 1912 2398 quam

307 2413 568 2468 terribilis
616 2413 713 2469 tibi
746 2414 846 2470 erit
875 2415 1010 2470 hora
1039 2414 1150 2481 illa,
1190 2422 1242 2470 et
1271 2415 1395 2471 ideo
1421 2431 1532 2471 non
1561 2415 1913 2471 mediocriter

308 2501 469 2557 etiam
507 2518 652 2559 nunc
694 2503 985 2560 metuenda
1005 2504 1035 2560 ?
1064 2512 1269 2576 quanta
1298 2504 1402 2560 erit
1432 2512 1578 2573 tunc,
1615 2512 1667 2560 et
1696 2504 1750 2559 in
1788 2504 1911 2559 ani-

306 2606 396 2646 ma
427 2598 517 2647 tua
544 2591 855 2663 trepidatio,
889 2600 942 2648 et
971 2592 1029 2648 in
1056 2607 1287 2664 corpore
1309 2601 1401 2649 tuo
1422 2592 1658 2663 afflictio,
1692 2594 1912 2665 quando

307 2679 447 2735 duos
475 2680 608 2736 istos
642 2681 724 2751 (ut
770 2680 847 2738 sic
876 2681 1080 2752 dicam)
1112 2682 1312 2749 socios,
1348 2681 1442 2754 qui
1472 2679 1630 2738 simul
1658 2682 1911 2754 aliquan-

307 2775 364 2824 to
394 2767 613 2825 fuerunt
644 2770 791 2839 (dico
835 2778 1017 2826 autem
1047 2770 1117 2827 de
1162 2787 1398 2842 corpore
1430 2779 1521 2827 tuo
1551 2780 1604 2827 et
1632 2772 1701 2827 de
1730 2771 1914 2827 anima

309 2856 426 2929 tua)
477 2857 755 2929 separabit
783 2858 852 2914 ab
891 2858 1126 2917 invicem
1174 2875 1357 2916 amara
1398 2868 1451 2916 et
1492 2860 1713 2917 inimica
1739 2875 1910 2916 mors.

311 2946 575 3003 Meditare
630 2964 774 3004 nunc
821 2948 967 3020 apud
1019 2957 1092 3019 te,
1143 2948 1253 3004 imo
1312 2949 1458 3005 intra
1498 2958 1568 3018 te,
1620 2966 1737 3021 qua:
1789 2957 1916 3005 tunc

313 3035 414 3090 erit
445 3035 541 3091 tibi
569 3035 625 3090 in
663 3044 863 3103 mente,
916 3052 1027 3094 non
1065 3037 1241 3093 solum
1290 3038 1530 3094 omnium
1574 3055 1695 3111 quae
1727 3039 1783 3094 in
1810 3039 1917 3094 hoc

311 3124 515 3179 mundo
574 3133 699 3181 sunt
744 3142 946 3195 rerum,
998 3127 1096 3181 sed
1145 3134 1197 3183 et
1235 3135 1555 3183 cunctorum
1604 3129 1912 3196 charorum,

312 3213 611 3268 amicorum
639 3221 692 3270 et
720 3223 1008 3286 parentum
1039 3214 1267 3272 oblivio.
1304 3217 1373 3271 Et
1406 3216 1508 3272 erit
1539 3225 1665 3272 tunc
1697 3217 1918 3288 quidem

312 3300 439 3357 hinc
469 3302 739 3374 egressio,
774 3302 871 3359 sed
901 3303 1191 3376 ignoratur
1220 3304 1433 3375 penitus
1463 3322 1571 3377 quo
1600 3305 1916 3378 emigratio;

315 3390 689 3462 sicutquidem
712 3391 787 3447 ait
807 3392 876 3447 de
894 3392 1077 3463 seipso
1111 3408 1124 3447 :
1159 3393 1445 3465 Egredior,
1467 3395 1565 3450 sed
1583 3397 1773 3451 nescio
1789 3412 1917 3467 quo,

316 3479 411 3535 sed
448 3481 638 3535 nescio
684 3482 953 3552 quando;
992 3497 1095 3537 nec
1126 3481 1308 3553 aliqua
1350 3482 1573 3554 spiritus
1619 3483 1689 3539 ad
1719 3499 1921 3554 corpus

314 3576 440 3624 ante
469 3568 826 3625 novissimum
856 3569 1002 3626 diem
1032 3578 1286 3642 speratur
1307 3571 1570 3639 reversio,
1591 3572 1743 3642 juxta
1772 3572 1920 3628 illam

313 3672 500 3711 veram
530 3658 702 3713 sancti
750 3656 851 3713 viri
893 3658 1242 3727 sententiam,
1277 3676 1400 3732 quae
1430 3660 1555 3715 talis
1586 3668 1669 3716 est
1703 3675 1716 3715 :
1749 3659 1921 3718 Homo

318 3761 450 3800 cum
467 3746 763 3802 dormierit
783 3763 900 3803 non
921 3749 1187 3820 refulget,
1214 3749 1389 3805 donec
1406 3753 1701 3805 atteratur
1720 3752 1924 3806 caelum

321 3850 437 3890 non
465 3835 632 3905 evigil
639 3834 777 3902 abit,
812 3852 916 3892 nec
947 3841 1248 3909 consurget
1271 3838 1337 3893 de
1357 3854 1569 3895 sommo
1590 3855 1688 3895 suo
1708 3839 1779 3909 (II
1797 3838 1921 3894 Cor.

319 3937 377 3989 v,
414 3924 522 3994 10).
573 3923 791 3979 Deserit
832 3939 1030 3995 corpus
1060 3925 1303 3997 spiritus,
1337 3927 1566 3999 ipsoque
1596 3927 1728 3982 illud
1759 3928 1925 3983 dese-

320 4018 476 4067 rente
516 4012 741 4068 moritur
783 4029 1004 4085 corpus.
1050 4014 1236 4087 Itaque
1285 4030 1483 4087 corpus
1517 4016 1662 4088 quod
1699 4016 1830 4072 vivit
1858 4032 1926 4071 ex

319 4099 521 4169 anima,
553 4099 611 4155 ﬁt
658 4101 927 4157 exanime.
958 4102 1029 4159 Ut
1057 4104 1201 4159 enim
1221 4103 1410 4160 beatus
1430 4104 1561 4161 dicit
1590 4104 1927 4178 Augustinus

318 4188 491 4260 (quod
522 4196 575 4246 et
612 4205 713 4246 nos
751 4190 991 4263 quotidie
1028 4191 1085 4247 in
1127 4192 1195 4248 iis
1225 4191 1319 4265 qui
1365 4209 1466 4249 nos
1495 4194 1807 4264 prascedunt
1836 4193 1925 4247 in-

322 4285 572 4346 tuemur;
607 4278 745 4335 sicut
801 4276 855 4336 et
906 4279 962 4334 in
1008 4280 1187 4348 nobis,
1250 4298 1373 4337 eum
1422 4288 1635 4353 tempus
1677 4290 1928 4338 nostrum

322 4367 625 4436 advenerit,
670 4368 762 4440 qui
801 4376 959 4424 erunt
986 4371 1309 4441 superstites
1338 4370 1711 4443 intuebuntur)
1741 4371 1927 4428 disce-

322 4455 483 4511 dente
515 4456 715 4523 anima,
749 4457 841 4530 qui
888 4458 1203 4514 ambulabat
1250 4460 1416 4529 jacet,
1472 4460 1565 4532 qui
1602 4459 1933 4532 loquebatur

1997 562 2079 609 est
2127 553 2246 609 sine
2302 553 2536 618 macula,
2568 553 2661 625 qui
2691 561 2744 608 et
2774 553 2922 608 solus
2978 552 3121 608 liber
3164 552 3306 608 inter
3344 560 3593 608 mortuos

1998 641 2120 709 fuit,
2154 643 2303 697 solus
2334 657 2551 714 quoque
2585 642 2772 697 dicere
2799 640 2970 713 potuit
3000 658 3022 699 ι
3057 642 3215 698 Venit
3233 642 3307 697 ad
3327 657 3417 697 me
3430 642 3599 714 prin-

1997 736 2123 803 ceps
2144 730 2349 786 mundi
2380 732 2569 803 hujus,
2623 734 2680 786 et
2708 732 2773 785 in
2802 747 2892 786 me
2920 747 3036 786 non
3077 730 3241 786 habet
3271 731 3595 803 quidquam.

1998 819 2120 874 Non
2163 827 2245 874 est
2272 818 2468 890 aliquis
2513 826 2756 875 nostrum
2804 818 2857 873 in
2891 835 2997 890 quo
3026 834 3138 874 non
3166 818 3367 874 habeat
3394 817 3602 891 aliquid

2000 923 2177 961 suum.
2201 907 2419 963 Intuere
2447 908 2706 978 posthaec
2727 906 3177 962 considerationis
3207 915 3312 961 tuae
3341 907 3522 973 oculo,
3545 906 3601 961 in

2000 995 2121 1066 ipsa
2166 995 2379 1051 interna
2418 996 2767 1051 meditatione
2801 1003 2925 1065 tua,
2961 994 3090 1067 quid
3120 995 3188 1050 de
3231 1003 3325 1051 tuo
3370 1010 3603 1067 corpore

2002 1084 2126 1151 erit,
2159 1093 2451 1157 postquam
2483 1085 2553 1140 ab
2583 1101 2650 1140 eo
2679 1084 2859 1139 anima
2890 1091 2983 1139 tua
3010 1084 3325 1140 recesserit.
3354 1085 3479 1140 Non
3506 1101 3603 1140 au-

2003 1180 2111 1228 tem
2156 1189 2384 1228 necesse
2415 1173 2579 1229 habet
2620 1173 2848 1228 multum
2878 1172 3133 1229 laborare
3170 1173 3226 1228 in
3253 1172 3604 1244 praevidendo

2003 1262 2108 1318 hoc
2136 1262 2414 1317 meditatio
2444 1270 2536 1317 tua
2561 1281 2574 1329 ;
2612 1262 2741 1334 quia
2771 1262 2900 1333 quid
2938 1277 3102 1333 super
3120 1262 3226 1318 hoc
3265 1262 3460 1317 debeat
3480 1278 3607 1317 sen-

2003 1351 2125 1420 tire,
2157 1350 2276 1421 ipse
2310 1366 2528 1422 qquue
2559 1358 2611 1406 te
2637 1358 2843 1406 certum
2876 1350 3054 1406 reddit
3083 1350 3385 1422 corporalis
3404 1366 3604 1421 aspec-

2003 1446 2109 1493 tus.
2145 1439 2287 1494 Nam
2316 1439 2456 1495 vade
2503 1440 2684 1508 modo,
2711 1448 2765 1495 et
2821 1440 2977 1509 cujus
3007 1438 3246 1494 volueris
3284 1439 3481 1495 mbrtui
3510 1454 3605 1495 se-
3660 1446 3669 1450 ’

2004 1528 2256 1599 pulcrum
2288 1527 2441 1599 aperi
2489 1536 2542 1583 et
2574 1528 2803 1599 inspice.
2844 1529 3040 1583 Nonne
3071 1528 3115 1583 si
3166 1529 3271 1584 hoc
3302 1528 3520 1587 feceris.
3549 1526 3605 1581 in

2006 1623 2212 1669 tantum
2261 1623 2314 1672 et
2345 1616 2592 1687 aspectui
2650 1617 2754 1672 erit
2785 1624 2839 1671 et
2870 1615 3094 1672 olfactui
3138 1616 3284 1687 quod
3325 1614 3609 1687 apparebit

2005 1704 2241 1772 horrori,
2275 1713 2333 1759 ut
2363 1712 2612 1759 neutrum
2643 1704 2828 1775 aliquo
2871 1704 3045 1775 possit
3075 1705 3240 1760 modo
3266 1704 3354 1761 vel
3383 1705 3454 1759 ad
3482 1719 3607 1759 mo-

2007 1800 2250 1848 mentum
2283 1793 2550 1849 sustinere
2570 1792 2597 1847 ?
2628 1793 2788 1849 Certe
2809 1792 3091 1864 apparebit
3111 1793 3347 1849 cadaver
3374 1792 3609 1848 horribi-

2010 1881 2191 1937 biliter
2248 1880 2444 1948 fetens,
2478 1881 2768 1953 putredine
2818 1889 3055 1947 scatens,
3102 1882 3375 1937 vermibus
3431 1888 3611 1935 scatu-

2008 1969 2158 2025 riens
2193 1984 2205 2023 :
2239 1976 2292 2025 et
2317 1985 2490 2041 usque
2512 1970 2582 2025 ad
2612 1970 2717 2025 hoc
2748 1969 3000 2025 deveniet
3029 1969 3174 2024 istud
3203 1969 3272 2025 de
3299 1984 3408 2041 quo
3437 1968 3612 2040 loqui-

2010 2075 2132 2113 mur
2160 2073 2381 2129 corpus,
2414 2065 2473 2113 ut
2519 2057 2588 2113 sit
2617 2066 2740 2130 post
2799 2058 3004 2114 exitum
3063 2057 3278 2125 animae,
3309 2058 3465 2124 fetor,
3492 2063 3615 2128 post

2013 2146 2264 2214 fetorem,
2312 2146 2578 2218 putredo;
2612 2155 2737 2218 post
2797 2147 3163 2219 putredinem,
3214 2147 3457 2213 vermis;
3490 2152 3616 2218 post

2014 2252 2279 2305 vermem,
2312 2235 2462 2291 omni
2515 2235 2742 2308 pulvere
2800 2236 3087 2307 abjectior,
3119 2235 3300 2307 vilior,
3332 2235 3528 2303 fedior,
3561 2240 3617 2290 et

2012 2322 2228 2381 fetidior
2271 2323 2470 2395 pulvis.

2540 2444 3104 2531 CAPITULUM‘xx.

2014 2609 2089 2663 De
2134 2609 2392 2679 generali
2445 2609 2865 2664 resurrectione
2911 2611 3288 2679 mortuorum,
3340 2610 3396 2663 et
3429 2608 3614 2679 plenis

2084 2678 2511 2742 damnatorum,
2546 2682 2602 2733 et
2632 2680 2881 2749 qualiter
2907 2679 3087 2750 repeti
3117 2678 3354 2733 debeant
3371 2678 3465 2733 illi
3492 2682 3615 2734 octo

2087 2750 2260 2820 modi,
2295 2752 2359 2805 in
2390 2752 2586 2823 quibus
2619 2751 2840 2805 timoris
2868 2749 3073 2805 existit
3095 2765 3268 2805 causa
3296 2752 3353 2804 et
3382 2749 3611 2805 doloris.

2085 2865 2207 2919 Jam
2241 2863 2357 2935 tibi,
2391 2864 2482 2936 qui
2509 2864 2780 2920 habitator
2813 2880 2872 2920 es
2903 2864 3056 2920 cellae
3095 2871 3497 2935 praemonstret,
3548 2863 3618 2920 de

2023 2969 2134 3025 qua
2165 2968 2478 3009 sermonem
2507 2952 2683 3008 habeo
2711 2952 2778 3007 ad
2809 2959 2881 3019 te,
2910 2961 3002 3007 tua
3028 2952 3329 3019 meditatio,
3354 2952 3535 3024 aliqua
3550 2952 3619 3008 de

2019 3042 2202 3098 futura
2231 3041 2327 3097 illa
2354 3041 2410 3097 in
2439 3041 2737 3098 novissimo
2769 3042 2857 3097 die
2905 3042 3238 3097 resurrectio
3279 3049 3620 3097 mortuorum

2017 3130 2265 3204 generali
2292 3149 2306 3197 ;
2341 3131 2561 3203 quando
2590 3131 2645 3185 in
2676 3128 2784 3185 fine
2816 3130 2998 3185 saeculi
3028 3130 3211 3186 veniet
3238 3130 3357 3202 ipse
3382 3130 3498 3186 Rex
3528 3146 3620 3186 re-

2019 3235 2168 3293 gum,
2203 3228 2255 3275 et
2276 3219 2445 3289 jndex
2474 3219 2723 3276 vivorum
2753 3227 2807 3274 et
2852 3227 3210 3275 mortuorum.
3244 3220 3311 3275 Et
3339 3218 3519 3275 veniet
3565 3218 3620 3274 in

2019 3316 2285 3380 potestate
2316 3324 2516 3380 magna
2546 3316 2599 3364 et
2628 3310 2909 3377 majestate
2920 3307 3278 3378 judicaturus,
3312 3307 3404 3379 qui
3448 3307 3505 3362 in
3533 3307 3622 3362 in-

2022 3397 2279 3453 firmitate
2310 3406 2361 3453 et
2388 3397 2686 3452 humilitate
2743 3397 2949 3452 dudum
3001 3397 3150 3452 venit
3180 3396 3529 3465 iudicandus.
3552 3397 3623 3451 Et

2024 3502 2146 3543 cum
2178 3487 2343 3559 (sicut
2370 3486 2489 3558 ipse
2547 3484 2823 3558 promisit)
2881 3485 2962 3541 sic
3016 3484 3244 3551 venerit,
3305 3486 3534 3541 venient
3566 3488 3624 3540 et

2025 3587 2217 3627 omnes
2246 3572 2438 3644 angeli
2466 3572 2587 3643 ejus
2612 3586 2743 3626 cum
2772 3586 2852 3634 eo,
2888 3574 2945 3625 et
2974 3570 3467 3641 congregabantur
3485 3572 3624 3626 ante

2026 3677 2156 3717 eum
2177 3676 2372 3715 omnes
2392 3663 2614 3731 gentes.
2643 3658 2795 3714 Tunc
2815 3657 2958 3714 dicet
2972 3657 3155 3727 justis,
3182 3665 3234 3713 et
3263 3658 3387 3713 ideo
3410 3658 3628 3714 salvan-

2025 3749 2113 3803 dis
2149 3766 2163 3804 :
2201 3751 2415 3818 Venite,
2442 3748 2759 3815 benedicti;
2790 3746 3020 3817 injustis,
3046 3755 3099 3802 et
3119 3746 3242 3802 ideo
3262 3746 3585 3802 damnandis
3610 3761 3624 3801 :

2027 3837 2308 3895 Discedite
2334 3855 2371 3894 a
2398 3854 2507 3904 me,
2532 3837 2848 3893 maledicti.
2880 3836 2994 3891 Illis
3025 3836 3170 3893 dicet
3198 3836 3518 3893 :Possidete
3538 3852 3629 3892 re-

2026 3944 2244 3999 gnum;
2278 3926 2396 3981 istis
2415 3942 2545 3983 vero
2581 3942 2594 3982 :
2628 3928 2709 3982 Ite
2730 3928 2793 3982 in
2822 3927 3012 3998 ignem
3030 3929 3337 3982 aeternum.
3378 3924 3464 3981 Ol
3497 3940 3629 3997 pos-

2030 4017 2204 4071 sidete
2234 4014 2485 4088 regnun‘l'.
2522 4014 2603 4071 Ol
2639 4015 2711 4071 ite
2740 4015 2795 4069 in
2824 4015 3009 4086 ignem
3038 4022 3319 4071 aeternum.
3351 4014 3469 4070 Erit
3499 4021 3630 4071 tunc

2029 4104 2311 4175 impletum
2344 4104 2609 4161 veraciter
2638 4103 2782 4176 quod
2822 4104 2890 4159 de
2938 4103 3186 4174 reprobis
3212 4104 3266 4158 in
3299 4102 3633 4175 Apocalypsi

2030 4208 2133 4247 sua
2163 4200 2388 4248 sanctus
2407 4193 2647 4247 Joannes
2676 4191 2912 4247 narravit
2932 4191 3085 4263 quasi
3102 4190 3459 4262 praeteritum,
3484 4190 3633 4263 quod

2031 4281 2213 4336 adhuc
2246 4288 2329 4335 est
2383 4279 2651 4335 futurum.
2688 4280 2956 4347 Sustulit,
2998 4279 3190 4351 inquit,
3225 4281 3461 4350 angelus
3484 4279 3633 4352 lapi-

2032 4370 2160 4424 dem
2180 4369 2343 4442 quasi
2364 4370 2640 4425 molarem
2667 4385 2959 4438 magnum,
2986 4371 3044 4424 et
3066 4369 3223 4423 misit
3254 4369 3317 4422 in
3335 4382 3515 4435 mare,
3541 4369 3633 4424 di-

2033 4473 2169 4513 cens
2203 4475 2218 4512 :
2242 4459 2350 4514 Hoc
2368 4458 2588 4529 impetu
2607 4458 2878 4512 mittetur
2896 4456 3142 4528 Babylon
3162 4456 3269 4512 illa
3289 4458 3494 4512 civitas
3509 4472 3637 4513 ma-

322 4551 464 4600 tacet
498 4562 512 4599 :
543 4544 716 4601 clausi
758 4546 901 4601 oculi
943 4546 1120 4603 lucem
1150 4564 1260 4603 non
1306 4548 1545 4619 capiunt,
1590 4564 1751 4604 aures
1793 4547 1932 4604 nulli
1953 4551 2007 4611 D
2036 4563 2168 4618 gna,
2196 4551 2255 4603 et
2291 4546 2452 4603 ultra
2482 4563 2595 4603 non
2626 4546 2957 4601 invenietur
2976 4546 3169 4617 (Apoc.
3205 4559 3367 4611 xvm,
3393 4545 3505 4615 21).
3534 4545 3637 4602 Hic

324 4632 445 4689 voci
474 4641 777 4705 patescunt,
822 4636 1006 4691 omnia
1044 4637 1418 4693 membrorum
1459 4636 1633 4693 oﬂicia
1661 4638 1931 4709 conquie-

325 4729 501 4778 scunt.
533 4724 657 4778 Non
686 4732 770 4779 est
790 4724 881 4796 qui
902 4734 1118 4782 moveat
1137 4742 1399 4799 egressus
1420 4726 1488 4781 ad
1519 4726 1929 4799 ambulandum,

325 4826 520 4866 manus
561 4812 633 4867 ad
690 4812 1054 4885 operandum,
1112 4830 1307 4870 sensus
1364 4815 1433 4870 ad
1492 4816 1928 4888 percipiendum.

325 4899 520 4955 Nonne
550 4900 650 4955 ista
681 4909 765 4957 est
802 4902 1016 4970 domus,
1058 4919 1220 4975 quam
1259 4903 1447 4961 nescio
1491 4904 1612 4976 quis
1642 4904 1935 4960 invisibilis

323 4988 597 5045 habitator
625 4990 897 5048 ornabat?
924 4992 1172 5048 Recessit
1218 4993 1310 5065 qui
1359 5008 1468 5049 non
1500 4993 1805 5065 videbatur,
1836 5011 1932 5050 re-

327 5078 530 5132 mansit
563 5079 711 5150 quod
750 5095 873 5136 cum
910 5080 1098 5137 dolore
1128 5081 1396 5137 videatur.
1431 5083 1559 5138 Haec
1589 5083 1780 5139 beatus
1812 5086 1934 5139 Au-
1972 5118 1988 5125 ς

326 5167 578 5239 gustinus
606 5167 675 5223 de
704 5167 809 5223 his.
846 5168 1139 5226 Convertat
1168 5187 1227 5226 se
1250 5171 1364 5241 jam
1384 5172 1452 5227 ad
1472 5171 1621 5227 aliud
1652 5172 1936 5228 meditatio

331 5264 441 5321 tua,
479 5262 533 5311 et
562 5256 859 5327 praevideat
903 5266 1066 5329 prout
1094 5266 1273 5330 potest
1303 5261 1783 5331 praesentationem
1813 5262 1935 5316 ani-

327 5361 432 5400 ma:
462 5352 569 5400 tuae
596 5361 627 5399 a
657 5361 890 5417 corpore
931 5356 1125 5416 exutae,
1170 5348 1240 5404 ad
1279 5349 1515 5405 tribunal
1561 5350 1706 5405 illius
1730 5350 1938 5419 judicis

331 5433 613 5503 terribilis,
653 5433 855 5503 judicis
899 5434 1149 5493 districti.
1194 5439 1261 5495 Ut
1304 5438 1448 5494 enim
1480 5439 1775 5510 Apostolus
1806 5439 1881 5493 ait
1915 5455 1930 5493 :

328 5522 532 5579 Omnes
552 5539 655 5579 nos
672 5526 1040 5596 mani/estari
1057 5530 1277 5599 oportet
1289 5531 1426 5583 ante
1442 5529 1697 5584 tribunal
1709 5529 1937 5585 Domini

333 5612 519 5668 nostri
539 5613 673 5669 Iesu
696 5612 943 5683 Christi;
974 5608 1044 5671 ut
1068 5617 1452 5689 unusquisque
1469 5621 1687 5687 re/erat
1699 5617 1939 5688 propria

331 5702 607 5774 corporis,
618 5705 788 5775 prout
804 5704 997 5774 gessit,
1012 5703 1126 5761 sive
1138 5704 1365 5777 bonum,
1384 5706 1496 5763 sive
1512 5707 1733 5763 malum
1743 5705 1933 5775 (Joan.

2036 4635 2264 4707 angelus
2293 4634 2384 4691 ille
2412 4643 2513 4703 est,
2547 4634 2639 4706 qui
2667 4647 2893 4689 vocatur
2924 4633 3109 4705 magni
3138 4632 3352 4689 consilii
3373 4632 3635 4704 angelus;

2037 4724 2193 4782 fortis
2243 4724 2483 4796 quidem,
2537 4724 2664 4796 quia
2713 4725 2987 4779 Dominus
3015 4726 3132 4795 ipse
3152 4724 3321 4794 [ortis
3359 4726 3416 4777 et
3436 4726 3639 4795 potens

2040 4815 2197 4885 (Psal
2229 4828 2387 4881 χχιιι,
2422 4816 2496 4885 8).
2528 4814 2650 4885 Ipse
2684 4829 2937 4886 magnam
2957 4811 3104 4866 illam
3145 4811 3510 4883 reproborum
3537 4811 3639 4867 sti-

2038 4904 2229 4977 pulum
2243 4903 2446 4959 siccam
2462 4902 2681 4958 aeternis
2703 4901 2970 4957 incendiis
2988 4908 3349 4972 praeparatam
3375 4900 3522 4972 (quae
3551 4900 3641 4955 la-

2039 4993 2125 5065 pis
2145 4992 2361 5060 dicitur,
2405 4999 2627 5063 pr0pter
2673 4990 3046 5045 insensibilem
3093 4989 3386 5057 duritiam;
3417 4988 3642 5045 molaris

2040 5098 2194 5149 vero,
2220 5081 2347 5154 quia
2367 5084 2431 5137 in
2469 5083 2723 5137 circuitu
2753 5083 2917 5153 impii
2937 5080 3238 5136 ambulant
3262 5078 3435 5151 [Psal.
3458 5094 3539 5148 χι,
3565 5077 3644 5152 9])

2041 5172 2216 5227 mittet
2232 5172 2286 5226 in
2308 5185 2459 5226 mare
2482 5179 2695 5227 azternae
2708 5169 3089 5226 damnationis.
3115 5166 3221 5237 Qui
3241 5168 3381 5240 lapis
3398 5168 3642 5237 molaris,

2041 5261 2135 5315 illa
2154 5269 2236 5315 est
2255 5260 2496 5332 Babylon
2515 5274 2737 5333 magna,
2771 5275 2892 5331 quae
2916 5259 2995 5315 sic
3010 5257 3065 5312 in
3087 5258 3191 5314 hoc
3211 5274 3363 5314 mare
3382 5257 3642 5328 mittetur,

2043 5349 2193 5422 quod
2214 5349 2352 5403 ultra
2382 5365 2493 5403 non
2535 5349 2859 5413 invenietur,
2895 5349 2962 5402 Et
3016 5362 3275 5419 magnam
3305 5346 3528 5418 quidem
3557 5361 3648 5402 so-

2042 5438 2119 5494 let
2147 5440 2265 5495 lnec
2294 5438 2348 5493 in
2379 5438 2563 5493 anima
2615 5436 2899 5493 meditatio
2957 5435 3137 5492 facere
3186 5451 3418 5506 moram,
3449 5434 3650 5506 depin—

2044 5543 2187 5599 gens
2218 5527 2363 5598 apud
2416 5542 2558 5593 eam,
2591 5526 2701 5582 imo
2756 5526 2894 5580 intra
2951 5540 3074 5580 eam
3120 5523 3273 5579 illum
3297 5522 3498 5594 judicis
3554 5523 3653 5595 qui

2048 5622 2181 5671 tunc
2199 5615 2499 5687 apparebit,
2535 5614 2830 5671 maximum
2866 5622 3156 5683 terrorem,
3189 5612 3432 5669 omnium
3458 5611 3653 5668 occul-

2046 5712 2228 5761 torum
2247 5703 2625 5774 aperitionem.
2656 5704 2800 5760 Nam
2852 5701 3117 5771 judicium
3171 5699 3381 5758 sedebit
3428 5707 3481 5756 et
3525 5698 3654 5757 libri
