3938 6428
460 390 565 443 835

1310 386 1653 445 GUIGONIS
1701 386 1749 442 II
1793 382 2202 442 CARTHUSIIE
2247 381 2543 438 MAIORIS
2586 378 2884 439 PRIORIS.

3666 386 3764 439 836

456 514 853 585 praeteritarum
896 513 1377 569 conversationum
1425 521 1478 567 et
1531 513 1871 568 internarum
1918 527 2045 567 con-
2069 513 2120 571 Α
2145 508 2350 578 judicio
2381 507 2493 575 illo,
2528 507 2598 562 ad
2637 508 2783 579 quod
2812 507 2932 579 ipsa
2954 506 3393 579 congregabitur
3413 506 3639 579 generis
3661 509 3762 563 hu-

462 602 812 658 scientiarum
870 601 1219 672 aperientur;
1278 609 1329 656 et
1390 601 1779 669 judicabuntur
1834 599 2054 671 singuli,

461 690 759 746 secundum
814 690 870 743 id
912 690 1058 761 quod
1115 690 1374 760 scriptum
1422 690 1700 744 habebunt
1744 688 1890 743 libri.
1943 690 2057 743 De-

460 778 629 850 pinge
690 793 908 849 quoque
965 779 1192 834 virtutes
1249 779 1510 835 cmlorum
1559 786 1751 843 motas,
1804 777 1974 833 caelos
2004 784 2058 831 et

461 874 640 921 terras
677 867 959 933 ardentes,
991 868 1166 938 ipsam
1198 883 1416 939 quoque
1448 867 1744 922 terribilem
1795 875 1847 921 et
1870 865 2056 919 horri-

461 954 624 1009 bilem
648 971 809 1027 quam
830 956 886 1009 in
908 956 1178 1026 reprobos
1198 956 1473 1012 exercebit
1507 955 1821 1020 vindictam,
1837 970 2055 1027 ponens

454 1060 544 1100 eos
566 1048 631 1099 ut
671 1046 963 1100 clibanum
1001 1047 1151 1116 ignis
1178 1045 1242 1100 in
1265 1049 1511 1116 tempore
1548 1045 1738 1099 vultus
1770 1044 1878 1109 sui,
1919 1058 2054 1114 quos

451 1133 570 1205 ipse
592 1133 1033 1202 conturbabit,ct
1051 1134 1334 1189 devorabit
1354 1149 1445 1189 eos
1466 1134 1615 1203 ignis
1635 1133 1808 1201 (Psal.
1828 1148 1915 1197 xx,
1940 1132 2048 1200 10).

451 1220 601 1293 Ignis
646 1221 833 1293 utique
864 1222 955 1292 qui
1006 1230 1063 1276 ut
1119 1222 1369 1292 legimus,
1422 1237 1533 1275 non
1561 1220 1944 1292 exstinguitur.
1984 1220 2053 1272 Et

448 1310 618 1364 multa
656 1309 763 1364 alia
786 1309 1067 1377 terribilia,
1120 1319 1173 1365 et
1207 1309 1508 1374 horribilia,
1544 1317 1709 1380 atque
1743 1307 2047 1373 tremenda,

450 1415 575 1469 quae
602 1406 783 1469 potest
839 1398 1022 1454 anima
1053 1407 1323 1469 utcunque
1382 1398 1718 1468 praavidere,
1776 1412 1897 1468 qua;
1926 1396 2051 1450 huic

453 1487 720 1543 studuerit
771 1486 1112 1542 meditationi
1168 1487 1396 1543 sollicite
1439 1495 1490 1541 et
1544 1485 1837 1557 diligenter
1866 1484 2050 1538 inten-

450 1577 604 1632 dere.
636 1576 757 1630 Jam
788 1591 921 1631 vero
950 1583 1075 1647 post
1103 1576 1220 1632 haec
1249 1575 1543 1631 circumeat
1565 1573 1843 1628 meditatio
1861 1580 1971 1639 tua,
1997 1579 2049 1626 et

450 1663 796 1736 perambulet
827 1669 1042 1720 terram
1072 1666 1237 1719 illam
1276 1663 1650 1727 tenebrosam,
1689 1665 1744 1717 et
1792 1664 2048 1733 opertam

447 1755 650 1809 mortis
672 1753 937 1823 caligine,
963 1756 1175 1808 terram
1192 1752 1439 1807 miseria:
1460 1755 1515 1806 et
1543 1750 1928 1813 tenebrarum,
1952 1749 2049 1803 ubi

446 1842 648 1897 umbra
667 1843 869 1897 mortis
899 1844 955 1897 et
972 1842 1171 1896 nullus
1193 1839 1342 1905 ordo,
1387 1840 1481 1895 sed
1516 1838 2041 1911 sempiternushor-
2071 1862 2124 1923 Β

442 1946 540 1986 ror
568 1931 855 1985 inhabitat
903 1929 1036 2001 (Job,
1071 1944 1132 1997 x,
1164 1932 1253 1993 2t,
1285 1930 1397 1999 22).
1433 1927 1629 1983 Videat
1677 1926 1731 1980 in
1776 1934 1921 1980 terra
1949 1925 2044 1979 illa

447 2034 640 2090 pmnas
672 2027 904 2074 aeternas
934 2018 1311 2089 reproborum,
1345 2018 1655 2089 gehennam
1694 2013 2038 2079 infernalem,

444 2108 539 2164 ubi
567 2107 713 2179 ignis
769 2107 868 2162 erit
896 2105 1382 2178 inexstinguibilis,
1416 2104 1616 2160 vermis
1672 2103 1991 2157 immortalis
2025 2119 2038 2156 :

443 2196 536 2252 ubi
555 2196 719 2252 etiam
740 2195 818 2263 (ut
855 2195 1143 2250 innumera
1172 2194 1341 2249 verbo
1389 2192 1714 2248 brevissimo
1740 2191 2040 2247 concluda-

441 2286 587 2356 mus)
618 2284 749 2339 nihil
773 2285 949 2340 aderit
968 2283 1114 2349 boni,
1134 2283 1262 2338 nihil
1287 2282 1461 2337 deerit
1484 2281 1633 2335 mali.
1660 2282 1803 2336 Ecce
1816 2279 2043 2334 medita-

444 2374 621 2429 tiones
641 2382 782 2441 octo,
810 2389 947 2445 quas
976 2372 1092 2436 tibi,
1118 2372 1211 2443 qui
1241 2371 1513 2425 habitator
1534 2387 1594 2425 es
1615 2370 1788 2435 cellae,
1829 2384 2038 2440 prOpo—

443 2462 679 2528 sui;sex
706 2461 924 2532 quidem
950 2461 1007 2515 in
1053 2460 1288 2532 capitulo
1337 2458 1687 2531 praecedenti,
1721 2457 1855 2511 duas
1906 2472 2037 2512 vero

439 2550 495 2605 in
543 2552 648 2607 hoc
672 2550 939 2622 sequenti.
975 2551 1033 2603 In
1064 2550 1162 2603 has
1185 2564 1318 2603 vero
1349 2556 1474 2603 octo
1500 2546 1883 2601 meditationes
1905 2544 2037 2599 illud

437 2639 738 2695 secundum
769 2638 1183 2694 meditationum
1204 2654 1380 2708 genus
1427 2636 1704 2701 dividitur,
1730 2634 1785 2689 in
1826 2649 1934 2706 quo
1963 2633 2036 2687 ti-

435 2728 607 2784 moris
636 2728 843 2799 pariter
860 2742 1022 2783 causa
1053 2726 1300 2782 consistit
1328 2733 1381 2779 et
1412 2724 1639 2779 doloris.
1674 2724 1787 2778 Has
1818 2738 2034 2793 quoque

436 2816 818 2872 meditationes
849 2823 991 2881 octo,
1024 2814 1345 2885 repetitione
1366 2812 1618 2869 volumus
1648 2810 2034 2881 compendiosa

437 2922 711 2971 enarrare,
750 2912 806 2959 ut
838 2920 932 2959 eas
963 2910 1017 2958 et
1060 2904 1260 2958 arctius
1300 2901 1355 2955 in
1401 2900 1665 2955 memoria
1694 2899 1948 2962 retinere,
1982 2906 2034 2953 et

437 3010 562 3050 cum
598 2993 834 3048 volueris
863 2992 1005 3046 intra
1044 2998 1095 3044 te
1134 2989 1316 3061 possis
1364 2989 1664 3043 revolvere.
1694 2987 1880 3041 Prima
1910 2994 2030 3052 est;

437 3082 507 3137 de
537 3081 720 3136 multis
769 3086 1031 3151 quantum
1083 3078 1153 3132 ad
1182 3094 1283 3133 nos
1329 3077 1537 3148 absque
1585 3091 1833 3141 numero,
1875 3083 1924 3129 et
1964 3075 2032 3129 de

440 3168 659 3241 magnis
688 3168 806 3223 sine
836 3182 1093 3221 mensura
1132 3165 1468 3235 excessibus,
1504 3180 1639 3236 quos
1688 3172 1737 3218 et
1768 3164 1821 3217 in
1851 3172 2030 3218 mente

439 3266 492 3314 et
521 3258 577 3312 in
606 3273 766 3314 carne
813 3255 1197 3311 damnabiliter
1243 3253 1631 3310 commisimus.
1664 3252 1932 3321 Secunda,
1964 3252 2031 3305 de

439 3346 693 3412 miseriis,
725 3360 845 3416 quae
890 3352 942 3399 et
968 3344 1102 3414 ipsa:
1150 3358 1467 3398 mensuram
1522 3341 1809 3407 excedunt,
1834 3347 1885 3394 et
1927 3357 2033 3394 nu-

438 3451 649 3490 merum
681 3450 789 3489 non
819 3432 1123 3500 admittunt,
1160 3448 1295 3503 quas
1325 3431 1379 3485 in
1411 3429 1577 3485 corde
1614 3437 1666 3484 et
1709 3428 1763 3483 in
1802 3444 2031 3499 corpore

436 3524 800 3589 sustinemus;
834 3529 943 3577 tam
991 3521 1098 3576 illis
1120 3537 1243 3593 quae
1264 3519 1334 3575 ad
1365 3519 1574 3590 culpam
1605 3517 1879 3589 pertinent
1928 3533 2033 3588 qua

434 3612 745 3684 polluimur,
779 3626 944 3683 quam
993 3626 1115 3681 quae
1172 3609 1240 3663 ad
1278 3625 1494 3679 pmnam
1545 3623 1649 3678 qua
1700 3606 2027 3662 cruciamur.

433 3700 617 3756 Tertia
646 3707 749 3765 est,
783 3699 851 3754 de
894 3697 1281 3764 secretissima,
1318 3695 1684 3761 severissima,
1708 3703 1761 3749 et
1788 3694 1843 3748 in
1869 3702 2032 3749 aeter-

433 3788 601 3843 nitate
667 3786 1014 3841 immobiliter
1068 3784 1174 3840 lixa
1249 3782 1738 3849 animadversione,
1773 3798 1880 3853 qua
1942 3782 2031 3837 ille

434 3875 693 3930 terribilis
742 3891 908 3944 super
957 3872 1097 3929 lilios
1152 3872 1453 3936 hominum,
1497 3871 1674 3939 justus
1705 3879 1758 3925 et
1786 3870 2031 3925 oculatus

432 3972 594 4034 atque
616 3962 896 4018 districtus
920 3961 1087 4031 judex
1118 3962 1267 4016 Deus
1295 3959 1490 4032 vigilat
1526 3975 1695 4029 super
1724 3966 2029 4015 creaturam

432 4051 816 4108 rationabilem
845 4050 1140 4121 reprobam
1164 4068 1179 4116 ;
1213 4064 1377 4120 quam
1420 4057 1473 4103 et
1503 4048 1572 4104 ab
1600 4056 1802 4103 aeterno
1833 4063 2029 4119 repro-

431 4141 544 4207 bat,
570 4143 698 4195 etin
725 4147 984 4195 aeternum
1014 4138 1256 4194 damnat.
1292 4138 1351 4192 In
1382 4152 1490 4208 qua
1519 4136 1871 4191 meditatione
1926 4136 2028 4190 de-

430 4229 824 4301 prehendimus
853 4243 953 4284 nos
981 4242 1091 4282 non
1119 4227 1327 4297 absque
1366 4225 1562 4298 grandi
1604 4225 1799 4280 timore
1829 4233 1882 4280 et
1911 4232 2028 4279 ter-

432 4334 557 4374 rore
580 4317 864 4391 ignorare,
889 4316 945 4371 in
974 4332 1080 4388 qua
1100 4316 1188 4371 via
1216 4314 1424 4370 habitet
1452 4314 1564 4381 lux,
1595 4322 1647 4369 et
1681 4313 2027 4369 tenebrarum

430 4406 552 4479 quis
583 4406 738 4463 locus
766 4405 854 4472 sit,
888 4413 941 4461 et
1000 4404 1219 4460 nescire
1298 4411 1481 4459 utrum
1513 4418 1703 4458 amore
1759 4402 1929 4457 simus
1957 4417 2027 4455 an

428 4495 556 4551 odio
583 4495 756 4567 digni.
791 4493 995 4563 Quarta
1037 4509 1256 4565 quoque
1287 4500 1370 4548 est
1413 4492 1482 4547 de
1541 4491 1635 4546 illa
1674 4490 2025 4546 resolutionis

2157 592 2302 646 mani
2333 592 2657 647 universitas
2682 610 2695 657 ;
2728 593 2797 647 de
2829 600 3029 647 terrore
3054 591 3254 660 judicis
3283 591 3338 645 in
3367 608 3475 663 quo
3505 594 3758 663 reprobis

2157 680 2481 751 apparebit;
2516 681 2584 735 de
2630 679 2933 751 prolatione
2978 679 3235 734 terribilis
3279 680 3582 744 sententiae,
3633 698 3754 752 quae

2166 769 2292 823 talis
2314 769 2411 823 erit
2434 786 2447 822 ε
2470 770 2569 835 Ite,
2593 768 2910 834 maledicti,
2932 770 2997 823 in
3019 769 3201 839 ignem
3224 772 3502 824 cetemum
3524 770 3752 840 (Matth.

2153 873 2294 922 xxv,
2328 857 2438 925 41).
2474 856 2677 913 Octava
2717 863 2796 911 est
2826 857 2894 911 de
2923 856 3204 927 suppliciis
3225 857 3545 911 eorumdem
3565 873 3757 928 repro-

2154 945 2349 1000 borum
2397 946 2452 1000 in
2497 953 2763 1001 aaternum
2801 945 3210 1011 damnatorum;
3244 945 3314 1000 ad
3344 962 3467 1017 qua:
3513 945 3751 1017 pertinet

2153 1033 2242 1089 ille
2271 1035 2339 1088 de
2371 1050 2476 1105 quo
2507 1034 2673 1088 Isaias
2703 1034 2851 1099 dicit,
2882 1033 3027 1105 ignis
3054 1050 3302 1099 exurens,
3340 1033 3540 1089 vermis
3569 1049 3754 1090 corro-

2154 1122 2288 1176 dens
2334 1122 2464 1192 (Isa.
2511 1136 2666 1187 LXVI,
2700 1121 2814 1193 24),
2850 1129 2903 1175 et
2950 1122 3231 1192 utriusque
3279 1121 3594 1187 aeternitas;
3626 1122 3751 1193 quia

2153 1211 2221 1265 de
2242 1210 2335 1264 illo
2363 1210 2562 1265 dicitur
2592 1210 2735 1281 quod
2758 1209 2857 1265 erit
2877 1209 3335 1283 inexstinguibilis
3358 1228 3372 1277 ;
3406 1210 3474 1265 de
3493 1210 3597 1265 isto
3619 1225 3751 1265 vero

2153 1299 2278 1371 quia
2306 1298 2409 1354 erit
2438 1298 2780 1353 immortalis.

2660 1494 2745 1548 CA
2754 1493 3053 1551 PITULUM
3081 1493 3232 1548 XXI.

2151 1651 2410 1719 Qualiter
2436 1654 2500 1708 in
2546 1654 2738 1708 animo
2783 1653 3121 1707 meditantis
3154 1654 3327 1707 timor
3353 1653 3595 1721 expellit
3623 1653 3750 1708 ela-

2223 1725 2453 1787 tionem,
2522 1727 2577 1778 et
2621 1724 2686 1778 de
2752 1726 2923 1778 tertio
2969 1723 3359 1779 meditationis
3422 1724 3603 1787 modo,
3653 1726 3752 1794 qui

2218 1796 2569 1849 occasionem
2596 1795 2965 1849 administrat
2998 1795 3210 1849 amoris
3240 1798 3296 1849 et
3318 1795 3744 1850 consolationis.

2216 1936 2337 1988 Istae
2367 1934 2766 2003 meditationes,
2816 1950 2952 2005 quas
2981 1948 3208 1989 numero
3238 1941 3361 1989 octo
3390 1932 3486 1987 tibi
3516 1933 3607 2005 qui
3640 1934 3747 1988 ha-

2142 2022 2342 2077 bitator
2391 2039 2450 2078 es
2489 2023 2659 2091 cella,
2711 2022 3114 2093 proposuimus,
3165 2022 3234 2076 ad
3281 2022 3432 2076 illum
3469 2022 3747 2092 pertinent

2140 2111 2509 2166 meditationis
2545 2111 2765 2166 modum
2816 2127 2979 2182 quem
3028 2110 3270 2166 secundo
3297 2110 3420 2165 loco
3447 2110 3744 2181 proposui-

2139 2216 2279 2266 mus,
2333 2200 2401 2254 de
2458 2215 2566 2272 quo
2614 2200 2777 2255 etiam
2827 2200 3061 2254 diximus
3103 2199 3248 2271 quod
3296 2198 3502 2253 doloris
3550 2198 3745 2271 gignat

2140 2303 2363 2343 causam
2392 2297 2445 2344 et
2475 2288 2708 2342 timoris.
2742 2289 2808 2343 Et
2838 2304 3025 2343 verum
3055 2287 3277 2359 quidem
3307 2286 3540 2341 diximus
3572 2302 3584 2341 :
3611 2286 3744 2357 quid

2140 2377 2285 2431 enim
2318 2376 2374 2431 in
2405 2377 2636 2447 singulis
2665 2385 2788 2432 octo
2817 2376 2903 2431 his
2931 2375 3078 2431 aliud
3105 2376 3317 2430 animus
3336 2374 3540 2430 invenit
3560 2374 3745 2429 medi-

2140 2465 2322 2532 tantis,
2358 2481 2520 2536 quam
2551 2465 2697 2536 quod
2726 2464 2886 2519 validi
2926 2464 2975 2518 ei
3006 2463 3215 2519 timoris
3246 2478 3466 2519 causam
3499 2462 3747 2518 occasio-

2137 2570 2371 2625 nemque
2411 2553 2619 2626 gignat,
2655 2559 2707 2607 et
2737 2553 2943 2607 doloris
2963 2552 2990 2605 ‘l
3020 2553 3142 2607 Ista:
3174 2560 3297 2606 sunt
3333 2551 3738 2621 meditationes,

2139 2659 2259 2713 quae
2307 2650 2542 2697 mentem
2596 2658 2720 2696 cum
2769 2642 2848 2696 eis
2890 2640 3183 2712 diligenter
3230 2639 3552 2704 intenderit;
3589 2656 3739 2710 pun-

2136 2739 2271 2802 gunt
2298 2738 2347 2785 et
2376 2729 2702 2801 percutiunt,
2733 2730 3025 2785 verberant
3050 2736 3102 2783 et
3131 2729 3423 2801 ﬂagellant,
3457 2728 3743 2783 vulnerant

2136 2827 2190 2874 et
2227 2819 2487 2886 cruciant,
2530 2818 2598 2872 ad
2638 2817 3110 2889 compunctionem
3140 2825 3438 2887 provocant
3467 2823 3519 2870 et
3547 2816 3615 2869 ad
3648 2815 3737 2869 la-

2134 2919 2350 2975 crymas
2382 2903 2643 2958 excitant.
2697 2902 2854 2956 Dolet
2884 2902 3083 2974 quippe
3113 2916 3274 2972 supra
3304 2900 3522 2955 modum
3553 2899 3738 2954 anima

2134 2992 2219 3046 his
2250 2992 2394 3047 intra
2424 3008 2482 3046 se
2504 2990 2945 3045 meditationibus
2966 2989 3258 3061 diligenter
3277 2988 3562 3043 intendens
3588 3007 3603 3056 ;
3635 2988 3739 3043 do-

2134 3080 2207 3135 let
2236 3081 2457 3152 inquam
2504 3088 2557 3134 et
2585 3080 2752 3134 timet.
2797 3079 2957 3133 Dolet
3004 3078 3250 3144 multum,
3304 3078 3431 3149 quia
3472 3093 3531 3131 se
3569 3077 3736 3131 sentit

2132 3168 2188 3223 in
2217 3168 2471 3239 praesenti
2508 3168 2622 3239 pati
2654 3175 2761 3222 tam
2797 3166 3027 3240 gravia;
3062 3167 3160 3222 sed
3189 3165 3364 3239 magis
3402 3165 3571 3231 timet,
3602 3164 3737 3236 quia

2134 3256 2388 3312 formidat
2414 3272 2482 3311 ne
2512 3256 2567 3310 in
2598 3255 2777 3329 futuro
2818 3255 3053 3326 patiatur
3082 3254 3241 3310 valde
3269 3253 3543 3325 graviora.
3577 3254 3736 3307 Hune

2134 3345 2187 3399 in
2219 3360 2278 3399 se
2307 3344 2497 3399 habuit
2541 3343 2787 3400 dolorem
2837 3352 2891 3397 et
2921 3343 3193 3411 timorem,
3225 3342 3317 3413 qui
3347 3357 3648 3398 concussus
3678 3350 3734 3396 et

2134 3441 2511 3504 compunctus,
2543 3431 2620 3487 illi
2652 3431 2876 3487 terribili
2900 3431 3071 3501 judici
3110 3431 3214 3486 hoc
3242 3430 3459 3486 dicebat
3495 3444 3508 3483 :
3546 3431 3612 3485 In
3645 3446 3733 3485 me

2136 3524 2495 3577 transierunt
2525 3523 2627 3576 ira:
2650 3524 2782 3586 tuae,
2808 3523 2863 3575 et
2882 3524 3120 3576 terrores
3140 3521 3229 3574 tui
3249 3518 3734 3575 conturbauerunt

2134 3627 2223 3666 me
2256 3611 2431 3681 (Psal.
2480 3624 2740 3675 Lxxxvn,
2793 3610 2901 3679 17).
2956 3609 3247 3679 Postquam
3277 3607 3374 3662 irae
3404 3624 3516 3662 suae
3545 3606 3602 3660 in
3629 3621 3733 3661 nos

2134 3698 2479 3764 transierunt,
2528 3706 2767 3753 terrores
2797 3697 2955 3751 etiam
2987 3696 3071 3751 sui
3101 3711 3202 3751 nos
3230 3696 3573 3760 conturbant,
3605 3694 3733 3765 quia

2131 3802 2255 3843 cum
2286 3803 2444 3858 supra
2492 3786 2712 3841 modum
2759 3785 2918 3840 nobis
2950 3785 3236 3840 videantur
3264 3784 3403 3839 dura
3432 3800 3553 3855 quae
3583 3799 3731 3838 nunc

2134 3875 2444 3942 toleramus,
2479 3875 2769 3930 metuimus
2813 3889 3032 3945 quoque
3073 3890 3142 3928 ne
3181 3872 3524 3945 exigentibus
3554 3871 3733 3942 culpis

2132 3964 2355 4030 nostris,
2389 3964 2458 4019 ad
2498 3963 2776 4018 toleranda
2806 3962 2861 4017 in
2888 3962 2995 4017 line
3026 3962 3143 4017 sine
3174 3962 3280 4016 line
3310 3962 3475 4033 longe
3504 3959 3735 4016 duriora

2131 4053 2532 4123 perveniamus.
2564 4053 2670 4106 Iste
2699 4049 3069 4106 meditationis
3101 4051 3315 4119 modus,
3350 4066 3509 4120 quem
3530 4048 3583 4102 in
3604 4057 3732 4104 octo

2131 4142 2325 4195 modos
2353 4140 2659 4207 divisimus,
2694 4139 2791 4195 tibi
2822 4139 2913 4211 qui
2942 4138 3217 4194 habitator
3246 4154 3307 4193 es
3336 4138 3507 4204 cellae,
3538 4153 3733 4208 quem-

2131 4230 2258 4285 dam
2288 4230 2379 4284 dat
2408 4228 2640 4301 ignitum
2678 4228 2883 4283 sentire
2912 4226 3168 4284 aﬂ‘ectum
3198 4245 3213 4295 ;
3247 4226 3383 4282 sicut
3412 4225 3731 4297 praecedens

2128 4318 2238 4384 ille,
2274 4318 2345 4373 ad
2386 4317 2714 4373 luminosum
2760 4317 3053 4388 quemdam
3082 4324 3135 4371 et
3162 4315 3485 4386 praeclarum
3514 4321 3565 4368 te
3595 4330 3731 4384 per-

2128 4406 2273 4462 ducit
2302 4406 2653 4461 intellectum.
2703 4406 2773 4460 Et
2802 4420 2926 4461 cum
2954 4413 3179 4476 uterque
3210 4404 3407 4459 modus
3436 4403 3504 4457 sit
3531 4402 3731 4457 admo-

2128 4497 2255 4551 dum
2284 4495 2479 4560 bonus,
2532 4494 2711 4568 magis
2756 4494 2854 4549 tibi
2902 4494 3004 4548 iste
3055 4501 3139 4549 est
3185 4492 3549 4558 necessarius,
3600 4490 3729 4561 quia

424 4584 564 4640 hora
591 4583 840 4653 terribili,
875 4583 931 4636 in
976 4599 1082 4655 qua
1111 4597 1311 4653 corpus
1369 4580 1437 4635 ab
1488 4580 1671 4634 anima
1709 4587 1763 4633 et
1789 4573 2096 4633 animamD
2126 4584 2216 4639 ille
2246 4584 2463 4655 quidem
2497 4591 2547 4638 te
2596 4582 2834 4647 instruit,
2871 4582 2969 4637 sed
2998 4581 3100 4637 iste
3129 4589 3182 4636 te
3218 4579 3418 4649 allicit;
3449 4579 3539 4634 ille
3569 4576 3727 4650 quasi

426 4689 459 4729 a
488 4688 718 4744 corpore
749 4672 1028 4743 continget
1048 4670 1309 4742 separari.
1345 4668 1545 4738 Quinta
1565 4677 1648 4723 est
1667 4668 1736 4723 de
1765 4662 2024 4722 manifes-

425 4762 623 4817 tatione
644 4762 840 4817 anima:
868 4769 997 4816 ante
1025 4759 1263 4815 tribunal
1286 4757 1522 4829 judicis;
1555 4757 1774 4829 quando
1795 4756 1920 4811 talis
1949 4756 2024 4810 ibi

427 4850 865 4922 praesentatibur,
887 4848 1065 4920 qualis
1084 4848 1211 4903 hinc
1230 4846 1550 4919 egredietur
1580 4863 1596 4901 :
1628 4846 1716 4902 cui
1735 4844 2023 4916 apparebit

427 4948 479 4994 et
508 4938 700 5005 hostis,
754 4938 823 4992 de
866 4935 1122 4992 omnibus
1161 4950 1281 4990 eam
1312 4950 1435 5004 qua:
1484 4934 1755 4989 commisit
1796 4933 2018 5001 illicitis,

427 5043 550 5099 qua:
577 5043 678 5097 per
706 5023 1081 5096 paenitentiam
1114 5030 1167 5078 et
1185 5021 1586 5078 confessionem
1618 5030 1667 5077 et
1699 5020 2023 5077 satisfactio-

428 5131 553 5171 nem
580 5114 757 5169 deleta
788 5127 899 5166 non
940 5119 1083 5177 sunt,
1134 5125 1401 5166 accusans
1435 5126 1447 5165 :
1482 5118 1536 5165 et
1582 5110 1911 5165 conscientia
1954 5109 2021 5164 iis

428 5210 715 5269 attestans,
762 5208 816 5256 et
852 5200 970 5271 ipse
1019 5198 1188 5268 judex
1259 5196 1555 5254 secundum
1594 5214 1693 5253 sua
1750 5198 1799 5253 ei
1826 5200 2022 5253 merita

427 5290 692 5348 reddens.
735 5289 896 5345 Sexta
924 5287 1168 5359 profecto
1198 5294 1281 5342 est
1308 5286 1377 5341 de
1407 5302 1472 5342 eo
1520 5287 1667 5358 quod
1695 5295 2020 5343 evacuatum

424 5380 605 5435 anima
644 5393 841 5450 corpus
873 5376 1165 5447 sepultura:
1193 5375 1445 5445 traditur,
1475 5383 1808 5432 terraterra
1863 5392 2019 5432 com-

423 5466 734 5533 mendatur,
764 5465 901 5522 cinis
948 5466 1005 5521 in
1033 5465 1274 5521 cinerem
1308 5465 1620 5532 revertitur,
1653 5480 1784 5521 caro
1814 5465 2018 5520 vermi-

425 5556 528 5612 bus
557 5570 688 5612 esca
706 5555 886 5623 datur,
918 5554 975 5610 in
1002 5554 1345 5626 putredinem
1375 5553 1644 5627 redigitur
1671 5562 1795 5626 post
1826 5562 2018 5625 putre-

425 5645 608 5701 dinem
637 5644 1036 5714 abjectissimus
1064 5643 1244 5716 pulvis
1274 5640 1524 5699 efﬁcitur.
1575 5642 1819 5714 Septima
1848 5650 1930 5699 est
1948 5643 2017 5697 de

421 5733 670 5806 generali
718 5733 1112 5790 resurrectione
1159 5738 1512 5798 mortuorum,
1555 5730 1704 5785 etde
1736 5730 2019 5785 tremendo

2124 4672 2319 4727 multas
2349 4671 2566 4727 divitias
2614 4670 2870 4737 ostendit,
2904 4671 3007 4725 iste
3036 4686 3165 4725 vero
3197 4670 3262 4724 ad
3294 4684 3481 4724 earum
3510 4676 3559 4722 te
3588 4682 3727 4737 pos-

2125 4761 2429 4816 sessionem
2474 4758 2743 4831 perducit.
2780 4759 2917 4814 Vide
2957 4758 3079 4830 quia
3117 4758 3208 4813 ille
3239 4756 3348 4813 dici
3374 4756 3528 4811 dives
3557 4755 3724 4810 debet

2124 4850 2215 4921 qui
2244 4849 2461 4905 divitias
2503 4848 2703 4903 multas
2733 4848 3000 4919 possidet,
3030 4862 3139 4901 non
3171 4853 3351 4901 autem
3383 4845 3474 4900 ille
3503 4844 3594 4915 qui
3623 4859 3723 4899 eas

2123 4938 2465 4993 solummodo
2510 4938 2654 5007 (cum
2685 4935 2794 4990 sint
2835 4935 3081 5001 alterius,
3129 4943 3181 4989 et
3224 4950 3334 4990 non
3384 4933 3518 5003 suaz)
3548 4931 3725 4988 oculis

2120 5026 2286 5083 videt.
2338 5025 2418 5081 Ibi
2444 5024 2711 5096 percipies
2743 5024 3048 5089 scientiam,
3085 5023 3174 5079 hic
3202 5031 3382 5077 autem
3413 5020 3718 5092 sapientia;

2120 5115 2194 5170 ibi
2223 5122 2279 5169 ut
2321 5114 2675 5187 agnoscendo
2723 5112 2886 5182 scias,
2919 5120 2972 5167 et
3020 5111 3243 5168 sciendo
3273 5124 3584 5183 agnoscas;
3633 5109 3723 5163 hic

2120 5212 2303 5258 autem
2331 5211 2389 5257 ut
2428 5202 2667 5257 timendo
2702 5201 2908 5267 doleas,
2961 5209 3013 5256 et
3040 5200 3277 5256 dolendo
3302 5200 3521 5254 timeas.
3560 5196 3722 5265 Quod

2119 5292 2194 5347 ibi
2240 5298 2343 5360 est,
2377 5291 2536 5363 quasi
2581 5290 2815 5345 tenuiter
2844 5289 3048 5363 fragrat
3079 5289 3134 5344 in
3165 5288 3381 5355 olfactu,
3416 5287 3560 5359 quod
3591 5302 3723 5341 vero

2118 5380 2207 5435 hic
2236 5387 2336 5450 est,
2379 5380 2540 5451 plene
2570 5379 2711 5450 sapit
2739 5379 2794 5433 in
2825 5386 3017 5451 gustu.
3065 5377 3149 5432 Illi
3180 5376 3482 5439 intendere,
3508 5374 3613 5428 nisi
3647 5374 3723 5429 si-

2117 5469 2320 5524 militer
2363 5467 2616 5523 intendas
2657 5475 2710 5522 et
2756 5467 2862 5533 isti,
2910 5465 3276 5537 periculosum
3307 5472 3391 5519 est
3429 5462 3565 5529 tibi;
3595 5463 3726 5533 quia

2118 5557 2209 5612 ille
2239 5571 2635 5627 nonnunquam
2677 5554 3020 5610 administrat
3066 5554 3376 5619 elationem,
3420 5550 3507 5606 hic
3537 5559 3723 5606 autem

2119 5661 2336 5718 semper
2362 5644 2734 5709 humilitatem,
2768 5659 2897 5699 nam
2927 5642 3156 5699 scientia
3183 5642 3352 5707 inﬂat,
3396 5648 3451 5696 et
3478 5640 3727 5713 cognitio

2117 5742 2355 5790 mentem
2382 5732 2615 5788 inaniter
2644 5733 2843 5787 exaltat
2878 5748 2890 5787 :
2926 5731 3081 5787 dolor
3109 5745 3258 5795 vero,
3289 5730 3417 5785 dum
3449 5744 3726 5800 compun-
