  <div class='ocr_page' id='page_1' title='image "/cluster/home/n/w/nwhite01/storage/ocr_20150623/153-154/uc1.31175019678096/424.png"; bbox 0 0 3938 6406; ppageno 0'>
   <div class='ocr_carea' id='block_1_1' title="bbox 194 328 300 381">
    <p class='ocr_par' dir='ltr' id='par_1_1' title="bbox 194 328 300 381">
     <span class='ocr_line' id='line_1_1' title="bbox 194 328 300 381; baseline 0 -1"><span class='ocrx_word' id='word_1_1' title='bbox 194 328 300 381; x_wconf 81' lang='lat'>837</span> 
     </span>
    </p>
   </div>
   <div class='ocr_carea' id='block_1_2' title="bbox 1325 313 2381 377">
    <p class='ocr_par' dir='ltr' id='par_1_2' title="bbox 1325 313 2381 377">
     <span class='ocr_line' id='line_1_2' title="bbox 1325 313 2381 377; baseline -0.002 0"><span class='ocrx_word' id='word_1_2' title='bbox 1325 320 1528 377; x_wconf 78' lang='lat' dir='ltr'><strong>LIBER</strong></span> <span class='ocrx_word' id='word_1_3' title='bbox 1566 318 1661 373; x_wconf 89' lang='lat' dir='ltr'>DE</span> <span class='ocrx_word' id='word_1_4' title='bbox 1698 313 2084 374; x_wconf 79' lang='lat' dir='ltr'>EXERCITIO</span> <span class='ocrx_word' id='word_1_5' title='bbox 2125 319 2381 375; x_wconf 65' lang='lat' dir='ltr'>CELLzE.</span> 
     </span>
    </p>
   </div>
   <div class='ocr_carea' id='block_1_3' title="bbox 3411 320 3513 374">
    <p class='ocr_par' dir='ltr' id='par_1_3' title="bbox 3411 320 3513 374">
     <span class='ocr_line' id='line_1_3' title="bbox 3411 320 3513 374; baseline 0 -1"><span class='ocrx_word' id='word_1_6' title='bbox 3411 320 3513 374; x_wconf 90' lang='lat'>838</span> 
     </span>
    </p>
   </div>
   <div class='ocr_carea' id='block_1_4' title="bbox 188 429 3516 522">
    <p class='ocr_par' dir='ltr' id='par_1_4' title="bbox 188 429 3516 522">
     <span class='ocr_line' id='line_1_4' title="bbox 188 429 3516 522; baseline -0.002 -18"><span class='ocrx_word' id='word_1_7' title='bbox 188 449 377 522; x_wconf 88' lang='lat' dir='ltr'>gendo</span> <span class='ocrx_word' id='word_1_8' title='bbox 408 448 668 520; x_wconf 85' lang='lat' dir='ltr'>ﬂagellat,</span> <span class='ocrx_word' id='word_1_9' title='bbox 704 447 1034 502; x_wconf 82' lang='lat' dir='ltr'>inﬂationem</span> <span class='ocrx_word' id='word_1_10' title='bbox 1065 429 1440 501; x_wconf 87' lang='lat' dir='ltr'>detumescere</span> <span class='ocrx_word' id='word_1_11' title='bbox 1472 444 1631 507; x_wconf 87' lang='lat' dir='ltr'>facit;</span> <span class='ocrx_word' id='word_1_12' title='bbox 1664 449 1715 495; x_wconf 90' lang='lat' dir='ltr'>et</span> <span class='ocrx_word' id='word_1_13' title='bbox 1736 438 1807 493; x_wconf 90' lang='lat' dir='ltr'>ti-</span> <span class='ocrx_word' id='word_1_14' title='bbox 1838 441 1890 498; x_wconf 84' lang='lat' dir='ltr'><strong>A</strong></span> <span class='ocrx_word' id='word_1_15' title='bbox 1912 441 2079 509; x_wconf 91' lang='lat' dir='ltr'>dium,</span> <span class='ocrx_word' id='word_1_16' title='bbox 2115 444 2347 514; x_wconf 83' lang='lat' dir='ltr'>proditio</span> <span class='ocrx_word' id='word_1_17' title='bbox 2373 463 2386 509; x_wconf 90' lang='lat'>;</span> <span class='ocrx_word' id='word_1_18' title='bbox 2420 443 2596 500; x_wconf 88' lang='lat' dir='ltr'>foedus</span> <span class='ocrx_word' id='word_1_19' title='bbox 2629 444 2765 515; x_wconf 91' lang='lat' dir='ltr'>ipse,</span> <span class='ocrx_word' id='word_1_20' title='bbox 2797 452 3053 499; x_wconf 89' lang='lat' dir='ltr'>cruentus</span> <span class='ocrx_word' id='word_1_21' title='bbox 3086 451 3138 499; x_wconf 94' lang='lat' dir='ltr'>et</span> <span class='ocrx_word' id='word_1_22' title='bbox 3169 444 3414 499; x_wconf 83' lang='lat' dir='ltr'>dolosas.</span> <span class='ocrx_word' id='word_1_23' title='bbox 3447 445 3516 499; x_wconf 90' lang='lat' dir='ltr'>Et</span> 
     </span>
    </p>
   </div>
   <div class='ocr_carea' id='block_1_5' title="bbox 195 528 1807 608">
    <p class='ocr_par' dir='ltr' id='par_1_5' title="bbox 195 528 1807 608">
     <span class='ocr_line' id='line_1_5' title="bbox 195 528 1807 608; baseline -0.007 -16"><span class='ocrx_word' id='word_1_24' title='bbox 195 553 336 602; x_wconf 93' lang='lat' dir='ltr'>mor,</span> <span class='ocrx_word' id='word_1_25' title='bbox 390 537 520 591; x_wconf 93' lang='lat' dir='ltr'>dum</span> <span class='ocrx_word' id='word_1_26' title='bbox 583 537 734 608; x_wconf 89' lang='lat' dir='ltr'>quasi</span> <span class='ocrx_word' id='word_1_27' title='bbox 812 536 1073 590; x_wconf 90' lang='lat' dir='ltr'>minando</span> <span class='ocrx_word' id='word_1_28' title='bbox 1131 534 1418 599; x_wconf 85' lang='lat' dir='ltr'>excruciat,</span> <span class='ocrx_word' id='word_1_29' title='bbox 1477 532 1697 586; x_wconf 89' lang='lat' dir='ltr'>inanem</span> <span class='ocrx_word' id='word_1_30' title='bbox 1753 528 1807 582; x_wconf 92' lang='lat' dir='ltr'>in</span> 
     </span>
    </p>
   </div>
   <div class='ocr_carea' id='block_1_6' title="bbox 192 618 1808 695">
    <p class='ocr_par' dir='ltr' id='par_1_6' title="bbox 192 618 1808 695">
     <span class='ocr_line' id='line_1_6' title="bbox 192 618 1808 695; baseline -0.006 -16"><span class='ocrx_word' id='word_1_31' title='bbox 192 633 379 680; x_wconf 83' lang='lat' dir='ltr'>mente</span> <span class='ocrx_word' id='word_1_32' title='bbox 411 625 797 680; x_wconf 89' lang='lat' dir='ltr'>exaltationem</span> <span class='ocrx_word' id='word_1_33' title='bbox 828 624 1044 695; x_wconf 87' lang='lat' dir='ltr'>premit.</span> <span class='ocrx_word' id='word_1_34' title='bbox 1086 625 1272 694; x_wconf 86' lang='lat' dir='ltr'>Itaque</span> <span class='ocrx_word' id='word_1_35' title='bbox 1301 637 1473 677; x_wconf 86' lang='lat' dir='ltr'>causa</span> <span class='ocrx_word' id='word_1_36' title='bbox 1504 628 1584 675; x_wconf 90' lang='lat' dir='ltr'>est</span> <span class='ocrx_word' id='word_1_37' title='bbox 1615 618 1808 672; x_wconf 82' lang='lat' dir='ltr'>multo-</span> 
     </span>
    </p>
   </div>
   <div class='ocr_carea' id='block_1_7' title="bbox 201 707 1810 785">
    <p class='ocr_par' dir='ltr' id='par_1_7' title="bbox 201 707 1810 785">
     <span class='ocr_line' id='line_1_7' title="bbox 201 707 1810 785; baseline -0.006 -18"><span class='ocrx_word' id='word_1_38' title='bbox 201 714 306 767; x_wconf 82' lang='lat' dir='ltr'>ties</span> <span class='ocrx_word' id='word_1_39' title='bbox 340 713 563 770; x_wconf 89' lang='lat' dir='ltr'>scientia</span> <span class='ocrx_word' id='word_1_40' title='bbox 610 722 662 767; x_wconf 91' lang='lat' dir='ltr'>et</span> <span class='ocrx_word' id='word_1_41' title='bbox 699 713 958 785; x_wconf 80' lang='lat' dir='ltr'>cognitio,</span> <span class='ocrx_word' id='word_1_42' title='bbox 1007 711 1296 776; x_wconf 81' lang='lat' dir='ltr'>elationis;</span> <span class='ocrx_word' id='word_1_43' title='bbox 1331 711 1428 764; x_wconf 90' lang='lat' dir='ltr'>sed</span> <span class='ocrx_word' id='word_1_44' title='bbox 1460 717 1541 764; x_wconf 89' lang='lat' dir='ltr'>est</span> <span class='ocrx_word' id='word_1_45' title='bbox 1572 707 1726 761; x_wconf 92' lang='lat' dir='ltr'>dolor</span> <span class='ocrx_word' id='word_1_46' title='bbox 1757 713 1810 759; x_wconf 91' lang='lat' dir='ltr'>et</span> 
     </span>
    </p>
   </div>
   <div class='ocr_carea' id='block_1_8' title="bbox 192 793 1808 872">
    <p class='ocr_par' dir='ltr' id='par_1_8' title="bbox 192 793 1808 872">
     <span class='ocr_line' id='line_1_8' title="bbox 192 793 1808 872; baseline -0.006 -17"><span class='ocrx_word' id='word_1_47' title='bbox 192 801 358 857; x_wconf 86' lang='lat' dir='ltr'>timor</span> <span class='ocrx_word' id='word_1_48' title='bbox 395 818 616 872; x_wconf 87' lang='lat' dir='ltr'>semper</span> <span class='ocrx_word' id='word_1_49' title='bbox 647 817 808 856; x_wconf 90' lang='lat' dir='ltr'>causa</span> <span class='ocrx_word' id='word_1_50' title='bbox 839 800 1124 871; x_wconf 59' lang='lat' dir='ltr'>profundae</span> <span class='ocrx_word' id='word_1_51' title='bbox 1174 797 1507 853; x_wconf 85' lang='lat' dir='ltr'>humilitatis.</span> <span class='ocrx_word' id='word_1_52' title='bbox 1543 799 1725 866; x_wconf 78' lang='lat' dir='ltr'>Itaque</span> <span class='ocrx_word' id='word_1_53' title='bbox 1754 793 1808 847; x_wconf 92' lang='lat' dir='ltr'>in</span> 
     </span>
    </p>
   </div>
   <div class='ocr_carea' id='block_1_9' title="bbox 200 883 1807 961">
    <p class='ocr_par' dir='ltr' id='par_1_9' title="bbox 200 883 1807 961">
     <span class='ocr_line' id='line_1_9' title="bbox 200 883 1807 961; baseline -0.006 -16"><span class='ocrx_word' id='word_1_54' title='bbox 200 891 378 961; x_wconf 89' lang='lat' dir='ltr'>primo</span> <span class='ocrx_word' id='word_1_55' title='bbox 410 891 503 945; x_wconf 93' lang='lat' dir='ltr'>illo</span> <span class='ocrx_word' id='word_1_56' title='bbox 526 889 892 945; x_wconf 86' lang='lat' dir='ltr'>meditationis</span> <span class='ocrx_word' id='word_1_57' title='bbox 921 888 1105 954; x_wconf 91' lang='lat' dir='ltr'>modo,</span> <span class='ocrx_word' id='word_1_58' title='bbox 1140 887 1294 959; x_wconf 86' lang='lat' dir='ltr'>quasi</span> <span class='ocrx_word' id='word_1_59' title='bbox 1326 886 1505 942; x_wconf 90' lang='lat' dir='ltr'>cernis</span> <span class='ocrx_word' id='word_1_60' title='bbox 1537 883 1807 956; x_wconf 89' lang='lat' dir='ltr'>quandam</span> 
     </span>
    </p>
   </div>
   <div class='ocr_carea' id='block_1_10' title="bbox 196 971 1809 1046">
    <p class='ocr_par' dir='ltr' id='par_1_10' title="bbox 196 971 1809 1046">
     <span class='ocr_line' id='line_1_10' title="bbox 196 971 1809 1046; baseline -0.005 -14"><span class='ocrx_word' id='word_1_61' title='bbox 196 979 494 1033; x_wconf 83' lang='lat' dir='ltr'>maximam</span> <span class='ocrx_word' id='word_1_62' title='bbox 527 978 744 1043; x_wconf 84' lang='lat' dir='ltr'>lucem;</span> <span class='ocrx_word' id='word_1_63' title='bbox 779 977 833 1031; x_wconf 91' lang='lat' dir='ltr'>in</span> <span class='ocrx_word' id='word_1_64' title='bbox 863 979 967 1032; x_wconf 93' lang='lat' dir='ltr'>hoc</span> <span class='ocrx_word' id='word_1_65' title='bbox 1000 977 1240 1031; x_wconf 90' lang='lat' dir='ltr'>secundo</span> <span class='ocrx_word' id='word_1_66' title='bbox 1300 974 1590 1046; x_wconf 87' lang='lat' dir='ltr'>quemdam</span> <span class='ocrx_word' id='word_1_67' title='bbox 1630 971 1809 1026; x_wconf 88' lang='lat' dir='ltr'>maxi-</span> 
     </span>
    </p>
   </div>
   <div class='ocr_carea' id='block_1_11' title="bbox 199 1063 1809 1132">
    <p class='ocr_par' dir='ltr' id='par_1_11' title="bbox 199 1063 1809 1132">
     <span class='ocr_line' id='line_1_11' title="bbox 199 1063 1809 1132; baseline -0.006 -11"><span class='ocrx_word' id='word_1_68' title='bbox 199 1083 352 1121; x_wconf 91' lang='lat' dir='ltr'>mum</span> <span class='ocrx_word' id='word_1_69' title='bbox 397 1066 565 1121; x_wconf 87' lang='lat' dir='ltr'>sentis</span> <span class='ocrx_word' id='word_1_70' title='bbox 616 1066 855 1122; x_wconf 87' lang='lat' dir='ltr'>calorem</span> <span class='ocrx_word' id='word_1_71' title='bbox 891 1083 904 1119; x_wconf 87' lang='lat'><strong>:</strong></span> <span class='ocrx_word' id='word_1_72' title='bbox 939 1073 990 1119; x_wconf 91' lang='lat' dir='ltr'>et</span> <span class='ocrx_word' id='word_1_73' title='bbox 1043 1065 1249 1119; x_wconf 92' lang='lat' dir='ltr'>idcirco</span> <span class='ocrx_word' id='word_1_74' title='bbox 1309 1063 1486 1116; x_wconf 86' lang='lat' dir='ltr'>statim</span> <span class='ocrx_word' id='word_1_75' title='bbox 1520 1069 1809 1132; x_wconf 87' lang='lat' dir='ltr'>postquam</span> 
     </span>
    </p>
   </div>
   <div class='ocr_carea' id='block_1_12' title="bbox 203 1148 1808 1228">
    <p class='ocr_par' dir='ltr' id='par_1_12' title="bbox 203 1148 1808 1228">
     <span class='ocr_line' id='line_1_12' title="bbox 203 1148 1808 1228; baseline -0.006 -18"><span class='ocrx_word' id='word_1_76' title='bbox 203 1155 500 1228; x_wconf 83' lang='lat' dir='ltr'>diligenter</span> <span class='ocrx_word' id='word_1_77' title='bbox 536 1155 838 1210; x_wconf 89' lang='lat' dir='ltr'>intenderis</span> <span class='ocrx_word' id='word_1_78' title='bbox 887 1153 986 1219; x_wconf 90' lang='lat' dir='ltr'>illi,</span> <span class='ocrx_word' id='word_1_79' title='bbox 1030 1152 1248 1207; x_wconf 86' lang='lat' dir='ltr'>intende</span> <span class='ocrx_word' id='word_1_80' title='bbox 1288 1167 1396 1206; x_wconf 92' lang='lat' dir='ltr'>non</span> <span class='ocrx_word' id='word_1_81' title='bbox 1451 1149 1649 1204; x_wconf 90' lang='lat' dir='ltr'>minori</span> <span class='ocrx_word' id='word_1_82' title='bbox 1681 1148 1808 1202; x_wconf 90' lang='lat' dir='ltr'>dili—</span> 
     </span>
    </p>
   </div>
   <div class='ocr_carea' id='block_1_13' title="bbox 199 1237 1808 1316">
    <p class='ocr_par' dir='ltr' id='par_1_13' title="bbox 199 1237 1808 1316">
     <span class='ocr_line' id='line_1_13' title="bbox 199 1237 1808 1316; baseline -0.006 -17"><span class='ocrx_word' id='word_1_83' title='bbox 199 1244 388 1316; x_wconf 83' lang='lat' dir='ltr'>gentia</span> <span class='ocrx_word' id='word_1_84' title='bbox 419 1252 470 1298; x_wconf 89' lang='lat' dir='ltr'>et</span> <span class='ocrx_word' id='word_1_85' title='bbox 528 1243 636 1304; x_wconf 82' lang='lat' dir='ltr'>isti,</span> <span class='ocrx_word' id='word_1_86' title='bbox 671 1251 729 1297; x_wconf 90' lang='lat' dir='ltr'>ut</span> <span class='ocrx_word' id='word_1_87' title='bbox 786 1242 830 1296; x_wconf 90' lang='lat' dir='ltr'>si</span> <span class='ocrx_word' id='word_1_88' title='bbox 889 1241 1027 1296; x_wconf 89' lang='lat' dir='ltr'>forte</span> <span class='ocrx_word' id='word_1_89' title='bbox 1070 1240 1365 1312; x_wconf 71' lang='lat' dir='ltr'>inquinasti</span> <span class='ocrx_word' id='word_1_90' title='bbox 1395 1240 1448 1293; x_wconf 91' lang='lat' dir='ltr'>in</span> <span class='ocrx_word' id='word_1_91' title='bbox 1495 1238 1588 1292; x_wconf 92' lang='lat' dir='ltr'>illo</span> <span class='ocrx_word' id='word_1_92' title='bbox 1640 1237 1808 1308; x_wconf 88' lang='lat' dir='ltr'>pedes</span> 
     </span>
    </p>
   </div>
   <div class='ocr_carea' id='block_1_14' title="bbox 200 1326 1807 1402">
    <p class='ocr_par' dir='ltr' id='par_1_14' title="bbox 200 1326 1807 1402">
     <span class='ocr_line' id='line_1_14' title="bbox 200 1326 1807 1402; baseline -0.004 -17"><span class='ocrx_word' id='word_1_93' title='bbox 200 1341 348 1399; x_wconf 91' lang='lat' dir='ltr'>tuos,</span> <span class='ocrx_word' id='word_1_94' title='bbox 382 1331 435 1384; x_wconf 89' lang='lat' dir='ltr'>in</span> <span class='ocrx_word' id='word_1_95' title='bbox 467 1332 570 1386; x_wconf 90' lang='lat' dir='ltr'>isto</span> <span class='ocrx_word' id='word_1_96' title='bbox 629 1345 847 1402; x_wconf 92' lang='lat' dir='ltr'>quoque</span> <span class='ocrx_word' id='word_1_97' title='bbox 877 1330 1028 1384; x_wconf 90' lang='lat' dir='ltr'>laves</span> <span class='ocrx_word' id='word_1_98' title='bbox 1069 1345 1183 1384; x_wconf 90' lang='lat' dir='ltr'>eos.</span> <span class='ocrx_word' id='word_1_99' title='bbox 1237 1329 1459 1392; x_wconf 90' lang='lat' dir='ltr'>Verum,</span> <span class='ocrx_word' id='word_1_100' title='bbox 1504 1327 1645 1381; x_wconf 88' lang='lat' dir='ltr'>sicut</span> <span class='ocrx_word' id='word_1_101' title='bbox 1687 1326 1807 1396; x_wconf 90' lang='lat' dir='ltr'>pri-</span> 
     </span>
    </p>
   </div>
   <div class='ocr_carea' id='block_1_15' title="bbox 205 1414 1808 1491">
    <p class='ocr_par' dir='ltr' id='par_1_15' title="bbox 205 1414 1808 1491">
     <span class='ocr_line' id='line_1_15' title="bbox 205 1414 1808 1491; baseline -0.005 -17"><span class='ocrx_word' id='word_1_102' title='bbox 205 1437 331 1474; x_wconf 91' lang='lat' dir='ltr'>mus</span> <span class='ocrx_word' id='word_1_103' title='bbox 362 1420 451 1474; x_wconf 90' lang='lat' dir='ltr'>ille</span> <span class='ocrx_word' id='word_1_104' title='bbox 481 1420 678 1473; x_wconf 91' lang='lat' dir='ltr'>modus</span> <span class='ocrx_word' id='word_1_105' title='bbox 708 1419 914 1491; x_wconf 85' lang='lat' dir='ltr'>indiget</span> <span class='ocrx_word' id='word_1_106' title='bbox 942 1418 1046 1472; x_wconf 91' lang='lat' dir='ltr'>isto</span> <span class='ocrx_word' id='word_1_107' title='bbox 1105 1417 1367 1480; x_wconf 89' lang='lat' dir='ltr'>secundo,</span> <span class='ocrx_word' id='word_1_108' title='bbox 1402 1432 1469 1470; x_wconf 89' lang='lat' dir='ltr'>ne</span> <span class='ocrx_word' id='word_1_109' title='bbox 1500 1415 1660 1468; x_wconf 92' lang='lat' dir='ltr'>nimis</span> <span class='ocrx_word' id='word_1_110' title='bbox 1689 1414 1808 1467; x_wconf 86' lang='lat' dir='ltr'>ina-</span> 
     </span>
    </p>
   </div>
   <div class='ocr_carea' id='block_1_16' title="bbox 196 1503 1805 1578">
    <p class='ocr_par' dir='ltr' id='par_1_16' title="bbox 196 1503 1805 1578">
     <span class='ocr_line' id='line_1_16' title="bbox 196 1503 1805 1578; baseline -0.004 -16"><span class='ocrx_word' id='word_1_111' title='bbox 196 1508 340 1562; x_wconf 87' lang='lat' dir='ltr'>niter</span> <span class='ocrx_word' id='word_1_112' title='bbox 369 1525 466 1578; x_wconf 90' lang='lat' dir='ltr'>per</span> <span class='ocrx_word' id='word_1_113' title='bbox 497 1517 760 1562; x_wconf 91' lang='lat' dir='ltr'>tumorem</span> <span class='ocrx_word' id='word_1_114' title='bbox 812 1506 1059 1562; x_wconf 87' lang='lat' dir='ltr'>elationis</span> <span class='ocrx_word' id='word_1_115' title='bbox 1109 1505 1320 1576; x_wconf 84' lang='lat' dir='ltr'>erigat;</span> <span class='ocrx_word' id='word_1_116' title='bbox 1351 1505 1423 1558; x_wconf 89' lang='lat' dir='ltr'>ita</span> <span class='ocrx_word' id='word_1_117' title='bbox 1455 1503 1805 1557; x_wconf 89' lang='lat' dir='ltr'>nihilominus</span> 
     </span>
    </p>
   </div>
   <div class='ocr_carea' id='block_1_17' title="bbox 203 1591 1809 1667">
    <p class='ocr_par' dir='ltr' id='par_1_17' title="bbox 203 1591 1809 1667">
     <span class='ocr_line' id='line_1_17' title="bbox 203 1591 1809 1667; baseline -0.004 -16"><span class='ocrx_word' id='word_1_118' title='bbox 203 1605 260 1651; x_wconf 87' lang='lat' dir='ltr'>et</span> <span class='ocrx_word' id='word_1_119' title='bbox 290 1597 391 1652; x_wconf 90' lang='lat' dir='ltr'>iste</span> <span class='ocrx_word' id='word_1_120' title='bbox 423 1597 696 1652; x_wconf 89' lang='lat' dir='ltr'>secundus</span> <span class='ocrx_word' id='word_1_121' title='bbox 727 1595 935 1667; x_wconf 84' lang='lat' dir='ltr'>indiget</span> <span class='ocrx_word' id='word_1_122' title='bbox 968 1594 1198 1666; x_wconf 90' lang='lat' dir='ltr'>quodam</span> <span class='ocrx_word' id='word_1_123' title='bbox 1232 1594 1410 1658; x_wconf 87' lang='lat' dir='ltr'>tertio,</span> <span class='ocrx_word' id='word_1_124' title='bbox 1445 1609 1514 1647; x_wconf 89' lang='lat' dir='ltr'>ne</span> <span class='ocrx_word' id='word_1_125' title='bbox 1536 1592 1695 1645; x_wconf 88' lang='lat' dir='ltr'>nimis</span> <span class='ocrx_word' id='word_1_126' title='bbox 1725 1591 1809 1645; x_wconf 89' lang='lat' dir='ltr'>le-</span> 
     </span>
    </p>
   </div>
   <div class='ocr_carea' id='block_1_18' title="bbox 203 1680 1810 1756">
    <p class='ocr_par' dir='ltr' id='par_1_18' title="bbox 203 1680 1810 1756">
     <span class='ocr_line' id='line_1_18' title="bbox 203 1680 1810 1756; baseline -0.004 -17"><span class='ocrx_word' id='word_1_127' title='bbox 203 1685 420 1739; x_wconf 88' lang='lat' dir='ltr'>thaliter</span> <span class='ocrx_word' id='word_1_128' title='bbox 444 1701 540 1756; x_wconf 87' lang='lat' dir='ltr'>per</span> <span class='ocrx_word' id='word_1_129' title='bbox 558 1686 846 1740; x_wconf 89' lang='lat' dir='ltr'>horrorem</span> <span class='ocrx_word' id='word_1_130' title='bbox 869 1682 1268 1753; x_wconf 88' lang='lat' dir='ltr'>desperationis</span> <span class='ocrx_word' id='word_1_131' title='bbox 1289 1681 1524 1750; x_wconf 82' lang='lat' dir='ltr'>dejiciat.</span> <span class='ocrx_word' id='word_1_132' title='bbox 1551 1680 1691 1748; x_wconf 85' lang='lat' dir='ltr'>Quia</span> <span class='ocrx_word' id='word_1_133' title='bbox 1708 1680 1810 1751; x_wconf 87' lang='lat' dir='ltr'>igi-</span> 
     </span>
    </p>
   </div>
   <div class='ocr_carea' id='block_1_19' title="bbox 1911 530 3513 604">
    <p class='ocr_par' dir='ltr' id='par_1_19' title="bbox 1911 530 3513 604">
     <span class='ocr_line' id='line_1_19' title="bbox 1911 530 3513 604; baseline 0.001 -20"><span class='ocrx_word' id='word_1_134' title='bbox 1911 530 2128 587; x_wconf 85' lang='lat' dir='ltr'>diﬂicile</span> <span class='ocrx_word' id='word_1_135' title='bbox 2161 533 2380 603; x_wconf 87' lang='lat' dir='ltr'>quidem</span> <span class='ocrx_word' id='word_1_136' title='bbox 2412 532 2522 587; x_wconf 92' lang='lat' dir='ltr'>imo</span> <span class='ocrx_word' id='word_1_137' title='bbox 2558 533 2896 604; x_wconf 86' lang='lat' dir='ltr'>impossibile</span> <span class='ocrx_word' id='word_1_138' title='bbox 2925 542 2982 587; x_wconf 91' lang='lat' dir='ltr'>ut</span> <span class='ocrx_word' id='word_1_139' title='bbox 3014 541 3375 603; x_wconf 88' lang='lat' dir='ltr'>rumperetur,</span> <span class='ocrx_word' id='word_1_140' title='bbox 3409 532 3513 586; x_wconf 89' lang='lat' dir='ltr'>nisi</span> 
     </span>
    </p>
   </div>
   <div class='ocr_carea' id='block_1_20' title="bbox 1914 619 3512 692">
    <p class='ocr_par' dir='ltr' id='par_1_20' title="bbox 1914 619 3512 692">
     <span class='ocr_line' id='line_1_20' title="bbox 1914 619 3512 692; baseline 0.002 -19"><span class='ocrx_word' id='word_1_141' title='bbox 1914 619 2041 689; x_wconf 89' lang='lat' dir='ltr'>quia</span> <span class='ocrx_word' id='word_1_142' title='bbox 2070 621 2160 673; x_wconf 89' lang='lat' dir='ltr'>ubi</span> <span class='ocrx_word' id='word_1_143' title='bbox 2182 621 2476 675; x_wconf 84' lang='lat' dir='ltr'>abundavit</span> <span class='ocrx_word' id='word_1_144' title='bbox 2507 622 2763 676; x_wconf 88' lang='lat' dir='ltr'>delictum</span> <span class='ocrx_word' id='word_1_145' title='bbox 2792 665 2803 688; x_wconf 94' lang='lat'>,</span> <span class='ocrx_word' id='word_1_146' title='bbox 2846 621 3329 692; x_wconf 85' lang='lat' dir='ltr'>superabundavit,</span> <span class='ocrx_word' id='word_1_147' title='bbox 3362 621 3415 675; x_wconf 90' lang='lat' dir='ltr'>in</span> <span class='ocrx_word' id='word_1_148' title='bbox 3447 636 3512 676; x_wconf 88' lang='lat' dir='ltr'>eo</span> 
     </span>
    </p>
   </div>
   <div class='ocr_carea' id='block_1_21' title="bbox 1912 708 3511 780">
    <p class='ocr_par' dir='ltr' id='par_1_21' title="bbox 1912 708 3511 780">
     <span class='ocr_line' id='line_1_21' title="bbox 1912 708 3511 780; baseline 0.002 -19"><span class='ocrx_word' id='word_1_149' title='bbox 1912 717 1964 762; x_wconf 90' lang='lat' dir='ltr'>et</span> <span class='ocrx_word' id='word_1_150' title='bbox 1992 708 2189 780; x_wconf 89' lang='lat' dir='ltr'>gratia.</span> <span class='ocrx_word' id='word_1_151' title='bbox 2223 710 2362 764; x_wconf 90' lang='lat' dir='ltr'>Nam</span> <span class='ocrx_word' id='word_1_152' title='bbox 2412 711 2528 764; x_wconf 69' lang='lat' dir='ltr'>haec</span> <span class='ocrx_word' id='word_1_153' title='bbox 2558 711 2674 778; x_wconf 89' lang='lat' dir='ltr'>ejus</span> <span class='ocrx_word' id='word_1_154' title='bbox 2731 719 2952 780; x_wconf 89' lang='lat' dir='ltr'>peccata</span> <span class='ocrx_word' id='word_1_155' title='bbox 2999 719 3192 775; x_wconf 88' lang='lat' dir='ltr'>erant;</span> <span class='ocrx_word' id='word_1_156' title='bbox 3248 710 3511 776; x_wconf 88' lang='lat' dir='ltr'>incestus,</span> 
     </span>
    </p>
   </div>
   <div class='ocr_carea' id='block_1_22' title="bbox 1913 797 3514 865">
    <p class='ocr_par' dir='ltr' id='par_1_22' title="bbox 1913 797 3514 865">
     <span class='ocr_line' id='line_1_22' title="bbox 1913 797 3514 865; baseline 0.001 -14"><span class='ocrx_word' id='word_1_157' title='bbox 1913 797 2232 862; x_wconf 84' lang='lat' dir='ltr'>crudelitas,</span> <span class='ocrx_word' id='word_1_158' title='bbox 2266 806 2317 851; x_wconf 92' lang='lat' dir='ltr'>et</span> <span class='ocrx_word' id='word_1_159' title='bbox 2347 798 2526 852; x_wconf 89' lang='lat' dir='ltr'>dolus.</span> <span class='ocrx_word' id='word_1_160' title='bbox 2553 799 2661 852; x_wconf 90' lang='lat' dir='ltr'>Sed</span> <span class='ocrx_word' id='word_1_161' title='bbox 2691 799 2782 852; x_wconf 90' lang='lat' dir='ltr'>ubi</span> <span class='ocrx_word' id='word_1_162' title='bbox 2812 799 3102 853; x_wconf 81' lang='lat' dir='ltr'>abundavit</span> <span class='ocrx_word' id='word_1_163' title='bbox 3128 799 3390 865; x_wconf 90' lang='lat' dir='ltr'>incestus,</span> <span class='ocrx_word' id='word_1_164' title='bbox 3425 816 3514 853; x_wconf 86' lang='lat' dir='ltr'>su-</span> 
     </span>
    </p>
   </div>
   <div class='ocr_carea' id='block_1_23' title="bbox 1915 886 3505 954">
    <p class='ocr_par' dir='ltr' id='par_1_23' title="bbox 1915 886 3505 954">
     <span class='ocr_line' id='line_1_23' title="bbox 1915 886 3505 954; baseline 0.003 -16"><span class='ocrx_word' id='word_1_165' title='bbox 1915 886 2308 954; x_wconf 87' lang='lat' dir='ltr'>perabundavit</span> <span class='ocrx_word' id='word_1_166' title='bbox 2356 886 2653 951; x_wconf 87' lang='lat' dir='ltr'>munditia;</span> <span class='ocrx_word' id='word_1_167' title='bbox 2685 887 2777 941; x_wconf 92' lang='lat' dir='ltr'>ubi</span> <span class='ocrx_word' id='word_1_168' title='bbox 2843 887 3133 942; x_wconf 89' lang='lat' dir='ltr'>abundavit</span> <span class='ocrx_word' id='word_1_169' title='bbox 3186 888 3505 954; x_wconf 82' lang='lat' dir='ltr'>crudelitas,</span> 
     </span>
    </p>
   </div>
   <div class='ocr_carea' id='block_1_24' title="bbox 1914 974 3516 1046">
    <p class='ocr_par' dir='ltr' id='par_1_24' title="bbox 1914 974 3516 1046">
     <span class='ocr_line' id='line_1_24' title="bbox 1914 974 3516 1046; baseline 0.004 -21"><span class='ocrx_word' id='word_1_170' title='bbox 1914 974 2376 1043; x_wconf 85' lang='lat' dir='ltr'>superabundavit</span> <span class='ocrx_word' id='word_1_171' title='bbox 2436 974 2646 1044; x_wconf 89' lang='lat' dir='ltr'>pietas;</span> <span class='ocrx_word' id='word_1_172' title='bbox 2683 976 3142 1045; x_wconf 88' lang='lat' dir='ltr'>superabundavit</span> <span class='ocrx_word' id='word_1_173' title='bbox 3201 985 3252 1031; x_wconf 92' lang='lat' dir='ltr'>et</span> <span class='ocrx_word' id='word_1_174' title='bbox 3299 977 3516 1046; x_wconf 89' lang='lat' dir='ltr'>simpli-</span> 
     </span>
    </p>
   </div>
   <div class='ocr_carea' id='block_1_25' title="bbox 1912 1061 3514 1134">
    <p class='ocr_par' dir='ltr' id='par_1_25' title="bbox 1912 1061 3514 1134">
     <span class='ocr_line' id='line_1_25' title="bbox 1912 1061 3514 1134; baseline 0.002 -18"><span class='ocrx_word' id='word_1_175' title='bbox 1912 1061 2048 1116; x_wconf 91' lang='lat' dir='ltr'>citas</span> <span class='ocrx_word' id='word_1_176' title='bbox 2077 1063 2348 1127; x_wconf 88' lang='lat' dir='ltr'>puritatis,</span> <span class='ocrx_word' id='word_1_177' title='bbox 2371 1064 2460 1116; x_wconf 92' lang='lat' dir='ltr'>ubi</span> <span class='ocrx_word' id='word_1_178' title='bbox 2485 1063 2776 1119; x_wconf 89' lang='lat' dir='ltr'>abundavit</span> <span class='ocrx_word' id='word_1_179' title='bbox 2798 1064 2955 1118; x_wconf 89' lang='lat' dir='ltr'>dolus</span> <span class='ocrx_word' id='word_1_180' title='bbox 2985 1065 3328 1134; x_wconf 90' lang='lat' dir='ltr'>proditionis.</span> <span class='ocrx_word' id='word_1_181' title='bbox 3353 1065 3514 1120; x_wconf 90' lang='lat' dir='ltr'>Certe</span> 
     </span>
    </p>
   </div>
   <div class='ocr_carea' id='block_1_26' title="bbox 1913 1149 3513 1224">
    <p class='ocr_par' dir='ltr' id='par_1_26' title="bbox 1913 1149 3513 1224">
     <span class='ocr_line' id='line_1_26' title="bbox 1913 1149 3513 1224; baseline 0.005 -22"><span class='ocrx_word' id='word_1_182' title='bbox 1913 1149 2343 1221; x_wconf 88' lang='lat' dir='ltr'>multiplicantur</span> <span class='ocrx_word' id='word_1_183' title='bbox 2372 1169 2539 1222; x_wconf 84' lang='lat' dir='ltr'>super</span> <span class='ocrx_word' id='word_1_184' title='bbox 2568 1169 2852 1207; x_wconf 90' lang='lat' dir='ltr'>numerum</span> <span class='ocrx_word' id='word_1_185' title='bbox 2883 1153 2973 1224; x_wconf 91' lang='lat' dir='ltr'>qui</span> <span class='ocrx_word' id='word_1_186' title='bbox 3004 1154 3139 1208; x_wconf 90' lang='lat' dir='ltr'>tales</span> <span class='ocrx_word' id='word_1_187' title='bbox 3169 1163 3310 1220; x_wconf 90' lang='lat' dir='ltr'>sunt,</span> <span class='ocrx_word' id='word_1_188' title='bbox 3346 1155 3392 1207; x_wconf 91' lang='lat' dir='ltr'>si</span> <span class='ocrx_word' id='word_1_189' title='bbox 3413 1171 3513 1209; x_wconf 90' lang='lat' dir='ltr'>ve-</span> 
     </span>
    </p>
   </div>
   <div class='ocr_carea' id='block_1_27' title="bbox 1913 1237 3514 1311">
    <p class='ocr_par' dir='ltr' id='par_1_27' title="bbox 1913 1237 3514 1311">
     <span class='ocr_line' id='line_1_27' title="bbox 1913 1237 3514 1311; baseline 0.004 -21"><span class='ocrx_word' id='word_1_190' title='bbox 1913 1237 2076 1292; x_wconf 90' lang='lat' dir='ltr'>limus</span> <span class='ocrx_word' id='word_1_191' title='bbox 2109 1240 2277 1310; x_wconf 86' lang='lat' dir='ltr'>(quod</span> <span class='ocrx_word' id='word_1_192' title='bbox 2311 1248 2487 1294; x_wconf 90' lang='lat' dir='ltr'>tamen</span> <span class='ocrx_word' id='word_1_193' title='bbox 2520 1257 2630 1295; x_wconf 92' lang='lat' dir='ltr'>non</span> <span class='ocrx_word' id='word_1_194' title='bbox 2661 1241 2975 1311; x_wconf 87' lang='lat' dir='ltr'>possumus)</span> <span class='ocrx_word' id='word_1_195' title='bbox 3007 1257 3264 1297; x_wconf 88' lang='lat' dir='ltr'>revocare</span> <span class='ocrx_word' id='word_1_196' title='bbox 3294 1242 3362 1296; x_wconf 87' lang='lat' dir='ltr'>ad</span> <span class='ocrx_word' id='word_1_197' title='bbox 3390 1259 3514 1298; x_wconf 88' lang='lat' dir='ltr'>me-</span> 
     </span>
    </p>
   </div>
   <div class='ocr_carea' id='block_1_28' title="bbox 1913 1327 3515 1402">
    <p class='ocr_par' dir='ltr' id='par_1_28' title="bbox 1913 1327 3515 1402">
     <span class='ocr_line' id='line_1_28' title="bbox 1913 1327 3515 1402; baseline 0.004 -23"><span class='ocrx_word' id='word_1_198' title='bbox 1913 1327 2137 1381; x_wconf 90' lang='lat' dir='ltr'>moriam</span> <span class='ocrx_word' id='word_1_199' title='bbox 2166 1329 2453 1383; x_wconf 89' lang='lat' dir='ltr'>universos</span> <span class='ocrx_word' id='word_1_200' title='bbox 2481 1346 2708 1401; x_wconf 85' lang='lat' dir='ltr'>quorum</span> <span class='ocrx_word' id='word_1_201' title='bbox 2766 1330 3078 1386; x_wconf 88' lang='lat' dir='ltr'>misericors</span> <span class='ocrx_word' id='word_1_202' title='bbox 3110 1333 3256 1386; x_wconf 89' lang='lat' dir='ltr'>Deus</span> <span class='ocrx_word' id='word_1_203' title='bbox 3309 1339 3360 1386; x_wconf 90' lang='lat' dir='ltr'>et</span> <span class='ocrx_word' id='word_1_204' title='bbox 3392 1331 3515 1402; x_wconf 92' lang='lat' dir='ltr'>pius</span> 
     </span>
    </p>
   </div>
   <div class='ocr_carea' id='block_1_29' title="bbox 1912 1416 3516 1490">
    <p class='ocr_par' dir='ltr' id='par_1_29' title="bbox 1912 1416 3516 1490">
     <span class='ocr_line' id='line_1_29' title="bbox 1912 1416 3516 1490; baseline 0.004 -22"><span class='ocrx_word' id='word_1_205' title='bbox 1912 1416 2136 1469; x_wconf 87' lang='lat' dir='ltr'>remittit</span> <span class='ocrx_word' id='word_1_206' title='bbox 2175 1417 2503 1488; x_wconf 88' lang='lat' dir='ltr'>iniquitates,</span> <span class='ocrx_word' id='word_1_207' title='bbox 2555 1419 2687 1490; x_wconf 88' lang='lat' dir='ltr'>tegit</span> <span class='ocrx_word' id='word_1_208' title='bbox 2729 1428 2991 1489; x_wconf 88' lang='lat' dir='ltr'>peccata;</span> <span class='ocrx_word' id='word_1_209' title='bbox 3025 1419 3254 1475; x_wconf 90' lang='lat' dir='ltr'>abluens</span> <span class='ocrx_word' id='word_1_210' title='bbox 3321 1437 3436 1486; x_wconf 87' lang='lat' dir='ltr'>eos,</span> <span class='ocrx_word' id='word_1_211' title='bbox 3463 1430 3516 1475; x_wconf 92' lang='lat' dir='ltr'>et</span> 
     </span>
    </p>
   </div>
   <div class='ocr_carea' id='block_1_30' title="bbox 1905 1504 3513 1577">
    <p class='ocr_par' dir='ltr' id='par_1_30' title="bbox 1905 1504 3513 1577">
     <span class='ocr_line' id='line_1_30' title="bbox 1905 1504 3513 1577; baseline 0.004 -20"><span class='ocrx_word' id='word_1_212' title='bbox 1905 1504 2252 1572; x_wconf 84' lang='lat' dir='ltr'>justificans,</span> <span class='ocrx_word' id='word_1_213' title='bbox 2287 1521 2352 1561; x_wconf 93' lang='lat' dir='ltr'>ac</span> <span class='ocrx_word' id='word_1_214' title='bbox 2409 1505 2757 1562; x_wconf 76' lang='lat' dir='ltr'>sanctificans</span> <span class='ocrx_word' id='word_1_215' title='bbox 2818 1508 2871 1561; x_wconf 91' lang='lat' dir='ltr'>in</span> <span class='ocrx_word' id='word_1_216' title='bbox 2921 1507 3121 1577; x_wconf 87' lang='lat' dir='ltr'>Spiritu</span> <span class='ocrx_word' id='word_1_217' title='bbox 3182 1518 3391 1564; x_wconf 89' lang='lat' dir='ltr'>sancto.</span> <span class='ocrx_word' id='word_1_218' title='bbox 3425 1509 3513 1564; x_wconf 91' lang='lat' dir='ltr'>Sic</span> 
     </span>
    </p>
   </div>
   <div class='ocr_carea' id='block_1_31' title="bbox 1912 1593 3512 1669">
    <p class='ocr_par' dir='ltr' id='par_1_31' title="bbox 1912 1593 3512 1669">
     <span class='ocr_line' id='line_1_31' title="bbox 1912 1593 3512 1669; baseline 0.003 -23"><span class='ocrx_word' id='word_1_219' title='bbox 1912 1593 2010 1657; x_wconf 91' lang='lat' dir='ltr'>sic,</span> <span class='ocrx_word' id='word_1_220' title='bbox 2045 1601 2307 1664; x_wconf 91' lang='lat' dir='ltr'>quantum</span> <span class='ocrx_word' id='word_1_221' title='bbox 2340 1595 2502 1649; x_wconf 88' lang='lat' dir='ltr'>distat</span> <span class='ocrx_word' id='word_1_222' title='bbox 2541 1603 2695 1650; x_wconf 88' lang='lat' dir='ltr'>ortus</span> <span class='ocrx_word' id='word_1_223' title='bbox 2728 1596 2796 1650; x_wconf 91' lang='lat' dir='ltr'>ab</span> <span class='ocrx_word' id='word_1_224' title='bbox 2852 1596 3157 1664; x_wconf 90' lang='lat' dir='ltr'>occidente,</span> <span class='ocrx_word' id='word_1_225' title='bbox 3191 1597 3354 1669; x_wconf 87' lang='lat' dir='ltr'>longe</span> <span class='ocrx_word' id='word_1_226' title='bbox 3387 1597 3512 1652; x_wconf 82' lang='lat' dir='ltr'>fecit</span> 
     </span>
    </p>
   </div>
   <div class='ocr_carea' id='block_1_32' title="bbox 1911 1682 3513 1754">
    <p class='ocr_par' dir='ltr' id='par_1_32' title="bbox 1911 1682 3513 1754">
     <span class='ocr_line' id='line_1_32' title="bbox 1911 1682 3513 1754; baseline 0.003 -19"><span class='ocrx_word' id='word_1_227' title='bbox 1911 1682 1980 1735; x_wconf 91' lang='lat' dir='ltr'>ab</span> <span class='ocrx_word' id='word_1_228' title='bbox 2012 1683 2091 1736; x_wconf 90' lang='lat' dir='ltr'>eis</span> <span class='ocrx_word' id='word_1_229' title='bbox 2122 1682 2434 1753; x_wconf 90' lang='lat' dir='ltr'>iniquitates</span> <span class='ocrx_word' id='word_1_230' title='bbox 2463 1699 2672 1744; x_wconf 90' lang='lat' dir='ltr'>eorum.</span> <span class='ocrx_word' id='word_1_231' title='bbox 2724 1700 2934 1754; x_wconf 88' lang='lat' dir='ltr'>ponens</span> <span class='ocrx_word' id='word_1_232' title='bbox 2964 1685 3016 1738; x_wconf 93' lang='lat' dir='ltr'>in</span> <span class='ocrx_word' id='word_1_233' title='bbox 3050 1685 3130 1740; x_wconf 89' lang='lat' dir='ltr'>eis</span> <span class='ocrx_word' id='word_1_234' title='bbox 3188 1682 3388 1740; x_wconf 83' lang='lat' dir='ltr'>bonum</span> <span class='ocrx_word' id='word_1_235' title='bbox 3420 1686 3513 1740; x_wconf 90' lang='lat' dir='ltr'>ubi</span> 
     </span>
    </p>
   </div>
   <div class='ocr_carea' id='block_1_33' title="bbox 203 1767 3517 1849">
    <p class='ocr_par' dir='ltr' id='par_1_33' title="bbox 203 1767 3517 1849">
     <span class='ocr_line' id='line_1_33' title="bbox 203 1767 3517 1849; baseline 0.001 -22"><span class='ocrx_word' id='word_1_236' title='bbox 203 1781 296 1827; x_wconf 89' lang='lat' dir='ltr'>tur</span> <span class='ocrx_word' id='word_1_237' title='bbox 316 1773 448 1827; x_wconf 86' lang='lat' dir='ltr'>nihil</span> <span class='ocrx_word' id='word_1_238' title='bbox 467 1773 520 1827; x_wconf 94' lang='lat' dir='ltr'>in</span> <span class='ocrx_word' id='word_1_239' title='bbox 537 1774 639 1828; x_wconf 90' lang='lat' dir='ltr'>hoc</span> <span class='ocrx_word' id='word_1_240' title='bbox 661 1771 904 1827; x_wconf 89' lang='lat' dir='ltr'>secundo</span> <span class='ocrx_word' id='word_1_241' title='bbox 921 1770 1287 1826; x_wconf 89' lang='lat' dir='ltr'>meditationis</span> <span class='ocrx_word' id='word_1_242' title='bbox 1309 1770 1470 1824; x_wconf 93' lang='lat' dir='ltr'>modo</span> <span class='ocrx_word' id='word_1_243' title='bbox 1495 1778 1604 1834; x_wconf 89' lang='lat' dir='ltr'>tua,</span> <span class='ocrx_word' id='word_1_244' title='bbox 1638 1784 1691 1833; x_wconf 92' lang='lat' dir='ltr'>o,</span> <span class='ocrx_word' id='word_1_245' title='bbox 1715 1767 1806 1839; x_wconf 92' lang='lat' dir='ltr'>qui</span> <span class='ocrx_word' id='word_1_246' title='bbox 1831 1791 1882 1849; x_wconf 68' lang='grc' dir='ltr'><strong>Β</strong></span> <span class='ocrx_word' id='word_1_247' title='bbox 1911 1779 2026 1824; x_wconf 87' lang='lat' dir='ltr'>erat</span> <span class='ocrx_word' id='word_1_248' title='bbox 2057 1771 2276 1836; x_wconf 90' lang='lat' dir='ltr'>malum,</span> <span class='ocrx_word' id='word_1_249' title='bbox 2309 1773 2402 1826; x_wconf 91' lang='lat' dir='ltr'>ubi</span> <span class='ocrx_word' id='word_1_250' title='bbox 2448 1772 2704 1841; x_wconf 90' lang='lat' dir='ltr'>injustitia</span> <span class='ocrx_word' id='word_1_251' title='bbox 2761 1773 2834 1826; x_wconf 90' lang='lat' dir='ltr'>ibi</span> <span class='ocrx_word' id='word_1_252' title='bbox 2890 1774 3166 1840; x_wconf 89' lang='lat' dir='ltr'>meritum,</span> <span class='ocrx_word' id='word_1_253' title='bbox 3201 1782 3253 1829; x_wconf 90' lang='lat' dir='ltr'>et</span> <span class='ocrx_word' id='word_1_254' title='bbox 3284 1775 3517 1847; x_wconf 85' lang='lat' dir='ltr'>gratiam</span> 
     </span>
    </p>
   </div>
   <div class='ocr_carea' id='block_1_34' title="bbox 207 1857 1802 1929">
    <p class='ocr_par' dir='ltr' id='par_1_34' title="bbox 207 1857 1802 1929">
     <span class='ocr_line' id='line_1_34' title="bbox 207 1857 1802 1929; baseline -0.003 -14"><span class='ocrx_word' id='word_1_255' title='bbox 207 1861 485 1916; x_wconf 88' lang='lat' dir='ltr'>habitator</span> <span class='ocrx_word' id='word_1_256' title='bbox 515 1877 574 1916; x_wconf 92' lang='lat' dir='ltr'>es</span> <span class='ocrx_word' id='word_1_257' title='bbox 605 1860 963 1926; x_wconf 37' lang='lat' dir='ltr'>cella3,&#39;mens</span> <span class='ocrx_word' id='word_1_258' title='bbox 993 1859 1196 1913; x_wconf 86' lang='lat' dir='ltr'>invenit</span> <span class='ocrx_word' id='word_1_259' title='bbox 1226 1859 1332 1912; x_wconf 90' lang='lat' dir='ltr'>nisi</span> <span class='ocrx_word' id='word_1_260' title='bbox 1360 1857 1504 1929; x_wconf 91' lang='lat' dir='ltr'>quod</span> <span class='ocrx_word' id='word_1_261' title='bbox 1535 1864 1615 1911; x_wconf 92' lang='lat' dir='ltr'>est</span> <span class='ocrx_word' id='word_1_262' title='bbox 1645 1857 1802 1911; x_wconf 88' lang='lat' dir='ltr'>dolo-</span> 
     </span>
    </p>
   </div>
   <div class='ocr_carea' id='block_1_35' title="bbox 205 1945 1809 2022">
    <p class='ocr_par' dir='ltr' id='par_1_35' title="bbox 205 1945 1809 2022">
     <span class='ocr_line' id='line_1_35' title="bbox 205 1945 1809 2022; baseline -0.004 -18"><span class='ocrx_word' id='word_1_263' title='bbox 205 1951 306 2019; x_wconf 87' lang='lat' dir='ltr'>ris,</span> <span class='ocrx_word' id='word_1_264' title='bbox 371 1949 515 2021; x_wconf 92' lang='lat' dir='ltr'>quod</span> <span class='ocrx_word' id='word_1_265' title='bbox 544 1965 762 2022; x_wconf 72' lang='lat' dir='ltr'>magnae</span> <span class='ocrx_word' id='word_1_266' title='bbox 791 1956 874 2004; x_wconf 92' lang='lat' dir='ltr'>est</span> <span class='ocrx_word' id='word_1_267' title='bbox 929 1947 1344 2014; x_wconf 88' lang='lat' dir='ltr'>amaritudinis;</span> <span class='ocrx_word' id='word_1_268' title='bbox 1378 1962 1445 2001; x_wconf 91' lang='lat' dir='ltr'>ne</span> <span class='ocrx_word' id='word_1_269' title='bbox 1478 1945 1616 2000; x_wconf 86' lang='lat' dir='ltr'>forte</span> <span class='ocrx_word' id='word_1_270' title='bbox 1638 1945 1809 2016; x_wconf 91' lang='lat' dir='ltr'>(quod</span> 
     </span>
    </p>
   </div>
   <div class='ocr_carea' id='block_1_36' title="bbox 207 2034 1810 2106">
    <p class='ocr_par' dir='ltr' id='par_1_36' title="bbox 207 2034 1810 2106">
     <span class='ocr_line' id='line_1_36' title="bbox 207 2034 1810 2106; baseline -0.004 -12"><span class='ocrx_word' id='word_1_271' title='bbox 207 2038 377 2106; x_wconf 86' lang='lat' dir='ltr'>absit)</span> <span class='ocrx_word' id='word_1_272' title='bbox 429 2037 813 2092; x_wconf 90' lang='lat' dir='ltr'>abundantiori</span> <span class='ocrx_word' id='word_1_273' title='bbox 881 2036 1095 2090; x_wconf 88' lang='lat' dir='ltr'>tristitia</span> <span class='ocrx_word' id='word_1_274' title='bbox 1168 2036 1528 2091; x_wconf 89' lang='lat' dir='ltr'>absorbeatur</span> <span class='ocrx_word' id='word_1_275' title='bbox 1589 2034 1810 2104; x_wconf 91' lang='lat' dir='ltr'>quando</span> 
     </span>
    </p>
   </div>
   <div class='ocr_carea' id='block_1_37' title="bbox 209 2122 1813 2198">
    <p class='ocr_par' dir='ltr' id='par_1_37' title="bbox 209 2122 1813 2198">
     <span class='ocr_line' id='line_1_37' title="bbox 209 2122 1813 2198; baseline -0.003 -18"><span class='ocrx_word' id='word_1_276' title='bbox 209 2128 330 2182; x_wconf 68' lang='lat' dir='ltr'>hazc</span> <span class='ocrx_word' id='word_1_277' title='bbox 360 2126 582 2198; x_wconf 88' lang='lat' dir='ltr'>cogitat,</span> <span class='ocrx_word' id='word_1_278' title='bbox 617 2126 753 2180; x_wconf 90' lang='lat' dir='ltr'>bene</span> <span class='ocrx_word' id='word_1_279' title='bbox 776 2125 902 2180; x_wconf 83' lang='lat' dir='ltr'>facit</span> <span class='ocrx_word' id='word_1_280' title='bbox 949 2124 994 2178; x_wconf 92' lang='lat' dir='ltr'>si</span> <span class='ocrx_word' id='word_1_281' title='bbox 1027 2123 1131 2177; x_wconf 89' lang='lat' dir='ltr'>sibi</span> <span class='ocrx_word' id='word_1_282' title='bbox 1161 2123 1285 2179; x_wconf 74' lang='lat' dir='ltr'>laeta</span> <span class='ocrx_word' id='word_1_283' title='bbox 1313 2123 1560 2195; x_wconf 71' lang='lat' dir='ltr'>quazdam</span> <span class='ocrx_word' id='word_1_284' title='bbox 1610 2130 1662 2176; x_wconf 92' lang='lat' dir='ltr'>et</span> <span class='ocrx_word' id='word_1_285' title='bbox 1693 2122 1813 2176; x_wconf 83' lang='lat' dir='ltr'>dul-</span> 
     </span>
    </p>
   </div>
   <div class='ocr_carea' id='block_1_38' title="bbox 215 2210 1812 2287">
    <p class='ocr_par' dir='ltr' id='par_1_38' title="bbox 215 2210 1812 2287">
     <span class='ocr_line' id='line_1_38' title="bbox 215 2210 1812 2287; baseline -0.003 -17"><span class='ocrx_word' id='word_1_286' title='bbox 215 2215 320 2281; x_wconf 91' lang='lat' dir='ltr'>cia,</span> <span class='ocrx_word' id='word_1_287' title='bbox 378 2215 448 2269; x_wconf 91' lang='lat' dir='ltr'>ad</span> <span class='ocrx_word' id='word_1_288' title='bbox 489 2214 784 2287; x_wconf 86' lang='lat' dir='ltr'>mitiganda</span> <span class='ocrx_word' id='word_1_289' title='bbox 814 2213 988 2268; x_wconf 86' lang='lat' dir='ltr'>tristia</span> <span class='ocrx_word' id='word_1_290' title='bbox 1017 2214 1131 2268; x_wconf 69' lang='lat' dir='ltr'>haec</span> <span class='ocrx_word' id='word_1_291' title='bbox 1153 2255 1168 2278; x_wconf 90' lang='lat'>,</span> <span class='ocrx_word' id='word_1_292' title='bbox 1220 2221 1272 2267; x_wconf 88' lang='lat' dir='ltr'>et</span> <span class='ocrx_word' id='word_1_293' title='bbox 1320 2212 1388 2266; x_wconf 90' lang='lat' dir='ltr'>ad</span> <span class='ocrx_word' id='word_1_294' title='bbox 1418 2210 1714 2266; x_wconf 89' lang='lat' dir='ltr'>minuenda</span> <span class='ocrx_word' id='word_1_295' title='bbox 1744 2226 1812 2266; x_wconf 89' lang='lat' dir='ltr'>ne</span> 
     </span>
    </p>
   </div>
   <div class='ocr_carea' id='block_1_39' title="bbox 209 2299 1814 2374">
    <p class='ocr_par' dir='ltr' id='par_1_39' title="bbox 209 2299 1814 2374">
     <span class='ocr_line' id='line_1_39' title="bbox 209 2299 1814 2374; baseline -0.003 -16"><span class='ocrx_word' id='word_1_296' title='bbox 209 2304 266 2358; x_wconf 89' lang='lat' dir='ltr'>in</span> <span class='ocrx_word' id='word_1_297' title='bbox 298 2303 352 2358; x_wconf 93' lang='lat' dir='ltr'>id</span> <span class='ocrx_word' id='word_1_298' title='bbox 375 2304 521 2374; x_wconf 91' lang='lat' dir='ltr'>quod</span> <span class='ocrx_word' id='word_1_299' title='bbox 541 2303 704 2356; x_wconf 90' lang='lat' dir='ltr'>nimis</span> <span class='ocrx_word' id='word_1_300' title='bbox 732 2309 814 2357; x_wconf 91' lang='lat' dir='ltr'>est</span> <span class='ocrx_word' id='word_1_301' title='bbox 845 2318 903 2356; x_wconf 90' lang='lat' dir='ltr'>se</span> <span class='ocrx_word' id='word_1_302' title='bbox 934 2301 1226 2356; x_wconf 91' lang='lat' dir='ltr'>extendant</span> <span class='ocrx_word' id='word_1_303' title='bbox 1247 2316 1434 2354; x_wconf 88' lang='lat' dir='ltr'>amara</span> <span class='ocrx_word' id='word_1_304' title='bbox 1467 2299 1585 2362; x_wconf 88' lang='lat' dir='ltr'>ista,</span> <span class='ocrx_word' id='word_1_305' title='bbox 1621 2316 1814 2370; x_wconf 64' lang='lat' dir='ltr'>reprae-</span> 
     </span>
    </p>
   </div>
   <div class='ocr_carea' id='block_1_40' title="bbox 209 2387 1811 2461">
    <p class='ocr_par' dir='ltr' id='par_1_40' title="bbox 209 2387 1811 2461">
     <span class='ocr_line' id='line_1_40' title="bbox 209 2387 1811 2461; baseline -0.004 -14"><span class='ocrx_word' id='word_1_306' title='bbox 209 2399 402 2447; x_wconf 84' lang='lat' dir='ltr'>sentat.</span> <span class='ocrx_word' id='word_1_307' title='bbox 461 2391 669 2447; x_wconf 90' lang='lat' dir='ltr'>Idcirco</span> <span class='ocrx_word' id='word_1_308' title='bbox 708 2398 1068 2461; x_wconf 71' lang='lat' dir='ltr'>repraesentet</span> <span class='ocrx_word' id='word_1_309' title='bbox 1093 2389 1182 2444; x_wconf 91' lang='lat' dir='ltr'>hic</span> <span class='ocrx_word' id='word_1_310' title='bbox 1212 2389 1398 2444; x_wconf 88' lang='lat' dir='ltr'>tertius</span> <span class='ocrx_word' id='word_1_311' title='bbox 1440 2387 1811 2443; x_wconf 89' lang='lat' dir='ltr'>meditationis</span> 
     </span>
    </p>
   </div>
   <div class='ocr_carea' id='block_1_41' title="bbox 205 2475 1812 2547">
    <p class='ocr_par' dir='ltr' id='par_1_41' title="bbox 205 2475 1812 2547">
     <span class='ocr_line' id='line_1_41' title="bbox 205 2475 1812 2547; baseline -0.003 -14"><span class='ocrx_word' id='word_1_312' title='bbox 205 2479 403 2534; x_wconf 91' lang='lat' dir='ltr'>modus</span> <span class='ocrx_word' id='word_1_313' title='bbox 434 2487 540 2534; x_wconf 68' lang='lat' dir='ltr'>tua:</span> <span class='ocrx_word' id='word_1_314' title='bbox 569 2478 897 2532; x_wconf 89' lang='lat' dir='ltr'>intrinsecus</span> <span class='ocrx_word' id='word_1_315' title='bbox 936 2477 1128 2542; x_wconf 91' lang='lat' dir='ltr'>menti,</span> <span class='ocrx_word' id='word_1_316' title='bbox 1164 2484 1382 2547; x_wconf 66' lang='lat' dir='ltr'>quanta-&#39;3</span> <span class='ocrx_word' id='word_1_317' title='bbox 1410 2476 1479 2530; x_wconf 90' lang='lat' dir='ltr'>sit</span> <span class='ocrx_word' id='word_1_318' title='bbox 1505 2475 1812 2531; x_wconf 87' lang='lat' dir='ltr'>dulcedinis</span> 
     </span>
    </p>
   </div>
   <div class='ocr_carea' id='block_1_42' title="bbox 208 2565 1806 2638">
    <p class='ocr_par' dir='ltr' id='par_1_42' title="bbox 208 2565 1806 2638">
     <span class='ocr_line' id='line_1_42' title="bbox 208 2565 1806 2638; baseline -0.003 -17"><span class='ocrx_word' id='word_1_319' title='bbox 208 2576 262 2622; x_wconf 91' lang='lat' dir='ltr'>et</span> <span class='ocrx_word' id='word_1_320' title='bbox 291 2567 526 2638; x_wconf 90' lang='lat' dir='ltr'>pietatis,</span> <span class='ocrx_word' id='word_1_321' title='bbox 558 2575 774 2638; x_wconf 80' lang='lat' dir='ltr'>quantae</span> <span class='ocrx_word' id='word_1_322' title='bbox 794 2566 1097 2620; x_wconf 60' lang='lat' dir='ltr'>clementiae</span> <span class='ocrx_word' id='word_1_323' title='bbox 1129 2573 1180 2620; x_wconf 89' lang='lat' dir='ltr'>et</span> <span class='ocrx_word' id='word_1_324' title='bbox 1209 2565 1468 2619; x_wconf 90' lang='lat' dir='ltr'>bonitatis</span> <span class='ocrx_word' id='word_1_325' title='bbox 1501 2565 1617 2634; x_wconf 90' lang='lat' dir='ltr'>ipse</span> <span class='ocrx_word' id='word_1_326' title='bbox 1641 2565 1806 2627; x_wconf 89' lang='lat' dir='ltr'>Deus,</span> 
     </span>
    </p>
   </div>
   <div class='ocr_carea' id='block_1_43' title="bbox 211 2652 1811 2727">
    <p class='ocr_par' dir='ltr' id='par_1_43' title="bbox 211 2652 1811 2727">
     <span class='ocr_line' id='line_1_43' title="bbox 211 2652 1811 2727; baseline -0.003 -17"><span class='ocrx_word' id='word_1_327' title='bbox 211 2656 355 2727; x_wconf 92' lang='lat' dir='ltr'>quod</span> <span class='ocrx_word' id='word_1_328' title='bbox 389 2655 569 2710; x_wconf 87' lang='lat' dir='ltr'>suavis</span> <span class='ocrx_word' id='word_1_329' title='bbox 600 2663 682 2709; x_wconf 92' lang='lat' dir='ltr'>est</span> <span class='ocrx_word' id='word_1_330' title='bbox 702 2655 971 2709; x_wconf 88' lang='lat' dir='ltr'>universis</span> <span class='ocrx_word' id='word_1_331' title='bbox 1007 2654 1152 2725; x_wconf 90' lang='lat' dir='ltr'>quod</span> <span class='ocrx_word' id='word_1_332' title='bbox 1183 2653 1562 2708; x_wconf 89' lang='lat' dir='ltr'>miserationes</span> <span class='ocrx_word' id='word_1_333' title='bbox 1585 2652 1698 2720; x_wconf 89' lang='lat' dir='ltr'>ejus</span> <span class='ocrx_word' id='word_1_334' title='bbox 1715 2669 1811 2706; x_wconf 91' lang='lat' dir='ltr'>su-</span> 
     </span>
    </p>
   </div>
   <div class='ocr_carea' id='block_1_44' title="bbox 210 2741 1811 2816">
    <p class='ocr_par' dir='ltr' id='par_1_44' title="bbox 210 2741 1811 2816">
     <span class='ocr_line' id='line_1_44' title="bbox 210 2741 1811 2816; baseline -0.003 -17"><span class='ocrx_word' id='word_1_335' title='bbox 210 2761 310 2816; x_wconf 89' lang='lat' dir='ltr'>per</span> <span class='ocrx_word' id='word_1_336' title='bbox 336 2744 520 2799; x_wconf 88' lang='lat' dir='ltr'>omnia</span> <span class='ocrx_word' id='word_1_337' title='bbox 548 2759 714 2814; x_wconf 89' lang='lat' dir='ltr'>opera</span> <span class='ocrx_word' id='word_1_338' title='bbox 735 2761 870 2811; x_wconf 77' lang='lat' dir='ltr'>ejus,</span> <span class='ocrx_word' id='word_1_339' title='bbox 898 2743 1041 2814; x_wconf 91' lang='lat' dir='ltr'>quod</span> <span class='ocrx_word' id='word_1_340' title='bbox 1059 2742 1261 2796; x_wconf 90' lang='lat' dir='ltr'>multus</span> <span class='ocrx_word' id='word_1_341' title='bbox 1293 2749 1375 2797; x_wconf 89' lang='lat' dir='ltr'>est</span> <span class='ocrx_word' id='word_1_342' title='bbox 1414 2741 1483 2796; x_wconf 90' lang='lat' dir='ltr'>ad</span> <span class='ocrx_word' id='word_1_343' title='bbox 1513 2741 1811 2812; x_wconf 88' lang='lat' dir='ltr'>ignoscen—</span> 
     </span>
    </p>
   </div>
   <div class='ocr_carea' id='block_1_45' title="bbox 210 2831 1812 2904">
    <p class='ocr_par' dir='ltr' id='par_1_45' title="bbox 210 2831 1812 2904">
     <span class='ocr_line' id='line_1_45' title="bbox 210 2831 1812 2904; baseline -0.002 -17"><span class='ocrx_word' id='word_1_344' title='bbox 210 2834 358 2900; x_wconf 91' lang='lat' dir='ltr'>dum,</span> <span class='ocrx_word' id='word_1_345' title='bbox 395 2833 538 2904; x_wconf 91' lang='lat' dir='ltr'>quod</span> <span class='ocrx_word' id='word_1_346' title='bbox 588 2832 912 2903; x_wconf 74' lang='lat' dir='ltr'>praestabilis</span> <span class='ocrx_word' id='word_1_347' title='bbox 971 2849 1136 2902; x_wconf 89' lang='lat' dir='ltr'>super</span> <span class='ocrx_word' id='word_1_348' title='bbox 1168 2831 1386 2897; x_wconf 90' lang='lat' dir='ltr'>malitia,</span> <span class='ocrx_word' id='word_1_349' title='bbox 1437 2831 1581 2901; x_wconf 90' lang='lat' dir='ltr'>quod</span> <span class='ocrx_word' id='word_1_350' title='bbox 1611 2831 1812 2899; x_wconf 87' lang='lat' dir='ltr'>longa-</span> 
     </span>
    </p>
   </div>
   <div class='ocr_carea' id='block_1_46' title="bbox 211 2919 1813 2991">
    <p class='ocr_par' dir='ltr' id='par_1_46' title="bbox 211 2919 1813 2991">
     <span class='ocr_line' id='line_1_46' title="bbox 211 2919 1813 2991; baseline -0.002 -15"><span class='ocrx_word' id='word_1_351' title='bbox 211 2921 373 2976; x_wconf 91' lang='lat' dir='ltr'>nimis</span> <span class='ocrx_word' id='word_1_352' title='bbox 403 2929 483 2976; x_wconf 90' lang='lat' dir='ltr'>est</span> <span class='ocrx_word' id='word_1_353' title='bbox 515 2921 568 2975; x_wconf 90' lang='lat' dir='ltr'>in</span> <span class='ocrx_word' id='word_1_354' title='bbox 630 2919 1017 2991; x_wconf 82' lang='lat' dir='ltr'>exspectando,</span> <span class='ocrx_word' id='word_1_355' title='bbox 1068 2920 1211 2991; x_wconf 89' lang='lat' dir='ltr'>quod</span> <span class='ocrx_word' id='word_1_356' title='bbox 1238 2920 1466 2973; x_wconf 86' lang='lat' dir='ltr'>multum</span> <span class='ocrx_word' id='word_1_357' title='bbox 1497 2919 1813 2973; x_wconf 89' lang='lat' dir='ltr'>misericors</span> 
     </span>
    </p>
   </div>
   <div class='ocr_carea' id='block_1_47' title="bbox 209 3005 1814 3080">
    <p class='ocr_par' dir='ltr' id='par_1_47' title="bbox 209 3005 1814 3080">
     <span class='ocr_line' id='line_1_47' title="bbox 209 3005 1814 3080; baseline -0.003 -15"><span class='ocrx_word' id='word_1_358' title='bbox 209 3011 265 3065; x_wconf 92' lang='lat' dir='ltr'>in</span> <span class='ocrx_word' id='word_1_359' title='bbox 293 3005 642 3078; x_wconf 84' lang='lat' dir='ltr'>remittendo,</span> <span class='ocrx_word' id='word_1_360' title='bbox 696 3010 841 3080; x_wconf 91' lang='lat' dir='ltr'>quod</span> <span class='ocrx_word' id='word_1_361' title='bbox 891 3010 1052 3064; x_wconf 89' lang='lat' dir='ltr'>Pater</span> <span class='ocrx_word' id='word_1_362' title='bbox 1108 3017 1190 3063; x_wconf 91' lang='lat' dir='ltr'>est</span> <span class='ocrx_word' id='word_1_363' title='bbox 1228 3007 1730 3063; x_wconf 86' lang='lat' dir='ltr'>misericordiarum</span> <span class='ocrx_word' id='word_1_364' title='bbox 1760 3014 1814 3062; x_wconf 90' lang='lat' dir='ltr'>et</span> 
     </span>
    </p>
   </div>
   <div class='ocr_carea' id='block_1_48' title="bbox 211 3095 1812 3168">
    <p class='ocr_par' dir='ltr' id='par_1_48' title="bbox 211 3095 1812 3168">
     <span class='ocr_line' id='line_1_48' title="bbox 211 3095 1812 3168; baseline -0.003 -15"><span class='ocrx_word' id='word_1_365' title='bbox 211 3101 358 3153; x_wconf 90' lang='lat' dir='ltr'>Deus</span> <span class='ocrx_word' id='word_1_366' title='bbox 417 3099 579 3153; x_wconf 91' lang='lat' dir='ltr'>totius</span> <span class='ocrx_word' id='word_1_367' title='bbox 609 3097 1016 3163; x_wconf 88' lang='lat' dir='ltr'>consolationis,</span> <span class='ocrx_word' id='word_1_368' title='bbox 1067 3097 1159 3168; x_wconf 88' lang='lat' dir='ltr'>qui</span> <span class='ocrx_word' id='word_1_369' title='bbox 1203 3096 1518 3153; x_wconf 89' lang='lat' dir='ltr'>consolatur</span> <span class='ocrx_word' id='word_1_370' title='bbox 1572 3112 1700 3150; x_wconf 92' lang='lat' dir='ltr'>suos</span> <span class='ocrx_word' id='word_1_371' title='bbox 1756 3095 1812 3148; x_wconf 90' lang='lat' dir='ltr'>in</span> 
     </span>
    </p>
   </div>
   <div class='ocr_carea' id='block_1_49' title="bbox 215 3185 1816 3256">
    <p class='ocr_par' dir='ltr' id='par_1_49' title="bbox 215 3185 1816 3256">
     <span class='ocr_line' id='line_1_49' title="bbox 215 3185 1816 3256; baseline -0.002 -14"><span class='ocrx_word' id='word_1_372' title='bbox 215 3186 364 3242; x_wconf 93' lang='lat' dir='ltr'>omni</span> <span class='ocrx_word' id='word_1_373' title='bbox 393 3187 740 3242; x_wconf 90' lang='lat' dir='ltr'>tribulatione</span> <span class='ocrx_word' id='word_1_374' title='bbox 783 3203 989 3252; x_wconf 91' lang='lat' dir='ltr'>eorum,</span> <span class='ocrx_word' id='word_1_375' title='bbox 1043 3187 1188 3256; x_wconf 88' lang='lat' dir='ltr'>quod</span> <span class='ocrx_word' id='word_1_376' title='bbox 1220 3185 1494 3256; x_wconf 91' lang='lat' dir='ltr'>quomodo</span> <span class='ocrx_word' id='word_1_377' title='bbox 1521 3185 1816 3239; x_wconf 90' lang='lat' dir='ltr'>miseretur</span> 
     </span>
    </p>
   </div>
   <div class='ocr_carea' id='block_1_50' title="bbox 211 3274 1815 3347">
    <p class='ocr_par' dir='ltr' id='par_1_50' title="bbox 211 3274 1815 3347">
     <span class='ocr_line' id='line_1_50' title="bbox 211 3274 1815 3347; baseline -0.002 -17"><span class='ocrx_word' id='word_1_378' title='bbox 211 3283 371 3347; x_wconf 87' lang='lat' dir='ltr'>pater</span> <span class='ocrx_word' id='word_1_379' title='bbox 399 3274 636 3330; x_wconf 88' lang='lat' dir='ltr'>filiorum</span> <span class='ocrx_word' id='word_1_380' title='bbox 677 3275 749 3329; x_wconf 88' lang='lat' dir='ltr'>ita</span> <span class='ocrx_word' id='word_1_381' title='bbox 808 3275 986 3346; x_wconf 85' lang='lat' dir='ltr'>[Par.,</span> <span class='ocrx_word' id='word_1_382' title='bbox 1029 3274 1193 3346; x_wconf 90' lang='lat' dir='ltr'>ipse.]</span> <span class='ocrx_word' id='word_1_383' title='bbox 1251 3289 1467 3346; x_wconf 90' lang='lat' dir='ltr'>quoque</span> <span class='ocrx_word' id='word_1_384' title='bbox 1499 3274 1815 3328; x_wconf 90' lang='lat' dir='ltr'>timentibus</span> 
     </span>
    </p>
   </div>
   <div class='ocr_carea' id='block_1_51' title="bbox 213 3362 1817 3434">
    <p class='ocr_par' dir='ltr' id='par_1_51' title="bbox 213 3362 1817 3434">
     <span class='ocr_line' id='line_1_51' title="bbox 213 3362 1817 3434; baseline -0.001 -16"><span class='ocrx_word' id='word_1_385' title='bbox 213 3381 274 3420; x_wconf 93' lang='lat' dir='ltr'>se</span> <span class='ocrx_word' id='word_1_386' title='bbox 304 3365 609 3432; x_wconf 82' lang='lat' dir='ltr'>miseretur.</span> <span class='ocrx_word' id='word_1_387' title='bbox 632 3364 690 3417; x_wconf 91' lang='lat' dir='ltr'>Id</span> <span class='ocrx_word' id='word_1_388' title='bbox 711 3371 892 3418; x_wconf 90' lang='lat' dir='ltr'>autem</span> <span class='ocrx_word' id='word_1_389' title='bbox 925 3379 1086 3434; x_wconf 89' lang='lat' dir='ltr'>quam</span> <span class='ocrx_word' id='word_1_390' title='bbox 1110 3364 1342 3417; x_wconf 89' lang='lat' dir='ltr'>maxime</span> <span class='ocrx_word' id='word_1_391' title='bbox 1373 3362 1673 3426; x_wconf 90' lang='lat' dir='ltr'>meditatio,</span> <span class='ocrx_word' id='word_1_392' title='bbox 1697 3363 1817 3417; x_wconf 76' lang='lat' dir='ltr'>haec</span> 
     </span>
    </p>
   </div>
   <div class='ocr_carea' id='block_1_52' title="bbox 213 3451 1818 3522">
    <p class='ocr_par' dir='ltr' id='par_1_52' title="bbox 213 3451 1818 3522">
     <span class='ocr_line' id='line_1_52' title="bbox 213 3451 1818 3522; baseline -0.002 -14"><span class='ocrx_word' id='word_1_393' title='bbox 213 3453 382 3508; x_wconf 91' lang='lat' dir='ltr'>menti</span> <span class='ocrx_word' id='word_1_394' title='bbox 417 3460 520 3506; x_wconf 68' lang='lat' dir='ltr'>tute</span> <span class='ocrx_word' id='word_1_395' title='bbox 563 3459 936 3522; x_wconf 67' lang='lat' dir='ltr'>repraesentet,</span> <span class='ocrx_word' id='word_1_396' title='bbox 973 3451 1117 3522; x_wconf 91' lang='lat' dir='ltr'>quod</span> <span class='ocrx_word' id='word_1_397' title='bbox 1152 3451 1373 3522; x_wconf 85' lang='lat' dir='ltr'>prOprio</span> <span class='ocrx_word' id='word_1_398' title='bbox 1413 3451 1547 3506; x_wconf 91' lang='lat' dir='ltr'>Filio</span> <span class='ocrx_word' id='word_1_399' title='bbox 1577 3465 1676 3505; x_wconf 93' lang='lat' dir='ltr'>suo</span> <span class='ocrx_word' id='word_1_400' title='bbox 1705 3465 1818 3505; x_wconf 89' lang='lat' dir='ltr'>non</span> 
     </span>
    </p>
   </div>
   <div class='ocr_carea' id='block_1_53' title="bbox 213 3539 1816 3613">
    <p class='ocr_par' dir='ltr' id='par_1_53' title="bbox 213 3539 1816 3613">
     <span class='ocr_line' id='line_1_53' title="bbox 213 3539 1816 3613; baseline -0.002 -17"><span class='ocrx_word' id='word_1_401' title='bbox 213 3541 478 3613; x_wconf 86' lang='lat' dir='ltr'>pepercit,</span> <span class='ocrx_word' id='word_1_402' title='bbox 513 3541 609 3595; x_wconf 92' lang='lat' dir='ltr'>sed</span> <span class='ocrx_word' id='word_1_403' title='bbox 642 3556 736 3610; x_wconf 91' lang='lat' dir='ltr'>pro</span> <span class='ocrx_word' id='word_1_404' title='bbox 767 3539 925 3595; x_wconf 92' lang='lat' dir='ltr'>nobis</span> <span class='ocrx_word' id='word_1_405' title='bbox 946 3540 1197 3595; x_wconf 90' lang='lat' dir='ltr'>omnibus</span> <span class='ocrx_word' id='word_1_406' title='bbox 1229 3539 1451 3594; x_wconf 89' lang='lat' dir='ltr'>tradidit</span> <span class='ocrx_word' id='word_1_407' title='bbox 1470 3539 1622 3594; x_wconf 92' lang='lat' dir='ltr'>illum</span> <span class='ocrx_word' id='word_1_408' title='bbox 1654 3557 1667 3592; x_wconf 92' lang='lat'>:</span> <span class='ocrx_word' id='word_1_409' title='bbox 1700 3554 1816 3594; x_wconf 91' lang='lat' dir='ltr'>om-</span> 
     </span>
    </p>
   </div>
   <div class='ocr_carea' id='block_1_54' title="bbox 212 3628 1813 3699">
    <p class='ocr_par' dir='ltr' id='par_1_54' title="bbox 212 3628 1813 3699">
     <span class='ocr_line' id='line_1_54' title="bbox 212 3628 1813 3699; baseline -0.001 -16"><span class='ocrx_word' id='word_1_410' title='bbox 212 3629 306 3683; x_wconf 89' lang='lat' dir='ltr'>nia</span> <span class='ocrx_word' id='word_1_411' title='bbox 335 3629 491 3684; x_wconf 89' lang='lat' dir='ltr'>nobis</span> <span class='ocrx_word' id='word_1_412' title='bbox 522 3629 575 3682; x_wconf 93' lang='lat' dir='ltr'>in</span> <span class='ocrx_word' id='word_1_413' title='bbox 633 3628 726 3683; x_wconf 92' lang='lat' dir='ltr'>illo</span> <span class='ocrx_word' id='word_1_414' title='bbox 783 3629 1030 3695; x_wconf 87' lang='lat' dir='ltr'>donans;</span> <span class='ocrx_word' id='word_1_415' title='bbox 1065 3636 1116 3684; x_wconf 90' lang='lat' dir='ltr'>et</span> <span class='ocrx_word' id='word_1_416' title='bbox 1149 3628 1204 3682; x_wconf 92' lang='lat' dir='ltr'>in</span> <span class='ocrx_word' id='word_1_417' title='bbox 1226 3628 1363 3699; x_wconf 91' lang='lat' dir='ltr'>ipso,</span> <span class='ocrx_word' id='word_1_418' title='bbox 1386 3635 1436 3682; x_wconf 91' lang='lat' dir='ltr'>et</span> <span class='ocrx_word' id='word_1_419' title='bbox 1475 3644 1576 3698; x_wconf 91' lang='lat' dir='ltr'>per</span> <span class='ocrx_word' id='word_1_420' title='bbox 1614 3628 1813 3698; x_wconf 89' lang='lat' dir='ltr'>ipsum,</span> 
     </span>
    </p>
   </div>
   <div class='ocr_carea' id='block_1_55' title="bbox 217 3711 1816 3782">
    <p class='ocr_par' dir='ltr' id='par_1_55' title="bbox 217 3711 1816 3782">
     <span class='ocr_line' id='line_1_55' title="bbox 217 3711 1816 3782; baseline -0.001 -14"><span class='ocrx_word' id='word_1_421' title='bbox 217 3713 476 3768; x_wconf 91' lang='lat' dir='ltr'>mundum</span> <span class='ocrx_word' id='word_1_422' title='bbox 550 3713 653 3768; x_wconf 90' lang='lat' dir='ltr'>sibi</span> <span class='ocrx_word' id='word_1_423' title='bbox 712 3713 1096 3768; x_wconf 88' lang='lat' dir='ltr'>reconcilians.</span> <span class='ocrx_word' id='word_1_424' title='bbox 1159 3711 1315 3782; x_wconf 87' lang='lat' dir='ltr'>Quod</span> <span class='ocrx_word' id='word_1_425' title='bbox 1347 3713 1490 3767; x_wconf 91' lang='lat' dir='ltr'>idem</span> <span class='ocrx_word' id='word_1_426' title='bbox 1548 3712 1715 3767; x_wconf 92' lang='lat' dir='ltr'>Filius</span> <span class='ocrx_word' id='word_1_427' title='bbox 1759 3713 1816 3766; x_wconf 91' lang='lat' dir='ltr'>in</span> 
     </span>
    </p>
   </div>
   <div class='ocr_carea' id='block_1_56' title="bbox 214 3801 1817 3872">
    <p class='ocr_par' dir='ltr' id='par_1_56' title="bbox 214 3801 1817 3872">
     <span class='ocr_line' id='line_1_56' title="bbox 214 3801 1817 3872; baseline -0.001 -15"><span class='ocrx_word' id='word_1_428' title='bbox 214 3811 422 3857; x_wconf 79' lang='lat' dir='ltr'>tantum</span> <span class='ocrx_word' id='word_1_429' title='bbox 450 3817 552 3856; x_wconf 91' lang='lat' dir='ltr'>nos</span> <span class='ocrx_word' id='word_1_430' title='bbox 581 3802 769 3856; x_wconf 83' lang='lat' dir='ltr'>dilexit</span> <span class='ocrx_word' id='word_1_431' title='bbox 801 3802 943 3872; x_wconf 90' lang='lat' dir='ltr'>quod</span> <span class='ocrx_word' id='word_1_432' title='bbox 972 3801 1101 3856; x_wconf 87' lang='lat' dir='ltr'>lavit</span> <span class='ocrx_word' id='word_1_433' title='bbox 1131 3817 1233 3856; x_wconf 91' lang='lat' dir='ltr'>nos</span> <span class='ocrx_word' id='word_1_434' title='bbox 1279 3817 1312 3855; x_wconf 90' lang='lat' dir='ltr'>a</span> <span class='ocrx_word' id='word_1_435' title='bbox 1349 3801 1585 3872; x_wconf 91' lang='lat' dir='ltr'>peccatis</span> <span class='ocrx_word' id='word_1_436' title='bbox 1614 3801 1817 3855; x_wconf 88' lang='lat' dir='ltr'>nostris</span> 
     </span>
    </p>
   </div>
   <div class='ocr_carea' id='block_1_57' title="bbox 214 3889 1813 3963">
    <p class='ocr_par' dir='ltr' id='par_1_57' title="bbox 214 3889 1813 3963">
     <span class='ocr_line' id='line_1_57' title="bbox 214 3889 1813 3963; baseline 0 -19"><span class='ocrx_word' id='word_1_437' title='bbox 214 3891 272 3945; x_wconf 91' lang='lat' dir='ltr'>in</span> <span class='ocrx_word' id='word_1_438' title='bbox 292 3891 558 3963; x_wconf 89' lang='lat' dir='ltr'>sanguine</span> <span class='ocrx_word' id='word_1_439' title='bbox 590 3907 724 3957; x_wconf 92' lang='lat' dir='ltr'>suo;</span> <span class='ocrx_word' id='word_1_440' title='bbox 754 3890 902 3962; x_wconf 92' lang='lat' dir='ltr'>quod</span> <span class='ocrx_word' id='word_1_441' title='bbox 931 3906 1034 3960; x_wconf 90' lang='lat' dir='ltr'>pro</span> <span class='ocrx_word' id='word_1_442' title='bbox 1063 3891 1223 3946; x_wconf 91' lang='lat' dir='ltr'>nobis</span> <span class='ocrx_word' id='word_1_443' title='bbox 1253 3889 1476 3944; x_wconf 89' lang='lat' dir='ltr'>indutus</span> <span class='ocrx_word' id='word_1_444' title='bbox 1515 3897 1597 3945; x_wconf 91' lang='lat' dir='ltr'>est</span> <span class='ocrx_word' id='word_1_445' title='bbox 1629 3906 1813 3953; x_wconf 88' lang='lat' dir='ltr'>carne,</span> 
     </span>
    </p>
   </div>
   <div class='ocr_carea' id='block_1_58' title="bbox 216 3978 1817 4049">
    <p class='ocr_par' dir='ltr' id='par_1_58' title="bbox 216 3978 1817 4049">
     <span class='ocr_line' id='line_1_58' title="bbox 216 3978 1817 4049; baseline -0.001 -15"><span class='ocrx_word' id='word_1_446' title='bbox 216 3987 464 4049; x_wconf 87' lang='lat' dir='ltr'>turpatus</span> <span class='ocrx_word' id='word_1_447' title='bbox 521 3995 720 4044; x_wconf 90' lang='lat' dir='ltr'>cruce,</span> <span class='ocrx_word' id='word_1_448' title='bbox 800 3979 1058 4034; x_wconf 88' lang='lat' dir='ltr'>multatus</span> <span class='ocrx_word' id='word_1_449' title='bbox 1104 3987 1301 4034; x_wconf 92' lang='lat' dir='ltr'>morte.</span> <span class='ocrx_word' id='word_1_450' title='bbox 1389 3978 1549 4047; x_wconf 85' lang='lat' dir='ltr'>Quod</span> <span class='ocrx_word' id='word_1_451' title='bbox 1593 3994 1817 4034; x_wconf 88' lang='lat' dir='ltr'>carnem</span> 
     </span>
    </p>
   </div>
   <div class='ocr_carea' id='block_1_59' title="bbox 217 4067 1818 4140">
    <p class='ocr_par' dir='ltr' id='par_1_59' title="bbox 217 4067 1818 4140">
     <span class='ocr_line' id='line_1_59' title="bbox 217 4067 1818 4140; baseline -0.002 -17"><span class='ocrx_word' id='word_1_452' title='bbox 217 4083 374 4123; x_wconf 91' lang='lat' dir='ltr'>suam</span> <span class='ocrx_word' id='word_1_453' title='bbox 431 4075 482 4123; x_wconf 91' lang='lat' dir='ltr'>et</span> <span class='ocrx_word' id='word_1_454' title='bbox 534 4068 860 4140; x_wconf 89' lang='lat' dir='ltr'>sanguinem</span> <span class='ocrx_word' id='word_1_455' title='bbox 890 4084 1048 4122; x_wconf 90' lang='lat' dir='ltr'>suum</span> <span class='ocrx_word' id='word_1_456' title='bbox 1103 4068 1254 4122; x_wconf 87' lang='lat' dir='ltr'>dedit</span> <span class='ocrx_word' id='word_1_457' title='bbox 1283 4067 1462 4132; x_wconf 92' lang='lat' dir='ltr'>nobis,</span> <span class='ocrx_word' id='word_1_458' title='bbox 1499 4075 1551 4122; x_wconf 91' lang='lat' dir='ltr'>et</span> <span class='ocrx_word' id='word_1_459' title='bbox 1579 4068 1818 4122; x_wconf 88' lang='lat' dir='ltr'>animam</span> 
     </span>
    </p>
   </div>
   <div class='ocr_carea' id='block_1_60' title="bbox 217 4155 1818 4226">
    <p class='ocr_par' dir='ltr' id='par_1_60' title="bbox 217 4155 1818 4226">
     <span class='ocr_line' id='line_1_60' title="bbox 217 4155 1818 4226; baseline 0 -16"><span class='ocrx_word' id='word_1_460' title='bbox 217 4171 319 4226; x_wconf 88' lang='lat' dir='ltr'>pro</span> <span class='ocrx_word' id='word_1_461' title='bbox 372 4155 829 4223; x_wconf 89' lang='lat' dir='ltr'>nobis;carnem</span> <span class='ocrx_word' id='word_1_462' title='bbox 890 4157 960 4211; x_wconf 91' lang='lat' dir='ltr'>ad</span> <span class='ocrx_word' id='word_1_463' title='bbox 1017 4157 1231 4219; x_wconf 85' lang='lat' dir='ltr'>duram,</span> <span class='ocrx_word' id='word_1_464' title='bbox 1265 4164 1318 4210; x_wconf 88' lang='lat' dir='ltr'>et</span> <span class='ocrx_word' id='word_1_465' title='bbox 1376 4156 1576 4220; x_wconf 89' lang='lat' dir='ltr'>diram,</span> <span class='ocrx_word' id='word_1_466' title='bbox 1628 4164 1678 4210; x_wconf 90' lang='lat' dir='ltr'>et</span> <span class='ocrx_word' id='word_1_467' title='bbox 1726 4157 1818 4226; x_wconf 84' lang='lat' dir='ltr'>ig-</span> 
     </span>
    </p>
   </div>
   <div class='ocr_carea' id='block_1_61' title="bbox 221 4231 1817 4316">
    <p class='ocr_par' dir='ltr' id='par_1_61' title="bbox 221 4231 1817 4316">
     <span class='ocr_line' id='line_1_61' title="bbox 221 4231 1817 4316; baseline 0 -18"><span class='ocrx_word' id='word_1_468' title='bbox 221 4231 584 4300; x_wconf 85' lang='lat' dir='ltr'>nominiosam</span> <span class='ocrx_word' id='word_1_469' title='bbox 666 4245 981 4316; x_wconf 90' lang='lat' dir='ltr'>passionem</span> <span class='ocrx_word' id='word_1_470' title='bbox 1047 4263 1062 4312; x_wconf 91' lang='lat'>;</span> <span class='ocrx_word' id='word_1_471' title='bbox 1121 4245 1448 4315; x_wconf 90' lang='lat' dir='ltr'>sanguinem</span> <span class='ocrx_word' id='word_1_472' title='bbox 1526 4259 1660 4299; x_wconf 85' lang='lat' dir='ltr'>vero</span> <span class='ocrx_word' id='word_1_473' title='bbox 1747 4245 1817 4298; x_wconf 91' lang='lat' dir='ltr'>ad</span> 
     </span>
    </p>
   </div>
   <div class='ocr_carea' id='block_1_62' title="bbox 218 4333 1818 4405">
    <p class='ocr_par' dir='ltr' id='par_1_62' title="bbox 218 4333 1818 4405">
     <span class='ocr_line' id='line_1_62' title="bbox 218 4333 1818 4405; baseline 0.001 -19"><span class='ocrx_word' id='word_1_474' title='bbox 218 4333 583 4405; x_wconf 82' lang='lat' dir='ltr'>largissimam</span> <span class='ocrx_word' id='word_1_475' title='bbox 613 4333 682 4388; x_wconf 90' lang='lat' dir='ltr'>de</span> <span class='ocrx_word' id='word_1_476' title='bbox 722 4334 959 4405; x_wconf 90' lang='lat' dir='ltr'>quinque</span> <span class='ocrx_word' id='word_1_477' title='bbox 1016 4333 1152 4389; x_wconf 92' lang='lat' dir='ltr'>locis</span> <span class='ocrx_word' id='word_1_478' title='bbox 1212 4333 1565 4389; x_wconf 88' lang='lat' dir='ltr'>sacratissimi</span> <span class='ocrx_word' id='word_1_479' title='bbox 1615 4348 1818 4404; x_wconf 91' lang='lat' dir='ltr'>corpo-</span> 
     </span>
    </p>
   </div>
   <div class='ocr_carea' id='block_1_63' title="bbox 221 4420 1819 4489">
    <p class='ocr_par' dir='ltr' id='par_1_63' title="bbox 221 4420 1819 4489">
     <span class='ocr_line' id='line_1_63' title="bbox 221 4420 1819 4489; baseline 0 -14"><span class='ocrx_word' id='word_1_480' title='bbox 221 4421 294 4475; x_wconf 85' lang='lat' dir='ltr'>ris</span> <span class='ocrx_word' id='word_1_481' title='bbox 349 4422 432 4477; x_wconf 89' lang='lat' dir='ltr'>sui</span> <span class='ocrx_word' id='word_1_482' title='bbox 489 4420 850 4489; x_wconf 71' lang='lat' dir='ltr'>elfusionem,</span> <span class='ocrx_word' id='word_1_483' title='bbox 901 4422 1139 4476; x_wconf 90' lang='lat' dir='ltr'>animam</span> <span class='ocrx_word' id='word_1_484' title='bbox 1197 4422 1266 4477; x_wconf 89' lang='lat' dir='ltr'>ad</span> <span class='ocrx_word' id='word_1_485' title='bbox 1315 4421 1693 4477; x_wconf 90' lang='lat' dir='ltr'>emissionem.</span> <span class='ocrx_word' id='word_1_486' title='bbox 1751 4423 1819 4475; x_wconf 87' lang='lat' dir='ltr'>Et</span> 
     </span>
    </p>
   </div>
   <div class='ocr_carea' id='block_1_64' title="bbox 221 4509 1810 4582">
    <p class='ocr_par' dir='ltr' id='par_1_64' title="bbox 221 4509 1810 4582">
     <span class='ocr_line' id='line_1_64' title="bbox 221 4509 1810 4582; baseline 0 -18"><span class='ocrx_word' id='word_1_487' title='bbox 221 4509 267 4564; x_wconf 90' lang='lat' dir='ltr'>si</span> <span class='ocrx_word' id='word_1_488' title='bbox 339 4510 590 4565; x_wconf 84' lang='lat' dir='ltr'>volumus</span> <span class='ocrx_word' id='word_1_489' title='bbox 671 4511 878 4582; x_wconf 92' lang='lat' dir='ltr'>aliquid</span> <span class='ocrx_word' id='word_1_490' title='bbox 959 4511 1190 4566; x_wconf 88' lang='lat' dir='ltr'>interius</span> <span class='ocrx_word' id='word_1_491' title='bbox 1255 4511 1311 4564; x_wconf 91' lang='lat' dir='ltr'>in</span> <span class='ocrx_word' id='word_1_492' title='bbox 1399 4511 1484 4564; x_wconf 90' lang='lat' dir='ltr'>his</span> <span class='ocrx_word' id='word_1_493' title='bbox 1561 4510 1810 4581; x_wconf 88' lang='lat' dir='ltr'>scrutari,</span> 
     </span>
    </p>
   </div>
   <div class='ocr_carea' id='block_1_65' title="bbox 219 4598 1816 4673">
    <p class='ocr_par' dir='ltr' id='par_1_65' title="bbox 219 4598 1816 4673">
     <span class='ocr_line' id='line_1_65' title="bbox 219 4598 1816 4673; baseline 0.001 -21"><span class='ocrx_word' id='word_1_494' title='bbox 219 4598 376 4653; x_wconf 92' lang='lat' dir='ltr'>nobis</span> <span class='ocrx_word' id='word_1_495' title='bbox 433 4607 485 4654; x_wconf 90' lang='lat' dir='ltr'>et</span> <span class='ocrx_word' id='word_1_496' title='bbox 515 4614 737 4655; x_wconf 89' lang='lat' dir='ltr'>carnem</span> <span class='ocrx_word' id='word_1_497' title='bbox 794 4601 942 4655; x_wconf 90' lang='lat' dir='ltr'>dedit</span> <span class='ocrx_word' id='word_1_498' title='bbox 971 4600 1027 4654; x_wconf 94' lang='lat' dir='ltr'>in</span> <span class='ocrx_word' id='word_1_499' title='bbox 1070 4601 1272 4668; x_wconf 90' lang='lat' dir='ltr'>cibum,</span> <span class='ocrx_word' id='word_1_500' title='bbox 1307 4607 1358 4654; x_wconf 89' lang='lat' dir='ltr'>et</span> <span class='ocrx_word' id='word_1_501' title='bbox 1405 4600 1727 4673; x_wconf 89' lang='lat' dir='ltr'>sanguinem</span> <span class='ocrx_word' id='word_1_502' title='bbox 1760 4600 1816 4654; x_wconf 91' lang='lat' dir='ltr'>in</span> 
     </span>
    </p>
   </div>
   <div class='ocr_carea' id='block_1_66' title="bbox 220 4687 1816 4758">
    <p class='ocr_par' dir='ltr' id='par_1_66' title="bbox 220 4687 1816 4758">
     <span class='ocr_line' id='line_1_66' title="bbox 220 4687 1816 4758; baseline 0.002 -19"><span class='ocrx_word' id='word_1_503' title='bbox 220 4693 426 4757; x_wconf 87' lang='lat' dir='ltr'>potum,</span> <span class='ocrx_word' id='word_1_504' title='bbox 459 4696 511 4743; x_wconf 90' lang='lat' dir='ltr'>et</span> <span class='ocrx_word' id='word_1_505' title='bbox 540 4687 779 4743; x_wconf 89' lang='lat' dir='ltr'>animam</span> <span class='ocrx_word' id='word_1_506' title='bbox 835 4688 892 4742; x_wconf 91' lang='lat' dir='ltr'>in</span> <span class='ocrx_word' id='word_1_507' title='bbox 921 4688 1173 4758; x_wconf 90' lang='lat' dir='ltr'>pretium.</span> <span class='ocrx_word' id='word_1_508' title='bbox 1234 4687 1376 4756; x_wconf 89' lang='lat' dir='ltr'>Quid</span> <span class='ocrx_word' id='word_1_509' title='bbox 1431 4689 1538 4744; x_wconf 90' lang='lat' dir='ltr'>hoc</span> <span class='ocrx_word' id='word_1_510' title='bbox 1567 4689 1636 4742; x_wconf 93' lang='lat' dir='ltr'>ad</span> <span class='ocrx_word' id='word_1_511' title='bbox 1669 4690 1816 4743; x_wconf 81' lang='lat' dir='ltr'>nos?</span> 
     </span>
    </p>
   </div>
   <div class='ocr_carea' id='block_1_67' title="bbox 219 4774 1818 4846">
    <p class='ocr_par' dir='ltr' id='par_1_67' title="bbox 219 4774 1818 4846">
     <span class='ocr_line' id='line_1_67' title="bbox 219 4774 1818 4846; baseline 0.003 -18"><span class='ocrx_word' id='word_1_512' title='bbox 219 4774 449 4829; x_wconf 88' lang='lat' dir='ltr'>multum</span> <span class='ocrx_word' id='word_1_513' title='bbox 533 4791 634 4846; x_wconf 89' lang='lat' dir='ltr'>per</span> <span class='ocrx_word' id='word_1_514' title='bbox 691 4791 907 4832; x_wconf 91' lang='lat' dir='ltr'>omnem</span> <span class='ocrx_word' id='word_1_515' title='bbox 968 4777 1228 4843; x_wconf 87' lang='lat' dir='ltr'>modum;</span> <span class='ocrx_word' id='word_1_516' title='bbox 1289 4784 1347 4830; x_wconf 93' lang='lat' dir='ltr'>ut</span> <span class='ocrx_word' id='word_1_517' title='bbox 1377 4775 1689 4832; x_wconf 88' lang='lat' dir='ltr'>reficiamur</span> <span class='ocrx_word' id='word_1_518' title='bbox 1737 4777 1818 4832; x_wconf 84' lang='lat' dir='ltr'>vi-</span> 
     </span>
    </p>
   </div>
   <div class='ocr_carea' id='block_1_68' title="bbox 222 4863 1810 4936">
    <p class='ocr_par' dir='ltr' id='par_1_68' title="bbox 222 4863 1810 4936">
     <span class='ocr_line' id='line_1_68' title="bbox 222 4863 1810 4936; baseline 0.002 -19"><span class='ocrx_word' id='word_1_519' title='bbox 222 4863 419 4918; x_wconf 90' lang='lat' dir='ltr'>delicet</span> <span class='ocrx_word' id='word_1_520' title='bbox 467 4863 657 4932; x_wconf 87' lang='lat' dir='ltr'>jejuni,</span> <span class='ocrx_word' id='word_1_521' title='bbox 700 4873 951 4936; x_wconf 91' lang='lat' dir='ltr'>potemur</span> <span class='ocrx_word' id='word_1_522' title='bbox 981 4865 1139 4931; x_wconf 92' lang='lat' dir='ltr'>aridi,</span> <span class='ocrx_word' id='word_1_523' title='bbox 1204 4865 1540 4920; x_wconf 90' lang='lat' dir='ltr'>redimamur</span> <span class='ocrx_word' id='word_1_524' title='bbox 1593 4865 1810 4936; x_wconf 89' lang='lat' dir='ltr'>captivi.</span> 
     </span>
    </p>
   </div>
   <div class='ocr_carea' id='block_1_69' title="bbox 222 4950 1816 5026">
    <p class='ocr_par' dir='ltr' id='par_1_69' title="bbox 222 4950 1816 5026">
     <span class='ocr_line' id='line_1_69' title="bbox 222 4950 1816 5026; baseline 0.003 -21"><span class='ocrx_word' id='word_1_525' title='bbox 222 4950 326 5020; x_wconf 89' lang='lat' dir='ltr'>Qui</span> <span class='ocrx_word' id='word_1_526' title='bbox 373 4959 450 5007; x_wconf 88' lang='lat' dir='ltr'>tot</span> <span class='ocrx_word' id='word_1_527' title='bbox 507 4960 562 5007; x_wconf 85' lang='lat' dir='ltr'>et</span> <span class='ocrx_word' id='word_1_528' title='bbox 619 4961 766 5008; x_wconf 88' lang='lat' dir='ltr'>tanta</span> <span class='ocrx_word' id='word_1_529' title='bbox 796 4969 991 5024; x_wconf 92' lang='lat' dir='ltr'>passus</span> <span class='ocrx_word' id='word_1_530' title='bbox 1045 4961 1128 5008; x_wconf 90' lang='lat' dir='ltr'>est</span> <span class='ocrx_word' id='word_1_531' title='bbox 1185 4969 1285 5024; x_wconf 91' lang='lat' dir='ltr'>pro</span> <span class='ocrx_word' id='word_1_532' title='bbox 1344 4961 1396 5009; x_wconf 92' lang='lat' dir='ltr'>te</span> <span class='ocrx_word' id='word_1_533' title='bbox 1453 4962 1611 5025; x_wconf 86' lang='lat' dir='ltr'>putas</span> <span class='ocrx_word' id='word_1_534' title='bbox 1671 4955 1816 5026; x_wconf 90' lang='lat' dir='ltr'>quod</span> 
     </span>
    </p>
   </div>
   <div class='ocr_carea' id='block_1_70' title="bbox 217 5039 1812 5112">
    <p class='ocr_par' dir='ltr' id='par_1_70' title="bbox 217 5039 1812 5112">
     <span class='ocr_line' id='line_1_70' title="bbox 217 5039 1812 5112; baseline 0.002 -18"><span class='ocrx_word' id='word_1_535' title='bbox 217 5039 433 5095; x_wconf 88' lang='lat' dir='ltr'>deserat</span> <span class='ocrx_word' id='word_1_536' title='bbox 480 5041 582 5095; x_wconf 80' lang='lat' dir='ltr'>te?</span> <span class='ocrx_word' id='word_1_537' title='bbox 639 5041 794 5096; x_wconf 88' lang='lat' dir='ltr'>Absit</span> <span class='ocrx_word' id='word_1_538' title='bbox 846 5049 904 5096; x_wconf 88' lang='lat' dir='ltr'>ut</span> <span class='ocrx_word' id='word_1_539' title='bbox 971 5042 1074 5098; x_wconf 90' lang='lat' dir='ltr'>hoc</span> <span class='ocrx_word' id='word_1_540' title='bbox 1130 5049 1307 5112; x_wconf 89' lang='lat' dir='ltr'>putes.</span> <span class='ocrx_word' id='word_1_541' title='bbox 1359 5042 1535 5111; x_wconf 88' lang='lat' dir='ltr'>Quam</span> <span class='ocrx_word' id='word_1_542' title='bbox 1591 5043 1812 5109; x_wconf 89' lang='lat' dir='ltr'>multos,</span> 
     </span>
    </p>
   </div>
   <div class='ocr_carea' id='block_1_71' title="bbox 217 5128 1818 5202">
    <p class='ocr_par' dir='ltr' id='par_1_71' title="bbox 217 5128 1818 5202">
     <span class='ocr_line' id='line_1_71' title="bbox 217 5128 1818 5202; baseline 0.002 -20"><span class='ocrx_word' id='word_1_543' title='bbox 217 5128 307 5199; x_wconf 92' lang='lat' dir='ltr'>qui</span> <span class='ocrx_word' id='word_1_544' title='bbox 328 5128 546 5202; x_wconf 85' lang='lat' dir='ltr'>longius</span> <span class='ocrx_word' id='word_1_545' title='bbox 564 5145 728 5200; x_wconf 89' lang='lat' dir='ltr'>quam</span> <span class='ocrx_word' id='word_1_546' title='bbox 751 5138 805 5184; x_wconf 94' lang='lat' dir='ltr'>tu</span> <span class='ocrx_word' id='word_1_547' title='bbox 829 5139 1167 5186; x_wconf 89' lang='lat' dir='ltr'>recesserant</span> <span class='ocrx_word' id='word_1_548' title='bbox 1196 5131 1266 5185; x_wconf 91' lang='lat' dir='ltr'>ab</span> <span class='ocrx_word' id='word_1_549' title='bbox 1297 5147 1364 5186; x_wconf 91' lang='lat' dir='ltr'>eo</span> <span class='ocrx_word' id='word_1_550' title='bbox 1385 5131 1598 5188; x_wconf 88' lang='lat' dir='ltr'>vocavit</span> <span class='ocrx_word' id='word_1_551' title='bbox 1618 5133 1689 5188; x_wconf 87' lang='lat' dir='ltr'>ad</span> <span class='ocrx_word' id='word_1_552' title='bbox 1711 5149 1768 5187; x_wconf 90' lang='lat' dir='ltr'>se</span> <span class='ocrx_word' id='word_1_553' title='bbox 1789 5132 1818 5186; x_wconf 80' lang='lat'><strong>?</strong></span> 
     </span>
    </p>
   </div>
   <div class='ocr_carea' id='block_1_72' title="bbox 216 5217 1817 5291">
    <p class='ocr_par' dir='ltr' id='par_1_72' title="bbox 216 5217 1817 5291">
     <span class='ocr_line' id='line_1_72' title="bbox 216 5217 1817 5291; baseline 0.003 -20"><span class='ocrx_word' id='word_1_554' title='bbox 216 5217 350 5272; x_wconf 88' lang='lat' dir='ltr'>Nam</span> <span class='ocrx_word' id='word_1_555' title='bbox 386 5219 502 5289; x_wconf 89' lang='lat' dir='ltr'>ipse</span> <span class='ocrx_word' id='word_1_556' title='bbox 534 5226 636 5283; x_wconf 89' lang='lat' dir='ltr'>est,</span> <span class='ocrx_word' id='word_1_557' title='bbox 672 5219 764 5289; x_wconf 90' lang='lat' dir='ltr'>qui</span> <span class='ocrx_word' id='word_1_558' title='bbox 813 5219 906 5273; x_wconf 93' lang='lat' dir='ltr'>ubi</span> <span class='ocrx_word' id='word_1_559' title='bbox 961 5219 1255 5274; x_wconf 89' lang='lat' dir='ltr'>abundavit</span> <span class='ocrx_word' id='word_1_560' title='bbox 1282 5220 1560 5290; x_wconf 90' lang='lat' dir='ltr'>delictum,</span> <span class='ocrx_word' id='word_1_561' title='bbox 1595 5236 1817 5291; x_wconf 81' lang='lat' dir='ltr'>supera-</span> 
     </span>
    </p>
   </div>
   <div class='ocr_carea' id='block_1_73' title="bbox 216 5305 1817 5380">
    <p class='ocr_par' dir='ltr' id='par_1_73' title="bbox 216 5305 1817 5380">
     <span class='ocr_line' id='line_1_73' title="bbox 216 5305 1817 5380; baseline 0.003 -22"><span class='ocrx_word' id='word_1_562' title='bbox 216 5306 462 5361; x_wconf 89' lang='lat' dir='ltr'>bundare</span> <span class='ocrx_word' id='word_1_563' title='bbox 495 5306 726 5377; x_wconf 88' lang='lat' dir='ltr'>gratiam</span> <span class='ocrx_word' id='word_1_564' title='bbox 757 5305 905 5363; x_wconf 86' lang='lat' dir='ltr'>facit.</span> <span class='ocrx_word' id='word_1_565' title='bbox 928 5307 1106 5362; x_wconf 89' lang='lat' dir='ltr'>Testis</span> <span class='ocrx_word' id='word_1_566' title='bbox 1136 5315 1218 5362; x_wconf 88' lang='lat' dir='ltr'>est</span> <span class='ocrx_word' id='word_1_567' title='bbox 1248 5317 1465 5364; x_wconf 90' lang='lat' dir='ltr'>sanctus</span> <span class='ocrx_word' id='word_1_568' title='bbox 1495 5309 1691 5373; x_wconf 88' lang='lat' dir='ltr'>David,</span> <span class='ocrx_word' id='word_1_569' title='bbox 1725 5309 1817 5380; x_wconf 91' lang='lat' dir='ltr'>qui</span> 
     </span>
    </p>
   </div>
   <div class='ocr_carea' id='block_1_74' title="bbox 212 5395 1810 5468">
    <p class='ocr_par' dir='ltr' id='par_1_74' title="bbox 212 5395 1810 5468">
     <span class='ocr_line' id='line_1_74' title="bbox 212 5395 1810 5468; baseline 0 -18"><span class='ocrx_word' id='word_1_570' title='bbox 212 5395 458 5464; x_wconf 87' lang='lat' dir='ltr'>peccavit</span> <span class='ocrx_word' id='word_1_571' title='bbox 488 5402 772 5465; x_wconf 87' lang='lat' dir='ltr'>peccatum</span> <span class='ocrx_word' id='word_1_572' title='bbox 804 5396 1033 5468; x_wconf 88' lang='lat' dir='ltr'>grande.</span> <span class='ocrx_word' id='word_1_573' title='bbox 1067 5397 1227 5462; x_wconf 91' lang='lat' dir='ltr'>Nam,</span> <span class='ocrx_word' id='word_1_574' title='bbox 1252 5397 1520 5452; x_wconf 90' lang='lat' dir='ltr'>adulterio</span> <span class='ocrx_word' id='word_1_575' title='bbox 1550 5397 1810 5468; x_wconf 88' lang='lat' dir='ltr'>pollutus,</span> 
     </span>
    </p>
   </div>
   <div class='ocr_carea' id='block_1_75' title="bbox 210 5483 1815 5558">
    <p class='ocr_par' dir='ltr' id='par_1_75' title="bbox 210 5483 1815 5558">
     <span class='ocr_line' id='line_1_75' title="bbox 210 5483 1815 5558; baseline 0.001 -20"><span class='ocrx_word' id='word_1_576' title='bbox 210 5483 507 5540; x_wconf 90' lang='lat' dir='ltr'>homicidio</span> <span class='ocrx_word' id='word_1_577' title='bbox 567 5491 843 5552; x_wconf 88' lang='lat' dir='ltr'>cruentus,</span> <span class='ocrx_word' id='word_1_578' title='bbox 877 5483 1104 5538; x_wconf 86' lang='lat' dir='ltr'>adauxit</span> <span class='ocrx_word' id='word_1_579' title='bbox 1135 5501 1352 5555; x_wconf 91' lang='lat' dir='ltr'>quoque</span> <span class='ocrx_word' id='word_1_580' title='bbox 1390 5486 1670 5558; x_wconf 88' lang='lat' dir='ltr'>geminum</span> <span class='ocrx_word' id='word_1_581' title='bbox 1699 5501 1815 5539; x_wconf 88' lang='lat' dir='ltr'>ma-</span> 
     </span>
    </p>
   </div>
   <div class='ocr_carea' id='block_1_76' title="bbox 202 5571 1814 5647">
    <p class='ocr_par' dir='ltr' id='par_1_76' title="bbox 202 5571 1814 5647">
     <span class='ocr_line' id='line_1_76' title="bbox 202 5571 1814 5647; baseline -0.001 -19"><span class='ocrx_word' id='word_1_582' title='bbox 202 5573 311 5629; x_wconf 89' lang='lat' dir='ltr'>lum</span> <span class='ocrx_word' id='word_1_583' title='bbox 347 5574 456 5628; x_wconf 88' lang='lat' dir='ltr'>hoc</span> <span class='ocrx_word' id='word_1_584' title='bbox 484 5571 820 5627; x_wconf 88' lang='lat' dir='ltr'>abominatio</span> <span class='ocrx_word' id='word_1_585' title='bbox 851 5572 1192 5647; x_wconf 89' lang='lat' dir='ltr'>proditionis.</span> <span class='ocrx_word' id='word_1_586' title='bbox 1230 5575 1364 5627; x_wconf 71' lang='lat' dir='ltr'>Erat</span> <span class='ocrx_word' id='word_1_587' title='bbox 1412 5582 1588 5628; x_wconf 87' lang='lat' dir='ltr'>autem</span> <span class='ocrx_word' id='word_1_588' title='bbox 1613 5589 1722 5644; x_wconf 90' lang='lat' dir='ltr'>quo</span> <span class='ocrx_word' id='word_1_589' title='bbox 1750 5573 1814 5627; x_wconf 87' lang='lat' dir='ltr'>li-</span> 
     </span>
    </p>
   </div>
   <div class='ocr_carea' id='block_1_77' title="bbox 205 5659 1814 5735">
    <p class='ocr_par' dir='ltr' id='par_1_77' title="bbox 205 5659 1814 5735">
     <span class='ocr_line' id='line_1_77' title="bbox 205 5659 1814 5735; baseline -0.002 -16"><span class='ocrx_word' id='word_1_590' title='bbox 205 5671 364 5735; x_wconf 84' lang='lat' dir='ltr'>gatus</span> <span class='ocrx_word' id='word_1_591' title='bbox 426 5659 528 5715; x_wconf 85' lang='lat' dir='ltr'>fuit</span> <span class='ocrx_word' id='word_1_592' title='bbox 583 5659 852 5716; x_wconf 90' lang='lat' dir='ltr'>funiculus</span> <span class='ocrx_word' id='word_1_593' title='bbox 909 5660 1150 5732; x_wconf 85' lang='lat' dir='ltr'>triplex;</span> <span class='ocrx_word' id='word_1_594' title='bbox 1184 5661 1530 5729; x_wconf 87' lang='lat' dir='ltr'>adulterium,</span> <span class='ocrx_word' id='word_1_595' title='bbox 1579 5660 1814 5717; x_wconf 90' lang='lat' dir='ltr'>homici-</span> 
     </span>
    </p>
   </div>
   <div class='ocr_carea' id='block_1_78' title="bbox 1910 1859 3517 1930">
    <p class='ocr_par' dir='ltr' id='par_1_78' title="bbox 1910 1859 3517 1930">
     <span class='ocr_line' id='line_1_78' title="bbox 1910 1859 3517 1930; baseline 0.002 -17"><span class='ocrx_word' id='word_1_596' title='bbox 1910 1859 2002 1913; x_wconf 86' lang='lat' dir='ltr'>ubi</span> <span class='ocrx_word' id='word_1_597' title='bbox 2035 1860 2214 1930; x_wconf 90' lang='lat' dir='ltr'>culpa.</span> <span class='ocrx_word' id='word_1_598' title='bbox 2255 1861 2322 1914; x_wconf 87' lang='lat' dir='ltr'>Et</span> <span class='ocrx_word' id='word_1_599' title='bbox 2352 1860 2441 1916; x_wconf 93' lang='lat' dir='ltr'>hic</span> <span class='ocrx_word' id='word_1_600' title='bbox 2473 1869 2554 1915; x_wconf 90' lang='lat' dir='ltr'>est</span> <span class='ocrx_word' id='word_1_601' title='bbox 2587 1861 2774 1915; x_wconf 88' lang='lat' dir='ltr'>tertius</span> <span class='ocrx_word' id='word_1_602' title='bbox 2801 1863 3169 1917; x_wconf 86' lang='lat' dir='ltr'>meditationis</span> <span class='ocrx_word' id='word_1_603' title='bbox 3196 1864 3413 1930; x_wconf 91' lang='lat' dir='ltr'>modus,</span> <span class='ocrx_word' id='word_1_604' title='bbox 3447 1863 3517 1917; x_wconf 93' lang='lat' dir='ltr'>de</span> 
     </span>
    </p>
   </div>
   <div class='ocr_carea' id='block_1_79' title="bbox 1917 1947 3518 2021">
    <p class='ocr_par' dir='ltr' id='par_1_79' title="bbox 1917 1947 3518 2021">
     <span class='ocr_line' id='line_1_79' title="bbox 1917 1947 3518 2021; baseline 0.002 -21"><span class='ocrx_word' id='word_1_605' title='bbox 1917 1963 2025 2017; x_wconf 92' lang='lat' dir='ltr'>quo</span> <span class='ocrx_word' id='word_1_606' title='bbox 2058 1947 2153 2000; x_wconf 89' lang='lat' dir='ltr'>tibi</span> <span class='ocrx_word' id='word_1_607' title='bbox 2185 1948 2439 2013; x_wconf 88' lang='lat' dir='ltr'>diximus,</span> <span class='ocrx_word' id='word_1_608' title='bbox 2475 1948 2567 2019; x_wconf 92' lang='lat' dir='ltr'>qui</span> <span class='ocrx_word' id='word_1_609' title='bbox 2595 1949 2870 2004; x_wconf 89' lang='lat' dir='ltr'>habitator</span> <span class='ocrx_word' id='word_1_610' title='bbox 2890 1965 2952 2004; x_wconf 92' lang='lat' dir='ltr'>es</span> <span class='ocrx_word' id='word_1_611' title='bbox 2989 1951 3160 2016; x_wconf 62' lang='lat' dir='ltr'>cellae,</span> <span class='ocrx_word' id='word_1_612' title='bbox 3197 1952 3325 2021; x_wconf 88' lang='lat' dir='ltr'>quia</span> <span class='ocrx_word' id='word_1_613' title='bbox 3355 1967 3518 2007; x_wconf 88' lang='lat' dir='ltr'>occa—</span> 
     </span>
    </p>
   </div>
   <div class='ocr_carea' id='block_1_80' title="bbox 1914 2035 3515 2108">
    <p class='ocr_par' dir='ltr' id='par_1_80' title="bbox 1914 2035 3515 2108">
     <span class='ocr_line' id='line_1_80' title="bbox 1914 2035 3515 2108; baseline 0.003 -19"><span class='ocrx_word' id='word_1_614' title='bbox 1914 2035 2126 2090; x_wconf 91' lang='lat' dir='ltr'>sionem</span> <span class='ocrx_word' id='word_1_615' title='bbox 2157 2036 2333 2108; x_wconf 88' lang='lat' dir='ltr'>gignit</span> <span class='ocrx_word' id='word_1_616' title='bbox 2365 2045 2416 2090; x_wconf 90' lang='lat' dir='ltr'>et</span> <span class='ocrx_word' id='word_1_617' title='bbox 2465 2052 2686 2093; x_wconf 89' lang='lat' dir='ltr'>causam</span> <span class='ocrx_word' id='word_1_618' title='bbox 2744 2038 2947 2092; x_wconf 89' lang='lat' dir='ltr'>amoris</span> <span class='ocrx_word' id='word_1_619' title='bbox 2978 2047 3029 2092; x_wconf 91' lang='lat' dir='ltr'>et</span> <span class='ocrx_word' id='word_1_620' title='bbox 3087 2039 3515 2106; x_wconf 89' lang='lat' dir='ltr'>consolationis;</span> 
     </span>
    </p>
   </div>
   <div class='ocr_carea' id='block_1_81' title="bbox 1914 2123 3516 2196">
    <p class='ocr_par' dir='ltr' id='par_1_81' title="bbox 1914 2123 3516 2196">
     <span class='ocr_line' id='line_1_81' title="bbox 1914 2123 3516 2196; baseline 0.003 -19"><span class='ocrx_word' id='word_1_621' title='bbox 1914 2123 2052 2179; x_wconf 89' lang='lat' dir='ltr'>sicut</span> <span class='ocrx_word' id='word_1_622' title='bbox 2094 2125 2434 2195; x_wconf 65' lang='lat' dir='ltr'>praecedens,</span> <span class='ocrx_word' id='word_1_623' title='bbox 2468 2125 2560 2196; x_wconf 92' lang='lat' dir='ltr'>qui</span> <span class='ocrx_word' id='word_1_624' title='bbox 2591 2127 2862 2180; x_wconf 88' lang='lat' dir='ltr'>secundus</span> <span class='ocrx_word' id='word_1_625' title='bbox 2904 2135 3005 2194; x_wconf 89' lang='lat' dir='ltr'>est,</span> <span class='ocrx_word' id='word_1_626' title='bbox 3039 2127 3249 2182; x_wconf 90' lang='lat' dir='ltr'>timoris</span> <span class='ocrx_word' id='word_1_627' title='bbox 3277 2128 3516 2182; x_wconf 91' lang='lat' dir='ltr'>admini-</span> 
     </span>
    </p>
   </div>
   <div class='ocr_carea' id='block_1_82' title="bbox 1914 2213 3518 2276">
    <p class='ocr_par' dir='ltr' id='par_1_82' title="bbox 1914 2213 3518 2276">
     <span class='ocr_line' id='line_1_82' title="bbox 1914 2213 3518 2276; baseline 0.004 -11"><span class='ocrx_word' id='word_1_628' title='bbox 1914 2220 2044 2266; x_wconf 89' lang='lat' dir='ltr'>strat</span> <span class='ocrx_word' id='word_1_629' title='bbox 2069 2228 2289 2268; x_wconf 88' lang='lat' dir='ltr'>causam</span> <span class='ocrx_word' id='word_1_630' title='bbox 2323 2222 2375 2268; x_wconf 88' lang='lat' dir='ltr'>et</span> <span class='ocrx_word' id='word_1_631' title='bbox 2404 2213 2628 2269; x_wconf 90' lang='lat' dir='ltr'>doloris.</span> <span class='ocrx_word' id='word_1_632' title='bbox 2663 2215 2732 2268; x_wconf 87' lang='lat' dir='ltr'>Et</span> <span class='ocrx_word' id='word_1_633' title='bbox 2759 2215 3134 2276; x_wconf 79' lang='lat' dir='ltr'>necessarium</span> <span class='ocrx_word' id='word_1_634' title='bbox 3163 2216 3320 2271; x_wconf 89' lang='lat' dir='ltr'>valde</span> <span class='ocrx_word' id='word_1_635' title='bbox 3351 2225 3407 2271; x_wconf 87' lang='lat' dir='ltr'>ut</span> <span class='ocrx_word' id='word_1_636' title='bbox 3427 2217 3518 2272; x_wconf 89' lang='lat' dir='ltr'>hic</span> 
     </span>
    </p>
   </div>
   <div class='ocr_carea' id='block_1_83' title="bbox 1913 2301 3516 2375">
    <p class='ocr_par' dir='ltr' id='par_1_83' title="bbox 1913 2301 3516 2375">
     <span class='ocr_line' id='line_1_83' title="bbox 1913 2301 3516 2375; baseline 0.004 -21"><span class='ocrx_word' id='word_1_637' title='bbox 1913 2301 2109 2355; x_wconf 91' lang='lat' dir='ltr'>modus</span> <span class='ocrx_word' id='word_1_638' title='bbox 2139 2301 2330 2355; x_wconf 91' lang='lat' dir='ltr'>tertius</span> <span class='ocrx_word' id='word_1_639' title='bbox 2353 2303 2612 2358; x_wconf 91' lang='lat' dir='ltr'>succedat</span> <span class='ocrx_word' id='word_1_640' title='bbox 2632 2303 2830 2373; x_wconf 90' lang='lat' dir='ltr'>primo,</span> <span class='ocrx_word' id='word_1_641' title='bbox 2858 2313 3121 2374; x_wconf 90' lang='lat' dir='ltr'>quatenus</span> <span class='ocrx_word' id='word_1_642' title='bbox 3152 2306 3516 2375; x_wconf 88' lang='lat' dir='ltr'>quemadmo-</span> 
     </span>
    </p>
   </div>
   <div class='ocr_carea' id='block_1_84' title="bbox 1917 2389 3507 2461">
    <p class='ocr_par' dir='ltr' id='par_1_84' title="bbox 1917 2389 3507 2461">
     <span class='ocr_line' id='line_1_84' title="bbox 1917 2389 3507 2461; baseline 0.003 -18"><span class='ocrx_word' id='word_1_643' title='bbox 1917 2389 2045 2443; x_wconf 92' lang='lat' dir='ltr'>dum</span> <span class='ocrx_word' id='word_1_644' title='bbox 2079 2391 2351 2445; x_wconf 90' lang='lat' dir='ltr'>secundus</span> <span class='ocrx_word' id='word_1_645' title='bbox 2381 2391 2434 2443; x_wconf 90' lang='lat' dir='ltr'>in</span> <span class='ocrx_word' id='word_1_646' title='bbox 2463 2391 2641 2461; x_wconf 91' lang='lat' dir='ltr'>primo</span> <span class='ocrx_word' id='word_1_647' title='bbox 2671 2402 2894 2447; x_wconf 89' lang='lat' dir='ltr'>evacuat</span> <span class='ocrx_word' id='word_1_648' title='bbox 2925 2400 3190 2447; x_wconf 90' lang='lat' dir='ltr'>tumorem</span> <span class='ocrx_word' id='word_1_649' title='bbox 3235 2394 3507 2461; x_wconf 89' lang='lat' dir='ltr'>elationis,</span> 
     </span>
    </p>
   </div>
   <div class='ocr_carea' id='block_1_85' title="bbox 1914 2477 3510 2551">
    <p class='ocr_par' dir='ltr' id='par_1_85' title="bbox 1914 2477 3510 2551">
     <span class='ocr_line' id='line_1_85' title="bbox 1914 2477 3510 2551; baseline 0.004 -21"><span class='ocrx_word' id='word_1_650' title='bbox 1914 2477 1985 2530; x_wconf 87' lang='lat' dir='ltr'>ita</span> <span class='ocrx_word' id='word_1_651' title='bbox 2015 2486 2069 2532; x_wconf 92' lang='lat' dir='ltr'>et</span> <span class='ocrx_word' id='word_1_652' title='bbox 2100 2478 2286 2532; x_wconf 89' lang='lat' dir='ltr'>tertius</span> <span class='ocrx_word' id='word_1_653' title='bbox 2331 2479 2613 2533; x_wconf 89' lang='lat' dir='ltr'>horrorem</span> <span class='ocrx_word' id='word_1_654' title='bbox 2643 2495 2676 2533; x_wconf 92' lang='lat' dir='ltr'>a</span> <span class='ocrx_word' id='word_1_655' title='bbox 2701 2481 2944 2534; x_wconf 91' lang='lat' dir='ltr'>secundo</span> <span class='ocrx_word' id='word_1_656' title='bbox 3003 2481 3210 2535; x_wconf 79' lang='lat' dir='ltr'>auferat</span> <span class='ocrx_word' id='word_1_657' title='bbox 3240 2482 3510 2551; x_wconf 88' lang='lat' dir='ltr'>despera-</span> 
     </span>
    </p>
   </div>
   <div class='ocr_carea' id='block_1_86' title="bbox 1914 2565 3515 2637">
    <p class='ocr_par' dir='ltr' id='par_1_86' title="bbox 1914 2565 3515 2637">
     <span class='ocr_line' id='line_1_86' title="bbox 1914 2565 3515 2637; baseline 0.005 -19"><span class='ocrx_word' id='word_1_658' title='bbox 1914 2565 2100 2619; x_wconf 89' lang='lat' dir='ltr'>tionis.</span> <span class='ocrx_word' id='word_1_659' title='bbox 2143 2566 2339 2637; x_wconf 88' lang='lat' dir='ltr'>Sicque</span> <span class='ocrx_word' id='word_1_660' title='bbox 2371 2567 2424 2620; x_wconf 93' lang='lat' dir='ltr'>in</span> <span class='ocrx_word' id='word_1_661' title='bbox 2465 2567 2680 2622; x_wconf 89' lang='lat' dir='ltr'>duobus</span> <span class='ocrx_word' id='word_1_662' title='bbox 2709 2569 2793 2622; x_wconf 88' lang='lat' dir='ltr'>his</span> <span class='ocrx_word' id='word_1_663' title='bbox 2851 2569 3049 2635; x_wconf 91' lang='lat' dir='ltr'>modis,</span> <span class='ocrx_word' id='word_1_664' title='bbox 3085 2571 3326 2626; x_wconf 89' lang='lat' dir='ltr'>secundo</span> <span class='ocrx_word' id='word_1_665' title='bbox 3358 2571 3515 2626; x_wconf 87' lang='lat' dir='ltr'>vide-</span> 
     </span>
    </p>
   </div>
   <div class='ocr_carea' id='block_1_87' title="bbox 1914 2653 3516 2723">
    <p class='ocr_par' dir='ltr' id='par_1_87' title="bbox 1914 2653 3516 2723">
     <span class='ocr_line' id='line_1_87' title="bbox 1914 2653 3516 2723; baseline 0.005 -17"><span class='ocrx_word' id='word_1_666' title='bbox 1914 2653 2039 2709; x_wconf 92' lang='lat' dir='ltr'>licet</span> <span class='ocrx_word' id='word_1_667' title='bbox 2071 2662 2122 2708; x_wconf 93' lang='lat' dir='ltr'>et</span> <span class='ocrx_word' id='word_1_668' title='bbox 2153 2655 2310 2709; x_wconf 89' lang='lat' dir='ltr'>tertio</span> <span class='ocrx_word' id='word_1_669' title='bbox 2342 2671 2498 2710; x_wconf 92' lang='lat' dir='ltr'>mens</span> <span class='ocrx_word' id='word_1_670' title='bbox 2529 2663 2613 2710; x_wconf 90' lang='lat' dir='ltr'>tua</span> <span class='ocrx_word' id='word_1_671' title='bbox 2645 2657 2760 2711; x_wconf 92' lang='lat' dir='ltr'>Deo</span> <span class='ocrx_word' id='word_1_672' title='bbox 2788 2665 3009 2712; x_wconf 88' lang='lat' dir='ltr'>cantare</span> <span class='ocrx_word' id='word_1_673' title='bbox 3057 2659 3256 2723; x_wconf 89' lang='lat' dir='ltr'>valeat,</span> <span class='ocrx_word' id='word_1_674' title='bbox 3289 2675 3398 2714; x_wconf 86' lang='lat' dir='ltr'>non</span> <span class='ocrx_word' id='word_1_675' title='bbox 3421 2675 3516 2715; x_wconf 91' lang='lat' dir='ltr'>so-</span> 
     </span>
    </p>
   </div>
   <div class='ocr_carea' id='block_1_88' title="bbox 1914 2741 3514 2818">
    <p class='ocr_par' dir='ltr' id='par_1_88' title="bbox 1914 2741 3514 2818">
     <span class='ocr_line' id='line_1_88' title="bbox 1914 2741 3514 2818; baseline 0.006 -23"><span class='ocrx_word' id='word_1_676' title='bbox 1914 2741 2024 2796; x_wconf 90' lang='lat' dir='ltr'>lum</span> <span class='ocrx_word' id='word_1_677' title='bbox 2066 2743 2524 2809; x_wconf 89' lang='lat' dir='ltr'>misericordiam,</span> <span class='ocrx_word' id='word_1_678' title='bbox 2554 2761 2624 2799; x_wconf 92' lang='lat' dir='ltr'>ne</span> <span class='ocrx_word' id='word_1_679' title='bbox 2663 2761 2782 2799; x_wconf 91' lang='lat' dir='ltr'>eam</span> <span class='ocrx_word' id='word_1_680' title='bbox 2823 2745 2997 2801; x_wconf 89' lang='lat' dir='ltr'>elevet</span> <span class='ocrx_word' id='word_1_681' title='bbox 3053 2748 3338 2802; x_wconf 89' lang='lat' dir='ltr'>temeraria</span> <span class='ocrx_word' id='word_1_682' title='bbox 3365 2765 3514 2818; x_wconf 74' lang='lat' dir='ltr'>pra:-</span> 
     </span>
    </p>
   </div>
   <div class='ocr_carea' id='block_1_89' title="bbox 1915 2832 3517 2901">
    <p class='ocr_par' dir='ltr' id='par_1_89' title="bbox 1915 2832 3517 2901">
     <span class='ocr_line' id='line_1_89' title="bbox 1915 2832 3517 2901; baseline 0.004 -17"><span class='ocrx_word' id='word_1_683' title='bbox 1915 2832 2170 2899; x_wconf 91' lang='lat' dir='ltr'>sumptio,</span> <span class='ocrx_word' id='word_1_684' title='bbox 2223 2847 2326 2887; x_wconf 91' lang='lat' dir='ltr'>nec</span> <span class='ocrx_word' id='word_1_685' title='bbox 2398 2833 2572 2887; x_wconf 84' lang='lat' dir='ltr'>solum</span> <span class='ocrx_word' id='word_1_686' title='bbox 2639 2833 2922 2901; x_wconf 90' lang='lat' dir='ltr'>judicium,</span> <span class='ocrx_word' id='word_1_687' title='bbox 2959 2851 3026 2889; x_wconf 91' lang='lat' dir='ltr'>ne</span> <span class='ocrx_word' id='word_1_688' title='bbox 3082 2851 3200 2889; x_wconf 92' lang='lat' dir='ltr'>eam</span> <span class='ocrx_word' id='word_1_689' title='bbox 3230 2837 3517 2891; x_wconf 88' lang='lat' dir='ltr'>absorbeat</span> 
     </span>
    </p>
   </div>
   <div class='ocr_carea' id='block_1_90' title="bbox 1913 2919 3514 2995">
    <p class='ocr_par' dir='ltr' id='par_1_90' title="bbox 1913 2919 3514 2995">
     <span class='ocr_line' id='line_1_90' title="bbox 1913 2919 3514 2995; baseline 0.004 -22"><span class='ocrx_word' id='word_1_690' title='bbox 1913 2919 2194 2975; x_wconf 86' lang='lat' dir='ltr'>mortifera</span> <span class='ocrx_word' id='word_1_691' title='bbox 2259 2921 2610 2992; x_wconf 88' lang='lat' dir='ltr'>desperatio;</span> <span class='ocrx_word' id='word_1_692' title='bbox 2646 2923 2743 2976; x_wconf 92' lang='lat' dir='ltr'>sed</span> <span class='ocrx_word' id='word_1_693' title='bbox 2813 2923 3248 2978; x_wconf 86' lang='lat' dir='ltr'>misericordiam</span> <span class='ocrx_word' id='word_1_694' title='bbox 3311 2926 3514 2995; x_wconf 87' lang='lat' dir='ltr'>pariter</span> 
     </span>
    </p>
   </div>
   <div class='ocr_carea' id='block_1_91' title="bbox 1915 3009 3523 3083">
    <p class='ocr_par' dir='ltr' id='par_1_91' title="bbox 1915 3009 3523 3083">
     <span class='ocr_line' id='line_1_91' title="bbox 1915 3009 3523 3083; baseline 0.004 -21"><span class='ocrx_word' id='word_1_695' title='bbox 1915 3017 1966 3063; x_wconf 89' lang='lat' dir='ltr'>et</span> <span class='ocrx_word' id='word_1_696' title='bbox 1990 3009 2256 3076; x_wconf 89' lang='lat' dir='ltr'>judicium</span> <span class='ocrx_word' id='word_1_697' title='bbox 2285 3018 2342 3064; x_wconf 91' lang='lat' dir='ltr'>ut</span> <span class='ocrx_word' id='word_1_698' title='bbox 2373 3026 2719 3081; x_wconf 88' lang='lat' dir='ltr'>nequaquam</span> <span class='ocrx_word' id='word_1_699' title='bbox 2751 3011 2805 3064; x_wconf 90' lang='lat' dir='ltr'>in</span> <span class='ocrx_word' id='word_1_700' title='bbox 2841 3027 3000 3065; x_wconf 89' lang='lat' dir='ltr'>unam</span> <span class='ocrx_word' id='word_1_701' title='bbox 3026 3013 3106 3066; x_wconf 91' lang='lat' dir='ltr'>sui</span> <span class='ocrx_word' id='word_1_702' title='bbox 3137 3021 3344 3083; x_wconf 86' lang='lat' dir='ltr'>partem</span> <span class='ocrx_word' id='word_1_703' title='bbox 3377 3015 3523 3070; x_wconf 86' lang='lat' dir='ltr'>clau-</span> 
     </span>
    </p>
   </div>
   <div class='ocr_carea' id='block_1_92' title="bbox 1871 3097 3517 3170">
    <p class='ocr_par' dir='ltr' id='par_1_92' title="bbox 1871 3097 3517 3170">
     <span class='ocr_line' id='line_1_92' title="bbox 1871 3097 3517 3170; baseline 0.004 -19"><span class='ocrx_word' id='word_1_704' title='bbox 1871 3148 1883 3167; x_wconf 66' lang='grc'><em>,</em></span> <span class='ocrx_word' id='word_1_705' title='bbox 1914 3097 2078 3163; x_wconf 87' lang='lat' dir='ltr'>dicet,</span> <span class='ocrx_word' id='word_1_706' title='bbox 2113 3114 2181 3152; x_wconf 91' lang='lat' dir='ltr'>ne</span> <span class='ocrx_word' id='word_1_707' title='bbox 2214 3099 2381 3170; x_wconf 89' lang='lat' dir='ltr'>(quod</span> <span class='ocrx_word' id='word_1_708' title='bbox 2423 3098 2585 3166; x_wconf 90' lang='lat' dir='ltr'>absit)</span> <span class='ocrx_word' id='word_1_709' title='bbox 2617 3115 2650 3152; x_wconf 89' lang='lat' dir='ltr'>a</span> <span class='ocrx_word' id='word_1_710' title='bbox 2680 3108 2827 3155; x_wconf 90' lang='lat' dir='ltr'>recta</span> <span class='ocrx_word' id='word_1_711' title='bbox 2873 3099 3065 3155; x_wconf 88' lang='lat' dir='ltr'>semita</span> <span class='ocrx_word' id='word_1_712' title='bbox 3097 3102 3383 3167; x_wconf 86' lang='lat' dir='ltr'>exorbitet,</span> <span class='ocrx_word' id='word_1_713' title='bbox 3418 3104 3517 3157; x_wconf 90' lang='lat' dir='ltr'>sed</span> 
     </span>
    </p>
   </div>
   <div class='ocr_carea' id='block_1_93' title="bbox 1914 3185 3516 3258">
    <p class='ocr_par' dir='ltr' id='par_1_93' title="bbox 1914 3185 3516 3258">
     <span class='ocr_line' id='line_1_93' title="bbox 1914 3185 3516 3258; baseline 0.004 -18"><span class='ocrx_word' id='word_1_714' title='bbox 1914 3185 1999 3240; x_wconf 85' lang='lat' dir='ltr'>via</span> <span class='ocrx_word' id='word_1_715' title='bbox 2031 3194 2175 3240; x_wconf 88' lang='lat' dir='ltr'>recta</span> <span class='ocrx_word' id='word_1_716' title='bbox 2206 3187 2461 3241; x_wconf 89' lang='lat' dir='ltr'>incedere</span> <span class='ocrx_word' id='word_1_717' title='bbox 2492 3195 2646 3242; x_wconf 88' lang='lat' dir='ltr'>curet</span> <span class='ocrx_word' id='word_1_718' title='bbox 2681 3205 2693 3242; x_wconf 91' lang='lat'><strong>:</strong></span> <span class='ocrx_word' id='word_1_719' title='bbox 2727 3203 2835 3242; x_wconf 89' lang='lat' dir='ltr'>non</span> <span class='ocrx_word' id='word_1_720' title='bbox 2865 3189 3166 3258; x_wconf 89' lang='lat' dir='ltr'>declinans,</span> <span class='ocrx_word' id='word_1_721' title='bbox 3200 3191 3287 3245; x_wconf 91' lang='lat' dir='ltr'>vel</span> <span class='ocrx_word' id='word_1_722' title='bbox 3316 3206 3347 3245; x_wconf 92' lang='lat' dir='ltr'>a</span> <span class='ocrx_word' id='word_1_723' title='bbox 3379 3192 3516 3246; x_wconf 90' lang='lat' dir='ltr'>dex-</span> 
     </span>
    </p>
   </div>
   <div class='ocr_carea' id='block_1_94' title="bbox 1917 3274 3514 3350">
    <p class='ocr_par' dir='ltr' id='par_1_94' title="bbox 1917 3274 3514 3350">
     <span class='ocr_line' id='line_1_94' title="bbox 1917 3274 3514 3350; baseline 0.004 -23"><span class='ocrx_word' id='word_1_724' title='bbox 1917 3275 2032 3343; x_wconf 91' lang='lat' dir='ltr'>tris,</span> <span class='ocrx_word' id='word_1_725' title='bbox 2061 3274 2382 3346; x_wconf 86' lang='lat' dir='ltr'>insipienter</span> <span class='ocrx_word' id='word_1_726' title='bbox 2419 3276 2473 3330; x_wconf 90' lang='lat' dir='ltr'>in</span> <span class='ocrx_word' id='word_1_727' title='bbox 2497 3292 2594 3346; x_wconf 91' lang='lat' dir='ltr'>spe</span> <span class='ocrx_word' id='word_1_728' title='bbox 2625 3291 2762 3331; x_wconf 88' lang='lat' dir='ltr'>vana</span> <span class='ocrx_word' id='word_1_729' title='bbox 2791 3276 2966 3349; x_wconf 88' lang='lat' dir='ltr'>[Par.,</span> <span class='ocrx_word' id='word_1_730' title='bbox 3003 3278 3193 3350; x_wconf 82' lang='lat' dir='ltr'>vacua]</span> <span class='ocrx_word' id='word_1_731' title='bbox 3227 3280 3472 3334; x_wconf 91' lang='lat' dir='ltr'>exultans</span> <span class='ocrx_word' id='word_1_732' title='bbox 3500 3299 3514 3347; x_wconf 94' lang='lat'>;</span> 
     </span>
    </p>
   </div>
   <div class='ocr_carea' id='block_1_95' title="bbox 1915 3363 3506 3440">
    <p class='ocr_par' dir='ltr' id='par_1_95' title="bbox 1915 3363 3506 3440">
     <span class='ocr_line' id='line_1_95' title="bbox 1915 3363 3506 3440; baseline 0.005 -24"><span class='ocrx_word' id='word_1_733' title='bbox 1915 3363 2002 3417; x_wconf 85' lang='lat' dir='ltr'>vel</span> <span class='ocrx_word' id='word_1_734' title='bbox 2059 3379 2089 3416; x_wconf 89' lang='lat' dir='ltr'>a</span> <span class='ocrx_word' id='word_1_735' title='bbox 2134 3364 2385 3432; x_wconf 89' lang='lat' dir='ltr'>sinistris,</span> <span class='ocrx_word' id='word_1_736' title='bbox 2445 3365 2824 3420; x_wconf 86' lang='lat' dir='ltr'>damnabiliter</span> <span class='ocrx_word' id='word_1_737' title='bbox 2861 3366 2916 3420; x_wconf 91' lang='lat' dir='ltr'>in</span> <span class='ocrx_word' id='word_1_738' title='bbox 2972 3367 3353 3438; x_wconf 87' lang='lat' dir='ltr'>desperatione</span> <span class='ocrx_word' id='word_1_739' title='bbox 3382 3385 3506 3440; x_wconf 88' lang='lat' dir='ltr'>pro-</span> 
     </span>
    </p>
   </div>
   <div class='ocr_carea' id='block_1_96' title="bbox 1919 3450 2446 3524">
    <p class='ocr_par' dir='ltr' id='par_1_96' title="bbox 1919 3450 2446 3524">
     <span class='ocr_line' id='line_1_96' title="bbox 1919 3450 2446 3524; baseline 0.006 -19"><span class='ocrx_word' id='word_1_740' title='bbox 1919 3450 2084 3507; x_wconf 85' lang='lat' dir='ltr'>funda</span> <span class='ocrx_word' id='word_1_741' title='bbox 2149 3453 2446 3524; x_wconf 87' lang='lat' dir='ltr'>trepidans.</span> 
     </span>
    </p>
   </div>
   <div class='ocr_carea' id='block_1_97' title="bbox 2406 3669 3048 3725">
    <p class='ocr_par' dir='ltr' id='par_1_97' title="bbox 2406 3669 3048 3725">
     <span class='ocr_line' id='line_1_97' title="bbox 2406 3669 3048 3725; baseline 0.003 -2"><span class='ocrx_word' id='word_1_742' title='bbox 2406 3669 2804 3724; x_wconf 80' lang='lat' dir='ltr'>CAPITULUM</span> <span class='ocrx_word' id='word_1_743' title='bbox 2870 3669 3048 3725; x_wconf 79' lang='lat' dir='ltr'>XXII.</span> 
     </span>
    </p>
   </div>
   <div class='ocr_carea' id='block_1_98' title="bbox 1916 3827 3518 3906">
    <p class='ocr_par' dir='ltr' id='par_1_98' title="bbox 1916 3827 3518 3906">
     <span class='ocr_line' id='line_1_98' title="bbox 1916 3827 3518 3906; baseline 0.007 -26"><span class='ocrx_word' id='word_1_744' title='bbox 1916 3827 2224 3906; x_wconf 82' lang='lat' dir='ltr'>De_quar_to</span> <span class='ocrx_word' id='word_1_745' title='bbox 2273 3827 2664 3906; x_wconf 55' lang='lat' dir='ltr'>meditatiortis</span> <span class='ocrx_word' id='word_1_746' title='bbox 2697 3827 2895 3906; x_wconf 58' lang='lat' dir='ltr'>modo,</span> <span class='ocrx_word' id='word_1_747' title='bbox 2933 3830 3028 3906; x_wconf 77' lang='lat' dir='ltr'>qui</span> <span class='ocrx_word' id='word_1_748' title='bbox 3068 3847 3299 3887; x_wconf 82' lang='lat' dir='ltr'>causam</span> <span class='ocrx_word' id='word_1_749' title='bbox 3329 3836 3518 3906; x_wconf 79' lang='lat' dir='ltr'>gignit</span> 
     </span>
    </p>
   </div>
   <div class='ocr_carea' id='block_1_99' title="bbox 1987 3897 3514 3975">
    <p class='ocr_par' dir='ltr' id='par_1_99' title="bbox 1987 3897 3514 3975">
     <span class='ocr_line' id='line_1_99' title="bbox 1987 3897 3514 3975; baseline 0.009 -25"><span class='ocrx_word' id='word_1_750' title='bbox 1987 3897 2050 3975; x_wconf 59' lang='lat' dir='ltr'>in</span> <span class='ocrx_word' id='word_1_751' title='bbox 2081 3899 2273 3975; x_wconf 69' lang='lat' dir='ltr'>animo</span> <span class='ocrx_word' id='word_1_752' title='bbox 2303 3899 2642 3975; x_wconf 73' lang='lat' dir='ltr'>meditantis</span> <span class='ocrx_word' id='word_1_753' title='bbox 2670 3900 2906 3975; x_wconf 76' lang='lat' dir='ltr'>pietatis</span> <span class='ocrx_word' id='word_1_754' title='bbox 2940 3897 3012 3975; x_wconf 63' lang='lat' dir='ltr'>et</span> <span class='ocrx_word' id='word_1_755' title='bbox 3062 3897 3466 3975; x_wconf 46' lang='lat' dir='ltr'>compassivoriis</span> <span class='ocrx_word' id='word_1_756' title='bbox 3501 3923 3514 3962; x_wconf 90' lang='lat'><strong>:</strong></span> 
     </span>
    </p>
   </div>
   <div class='ocr_carea' id='block_1_100' title="bbox 1987 3969 3512 4045">
    <p class='ocr_par' dir='ltr' id='par_1_100' title="bbox 1987 3969 3512 4045">
     <span class='ocr_line' id='line_1_100' title="bbox 1987 3969 3512 4045; baseline 0.008 -24"><span class='ocrx_word' id='word_1_757' title='bbox 1987 3972 2046 4021; x_wconf 87' lang='lat' dir='ltr'>et</span> <span class='ocrx_word' id='word_1_758' title='bbox 2073 3969 2491 4045; x_wconf 70' lang='lat' dir='ltr'>qaod_q_utedam</span> <span class='ocrx_word' id='word_1_759' title='bbox 2513 3987 2635 4045; x_wconf 67' lang='lat' dir='ltr'>quae</span> <span class='ocrx_word' id='word_1_760' title='bbox 2665 3969 2922 4045; x_wconf 59' lang='lat' dir='ltr'>uidemus</span> <span class='ocrx_word' id='word_1_761' title='bbox 2941 3973 3007 4026; x_wconf 86' lang='lat' dir='ltr'>ab</span> <span class='ocrx_word' id='word_1_762' title='bbox 3037 3974 3169 4030; x_wconf 83' lang='lat' dir='ltr'>aliis</span> <span class='ocrx_word' id='word_1_763' title='bbox 3186 3969 3345 4031; x_wconf 59' lang='lat' dir='ltr'>inata</span> <span class='ocrx_word' id='word_1_764' title='bbox 3363 3979 3512 4045; x_wconf 77' lang='lat' dir='ltr'>ﬁeri,</span> 
     </span>
    </p>
   </div>
   <div class='ocr_carea' id='block_1_101' title="bbox 1988 4039 3514 4118">
    <p class='ocr_par' dir='ltr' id='par_1_101' title="bbox 1988 4039 3514 4118">
     <span class='ocr_line' id='line_1_101' title="bbox 1988 4039 3514 4118; baseline 0.009 -27"><span class='ocrx_word' id='word_1_765' title='bbox 1988 4039 2166 4108; x_wconf 84' lang='lat' dir='ltr'>magis</span> <span class='ocrx_word' id='word_1_766' title='bbox 2194 4039 2490 4118; x_wconf 64' lang='lat' dir='ltr'>debeamus</span> <span class='ocrx_word' id='word_1_767' title='bbox 2521 4039 2681 4118; x_wconf 59' lang='lat' dir='ltr'>intra</span> <span class='ocrx_word' id='word_1_768' title='bbox 2715 4057 2816 4096; x_wconf 81' lang='lat' dir='ltr'>nos</span> <span class='ocrx_word' id='word_1_769' title='bbox 2863 4043 3196 4118; x_wconf 83' lang='lat' dir='ltr'>plerumque</span> <span class='ocrx_word' id='word_1_770' title='bbox 3218 4039 3514 4116; x_wconf 58' lang='lat' dir='ltr'>excusare,</span> 
     </span>
    </p>
   </div>
   <div class='ocr_carea' id='block_1_102' title="bbox 1990 4112 2735 4181">
    <p class='ocr_par' dir='ltr' id='par_1_102' title="bbox 1990 4112 2735 4181">
     <span class='ocr_line' id='line_1_102' title="bbox 1990 4112 2735 4181; baseline 0.008 -19"><span class='ocrx_word' id='word_1_771' title='bbox 1990 4125 2164 4180; x_wconf 88' lang='lat' dir='ltr'>quam</span> <span class='ocrx_word' id='word_1_772' title='bbox 2209 4114 2420 4165; x_wconf 85' lang='lat' dir='ltr'>temere</span> <span class='ocrx_word' id='word_1_773' title='bbox 2443 4112 2735 4181; x_wconf 80' lang='lat' dir='ltr'>judicare.</span> 
     </span>
    </p>
   </div>
   <div class='ocr_carea' id='block_1_103' title="bbox 1989 4249 3515 4332">
    <p class='ocr_par' dir='ltr' id='par_1_103' title="bbox 1989 4249 3515 4332">
     <span class='ocr_line' id='line_1_103' title="bbox 1989 4249 3515 4332; baseline 0.009 -29"><span class='ocrx_word' id='word_1_774' title='bbox 1989 4249 2350 4305; x_wconf 87' lang='lat' dir='ltr'>Meditationis</span> <span class='ocrx_word' id='word_1_775' title='bbox 2400 4268 2618 4323; x_wconf 90' lang='lat' dir='ltr'>quoque</span> <span class='ocrx_word' id='word_1_776' title='bbox 2657 4263 2877 4324; x_wconf 88' lang='lat' dir='ltr'>quartus</span> <span class='ocrx_word' id='word_1_777' title='bbox 2924 4257 3119 4312; x_wconf 89' lang='lat' dir='ltr'>modus</span> <span class='ocrx_word' id='word_1_778' title='bbox 3161 4267 3262 4325; x_wconf 89' lang='lat' dir='ltr'>est,</span> <span class='ocrx_word' id='word_1_779' title='bbox 3297 4259 3366 4315; x_wconf 92' lang='lat' dir='ltr'>de</span> <span class='ocrx_word' id='word_1_780' title='bbox 3407 4277 3515 4332; x_wconf 89' lang='lat' dir='ltr'>quo</span> 
     </span>
    </p>
   </div>
   <div class='ocr_carea' id='block_1_104' title="bbox 1916 4338 3513 4412">
    <p class='ocr_par' dir='ltr' id='par_1_104' title="bbox 1916 4338 3513 4412">
     <span class='ocr_line' id='line_1_104' title="bbox 1916 4338 3513 4412; baseline 0.008 -22"><span class='ocrx_word' id='word_1_781' title='bbox 1916 4338 2200 4408; x_wconf 89' lang='lat' dir='ltr'>percipere</span> <span class='ocrx_word' id='word_1_782' title='bbox 2232 4339 2402 4393; x_wconf 90' lang='lat' dir='ltr'>debes</span> <span class='ocrx_word' id='word_1_783' title='bbox 2433 4348 2506 4407; x_wconf 88' lang='lat' dir='ltr'>tu,</span> <span class='ocrx_word' id='word_1_784' title='bbox 2541 4341 2632 4412; x_wconf 92' lang='lat' dir='ltr'>qui</span> <span class='ocrx_word' id='word_1_785' title='bbox 2679 4343 2950 4399; x_wconf 88' lang='lat' dir='ltr'>habitator</span> <span class='ocrx_word' id='word_1_786' title='bbox 2977 4361 3037 4401; x_wconf 83' lang='lat' dir='ltr'>es</span> <span class='ocrx_word' id='word_1_787' title='bbox 3072 4346 3241 4412; x_wconf 63' lang='lat' dir='ltr'>cellae,</span> <span class='ocrx_word' id='word_1_788' title='bbox 3287 4363 3513 4404; x_wconf 89' lang='lat' dir='ltr'>causam</span> 
     </span>
    </p>
   </div>
   <div class='ocr_carea' id='block_1_105' title="bbox 1917 4427 3519 4502">
    <p class='ocr_par' dir='ltr' id='par_1_105' title="bbox 1917 4427 3519 4502">
     <span class='ocr_line' id='line_1_105' title="bbox 1917 4427 3519 4502; baseline 0.008 -22"><span class='ocrx_word' id='word_1_789' title='bbox 1917 4427 2133 4498; x_wconf 90' lang='lat' dir='ltr'>pietatis</span> <span class='ocrx_word' id='word_1_790' title='bbox 2155 4435 2208 4482; x_wconf 90' lang='lat' dir='ltr'>et</span> <span class='ocrx_word' id='word_1_791' title='bbox 2236 4428 2652 4498; x_wconf 89' lang='lat' dir='ltr'>compassionis.</span> <span class='ocrx_word' id='word_1_792' title='bbox 2673 4431 2740 4484; x_wconf 91' lang='lat' dir='ltr'>Et</span> <span class='ocrx_word' id='word_1_793' title='bbox 2777 4441 2901 4502; x_wconf 89' lang='lat' dir='ltr'>apte</span> <span class='ocrx_word' id='word_1_794' title='bbox 2932 4435 3127 4488; x_wconf 88' lang='lat' dir='ltr'>modus</span> <span class='ocrx_word' id='word_1_795' title='bbox 3157 4434 3277 4500; x_wconf 91' lang='lat' dir='ltr'>iste,</span> <span class='ocrx_word' id='word_1_796' title='bbox 3301 4437 3377 4490; x_wconf 90' lang='lat' dir='ltr'>illi</span> <span class='ocrx_word' id='word_1_797' title='bbox 3399 4454 3519 4493; x_wconf 91' lang='lat' dir='ltr'>suc-</span> 
     </span>
    </p>
   </div>
   <div class='ocr_carea' id='block_1_106' title="bbox 1844 4502 3516 4588">
    <p class='ocr_par' dir='ltr' id='par_1_106' title="bbox 1844 4502 3516 4588">
     <span class='ocr_line' id='line_1_106' title="bbox 1844 4502 3516 4588; baseline 0.005 -17"><span class='ocrx_word' id='word_1_798' title='bbox 1844 4502 1895 4561; x_wconf 83' lang='lat' dir='ltr'>D</span> <span class='ocrx_word' id='word_1_799' title='bbox 1917 4515 2061 4572; x_wconf 91' lang='lat' dir='ltr'>cedit</span> <span class='ocrx_word' id='word_1_800' title='bbox 2089 4516 2247 4570; x_wconf 91' lang='lat' dir='ltr'>tertio</span> <span class='ocrx_word' id='word_1_801' title='bbox 2279 4517 2460 4580; x_wconf 89' lang='lat' dir='ltr'>modo,</span> <span class='ocrx_word' id='word_1_802' title='bbox 2479 4517 2592 4588; x_wconf 76' lang='lat' dir='ltr'>&#39;qui</span> <span class='ocrx_word' id='word_1_803' title='bbox 2619 4535 2843 4574; x_wconf 90' lang='lat' dir='ltr'>causam</span> <span class='ocrx_word' id='word_1_804' title='bbox 2875 4521 2968 4574; x_wconf 90' lang='lat' dir='ltr'>tibi</span> <span class='ocrx_word' id='word_1_805' title='bbox 3014 4523 3355 4578; x_wconf 88' lang='lat' dir='ltr'>administrat</span> <span class='ocrx_word' id='word_1_806' title='bbox 3377 4542 3516 4580; x_wconf 88' lang='lat' dir='ltr'>con-</span> 
     </span>
    </p>
   </div>
   <div class='ocr_carea' id='block_1_107' title="bbox 1917 4604 3511 4685">
    <p class='ocr_par' dir='ltr' id='par_1_107' title="bbox 1917 4604 3511 4685">
     <span class='ocr_line' id='line_1_107' title="bbox 1917 4604 3511 4685; baseline 0.007 -27"><span class='ocrx_word' id='word_1_807' title='bbox 1917 4604 2237 4670; x_wconf 91' lang='lat' dir='ltr'>solationis;</span> <span class='ocrx_word' id='word_1_808' title='bbox 2272 4613 2328 4659; x_wconf 89' lang='lat' dir='ltr'>ut</span> <span class='ocrx_word' id='word_1_809' title='bbox 2357 4613 2417 4660; x_wconf 91' lang='lat' dir='ltr'>tu</span> <span class='ocrx_word' id='word_1_810' title='bbox 2466 4606 2736 4661; x_wconf 90' lang='lat' dir='ltr'>numirum</span> <span class='ocrx_word' id='word_1_811' title='bbox 2796 4609 3106 4664; x_wconf 83' lang='lat' dir='ltr'>consolatus</span> <span class='ocrx_word' id='word_1_812' title='bbox 3155 4628 3511 4685; x_wconf 89' lang='lat' dir='ltr'>quoscunque</span> 
     </span>
    </p>
   </div>
   <div class='ocr_carea' id='block_1_108' title="bbox 1916 4693 3512 4770">
    <p class='ocr_par' dir='ltr' id='par_1_108' title="bbox 1916 4693 3512 4770">
     <span class='ocr_line' id='line_1_108' title="bbox 1916 4693 3512 4770; baseline 0.007 -23"><span class='ocrx_word' id='word_1_813' title='bbox 1916 4693 2120 4748; x_wconf 89' lang='lat' dir='ltr'>videris</span> <span class='ocrx_word' id='word_1_814' title='bbox 2150 4693 2234 4748; x_wconf 85' lang='lat' dir='ltr'>vel</span> <span class='ocrx_word' id='word_1_815' title='bbox 2258 4694 2475 4748; x_wconf 90' lang='lat' dir='ltr'>miseria</span> <span class='ocrx_word' id='word_1_816' title='bbox 2505 4696 2752 4763; x_wconf 82' lang='lat' dir='ltr'>aﬁlictos,</span> <span class='ocrx_word' id='word_1_817' title='bbox 2791 4698 2876 4752; x_wconf 88' lang='lat' dir='ltr'>vel</span> <span class='ocrx_word' id='word_1_818' title='bbox 2920 4699 3081 4770; x_wconf 91' lang='lat' dir='ltr'>culpa</span> <span class='ocrx_word' id='word_1_819' title='bbox 3111 4703 3512 4758; x_wconf 86' lang='lat' dir='ltr'>contaminatos</span> 
     </span>
    </p>
   </div>
   <div class='ocr_carea' id='block_1_109' title="bbox 1915 4782 3516 4859">
    <p class='ocr_par' dir='ltr' id='par_1_109' title="bbox 1915 4782 3516 4859">
     <span class='ocr_line' id='line_1_109' title="bbox 1915 4782 3516 4859; baseline 0.007 -24"><span class='ocrx_word' id='word_1_820' title='bbox 1915 4782 2093 4853; x_wconf 86' lang='lat' dir='ltr'>magis</span> <span class='ocrx_word' id='word_1_821' title='bbox 2123 4782 2380 4852; x_wconf 89' lang='lat' dir='ltr'>prosilias</span> <span class='ocrx_word' id='word_1_822' title='bbox 2408 4784 2475 4838; x_wconf 87' lang='lat' dir='ltr'>ad</span> <span class='ocrx_word' id='word_1_823' title='bbox 2505 4785 2965 4855; x_wconf 89' lang='lat' dir='ltr'>compatiendum,</span> <span class='ocrx_word' id='word_1_824' title='bbox 2999 4805 3160 4859; x_wconf 89' lang='lat' dir='ltr'>quam</span> <span class='ocrx_word' id='word_1_825' title='bbox 3179 4791 3246 4844; x_wconf 89' lang='lat' dir='ltr'>ad</span> <span class='ocrx_word' id='word_1_826' title='bbox 3263 4791 3516 4859; x_wconf 89' lang='lat' dir='ltr'>judican-</span> 
     </span>
    </p>
   </div>
   <div class='ocr_carea' id='block_1_110' title="bbox 1916 4870 3507 4948">
    <p class='ocr_par' dir='ltr' id='par_1_110' title="bbox 1916 4870 3507 4948">
     <span class='ocr_line' id='line_1_110' title="bbox 1916 4870 3507 4948; baseline 0.008 -24"><span class='ocrx_word' id='word_1_827' title='bbox 1916 4870 2043 4924; x_wconf 94' lang='lat' dir='ltr'>dum</span> <span class='ocrx_word' id='word_1_828' title='bbox 2068 4889 2082 4936; x_wconf 89' lang='lat'>;</span> <span class='ocrx_word' id='word_1_829' title='bbox 2116 4872 2294 4943; x_wconf 90' lang='lat' dir='ltr'>magis</span> <span class='ocrx_word' id='word_1_830' title='bbox 2322 4873 2391 4926; x_wconf 92' lang='lat' dir='ltr'>ad</span> <span class='ocrx_word' id='word_1_831' title='bbox 2418 4873 2806 4928; x_wconf 89' lang='lat' dir='ltr'>consolandum</span> <span class='ocrx_word' id='word_1_832' title='bbox 2826 4883 2876 4930; x_wconf 86' lang='lat' dir='ltr'>te</span> <span class='ocrx_word' id='word_1_833' title='bbox 2896 4886 3207 4948; x_wconf 91' lang='lat' dir='ltr'>promptum</span> <span class='ocrx_word' id='word_1_834' title='bbox 3229 4880 3507 4947; x_wconf 90' lang='lat' dir='ltr'>exhibeas,</span> 
     </span>
    </p>
   </div>
   <div class='ocr_carea' id='block_1_111' title="bbox 1917 4961 3514 5040">
    <p class='ocr_par' dir='ltr' id='par_1_111' title="bbox 1917 4961 3514 5040">
     <span class='ocr_line' id='line_1_111' title="bbox 1917 4961 3514 5040; baseline 0.007 -27"><span class='ocrx_word' id='word_1_835' title='bbox 1917 4975 2077 5030; x_wconf 89' lang='lat' dir='ltr'>quam</span> <span class='ocrx_word' id='word_1_836' title='bbox 2105 4961 2176 5014; x_wconf 90' lang='lat' dir='ltr'>ad</span> <span class='ocrx_word' id='word_1_837' title='bbox 2207 4961 2797 5030; x_wconf 82' lang='lat' dir='ltr'>exprobrandum.Hoc</span> <span class='ocrx_word' id='word_1_838' title='bbox 2828 4964 2950 5020; x_wconf 89' lang='lat' dir='ltr'>ideo</span> <span class='ocrx_word' id='word_1_839' title='bbox 2979 4966 3235 5036; x_wconf 91' lang='lat' dir='ltr'>diximus,</span> <span class='ocrx_word' id='word_1_840' title='bbox 3269 4969 3396 5040; x_wconf 90' lang='lat' dir='ltr'>quia</span> <span class='ocrx_word' id='word_1_841' title='bbox 3416 4970 3514 5037; x_wconf 91' lang='lat' dir='ltr'>illi,</span> 
     </span>
    </p>
   </div>
   <div class='ocr_carea' id='block_1_112' title="bbox 1917 5049 3512 5127">
    <p class='ocr_par' dir='ltr' id='par_1_112' title="bbox 1917 5049 3512 5127">
     <span class='ocr_line' id='line_1_112' title="bbox 1917 5049 3512 5127; baseline 0.008 -26"><span class='ocrx_word' id='word_1_842' title='bbox 1917 5049 2009 5119; x_wconf 90' lang='lat' dir='ltr'>qui</span> <span class='ocrx_word' id='word_1_843' title='bbox 2038 5049 2223 5104; x_wconf 89' lang='lat' dir='ltr'>habitu</span> <span class='ocrx_word' id='word_1_844' title='bbox 2250 5050 2537 5121; x_wconf 89' lang='lat' dir='ltr'>religionis</span> <span class='ocrx_word' id='word_1_845' title='bbox 2583 5051 2758 5107; x_wconf 90' lang='lat' dir='ltr'>induti</span> <span class='ocrx_word' id='word_1_846' title='bbox 2796 5053 3064 5120; x_wconf 85' lang='lat' dir='ltr'>videntur,</span> <span class='ocrx_word' id='word_1_847' title='bbox 3099 5073 3194 5111; x_wconf 89' lang='lat' dir='ltr'>seu</span> <span class='ocrx_word' id='word_1_848' title='bbox 3243 5059 3512 5127; x_wconf 88' lang='lat' dir='ltr'>monachi,</span> 
     </span>
    </p>
   </div>
   <div class='ocr_carea' id='block_1_113' title="bbox 1917 5137 3515 5212">
    <p class='ocr_par' dir='ltr' id='par_1_113' title="bbox 1917 5137 3515 5212">
     <span class='ocr_line' id='line_1_113' title="bbox 1917 5137 3515 5212; baseline 0.008 -22"><span class='ocrx_word' id='word_1_849' title='bbox 1917 5153 2014 5191; x_wconf 90' lang='lat' dir='ltr'>seu</span> <span class='ocrx_word' id='word_1_850' title='bbox 2044 5137 2206 5192; x_wconf 89' lang='lat' dir='ltr'>etiam</span> <span class='ocrx_word' id='word_1_851' title='bbox 2237 5139 2424 5195; x_wconf 90' lang='lat' dir='ltr'>clerici</span> <span class='ocrx_word' id='word_1_852' title='bbox 2453 5140 2753 5212; x_wconf 88' lang='lat' dir='ltr'>regulares,</span> <span class='ocrx_word' id='word_1_853' title='bbox 2786 5142 2840 5196; x_wconf 89' lang='lat' dir='ltr'>in</span> <span class='ocrx_word' id='word_1_854' title='bbox 2872 5144 3122 5200; x_wconf 91' lang='lat' dir='ltr'>claustris</span> <span class='ocrx_word' id='word_1_855' title='bbox 3153 5147 3265 5201; x_wconf 91' lang='lat' dir='ltr'>suis</span> <span class='ocrx_word' id='word_1_856' title='bbox 3287 5163 3515 5203; x_wconf 90' lang='lat' dir='ltr'>moran-</span> 
     </span>
    </p>
   </div>
   <div class='ocr_carea' id='block_1_114' title="bbox 1915 5226 3518 5308">
    <p class='ocr_par' dir='ltr' id='par_1_114' title="bbox 1915 5226 3518 5308">
     <span class='ocr_line' id='line_1_114' title="bbox 1915 5226 3518 5308; baseline 0.009 -30"><span class='ocrx_word' id='word_1_857' title='bbox 1915 5232 2017 5293; x_wconf 85' lang='lat' dir='ltr'>tes,</span> <span class='ocrx_word' id='word_1_858' title='bbox 2051 5226 2137 5282; x_wconf 92' lang='lat' dir='ltr'>vel</span> <span class='ocrx_word' id='word_1_859' title='bbox 2164 5243 2265 5281; x_wconf 89' lang='lat' dir='ltr'>nos</span> <span class='ocrx_word' id='word_1_860' title='bbox 2295 5245 2510 5300; x_wconf 90' lang='lat' dir='ltr'>quoque</span> <span class='ocrx_word' id='word_1_861' title='bbox 2541 5231 2889 5288; x_wconf 67' lang='lat' dir='ltr'>anachoreta:</span> <span class='ocrx_word' id='word_1_862' title='bbox 2923 5241 2975 5288; x_wconf 90' lang='lat' dir='ltr'>et</span> <span class='ocrx_word' id='word_1_863' title='bbox 3003 5234 3263 5301; x_wconf 71' lang='lat' dir='ltr'>eremitaa,</span> <span class='ocrx_word' id='word_1_864' title='bbox 3298 5237 3388 5308; x_wconf 92' lang='lat' dir='ltr'>qui</span> <span class='ocrx_word' id='word_1_865' title='bbox 3414 5237 3518 5293; x_wconf 90' lang='lat' dir='ltr'>soli</span> 
     </span>
    </p>
   </div>
   <div class='ocr_carea' id='block_1_115' title="bbox 1915 5314 3517 5397">
    <p class='ocr_par' dir='ltr' id='par_1_115' title="bbox 1915 5314 3517 5397">
     <span class='ocr_line' id='line_1_115' title="bbox 1915 5314 3517 5397; baseline 0.009 -30"><span class='ocrx_word' id='word_1_866' title='bbox 1915 5314 2168 5387; x_wconf 90' lang='lat' dir='ltr'>degimus</span> <span class='ocrx_word' id='word_1_867' title='bbox 2197 5317 2274 5387; x_wconf 85' lang='lat' dir='ltr'>(et</span> <span class='ocrx_word' id='word_1_868' title='bbox 2302 5317 2504 5372; x_wconf 81' lang='lat' dir='ltr'>utinam</span> <span class='ocrx_word' id='word_1_869' title='bbox 2539 5319 2684 5389; x_wconf 90' lang='lat' dir='ltr'>soli),</span> <span class='ocrx_word' id='word_1_870' title='bbox 2710 5335 2831 5375; x_wconf 92' lang='lat' dir='ltr'>cum</span> <span class='ocrx_word' id='word_1_871' title='bbox 2863 5321 3070 5394; x_wconf 89' lang='lat' dir='ltr'>aliquid</span> <span class='ocrx_word' id='word_1_872' title='bbox 3116 5324 3392 5380; x_wconf 89' lang='lat' dir='ltr'>intuentur</span> <span class='ocrx_word' id='word_1_873' title='bbox 3411 5326 3517 5397; x_wconf 90' lang='lat' dir='ltr'>ipsi</span> 
     </span>
    </p>
   </div>
   <div class='ocr_carea' id='block_1_116' title="bbox 1917 5403 3516 5477">
    <p class='ocr_par' dir='ltr' id='par_1_116' title="bbox 1917 5403 3516 5477">
     <span class='ocr_line' id='line_1_116' title="bbox 1917 5403 3516 5477; baseline 0.009 -22"><span class='ocrx_word' id='word_1_874' title='bbox 1917 5403 2061 5477; x_wconf 89' lang='lat' dir='ltr'>quod</span> <span class='ocrx_word' id='word_1_875' title='bbox 2093 5403 2172 5457; x_wconf 90' lang='lat' dir='ltr'>eis</span> <span class='ocrx_word' id='word_1_876' title='bbox 2204 5404 2474 5475; x_wconf 90' lang='lat' dir='ltr'>displicet,</span> <span class='ocrx_word' id='word_1_877' title='bbox 2495 5407 2768 5461; x_wconf 90' lang='lat' dir='ltr'>intuemur</span> <span class='ocrx_word' id='word_1_878' title='bbox 2799 5417 2850 5463; x_wconf 87' lang='lat' dir='ltr'>et</span> <span class='ocrx_word' id='word_1_879' title='bbox 2891 5427 2992 5465; x_wconf 91' lang='lat' dir='ltr'>nos</span> <span class='ocrx_word' id='word_1_880' title='bbox 3015 5411 3163 5466; x_wconf 90' lang='lat' dir='ltr'>nulla</span> <span class='ocrx_word' id='word_1_881' title='bbox 3183 5413 3516 5470; x_wconf 90' lang='lat' dir='ltr'>discretione</span> 
     </span>
    </p>
   </div>
   <div class='ocr_carea' id='block_1_117' title="bbox 1914 5492 3517 5573">
    <p class='ocr_par' dir='ltr' id='par_1_117' title="bbox 1914 5492 3517 5573">
     <span class='ocr_line' id='line_1_117' title="bbox 1914 5492 3517 5573; baseline 0.008 -29"><span class='ocrx_word' id='word_1_882' title='bbox 1914 5507 2029 5560; x_wconf 66' lang='lat' dir='ltr'>prae</span> <span class='ocrx_word' id='word_1_883' title='bbox 2069 5492 2242 5546; x_wconf 91' lang='lat' dir='ltr'>oculis</span> <span class='ocrx_word' id='word_1_884' title='bbox 2297 5493 2499 5558; x_wconf 87' lang='lat' dir='ltr'>habita,</span> <span class='ocrx_word' id='word_1_885' title='bbox 2533 5496 2738 5566; x_wconf 87' lang='lat' dir='ltr'>absque</span> <span class='ocrx_word' id='word_1_886' title='bbox 2796 5499 3177 5568; x_wconf 90' lang='lat' dir='ltr'>compassione</span> <span class='ocrx_word' id='word_1_887' title='bbox 3210 5502 3410 5573; x_wconf 88' lang='lat' dir='ltr'>aliqua.</span> <span class='ocrx_word' id='word_1_888' title='bbox 3448 5504 3517 5558; x_wconf 88' lang='lat' dir='ltr'>Et</span> 
     </span>
    </p>
   </div>
   <div class='ocr_carea' id='block_1_118' title="bbox 1913 5577 3513 5658">
    <p class='ocr_par' dir='ltr' id='par_1_118' title="bbox 1913 5577 3513 5658">
     <span class='ocr_line' id='line_1_118' title="bbox 1913 5577 3513 5658; baseline 0.009 -27"><span class='ocrx_word' id='word_1_889' title='bbox 1913 5577 2274 5634; x_wconf 90' lang='lat' dir='ltr'>illimultoties</span> <span class='ocrx_word' id='word_1_890' title='bbox 2297 5581 2366 5634; x_wconf 91' lang='lat' dir='ltr'>ad</span> <span class='ocrx_word' id='word_1_891' title='bbox 2382 5582 2738 5650; x_wconf 88' lang='lat' dir='ltr'>judicandum</span> <span class='ocrx_word' id='word_1_892' title='bbox 2758 5585 2935 5654; x_wconf 87' lang='lat' dir='ltr'>potius</span> <span class='ocrx_word' id='word_1_893' title='bbox 2955 5603 3120 5658; x_wconf 89' lang='lat' dir='ltr'>quam</span> <span class='ocrx_word' id='word_1_894' title='bbox 3139 5589 3209 5644; x_wconf 90' lang='lat' dir='ltr'>ad</span> <span class='ocrx_word' id='word_1_895' title='bbox 3227 5589 3513 5645; x_wconf 89' lang='lat' dir='ltr'>consolan-</span> 
     </span>
    </p>
   </div>
   <div class='ocr_carea' id='block_1_119' title="bbox 1914 5666 3512 5748">
    <p class='ocr_par' dir='ltr' id='par_1_119' title="bbox 1914 5666 3512 5748">
     <span class='ocr_line' id='line_1_119' title="bbox 1914 5666 3512 5748; baseline 0.008 -28"><span class='ocrx_word' id='word_1_896' title='bbox 1914 5666 2046 5722; x_wconf 88' lang='lat' dir='ltr'>dum</span> <span class='ocrx_word' id='word_1_897' title='bbox 2094 5678 2424 5725; x_wconf 88' lang='lat' dir='ltr'>concurrunt</span> <span class='ocrx_word' id='word_1_898' title='bbox 2477 5671 2852 5728; x_wconf 88' lang='lat' dir='ltr'>concurrimus</span> <span class='ocrx_word' id='word_1_899' title='bbox 2885 5691 3048 5745; x_wconf 88' lang='lat' dir='ltr'>quam</span> <span class='ocrx_word' id='word_1_900' title='bbox 3104 5693 3252 5748; x_wconf 67' lang='lat' dir='ltr'>saepe</span> <span class='ocrx_word' id='word_1_901' title='bbox 3281 5686 3334 5732; x_wconf 91' lang='lat' dir='ltr'>et</span> <span class='ocrx_word' id='word_1_902' title='bbox 3389 5694 3512 5733; x_wconf 88' lang='lat' dir='ltr'>nos.</span> 
     </span>
    </p>
   </div>
  </div>
