3938 6412
207 399 307 454 εις

1332 389 1539 449 LIBER
1574 388 1670 445 DE
1705 380 2090 444 EXERCITIO
2130 382 2387 439 CELLE.

3412 381 3516 438 842

208 520 564 592 corruptione
594 518 925 576 intolerabili
950 518 1099 574 fetet.
1130 518 1290 575 Nunc
1310 516 1508 574 mentis
1529 524 1634 572 tua":
1654 530 1814 571 cons-
1833 515 1883 574 Δ
1916 508 2278 581 lacrymarum
2308 508 2538 574 humor;
2570 506 2865 579 spirituatis
2891 506 2948 561 in
2982 513 3034 562 te
3056 504 3322 562 emarcuit
3342 504 3512 572 viror,

208 609 464 682 pectibus
494 608 616 663 talis
646 624 745 679 per
771 606 953 663 omnia
979 614 1239 677 appareat
1269 606 1477 670 vivens,
1514 605 1692 677 qualis
1713 603 1814 659 erit

211 706 428 754 mortua
451 697 509 752 in
539 697 792 768 sepulcro
805 696 1017 765 jacens,
1040 703 1092 751 et
1112 694 1389 751 vermibus
1410 694 1738 760 scaturiens,
1761 701 1816 749 et

216 786 500 842 evidenter
521 784 904 855 deprehendes
931 784 1079 855 quod
1109 799 1232 839 cum
1268 783 1360 837 illa
1388 782 1809 854 concupiscitur,

213 874 351 929 nihil
368 875 516 929 aliud
536 889 701 946 quam
717 874 873 929 tabes
885 880 938 928 et
957 872 1186 944 putredo
1201 872 1392 928 deside
1399 880 1569 928 ratur.
1589 871 1678 927 Sic
1690 887 1813 928 cum

214 962 507 1028 beatoJob,
521 969 664 1018 testa
674 962 884 1018 saniem
904 961 1068 1017 rades
1089 962 1206 1033 (Job
1226 977 1285 1030 ιι,
1310 963 1400 1032 9);
1425 961 1504 1017 sic
1525 961 1596 1016 ad
1607 968 1813 1032 petram

213 1051 433 1107 miserae
445 1051 573 1107 ﬁliae
591 1050 882 1122 Babylonis
901 1050 1156 1121 parvulos
1175 1049 1387 1105 allides.
1406 1049 1542 1105 Cum
1555 1057 1737 1105 autem
1756 1049 1814 1104 in

216 1140 441 1195 auribus
470 1140 577 1195 tuis
604 1128 668 1195 os
693 1139 868 1210 aperit
889 1138 1126 1194 mundus
1144 1138 1479 1207 immundus,
1503 1154 1812 1211 suggerens

210 1228 309 1283 tibi
339 1236 398 1283 ut
425 1228 571 1283 illam
601 1244 703 1300 qua
732 1228 852 1299 ipse
880 1227 1074 1298 plenus
1094 1235 1177 1283 est
1196 1227 1476 1283 desideres
1496 1227 1808 1296 vanitatem,

210 1316 504 1373 considam
524 1316 671 1388 quod
691 1315 837 1372 fumo
854 1315 1046 1371 similis
1066 1323 1149 1371 est
1158 1315 1335 1371 omnis
1355 1315 1581 1372 altitudo
1597 1316 1736 1386 ejus,
1760 1324 1813 1371 et

211 1406 392 1462 omnis
419 1406 595 1479 gloria
615 1406 731 1475 ejus
751 1406 822 1461 ad
842 1404 1005 1461 ﬁnem
1026 1404 1449 1477 ignominiosum
1469 1404 1812 1461 velocissime

211 1494 406 1551 tendit.
438 1494 576 1550 Cum
604 1493 845 1565 aliquem
872 1494 1077 1550 videris
1105 1494 1162 1548 in
1191 1509 1259 1549 eo
1280 1494 1594 1564 exaltatum,
1619 1502 1673 1550 et
1700 1494 1811 1550 ele-

209 1591 400 1639 vatum
426 1583 566 1638 sicut
605 1582 804 1639 cedros
844 1582 1055 1650 Libani,
1087 1582 1281 1652 transi,
1316 1591 1367 1638 et
1397 1598 1526 1639 ecce
1554 1598 1664 1639 non
1693 1590 1803 1638 est.

211 1673 359 1727 Nam
385 1671 505 1726 laus
534 1671 654 1740 ejus
679 1670 864 1727 brevis
894 1678 996 1737 est,
1029 1679 1083 1727 et
1110 1671 1369 1744 gaudium
1401 1672 1518 1741 ejus
1539 1672 1610 1728 ad
1640 1672 1811 1728 instar

208 1761 418 1832 puncti.
454 1760 512 1816 Si
539 1760 850 1816 ascenderit
875 1776 1050 1833 usque
1079 1760 1149 1816 ad
1176 1761 1373 1817 coelum
1390 1761 1648 1832 superbia
1669 1762 1806 1832 ejus,
1892 1809 1896 1813 .

208 1857 270 1905 et
299 1858 461 1921 caput
490 1849 607 1918 ejus
634 1849 810 1906 nubes
838 1849 1096 1921 tetigerit,
1137 1849 1295 1921 quasi
1326 1850 1724 1921 sterquilinium
1753 1850 1807 1904 in
1830 1869 1883 1929 Β

210 1937 323 1994 fine
355 1938 630 2009 perdatur,
656 1946 708 1995 et
740 1937 832 2010 qui
862 1954 988 1994 eum
1025 1938 1288 2004 viderant,
1318 1939 1535 1994 dicent:
1560 1940 1664 1995 Ubi
1683 1940 1813 1995 est?

210 2027 370 2082 Velut
411 2026 685 2082 somnium
731 2026 976 2094 avolans,
1026 2043 1138 2083 non
1182 2027 1532 2095 invenietur;
1566 2028 1813 2085 transibit

206 2116 365 2189 quasi
391 2115 529 2172 visio
557 2123 827 2172 nocturna
846 2115 964 2187 (Job
994 2131 1097 2183 xx,
1125 2118 1235 2187 5—8)
1259 2136 1273 2183 ;
1309 2124 1363 2173 et
1380 2124 1580 2173 catera
1601 2134 1722 2190 quae
1741 2118 1811 2173 ab

203 2203 443 2260 inimicis
472 2203 649 2260 sancti
676 2203 799 2271 viri,
832 2203 1172 2261 mendaciter
1201 2204 1441 2277 quidem,
1472 2206 1542 2261 de
1572 2222 1639 2262 eo
1666 2206 1812 2262 dicta

204 2300 354 2359 sunt,
379 2292 480 2348 sed
507 2292 773 2349 veraciter
800 2293 869 2348 de
890 2293 1131 2363 superbo
1170 2292 1413 2366 quolibet
1432 2302 1485 2350 et
1501 2294 1669 2366 impio
1694 2294 1807 2368 qui,

208 2381 538 2452 contemptis
568 2381 791 2436 omnino
820 2381 1153 2448 coelestibus,
1188 2382 1305 2438 sola
1325 2399 1448 2455 quae
1466 2383 1654 2438 mundi
1685 2391 1811 2439 sunt

206 2469 412 2541 cogitat
442 2476 496 2524 et
527 2476 692 2524 amat.
740 2470 860 2524 Jam
905 2485 1035 2525 vero
1083 2470 1153 2525 ad
1189 2470 1579 2526 destruendam
1615 2488 1811 2529 vocem

203 2556 369 2613 amici
410 2556 714 2629 versipellis
759 2565 813 2613 et
857 2557 1135 2626 malitiosi,
1184 2559 1318 2614 nihil
1365 2560 1445 2630 (ut
1474 2560 1607 2615 mihi
1652 2561 1809 2617 vide-

204 2647 321 2718 tur)
350 2646 589 2703 vivacius
611 2645 810 2718 poterit
830 2646 1054 2718 opponi,
1078 2662 1244 2718 quam
1264 2648 1575 2704 omnimoda
1594 2649 1809 2721 perfec-

207 2736 286 2790 tio
317 2735 408 2790 illa
439 2735 744 2791 sanctitatis
791 2736 979 2808 (quam
1007 2736 1063 2791 in
1110 2738 1277 2792 corde
1307 2738 1516 2804 habuit,
1549 2746 1603 2793 et
1628 2738 1682 2793 in
1711 2755 1809 2796 ore

205 2824 452 2896 protulit,
484 2831 539 2879 et
566 2839 731 2894 opere
760 2824 1019 2894 ostendit)
1066 2825 1363 2881 Salvatoris
1394 2827 1490 2881 tui.
1524 2828 1593 2883 Ut
1620 2828 1809 2884 clavus

206 2912 427 2969 clavum
459 2912 705 2983 expellit,
736 2912 793 2967 in
821 2913 1048 2968 nihilum
1077 2914 1295 2985 penitus
1323 2915 1533 2987 redigat
1559 2916 1614 2970 in
1642 2918 1809 2973 corde

204 3010 300 3057 tuo
328 3001 716 3056 abundantiam
745 3001 965 3057 malitiae
985 3002 1207 3070 diaboli,
1226 3004 1408 3059 habita
1429 3020 1649 3075 semper
1667 3022 1809 3077 pras-

204 3089 381 3147 oculis
410 3090 610 3145 mentis
654 3098 778 3159 tum,
828 3090 1225 3146 inaestimabilis
1272 3092 1453 3164 [Par.,
1496 3093 1807 3167 ineffabilia]

201 3178 294 3232 illa
315 3178 594 3249 plenitudo
615 3178 907 3234 sanctitatis
928 3180 1147 3235 Domini
1166 3189 1219 3235 et
1238 3181 1616 3252 Redemptoris
1628 3184 1807 3238 nostri

202 3268 334 3322 Jesu
363 3267 584 3322 Christi.
614 3267 761 3323 Nihil
788 3268 1014 3325 omnino
1042 3268 1111 3323 ad
1140 3278 1371 3326 mortem
1400 3271 1682 3341 pertinens
1711 3272 1802 3329 ille

202 3355 300 3410 tibi
328 3371 432 3426 per
459 3371 787 3412 consensum
816 3356 1102 3413 infundere
1130 3359 1347 3429 poterit,
1381 3360 1526 3432 quod
1546 3376 1652 3416 non
1683 3360 1802 3416 fun-

205 3444 354 3499 ditus
375 3444 638 3500 annihilet
666 3445 723 3500 in
748 3454 933 3501 mente
948 3454 1058 3515 tua,
1074 3448 1523 3518 superabundans
1543 3451 1805 3506 sanctitas

201 3533 383 3603 hujus,
415 3549 539 3589 cum
568 3534 731 3604 plene
759 3542 813 3590 et
840 3535 1083 3606 perfecte
1131 3553 1233 3608 per
1275 3553 1469 3608 puram
1499 3538 1805 3595 meditatio-

200 3637 351 3688 nem,
382 3637 507 3678 cum
533 3622 821 3679 devotione
849 3631 901 3679 et
928 3639 1111 3681 amore
1132 3624 1271 3681 intra
1300 3634 1353 3682 te
1381 3636 1804 3697 perseveranter

198 3710 479 3765 manserit.
513 3712 642 3766 Haec
669 3710 846 3783 itaque
873 3712 1153 3769 meditatio
1182 3722 1285 3781 est,
1309 3730 1530 3771 causam
1548 3717 1643 3771 tibi
1672 3733 1805 3774 con-

199 3798 382 3855 ferens
411 3800 690 3869 cujusdam
738 3800 898 3857 bonae
942 3802 1311 3873 despectionis
1347 3812 1400 3859 et
1429 3806 1753 3873 abjectionis
1785 3822 1798 3861 :

201 3886 410 3944 docens
440 3888 693 3945 videlicet
732 3897 787 3945 te
814 3890 1098 3961 despicere
1122 3891 1177 3946 in
1207 3899 1280 3959 te,
1314 3901 1368 3948 et
1396 3894 1637 3963 abjicere
1663 3912 1695 3950 a
1726 3903 1798 3964 te,

199 3976 462 4049 quidquid
492 3976 587 4032 tibi
616 3978 864 4050 suggerit
892 3995 1184 4035 susurrans
1214 3981 1268 4035 in
1298 3981 1514 4038 interna
1533 4000 1660 4039 aure
1685 3992 1798 4053 tua,

199 4065 288 4120 vel
317 4081 445 4122 caro
474 4066 557 4142 ad,
576 4064 776 4121 foedam
806 4067 1161 4139 voluptatem,
1195 4070 1282 4127 vel
1314 4072 1550 4128 mundus
1579 4074 1651 4129 ad
1678 4074 1799 4129 ins-

196 4153 415 4210 tabilem
444 4154 754 4221 vanitatem,
787 4156 877 4212 vel
906 4157 996 4214 ille
1026 4174 1256 4231 magnus
1299 4160 1471 4227 hostis
1517 4170 1705 4218 noster
1731 4164 1801 4220 ad

199 4241 569 4299 omnimodam
597 4243 975 4315 perditionem.

695 4396 1092 4458 CAPITULUM
1116 4401 1319 4461 XXIV.

198 4537 273 4593 De
304 4539 469 4619 taedio
506 4539 650 4612 quod
693 4541 922 4619 aliquis
938 4545 1169 4615 patitur
1198 4546 1294 4619 qui
1321 4547 1482 4603 cellce
1512 4547 1799 4606 habitator

267 4614 370 4676 est,
406 4614 463 4665 et
482 4612 747 4683 quomodo
775 4612 988 4693 illailia
1013 4632 1071 4672 se
1100 4612 1401 4689 repellere,
1433 4636 1597 4693 seque
1623 4637 1793 4679 reno-

267 4696 400 4737 vare
431 4698 498 4738 ac
521 4698 729 4754 parare
752 4686 958 4756 possit.

265 4803 349 4859 Ad
378 4820 445 4861 ea
474 4821 607 4861 vero
627 4805 682 4861 in
703 4795 899 4878 quibus
919 4812 1403 4870 renovationistua:
1423 4814 1603 4872 existit
1625 4832 1794 4873 causa

195 4898 245 4946 et
274 4894 649 4966 reparationis,
683 4895 776 4950 tibi
804 4896 946 4964 dico,
980 4900 1073 4971 qui
1101 4901 1373 4958 habitator
1393 4903 1543 4960 cellae
1563 4922 1643 4972 es,
1662 4892 1791 4963 sex-

197 4986 281 5035 tus
310 4983 672 5039 meditationis
698 4985 934 5057 pertinet
962 4989 1179 5058 modus,
1216 5008 1379 5063 quam
1394 4993 1500 5050 hoc
1520 4996 1682 5051 modo
1702 4995 1790 5051 in-

199 5075 278 5124 tra
306 5079 358 5127 te
386 5072 555 5128 debes
601 5073 827 5131 habere.
862 5078 1236 5148 Apprehendit
1282 5089 1337 5137 te
1364 5084 1639 5140 multoties
1668 5102 1793 5142 cum

200 5157 346 5215 solus
375 5161 429 5216 in
461 5160 601 5218 cella
630 5178 709 5230 es,
751 5163 951 5221 inertia
981 5167 1251 5238 quaedam,
1284 5170 1518 5244 languor
1545 5173 1789 5246 spiritus,

194 5247 408 5337 taedium
442 5250 627 5308 cordis
643 5269 663 5333 ;‘
690 5251 965 5325 quoddam
996 5263 1048 5311 et
1077 5257 1295 5329 quidem
1326 5258 1485 5317 valde
1514 5280 1678 5337 grave
1707 5263 1793 5319 fa-

202 5335 415 5393 stidium
448 5339 615 5396 sentis
641 5340 697 5395 in
726 5349 779 5398 te
808 5343 960 5415 ipso;
993 5352 1049 5400 tu
1069 5345 1163 5401 tibi
1184 5349 1336 5404 oneri
1357 5366 1438 5419 es,
1460 5335 1672 5407 interna
1701 5353 1796 5411 illa

201 5439 299 5493 qua
342 5435 447 5483 tam
491 5427 720 5486 feliciter
760 5430 837 5486 uti
877 5433 1092 5489 solebas
1137 5438 1395 5506 suavitas,
1441 5440 1553 5509 jam
1599 5442 1796 5502 defecit

202 5512 313 5569 tibi.
344 5517 589 5573 Dulcedo
639 5535 758 5590 qua:
805 5521 901 5575 tibi
950 5522 1124 5578 inerat
1172 5526 1286 5581 heri
1317 5535 1370 5583 et
1398 5530 1792 5590 nudiustertius

195 5598 306 5667 jam
352 5604 405 5661 in
454 5620 710 5678 magnam
755 5609 1174 5669 amaritudinem
1216 5632 1377 5671 versa
1423 5627 1537 5687 est;
1571 5637 1635 5675 ex
1677 5630 1792 5678 toto

200 5692 335 5748 aruit
405 5696 498 5752 ille
560 5712 668 5767 quo
732 5698 1197 5760 abundantissime
1260 5704 1511 5777 perfundi
1576 5709 1793 5768 solebas

342 5818 582 5876 ΡΑτιιοι..
623 5818 803 5877 CLIII.

1917 597 2122 653 interiit
2150 597 2336 652 decor.
2372 594 2698 651 Dilaniatam
2728 603 2781 651 et
2828 594 3203 662 dilaceratam,
3236 593 3517 650 confusam

1914 699 1970 742 et
1998 686 2307 752 discissam,
2354 683 2565 740 tristem
2594 692 2645 740 et
2674 683 3024 740 amaricatam
3056 690 3243 754 portas
3275 682 3516 737 animam

1916 782 2058 829 tuam
2095 789 2107 829 :
2143 783 2197 829 et
2226 772 2319 829 ubi
2348 789 2467 829 eam
2492 773 2561 827 ad
2591 773 2828 845 quietem
2857 788 3152 844 componas
3182 787 3291 827 non
3323 771 3513 827 habes.

1913 863 2039 918 Non
2059 864 2176 933 jam
2207 861 2349 933 sapit
2370 861 2464 917 tibi
2482 862 2666 929 lectio,
2691 861 2866 917 oratio
2884 877 2995 917 non
3014 861 3298 929 dulcescit,
3324 859 3516 917 solitos

1913 950 2326 1007 meditationum
2374 949 2733 1022 spiritualium
2775 949 2978 1005 imbres
3021 966 3129 1005 non
3177 949 3410 1019 invenis,
3462 956 3517 1005 et

1915 1041 2047 1112 quid
2057 1039 2292 1111 amplius
2312 1039 2557 1095 dicemus
2574 1039 2602 1094 *Ρ
2620 1038 2766 1095 Nihil
2789 1038 2845 1093 in
2866 1046 2917 1093 te
2937 1038 3198 1093 remansit
3209 1038 3512 1104 hilaritatis,

1912 1127 2227 1196 alacritatis,
2251 1127 2606 1197 jucunditatis
2635 1126 2951 1199 spiritualis.
2984 1126 3067 1182 Ad
3098 1126 3411 1197 cachinnos,
3443 1127 3516 1183 ad

1912 1216 2275 1272 tabulationes
2301 1224 2354 1272 et
2401 1215 2702 1272 otiositates
2732 1222 3018 1287 promptus
3046 1222 3099 1270 et
3127 1215 3285 1272 velox
3315 1232 3409 1283 es;
3440 1214 3513 1271 ad

1912 1299 2183 1356 silentium
2244 1316 2396 1369 vero,
2449 1299 2520 1355 ad
2558 1299 2832 1371 agendum
2882 1298 3082 1371 aliquid
3132 1299 3279 1367 utile,
3346 1307 3399 1354 et
3445 1299 3515 1354 ad

1912 1405 2074 1444 omne
2104 1387 2387 1460 spirituale
2431 1388 2747 1445 exercitium
2797 1387 2987 1444 tardus
3024 1387 3247 1443 omnino
3276 1395 3330 1443 et
3357 1387 3513 1459 piger

1911 1493 1991 1532 es.
2025 1476 2072 1533 Ο
2103 1493 2269 1549 quam
2310 1476 2512 1533 misera
2559 1476 2783 1533 mutatio
2830 1475 3165 1532 studiorum!
3196 1477 3315 1531 1am
3363 1476 3511 1532 idem

1911 1565 2029 1637 ipse
2058 1582 2170 1622 non
2199 1582 2258 1622 es
2288 1565 2380 1639 qui
2427 1566 2722 1638 aliquando
2768 1565 2935 1635 fuisti,
2968 1565 3066 1621 sed
3097 1582 3162 1622 ex
3191 1572 3305 1622 toto
3334 1566 3502 1622 alius.

1913 1655 2022 1710 Sed
2060 1671 2352 1726 consurge,
2404 1662 2655 1711 excutere
2693 1654 2762 1711 de
2803 1654 3050 1727 pulvere,
3102 1654 3255 1711 solve
3300 1654 3514 1712 vincula

1910 1742 2036 1798 colli
2064 1742 2167 1798 tui.
2205 1743 2416 1798 Conare
2447 1743 2642 1815 quisic
2672 1742 2938 1799 discissus
2968 1759 3029 1798 es
3049 1758 3314 1815 reparare
3337 1750 3389 1799 te
3422 1758 3435 1798 :
3460 1750 3515 1799 et

1910 1832 2233 1888 renuntians
2262 1831 2388 1888 huic
2418 1832 2691 1900 vetustati,
2724 1831 2945 1888 intende
2973 1831 3100 1887 totis
3148 1832 3356 1888 viribus
3406 1839 3514 1888 tua;

1913 1920 2272 1976 renovationi.
2324 1919 2619 1988 Quomodo
2670 1921 2800 1988 hoc,
2831 1920 3032 1992 inquis,
3065 1920 3249 1976 facere
3277 1921 3516 1992 potero?

1910 2009 2073 2077 Audi,
2124 2017 2178 2065 et
2226 2009 2471 2080 intellige
2503 2008 2779 2080 quomodo
2823 2009 2929 2065 hoc
2959 2009 3139 2081 possis
3168 2008 3368 2066 facere.
3402 2009 3516 2065 Re-

1909 2106 2186 2169 prasenta
2233 2097 2329 2154 tibi
2380 2113 2568 2154 coram
2628 2097 2800 2154 oculis
2846 2098 2953 2152 tuis
3002 2097 3273 2154 scciorum
3322 2096 3514 2171 [Par.,

1909 2184 2242 2259 sanctorum]
2282 2185 2711 2259 prrocedentium
2741 2193 2796 2243 et
2826 2185 3052 2242 labores
3092 2202 3345 2260 magnos,
3380 2201 3518 2259 quos

1909 2274 2283 2331 sustinuerunt
2323 2275 2379 2330 in
2423 2283 2691 2347 tempore,
2738 2282 2791 2331 et
2839 2275 3067 2346 praemia
3113 2275 3278 2347 longe
3305 2274 3522 2345 majora

1909 2380 2030 2436 quae
2052 2364 2165 2433 jam
2195 2371 2552 2435 perceperunt
2581 2364 2638 2419 in
2666 2363 2988 2419 aeternitate.
3022 2364 3303 2437 Conjunge
3332 2371 3519 2420 vectes

1909 2452 2175 2520 vectibus,
2207 2452 2263 2506 in
2293 2452 2510 2508 interno
2540 2451 2894 2508 tabernaculo
2922 2460 3035 2519 tuo,
3067 2453 3234 2509 corde
3264 2460 3355 2507 tuo
3389 2466 3402 2506 :
3434 2451 3519 2524 ip-

1909 2540 1985 2596 sis
2030 2557 2247 2612 quoque
2294 2541 2525 2596 annulos
2573 2556 2768 2596 aureos
2816 2540 3056 2612 impone,
3102 2549 3159 2596 ut
3202 2539 3421 2596 ﬁrmum
3450 2540 3521 2597 sit

1908 2627 2199 2685 mdiﬁcium
2227 2629 2426 2684 mentis
2458 2637 2587 2696 tuae,
2623 2638 2677 2685 et
2705 2645 2814 2685 non
2835 2629 3071 2685 vacillet.
3107 2630 3304 2686 Vectes
3332 2629 3524 2703 utique

1909 2716 2156 2773 vectibus
2201 2717 2631 2790 conjunguntur,
2679 2733 2804 2774 cum
2835 2718 3061 2774 virtutes
3091 2718 3379 2774 virtutibus
3420 2735 3520 2775 co-

1908 2806 2183 2877 pulantur.
2211 2805 2348 2862 Vide
2379 2806 2652 2878 quomodo
2681 2814 2867 2864 vectes
2897 2806 3143 2862 vectibus
3172 2807 3263 2862 ille
3290 2815 3520 2880 aposto-

1908 2894 2087 2950 lorum
2125 2895 2383 2966 princeps
2423 2894 2477 2949 in
2510 2895 2752 2951 secunda
2796 2894 3027 2966 epistola
3070 2911 3171 2951 sua
3202 2896 3515 2968 conjungat,

1909 2984 2003 3056 qui
2033 2983 2090 3038 in
2122 2998 2187 3039 ea
2209 2984 2289 3041 sic
2311 2983 2387 3039 ait
2421 3000 2433 3037 :
2459 2985 2782 3041 Ministrate
2802 2986 2867 3040 in
2885 2984 2997 3053 ﬁde
3017 2988 3206 3041 vestra
3225 2985 3519 3055 virtutem,

1908 3073 1975 3127 in
1996 3072 2206 3129 virtute
2240 3076 2441 3128 autem
2470 3072 2792 3140 scientiam,
2824 3074 2889 3129 in
2926 3074 3171 3130 scientia
3196 3077 3390 3131 autem
3426 3073 3524 3130 ab—

1910 3161 2276 3228 stinentiam,
2291 3162 2356 3216 in
2370 3162 2723 3218 abstinentia
2746 3165 2938 3218 autem
2958 3163 3325 3234 patientiam,
3348 3165 3413 3219 in
3425 3178 3522 3236 pa-

1834 3226 1881 3286 C
1912 3250 2123 3305 tientia
2144 3226 2335 3306 autem
2368 3252 2667 3322 pietatem,
2690 3252 2753 3305 in
2776 3226 2993 3323 pietate
3014 3254 3210 3307 autem
3234 3226 3521 3323 fraterni-

1909 3340 2049 3395 tatis
2084 3355 2354 3404 amorem,
2404 3339 2467 3393 in
2505 3340 2906 3411 fraternitatis
2947 3356 3138 3397 amore
3176 3341 3521 3397 charitatem

1909 3427 1984 3499 (ΙΙ
1997 3429 2152 3483 Petr.
2177 3443 2216 3494 ι,
2253 3429 2331 3497 5).
2363 3426 2578 3496 Quanta
2598 3436 2780 3484 autem
2802 3444 2870 3484 ex
2904 3429 3007 3484 hac
3027 3429 3259 3485 vectium
3293 3428 3516 3485 insimul

1906 3516 2251 3587 c0pulatione
2276 3517 2479 3572 utilitas
2500 3516 2807 3588 proveniat,
2847 3517 3132 3573 subdendo
3160 3518 3465 3574 manifestat
3498 3537 3515 3575 :

1906 3606 2030 3660 Haec
2053 3606 2207 3661 enim
2227 3607 2281 3661 si
2304 3606 2585 3662 vobiscum
2609 3605 2824 3671 adsint,
2860 3610 3151 3678 superent,
3180 3622 3295 3663 non
3313 3621 3516 3665 vacuos

1906 3711 2010 3750 nec
2023 3694 2146 3750 sine
2162 3697 2363 3766 fructu
2383 3711 2475 3750 vos
2497 3696 2854 3751 constituent
2867 3695 2928 3750 in
2941 3696 3168 3752 Domini
3186 3683 3371 3752 nostri
3380 3698 3515 3755 Iesu

1908 3780 2119 3838 Christi
2147 3785 2466 3855 cognitione
2483 3783 2605 3854 (1b.,
2630 3784 2705 3853 8).
2723 3783 2831 3839 Sed
2852 3790 3039 3839 vectes
3057 3784 3158 3839 hos
3172 3783 3385 3839 annulis
3406 3800 3511 3841 au-

1904 3870 2015 3926 reis
2035 3870 2254 3942 impone
2278 3890 2291 3926 :
2315 3872 2419 3927 hoc
2446 3879 2548 3939 est,
2567 3870 2852 3928 considera
2872 3871 2928 3926 in
2948 3879 3129 3928 mente
3145 3889 3266 3945 qum
3294 3880 3348 3928 et
3370 3890 3510 3946 qua-

1902 3953 1990 4021 lia,
2025 3962 2077 4010 et
2106 3963 2308 4027 quanta
2328 3955 2433 4009 sint
2453 3955 2681 4027 pratmia
2697 3972 2818 4027 quae
2832 3955 2945 4024 jam
2964 3964 3346 4028 perceperunt.
3368 3958 3509 4014 Nam

1901 4060 2003 4114 per
2033 4059 2227 4099 aurum
2273 4044 2511 4113 claritas,
2568 4060 2669 4116 per
2705 4045 2966 4100 annulum
2996 4061 3149 4116 vero,
3181 4045 3239 4100 in
3268 4061 3376 4118 quo
3403 4061 3510 4104 nec

1900 4131 2111 4187 initium
2140 4148 2243 4188 nec
2271 4130 2395 4187 ﬁnis
2424 4132 2567 4188 valet
2594 4132 2847 4199 inveniri,
2880 4134 3212 4205 perpetuitas
3241 4134 3507 4208 designa-

1902 4227 2006 4275 tur.
2040 4220 2108 4276 Ut
2137 4220 2281 4276 scias
2311 4219 2586 4289 nimirum,
2619 4220 2961 4277 ineﬂabiliter
2990 4222 3340 4293 praemiorum
3370 4239 3506 4280 suo-

1901 4325 2019 4364 rum
2049 4317 2103 4364 et
2128 4308 2544 4380 perpetuitatem
2572 4325 2696 4365 esse
2726 4308 2951 4379 claram,
2976 4317 3030 4366 et
3050 4309 3348 4367 claritatem
3376 4328 3505 4383 per-

1899 4405 2138 4469 petuam.
2171 4398 2252 4453 De
2281 4396 2417 4469 ipsis
2446 4413 2664 4470 quoque
2691 4397 2940 4454 vectibus
2959 4398 3121 4453 simul
3137 4399 3423 4470 copulatis,
3448 4410 3503 4458 et

1898 4485 2114 4540 annulis
2129 4486 2326 4551 aureis,
2350 4487 2455 4542 hoc
2473 4485 2635 4542 modo
2664 4485 2948 4541 Psalmista
2978 4485 3105 4543 facit
3125 4488 3459 4547 mentionem
3483 4505 3498 4545 :

1814 4590 1869 4651 D
1902 4574 2070 4630 Ibunt
2091 4575 2158 4631 de
2174 4576 2387 4631 virtute
2406 4577 2469 4630 in
2491 4577 2762 4631 virtutem
2776 4594 2793 4630 :
2807 4574 3088 4631 videbitur
3104 4578 3253 4633 Deus
3268 4577 3501 4636 deorum

1894 4665 1958 4720 in
1992 4665 2146 4721 Sion.
2189 4664 2366 4736 (Psal.
2403 4679 2647 4734 LXXXIII,
2672 4663 2747 4736 8).
2788 4664 2868 4719 De
2907 4663 3099 4719 virtute
3129 4665 3211 4720 ire
3238 4665 3295 4720 in
3324 4666 3499 4724 virtu-

1893 4760 2025 4822 tem,
2057 4752 2127 4807 ad
2174 4760 2361 4808 vectes
2395 4768 2407 4807 :
2439 4753 2629 4809 videre
2660 4754 2835 4808 Deum
2884 4752 3114 4808 deorum
3156 4753 3213 4808 in
3262 4754 3393 4812 Sion
3425 4757 3497 4812 ad

1896 4840 2128 4898 annulos
2149 4856 2348 4898 aureos
2379 4850 2610 4914 spectat.

2391 4975 2789 5032 CAPITULUM
2819 4976 2994 5032 XXV.

1965 5088 2042 5146 De
2070 5090 2142 5146 iis
2170 5105 2292 5162 quae
2319 5090 2383 5145 in
2412 5106 2585 5147 carne
2615 5093 2881 5162 operatus
2913 5094 2997 5147 est
3030 5090 3306 5160 Christus,
3340 5098 3398 5151 et
3427 5094 3495 5152 de

2217 5161 2497 5218 laboribus
2534 5161 2867 5217 sanctorum
2895 5177 3150 5219 suorum.

1966 5272 2119 5330 Vade
2152 5291 2307 5347 ergo,
2342 5283 2394 5331 et
2424 5276 2478 5331 in
2507 5275 2696 5349 primis
2723 5276 3175 5334 considerationis
3195 5287 3300 5336 tua:
3320 5282 3497 5338 oculis

1893 5377 2038 5433 pone
2064 5362 2216 5417 illum
2246 5364 2503 5420 Sanctum
2533 5371 2865 5430 sanctorum,
2898 5366 2991 5437 qui
3017 5374 3171 5422 tuum
3203 5376 3257 5424 et
3284 5369 3495 5427 electo-

1894 5467 2018 5506 rum
2046 5452 2288 5507 omnium
2318 5461 2482 5525 caput
2512 5461 2612 5519 est,
2646 5461 2702 5507 ut
2734 5452 2813 5509 sic
2835 5462 2886 5509 te
2906 5456 3109 5525 probes
3129 5472 3252 5512 esse
3277 5458 3497 5529 sapien-

1894 5546 2003 5594 tem
2026 5558 2038 5593 :
2060 5541 2198 5595 Nam
2220 5543 2370 5597 oculi
2407 5542 2686 5614 sapientis
2705 5542 2769 5596 in
2785 5544 2972 5613 capite
2993 5545 3131 5615 ejus.
3153 5546 3340 5619 Itaque
3371 5548 3496 5604 vide

1894 5643 2018 5681 eum
2050 5629 2257 5699 absque
2287 5630 2434 5683 omni
2475 5630 2781 5700 impuritate
2819 5640 3165 5703 conceptum,
3198 5641 3252 5689 et
3280 5643 3490 5703 natum,

1892 5723 1945 5771 et
2002 5716 2196 5787 pannis
2255 5717 2583 5784 involutum,
2631 5724 2685 5771 et
2731 5716 2786 5771 in
2830 5719 3102 5790 praesepio
3150 5721 3493 5792 reclinatum,

3212 5846 3282 5903 27
