3938 6406
501 411 603 467 843

1367 411 1710 468 GUIGONIS
1750 413 1797 467 II
1836 409 2246 467 CARTHUSME
2284 410 2579 468 MAJORIS
2618 411 2915 470 PBJORIS.

3690 419 3794 472 8“

494 536 634 594 lacte
680 545 929 592 materno
993 536 1274 603 nutritum,
1326 537 1723 593 circumcisioni
1778 537 2047 591 subditum
2073 554 2086 602 ;
2111 539 2164 597 Α
2191 537 2422 592 Jacobus
2452 546 2780 608 prostratus,
2803 539 3041 594 Joannes
3070 539 3126 593 in
3156 539 3411 595 ferventis
3441 540 3547 597 olei
3567 541 3795 609 dolium,

499 635 854 698 apparentem
885 626 1167 698 Magorum
1211 624 1336 680 fidei
1365 627 1539 680 Deum
1573 634 1851 690 aeternum,
1886 626 2094 696 Regem

497 716 943 786 omnipotentem,
975 715 1248 770 hominem
1279 715 1558 770 mortalem
1586 734 1600 780 ;
1638 714 1692 768 in
1723 713 1924 784 templo
1953 730 2094 784 pra:-

497 813 788 873 sentatum,
819 804 873 858 in
904 804 1136 880 zEgypto
1168 821 1289 858 cum
1315 812 1482 858 matre
1514 803 1752 857 ductum.
1785 810 1837 857 et
1866 803 1919 855 in
1949 809 2093 856 terra

494 893 635 948 Juda
665 892 971 960 reductum,
1018 892 1390 964 proficientem
1431 891 1712 963 sapientia,
1745 898 1795 945 et
1826 897 2004 956 astate,
2041 898 2094 944 et

492 982 688 1055 gratia.
719 981 1013 1037 Considera
1043 997 1166 1035 eum
1210 980 1554 1051 baptizatum,
1580 980 1932 1048 jejunantem,
1966 993 2091 1033 esu-

489 1071 740 1137 rientem,
772 1078 1055 1140 tentatum,
1087 1086 1210 1125 cum
1252 1069 1560 1124 hominibus
1590 1075 1989 1132 conversatum,
2023 1083 2088 1122 ex

487 1159 679 1215 itinere
711 1159 1016 1232 fatigatum,
1067 1165 1480 1214 conversantem
1511 1173 1611 1227 per
1639 1156 1822 1210 omnia
1852 1163 2040 1211 sancte
2071 1175 2088 1210 :

487 1255 807 1320 operantem
852 1247 1012 1315 mira,
1045 1247 1432 1317 praedicantem
1481 1245 1744 1312 salubria,
1799 1244 2086 1300 docentem

486 1353 638 1407 vera,
662 1337 956 1408 patientem
979 1336 1132 1400 dura,
1158 1335 1513 1389 sustinentem
1549 1333 1792 1404 indigna,
1818 1340 2083 1388 tacentem

485 1427 554 1482 ad
584 1425 848 1493 convicia,
900 1424 1219 1480 tolerantem
1265 1422 1582 1494 Opppobria,
1646 1421 1890 1476 lavandis
1920 1421 2086 1476 disci-

483 1515 740 1586 pulorum
768 1514 1002 1585 pedibus
1035 1530 1092 1568 se
1122 1512 1400 1567 humiliter
1429 1511 1799 1576 inclinantem,
1835 1510 2083 1579 corporis

481 1603 568 1658 sui
597 1618 662 1658 ac
691 1602 972 1673 sanguinis
1001 1609 1344 1656 sacramenta
1374 1599 1762 1670 porrigentem,
1799 1597 1853 1651 in
1883 1597 2082 1668 agonia

479 1693 685 1748 factum
709 1691 972 1763 prolixius
1013 1698 1275 1756 orantem,
1325 1689 1582 1742 sudorem
1609 1686 1889 1758 sanguinis
1921 1686 2076 1740 emit-

480 1789 705 1836 tentem.
738 1780 936 1850 Aspice
967 1795 1091 1834 eum
1122 1777 1420 1840 venditum,
1450 1784 1710 1846 emptum,
1744 1774 1930 1829 osculo
1963 1782 2078 1828 tra-

481 1870 677 1935 ditum,
727 1885 850 1924 cum
917 1867 1116 1940 gladiis
1166 1874 1219 1921 et
1266 1865 1496 1920 fustibus
1540 1872 1778 1934 captum,
1827 1863 2147 1952 ligatum,B

477 1959 790 2024 adductum,
833 1955 970 2012 falso
1015 1962 1346 2022 accusatum,
1381 1953 1577 2022 injuste
1596 1952 1914 2020 judicatum,
1949 1966 2073 2006 cru-

476 2047 674 2102 deliter
719 2047 1056 2111 damnatum,
1107 2043 1277 2114 sputis
1316 2041 1526 2105 illitum,
1576 2040 1816 2111 colaphis
1849 2055 2068 2105 caesum,

477 2136 736 2201 velatum,
787 2134 958 2206 alapis
1013 2149 1257 2205 passum.
1307 2132 1484 2186 Cerne
1532 2146 1654 2184 eum
1714 2128 2066 2200 flagellatum,

473 2223 678 2280 derisui
702 2223 965 2292 habitum,
999 2219 1284 2292 chlamyde
1315 2218 1570 2276 coccinea
1590 2217 1856 2283 indutum,
1881 2216 2070 2287 spinea

473 2329 680 2370 corona
715 2320 874 2383 caput
917 2310 1317 2366 sanctissimum
1361 2307 1650 2362 habentem
1692 2305 2065 2371 dilaceratum,

472 2409 750 2472 sceptrum
789 2400 1145 2456 arundineum
1188 2404 1483 2464 tenentem,
1534 2410 1772 2466 purpura
1802 2393 1870 2448 ad
1901 2394 2065 2465 igno-

469 2490 694 2546 miniam
733 2497 954 2556 tectum,
990 2487 1043 2542 in
1073 2487 1258 2542 derisu
1308 2485 1611 2548 adoratum,
1654 2483 1722 2536 ab
1771 2482 1986 2536 Herode
2017 2490 2067 2536 et

467 2580 711 2637 exercitu
741 2594 840 2634 suo
889 2583 1278 2647 contemptum,
1325 2573 1378 2627 in
1430 2580 1579 2627 veste
1609 2570 1730 2625 alba
1760 2570 1997 2634 illusum,
2033 2585 2066 2623 a

465 2669 726 2723 militibus
755 2667 894 2721 male
934 2673 1239 2727 tractatum,
1273 2677 1490 2718 crucem
1522 2675 1676 2714 suam
1708 2658 2058 2726 bajulantem,

464 2757 636 2813 clavis
664 2755 810 2813 cruci
842 2753 1134 2811 crudeliter
1162 2752 1398 2819 aflixum,
1450 2748 1633 2804 verbis
1675 2747 1828 2801 duris
1868 2748 2060 2802 convi-

463 2847 686 2912 ciatum,
720 2845 844 2899 felle
876 2844 1136 2907 cibatum,
1178 2847 1333 2895 aceto
1380 2845 1646 2909 potatum,
1682 2843 1845 2906 caput
1898 2834 2060 2889 incli-

460 2943 704 3002 nantem,
738 2932 982 3004 spiritum
1004 2930 1359 2993 emittentem,
1380 2925 1636 2981 dilectam
1653 2923 1799 2977 illam
1822 2922 2059 2976 animam

458 3039 615 3078 suam
643 3023 699 3077 in
727 3037 917 3076 manus
948 3019 1121 3074 Patris
1155 3015 1647 3072 commendantem.
1672 3013 1888 3066 Intuere
1907 3010 2058 3064 illum

459 3111 650 3166 lancea
678 3109 864 3164 militis
894 3109 949 3161 in
979 3107 1148 3160 latere
1169 3104 1509 3160 vulneratum
1535 3120 1549 3167 ;
1581 3109 1632 3156 et
1653 3117 1718 3155 ex
1739 3115 1805 3154 eo
1827 3098 2056 3169 sangui-

457 3215 585 3254 nem
614 3198 682 3254 ad
711 3205 950 3252 nostram
970 3193 1418 3263 redemptionem,
1443 3199 1494 3244 et
1510 3205 1707 3261 aquam
1726 3187 1795 3242 ad
1815 3195 2054 3242 nostram

457 3287 795 3358 spiritualem
827 3283 1177 3349 ablutionem,
1202 3279 1583 3342 effundentem,
1611 3277 1679 3332 de
1703 3291 1864 3332 cruce
1885 3275 2059 3345 depo-

458 3379 639 3442 situm,
673 3373 964 3446 sepultum,
997 3371 1197 3426 inferos
1220 3369 1565 3442 spoliantem,
1588 3366 1766 3437 ipsum
1786 3364 2058 3420 infernum

458 3465 814 3532 mordentem,
881 3469 1111 3516 mortem
1160 3457 1597 3520 mortificantem,
1649 3453 2052 3521 resuscitatum,

452 3562 822 3626 apparentem,
870 3566 992 3606 cum
1033 3547 1312 3619 discipulis
1351 3551 1788 3609 convescentem,
1856 3557 2054 3596 ascen-

451 3644 669 3698 dentem
718 3641 812 3697 ubi
861 3648 973 3694 erat
1019 3637 1206 3709 prius;
1240 3634 1332 3707 qui
1375 3649 1478 3689 nec
1521 3632 1647 3687 inde
1678 3630 1906 3686 recessit
1933 3646 2054 3685 cum

449 3734 557 3788 huc
601 3731 767 3796 venit,
830 3744 933 3784 nec
977 3727 1104 3781 hinc
1153 3724 1284 3778 abiit
1321 3739 1444 3778 cum
1492 3721 1584 3775 illo
1635 3717 1886 3774 accessit.
1939 3720 2056 3774 Hoc

452 3821 617 3875 modo
646 3819 788 3874 habe
837 3814 1028 3872 oculos
1073 3822 1193 3868 tuos
1226 3812 1278 3865 in
1309 3810 1484 3881 capite
1519 3817 1627 3862 tuo.
1661 3806 1818 3875 Quod
1847 3805 1894 3859 si
1924 3805 2053 3860 dili-

455 3916 652 3980 genter
679 3908 798 3962 haac
826 3903 1025 3967 omnia,
1058 3910 1110 3956 et
1136 3900 1241 3955 alia
1271 3915 1392 3971 quae
1421 3899 1526 3952 hoc
1546 3895 1710 3951 modo
1732 3895 1800 3949 de
1821 3910 1886 3949 eo
1909 3901 2049 3959 sunt,

455 4013 581 4053 cum
632 3993 919 4050 devotione
967 3989 1166 4056 debita,
1218 3996 1268 4043 et
1317 3985 1729 4056 compunctione
1760 3983 1868 4053 pia,
1907 3982 2053 4053 apud

455 4093 530 4151 te,
562 4085 671 4139 imo
719 4083 860 4137 intra
890 4089 941 4135 te
971 4077 1348 4141 ruminaveris,
1389 4082 1641 4146 putamus
1673 4072 1818 4144 quod
1849 4071 1920 4125 ab
1950 4071 2051 4141 hac

458 4172 652 4229 inertia
702 4179 792 4226 tua
823 4186 889 4224 ex
919 4165 1180 4224 nonnulla
1208 4173 1360 4237 parte
1407 4163 1540 4233 eripi
1568 4161 1794 4233 poteris.
1827 4160 1966 4214 Nam
1996 4159 2052 4213 in

451 4270 656 4334 quanto
704 4262 912 4315 honore
958 4265 1010 4313 et
1057 4255 1236 4329 gloria
1275 4253 1364 4307 illa
1413 4252 1480 4306 sit
1512 4250 1741 4306 exaltata
1773 4257 1966 4304 natura
1994 4247 2051 4301 in

449 4353 673 4407 dextera
730 4348 922 4414 Patris,
979 4361 1099 4417 quae
1131 4351 1183 4399 et
1213 4343 1330 4398 sine
1361 4340 1507 4396 omni
1537 4338 1794 4410 contagio
1824 4336 2049 4404 alicujus

446 4456 674 4512 prorsus
712 4436 942 4509 peccati,
991 4432 1260 4506 processit
1291 4447 1354 4486 ex
1384 4429 1570 4484 matris
1601 4426 1838 4499 Virginis
1868 4434 2044 4492 utero,

447 4539 502 4586 et
531 4544 788 4600 magnam
827 4525 1066 4581 tolerans
1096 4523 1229 4578 dira:
1259 4519 1449 4575 mortis
1478 4516 1731 4590 agoniam
1788 4514 2045 4586 pependit

2195 633 2248 679 et
2295 625 2515 680 demum
2565 626 2620 680 in
2676 627 2924 682 exsilium
2971 628 3296 694 missus;et
3355 629 3536 685 caeteri
3600 645 3796 685 omnes

2194 715 2419 783 apostoli
2470 716 2854 781 consummati,
2907 715 2985 770 illi
3016 732 3149 772 vero
3180 717 3389 784 bimuli,
3423 717 3794 774 testimonium

2195 802 2412 858 Christo
2444 818 2553 858 non
2604 820 2762 869 voce,
2797 805 2895 859 sed
2936 813 3114 860 morte
3144 805 3402 861 ferentes.
3435 809 3715 878 Appareat
3743 816 3797 863 et

2192 899 2410 946 sanctus
2439 891 2742 963 Stephanus
2785 892 3073 964 lapidatus,
3104 895 3422 949 Laurentius
3451 903 3665 950 assatus
3690 915 3706 963 ;
3741 904 3795 950 et

2191 979 2336 1050 (quia
2365 979 2524 1033 nimis
2554 979 2800 1053 longum,
2837 981 2946 1036 imo
2974 981 3310 1052 impossibile
3341 990 3444 1052 est,
3478 983 3793 1055 singulatim

2189 1067 2572 1123 universorum
2621 1069 2713 1140 qui
2754 1085 2856 1140 pro
2885 1069 3097 1126 Christo
3142 1071 3286 1141 passi
3337 1079 3462 1126 sunt
3488 1080 3791 1144 martyrum

2187 1154 2394 1210 referre
2423 1156 2729 1227 passiones)
2779 1167 3112 1229 repraesentat
3158 1159 3256 1214 tibi
3284 1168 3447 1231 prout
3473 1161 3701 1232 poteris,
3739 1170 3795 1216 et

2187 1252 2448 1314 quantum
2479 1246 2700 1316 poteris,
2734 1263 2919 1302 eorum
2950 1247 3006 1302 in
3033 1255 3266 1320 utroque
3293 1263 3446 1317 sexu,
3475 1248 3531 1303 in
3558 1249 3788 1304 diversa

2185 1340 2362 1402 a-tate,
2415 1333 2768 1389 admirabiles
2833 1351 3038 1407 agones
3087 1343 3141 1390 et
3186 1335 3508 1407 triumphos.
3561 1337 3671 1392 Sed
3734 1345 3790 1393 et

2183 1429 2494 1476 sanctorum
2526 1421 2900 1478 confessorum
2945 1424 3286 1479 venerabiles
3315 1425 3783 1491 conversationes,

2183 1509 2275 1580 qui
2306 1510 2403 1564 etsi
2434 1527 2536 1580 per
2581 1511 2863 1583 sanguinis
2911 1513 2993 1566 sui
3037 1512 3355 1568 effusionem
3402 1529 3500 1584 per
3529 1521 3784 1585 apertum

2181 1598 2495 1668 martyrium
2543 1615 2649 1653 non
2711 1600 3031 1672 migrarunt,
3082 1600 3246 1656 vitam
3292 1608 3474 1657 tamen
3529 1610 3784 1658 sanctam

2179 1686 2438 1756 martyrio
2466 1702 2575 1742 non
2616 1687 2934 1743 dissimilem
2980 1689 3272 1744 duxerunt.
3323 1690 3380 1745 Si
3417 1690 3502 1744 his
3544 1690 3639 1745 diu
3668 1691 3783 1745 im-

2178 1782 2422 1828 moratus
2454 1775 2642 1842 fueris,
2680 1785 2934 1847 putamus
2982 1777 3127 1848 quod
3157 1778 3227 1833 ab
3254 1779 3360 1834 hoc
3390 1793 3496 1850 quo
3525 1780 3784 1850 gravaris

2179 1869 2231 1916 et
2257 1863 2506 1918 oneraris
2552 1865 2732 1930 taedio,
2765 1865 3024 1920 continuo
3054 1865 3411 1933 liberaberis;
3443 1875 3604 1939 atque
3633 1867 3779 1924 alle-

2177 1949 2382 2004 viatum
2433 1959 2504 2008 et.
2524 1952 2901 2021 exhilaratum,
2936 1961 2990 2008 et
3019 1953 3256 2009 alacrem
3288 1953 3541 2010 effectum
3569 1956 3780 2011 sentire

2172 2046 2224 2094 te
2253 2041 2478 2109 poteris.
2513 2041 2858 2096 Consulimus
2889 2050 3069 2096 autem
3099 2049 3157 2097 ut
3185 2043 3302 2098 haec
3331 2043 3614 2098 sollicitius
3643 2051 3779 2100 tunc

2172 2128 2388 2198 quidem
2437 2128 2617 2185 facere
2666 2129 2909 2197 studeas,
2959 2131 3180 2202 quando
3224 2131 3427 2203 aliquid
3488 2132 3586 2187 tibi
3630 2132 3774 2188 forte

2170 2217 2251 2287 (ut
2281 2233 2669 2290 nonnunquam
2720 2219 2942 2274 evenire
2991 2219 3151 2290 solet)
3194 2227 3378 2276 contra
3434 2219 3774 2278 voluntatem

2170 2313 2316 2359 tuam
2347 2305 2553 2361 dictum
2605 2306 2877 2362 factumve
2906 2306 3099 2373 fuerit;
3135 2324 3235 2378 per
3264 2308 3429 2380 quod,
3463 2317 3518 2364 et
3545 2317 3776 2380 propter

2169 2395 2316 2464 quod
2347 2394 2508 2448 nimis
2543 2394 2774 2450 eﬂiceris
2827 2395 3188 2465 pusillanimis
3216 2404 3270 2451 et
3301 2396 3490 2465 tristis,
3517 2397 3772 2454 turbatus

2167 2489 2222 2536 et
2251 2481 2458 2547 iratus;
2491 2481 2977 2554 disceptationibus
3025 2483 3240 2553 amaris,
3274 2484 3529 2551 susurris,
3562 2485 3771 2558 iniquis

2167 2570 2720 2637 comminationibus,
2803 2572 3236 2639 objectionibus,
3292 2572 3768 2644 responsionibus,

2164 2657 2494 2714 intrinsecus
2541 2659 2925 2714 miserabiliter
2961 2668 3226 2716 vastatus.
3263 2661 3430 2717 Curre
3461 2669 3608 2729 tunc,
3638 2679 3769 2719 eum

2165 2745 2280 2801 haec
2312 2745 2470 2802 fuerit
2499 2746 2555 2801 in
2596 2747 2738 2802 mari
2777 2747 2962 2803 cordis
3007 2748 3085 2804 tui
3132 2756 3423 2820 tempestas
3452 2765 3676 2822 magna,
3712 2758 3770 2806 et

2161 2835 2407 2905 projecto
2437 2850 2470 2890 a
2505 2843 2559 2890 te
2602 2835 2796 2891 silente
2832 2836 3092 2903 clamore,
3144 2844 3196 2892 et
3237 2837 3478 2894 clamoso
3520 2839 3762 2906 silentio,

2161 2931 2452 2994 strepente,
2485 2930 2537 2979 et
2587 2925 2920 2980 horribiliter
2949 2925 3297 2980 tumultuante
3327 2925 3381 2980 in
3410 2925 3531 2982 foro
3561 2927 3766 2983 mentis

2157 3019 2300 3065 tuae:
2334 3012 2537 3067 suscita
2586 3013 2736 3083 pium
2765 3013 2961 3082 Iasum,
2997 3014 3087 3085 qui
3113 3014 3329 3082 adjutor
3355 3022 3437 3070 est
3463 3015 3518 3069 in
3546 3031 3764 3087 Oppor-

2157 3099 2501 3167 tunitatibus,
2550 3100 2604 3154 in
2653 3101 3037 3169 tribulatione;
3081 3109 3274 3173 petens
3319 3110 3377 3157 ut
3420 3103 3750 3174 periclitanti

2152 3187 2248 3241 tibi
2279 3196 2578 3244 succurrat.
2612 3190 2824 3246 Idcirco
2852 3190 3029 3246 veniat
3060 3198 3185 3246 ante
3213 3191 3401 3247 oculos
3419 3192 3618 3248 mentis
3647 3201 3757 3248 tua:

2091 3245 2380 3332 Csanctus
2439 3277 2575 3333 Abel
2619 3293 2653 3332 a
2700 3278 2861 3334 fratre
2924 3280 3160 3346 occisus,
3207 3279 3373 3336 Jacob
3418 3297 3518 3352 per
3564 3281 3758 3353 fugam

2160 3365 2420 3420 humilem
2467 3382 2742 3438 germanae
2771 3367 3067 3423 iracundiae
3097 3367 3322 3436 cedens,
3352 3369 3555 3440 Ioseph
3582 3386 3612 3423 a
3638 3369 3759 3425 fra-

2157 3454 2332 3508 tribus
2382 3455 2650 3522 venditus,
2694 3455 2822 3526 quia
2865 3471 3096 3527 peccare
3141 3456 3330 3523 noluit,
3376 3457 3521 3528 quod
3549 3473 3755 3528 pecca-

2156 3542 2294 3596 verit
2325 3551 2636 3609 accusatus,
2678 3544 2796 3599 sine
2842 3543 3002 3615 culpa
3045 3545 3257 3601 carceri
3301 3545 3666 3616 mancipatus,
3701 3556 3758 3603 et

2155 3629 2418 3686 innocens
2446 3631 2502 3686 in
2531 3631 2707 3688 lacum
2739 3631 2959 3687 missus.
2993 3632 3190 3688 Veniat
3225 3633 3294 3688 ad
3325 3649 3422 3689 cor
3438 3642 3607 3703 tuum,
3641 3635 3755 3690 imo

2154 3718 2294 3773 intra
2324 3735 2418 3775 cor
2463 3727 2632 3788 tuum,
2684 3719 3004 3775 mitissimus
3053 3737 3216 3792 super
3261 3737 3454 3778 omnes
3499 3723 3753 3780 homines

2151 3807 2243 3879 qui
2272 3808 2623 3886 morabantur
2667 3824 2833 3879 supra
2869 3816 3091 3876 terram,
3135 3810 3351 3881 Moyses
3379 3818 3618 3877 sanctus,
3652 3827 3755 3883 pro

2150 3895 2354 3966 populo
2382 3895 2566 3968 iniquo
2596 3895 2838 3968 lapidare
2869 3913 2929 3952 se
2958 3897 3170 3953 volente
3189 3898 3537 3955 intercedens
3561 3919 3576 3966 ;
3607 3915 3750 3956 eon-

2151 3984 2524 4040 tradictionem
2556 3993 2609 4040 et
2635 3985 2993 4041 rebellionem
3022 3987 3421 4043 contentiosam
3450 4003 3485 4042 a
3512 3989 3746 4055 Dathan,

2151 4080 2204 4128 et
2255 4073 2460 4128 Abiron
2507 4081 2670 4146 atque
2710 4074 2888 4130 Chore
2931 4074 3174 4130 sentiens
3207 4093 3222 4130 :
3255 4084 3308 4131 et
3335 4075 3518 4131 fratris
3558 4077 3663 4142 sui,
3697 4085 3750 4132 et

2150 4162 2357 4217 sororis
2405 4162 2796 4218 detractionem
2845 4163 3163 4218 sustinens?
3194 4164 3383 4220 Veniat
3426 4165 3587 4221 etiam
3629 4166 3744 4233 ille,

2149 4266 2311 4321 quem
2348 4266 2608 4307 accusare
2645 4267 2809 4306 nemo
2832 4252 2982 4321 juste
3010 4259 3209 4323 potest,
3241 4261 3596 4310 conversatus
3625 4255 3747 4311 sine

2149 4337 2375 4409 querela
2404 4339 2473 4393 ab
2501 4339 2871 4395 adolescentia
2900 4356 3073 4412 usque
3103 4341 3174 4396 ad
3203 4356 3391 4409 canos,
3424 4341 3513 4413 qui
3533 4343 3747 4415 grande

2147 4443 2206 4482 se
2236 4428 2478 4498 peccavit
2512 4436 2792 4499 peccatum
2840 4429 3200 4496 committere,
3248 4429 3296 4484 si
3336 4445 3446 4486 non
3471 4446 3572 4501 pro
3599 4430 3744 4500 deji-

2146 4515 2322 4572 ciente
2351 4533 2474 4571 eum
2503 4531 2534 4571 a
2563 4516 2870 4588 principatu
2899 4517 3101 4589 pepulo
3139 4518 3521 4574 intercederet.
3555 4517 3662 4587 Qui
3692 4528 3743 4574 et

446 4619 503 4673 in
545 4619 716 4690 ligno,
766 4624 824 4670 ut
847 4614 901 4668 id
933 4613 1026 4668 tibi
1055 4610 1330 4683 possimus
1360 4607 1651 4678 explicare,
1687 4604 1907 4660 omnino
1938 4603 2119 4662 nonD
2147 4604 2340 4677 lugere
2378 4621 2489 4660 non
2526 4607 2759 4661 cessavit
2805 4622 2997 4678 regem
3043 4622 3075 4660 a
3125 4607 3244 4662 Deo
3297 4606 3582 4676 abjectum,
3639 4620 3744 4664 nec

446 4723 738 4778 possumus
767 4701 1250 4774 comprehendere.
1299 4699 1414 4752 Hoc
1445 4704 1623 4750 tamen
1653 4693 2040 4758 indubitanter,

457 4796 714 4851 veraciter
739 4793 1086 4865 promittente
1116 4790 1234 4859 ipso
1266 4786 1491 4852 scimus,
1525 4783 1671 4856 quod
1695 4783 1786 4837 ubi
1815 4790 1899 4836 est
1928 4781 2038 4846 ille,

445 4885 519 4939 ibi
577 4893 629 4939 et
669 4882 917 4936 minister
972 4881 1090 4948 ejus
1137 4877 1256 4930 erit.
1315 4876 1384 4929 Et
1438 4882 1520 4928 est
1576 4874 1692 4942 ejus
1749 4871 1921 4926 oratio
1973 4869 2039 4923 ad

445 4975 682 5037 Patrem,
717 4973 858 5025 hunc
885 4969 1094 5022 habens
1123 4965 1345 5018 modum
1378 4979 1390 5016 :
1430 4963 1572 5027 Volo,
1607 4963 1798 5025 Pater,
1839 4963 1905 5014 ut
1943 4958 2039 5013 ubi

444 5079 537 5134 ego
569 5077 713 5126 sum,
747 5063 803 5114 et
832 5058 924 5112 illi
954 5057 1072 5109 sint
1093 5068 1348 5116 mecum;
1379 5053 1444 5104 ut
1468 5048 1691 5103 videant
1713 5048 2036 5101 claritatem

442 5168 630 5206 meant
660 5163 827 5221 quam
855 5143 1061 5199 dedisti
1089 5140 1233 5194 mihi
1253 5140 1440 5209 (Joan.
1460 5151 1600 5201 xvii,
1625 5136 1737 5206 24).
1764 5137 2035 5203 Appareat

442 5239 582 5293 inter
629 5238 746 5290 haec
791 5234 870 5304 (ut
917 5246 950 5285 a
990 5229 1166 5299 capite
1214 5224 1614 5281 descendamus
1642 5223 1712 5277 ad
1743 5222 2028 5290 membra),

440 5333 718 5398 appareat,
753 5323 994 5391 inquam,
1027 5318 1252 5371 internae
1274 5312 1722 5370 considerationis
1744 5319 1848 5366 tuas
1865 5311 2033 5365 oculis

439 5415 680 5484 Baptista
717 5413 952 5465 Joannes
1018 5405 1192 5477 capite
1235 5410 1537 5467 truncatus;
1570 5403 1758 5456 Petrus
1802 5399 2030 5470 pedibus

437 5517 655 5557 sursum
693 5497 911 5562 erectis,
958 5504 1010 5551 et
1040 5495 1216 5566 capite
1245 5493 1500 5547 deorsum
1536 5490 1805 5561 pendente
1845 5488 2028 5543 cruci-

439 5591 612 5656 fixus;
650 5587 840 5643 Paulus
885 5585 1204 5642 decollatus.
1256 5585 1530 5651 Appareat
1561 5579 1829 5641 Andreas,
1863 5577 2027 5631 biduo

435 5679 492 5735 in
523 5695 686 5735 cruce
714 5677 922 5744 vivens,
969 5673 1204 5730 Iacobus
1249 5668 1465 5726 occisus
1493 5668 1695 5742 gladio,
1727 5666 1867 5722 alter
1895 5681 2026 5721 vero

2119 4700 2278 4750 _tunc
2325 4693 2544 4765 quidem
2582 4693 2800 4765 quando
2847 4710 2906 4748 se
2956 4693 3026 4749 ab
3055 4710 3121 4750 eo
3150 4695 3326 4750 timuit
3353 4694 3736 4750 occidendum.

2145 4781 2340 4837 Veniat
2381 4781 2730 4837 nihilominus
2771 4788 2826 4837 et
2871 4781 2963 4838 ille
3004 4782 3096 4854 qui
3123 4790 3532 4853 persecutorem
3579 4799 3736 4838 suum

2141 4869 2416 4925 humiliter
2453 4869 2594 4942 fugit
2639 4878 2697 4924 ut
2725 4869 3036 4937 dominum;
3068 4878 3121 4926 et
3149 4887 3209 4926 se
3245 4871 3540 4927 ulciscendi
3570 4887 3737 4928 occa-

2135 4959 2351 5014 sionem
2396 4959 2690 5030 accipiens,
2739 4966 2792 5013 et
2819 4957 3018 5026 locum,
3068 4975 3178 5015 non
3206 4959 3521 5031 recognovit
3549 4960 3737 5015 inimi-

2139 5064 2262 5104 cum
2298 5065 2312 5102 :
2345 5064 2506 5120 quem
2546 5047 2712 5102 etiam
2767 5048 2948 5104 ﬂendo
2977 5047 3184 5119 planxit
3225 5049 3481 5116 occisum,
3516 5063 3644 5105 cum
3678 5067 3736 5106 se

2138 5145 2318 5192 tamen
2377 5152 2486 5191 non
2537 5136 2814 5209 ignoraret
2868 5137 2984 5205 ejus
3039 5136 3096 5191 in
3151 5153 3324 5208 regno
3355 5152 3731 5193 successorem

2134 5223 2392 5280 futurum.
2428 5226 2549 5295 Ipse
2574 5232 2657 5280 est
2684 5224 2776 5296 qui
2805 5223 3003 5296 pietate
3031 5231 3223 5294 pectus
3250 5224 3459 5280 habens
3486 5225 3729 5296 plenum,

2133 5313 2458 5384 parricidam
2491 5312 2659 5367 filium
2687 5313 2852 5368 deflet
2881 5313 3205 5369 exstinctum
3241 5328 3254 5367 :
3289 5321 3343 5368 et
3370 5313 3644 5368 interdicit
3664 5332 3731 5370 ne

2133 5401 2359 5456 feriatur
2413 5418 2606 5457 servus
2665 5401 2999 5457 maledicens
3041 5401 3111 5468 ei,
3172 5415 3296 5456 cum
3349 5401 3414 5456 sit
3457 5401 3523 5456 ab
3553 5418 3620 5458 eo
3652 5405 3732 5457 vir

2131 5491 2481 5561 sanguinum,
2513 5490 2597 5544 vir
2617 5490 2785 5545 Belial
2815 5496 3060 5546 vocatus.
3092 5490 3158 5544 Et
3174 5497 3229 5544 ut
3249 5497 3465 5544 montes
3491 5498 3544 5546 et
3559 5491 3729 5546 colles

2129 5578 2492 5633 transilientes
2545 5577 2856 5633 omittamus
2896 5579 2989 5647 (ne
3039 5576 3310 5632 fastidium
3347 5577 3446 5632 tibi
3498 5578 3728 5651 ingera-

2127 5669 2294 5733 mus),
2326 5666 2462 5722 alios
2507 5665 2824 5723 innumeros
2857 5666 3004 5722 viros
3046 5664 3459 5735 misericordia,
3492 5683 3726 5738 quorum
