3938 6446
154 409 256 464 845

1283 404 1486 460 LIBER
1524 402 1618 458 DE
1645 397 2029 457 EXERCITIO
2068 398 2324 455 CELLzE.

3353 401 3455 456 846

155 534 379 606 justitia
408 533 739 590 oblivionem
766 545 877 587 non
907 537 1250 601 acceperunt,
1285 537 1340 584 et
1367 529 1565 585 saltum
1596 527 1836 588 facia-A
1862 526 2058 580 Postea
2104 523 2278 579 tribus
2333 523 2770 594 pracedentibus
2845 522 3040 578 diebus
3089 521 3360 580 elementa
3406 525 3463 579 in

159 641 281 679 mus
311 623 384 678 ad
413 629 574 694 caput
602 637 792 676 eorum
816 638 830 685 ;
864 619 972 674 scis
1002 619 1120 690 ipse
1171 618 1301 690 quia
1349 619 1514 674 homo
1543 624 1772 673 vocatus

164 721 246 768 est
293 726 482 777 vorax,
531 717 584 765 et
629 717 846 781 potator
891 707 1021 774 vini,
1072 706 1280 764 amicus
1327 714 1671 778 peccatorum
1720 710 1773 759 et

165 800 601 872 publicanorum,
634 805 688 854 et
724 796 1051 853 damonium
1100 796 1303 851 habere
1350 795 1522 851 dictus
1571 801 1671 860 est,
1719 801 1772 848 et

173 889 549 945 Samaritanus
579 894 803 943 vocatus
837 903 851 940 :
884 894 936 941 et
965 901 1090 942 cum
1119 892 1475 940 accusaretur
1505 899 1538 938 a
1565 881 1769 947 multis,

167 978 300 1033 nihil
330 975 647 1048 respondit;
675 975 768 1047 qui
797 982 852 1030 et
897 974 1036 1028 sicut
1082 988 1256 1044 agnus
1285 972 1355 1026 ad
1384 970 1774 1026 immolandum

171 1067 365 1122 ductus
394 1071 496 1132 est,
531 1071 585 1120 et
613 1078 724 1119 non
754 1061 960 1134 aperuit
989 1077 1051 1117 os
1096 1078 1273 1116 suum.
1325 1059 1420 1114 His
1449 1058 1773 1116 condimen—

164 1154 236 1210 tis
265 1153 452 1210 refove
479 1153 692 1209 viscera
719 1159 830 1220 tua,
881 1166 1004 1206 cum
1035 1149 1220 1205 lethali
1249 1165 1312 1204 ea
1356 1162 1568 1203 veneno
1597 1146 1777 1201 studet

171 1241 540 1299 contaminare
568 1240 717 1312 pacis
746 1239 839 1294 ille
881 1238 1150 1303 turbator,
1201 1244 1255 1292 et
1301 1235 1518 1290 unitatis
1547 1234 1770 1301 divisor,

174 1331 266 1402 qui
295 1329 602 1386 fervescere
649 1327 775 1384 facit
821 1326 985 1382 ollam
1033 1325 1189 1398 quasi
1227 1323 1552 1396 profundum
1581 1337 1773 1389 mare;

171 1435 334 1475 omne
384 1418 617 1473 sublime
679 1416 892 1482 videns,
940 1423 994 1471 et
1039 1431 1131 1470 rex
1197 1429 1361 1484 super
1404 1427 1596 1468 omnes
1637 1409 1776 1466 ﬁlios

169 1506 446 1579 superbia
475 1506 733 1562 existens.
778 1505 892 1560 Hoc
920 1503 1067 1559 enim
1114 1502 1330 1558 salubre
1359 1500 1456 1556 tibi
1485 1507 1542 1554 ut
1570 1498 1774 1566 facias;

173 1604 442 1668 quatenus
505 1593 736 1666 depulsa
784 1609 817 1648 a
846 1601 899 1648 te
947 1590 1163 1647 turbida
1207 1598 1260 1646 et
1307 1589 1619 1654 tenebrosa,
1669 1601 1776 1662 qua

171 1684 485 1756 cooperitur
513 1699 667 1738 mens
698 1689 808 1750 tua,
839 1681 984 1736 nube
1013 1681 1138 1746 hac,
1178 1677 1448 1750 repareris
1493 1675 1697 1748 pariter
1725 1683 1778 1730 et

175 1772 456 1829 renoveris
491 1789 504 1825 :
537 1779 590 1826 et
621 1777 878 1843 surgente
911 1771 1043 1825 Jesu
1071 1769 1126 1822 iu
1174 1767 1486 1833 ﬂuctuante,
1521 1772 1574 1820 et
1601 1763 1777 1819 vacil-

1869 613 2005 670 locis
2035 613 2138 668 sibi
2167 612 2595 683 competentibus
2616 620 2740 666 sunt
2759 612 3054 682 disposita;
3087 613 3273 685 sicque
3302 630 3465 672 crea-

1869 709 1992 756 tura
2021 701 2247 757 visibilis
2278 709 2361 756 est
2391 699 2643 756 formata.
2694 702 2832 755 Nam
2874 701 3052 771 prima
3078 702 3166 757 die
3203 702 3296 758 lux
3324 703 3471 761 facta

1871 799 1974 858 est,
2004 798 2056 846 et
2081 807 2112 844 a
2141 789 2382 845 tenebris
2429 788 2621 844 divisa.
2659 789 2910 844 Secunda
2953 791 3043 845 die
3071 790 3469 849 firmamentum

1870 879 2014 934 inter
2045 894 2218 949 aquas
2248 877 2562 948 superiores
2591 885 2644 932 et
2688 877 2975 933 inferiores
3003 879 3260 935 locatum.
3291 882 3472 938 Tertia

1872 966 1960 1022 die
1991 982 2147 1039 aqua
2175 966 2231 1021 in
2260 982 2427 1020 unum
2458 966 2636 1022 locum
2674 974 2796 1020 sunt
2843 976 3210 1039 congregata,
3243 987 3470 1041 quarum

1872 1055 2327 1128 congregationes
2374 1054 2548 1109 maria
2590 1061 2714 1109 sunt
2758 1055 3045 1125 appellata,
3079 1064 3131 1112 et
3159 1066 3309 1113 terra
3336 1075 3472 1130 gra-

1871 1143 2109 1198 minibus
2139 1151 2192 1199 et
2234 1143 2522 1198 arboribus
2571 1150 2654 1198 est
2700 1142 2914 1198 vestita.
2958 1145 3019 1200 In
3058 1145 3232 1201 tribus
3260 1163 3476 1219 quoque

1875 1231 2334 1303 subsequentibus
2365 1230 2560 1286 diebus
2588 1230 2780 1286 ordine
2827 1233 3170 1288 convenienti
3200 1250 3474 1291 exornan-

1873 1328 1981 1376 tur.
2029 1320 2268 1374 Primum
2333 1317 2465 1374 fiunt
2509 1318 2814 1386 luminaria,
2866 1321 2966 1387 sol,
3016 1321 3142 1377 luna
3189 1331 3244 1378 et
3285 1324 3474 1382 stella.

1874 1409 1974 1465 Die
2005 1408 2190 1480 quinta
2219 1407 2354 1462 fiunt
2381 1407 2562 1478 pisces
2612 1415 2663 1462 et
2708 1408 2965 1464 volatilia.
2998 1410 3066 1465 Et
3093 1418 3244 1466 sexta
3274 1428 3476 1484 repen-s

1876 1498 1969 1567 tia,
1995 1499 2236 1566 jumenta
2259 1511 2325 1552 ac
2351 1495 2539 1552 bestia
2559 1503 2721 1552 terra
2745 1516 2760 1564 ;
2795 1505 2847 1552 et
2875 1497 2993 1568 ipse
3021 1499 3206 1567 homo,
3237 1501 3476 1557 omnium

1875 1585 2164 1641 visibilium
2208 1584 2460 1640 dominus
2522 1583 2752 1641 futurus.
2800 1585 2860 1640 In
2904 1586 3142 1643 Sabbato
3187 1605 3340 1658 vero,
3391 1590 3479 1647 die

1876 1673 2130 1730 videlicet
2160 1671 2390 1744 septimo
2429 1673 2624 1728 dicitur
2644 1673 2937 1746 quievisse,
2967 1675 3091 1747 quia
3117 1677 3251 1732 nihil
3278 1678 3480 1751 legitur

1840 1761 1845 1772 '
1878 1763 1935 1817 in
1967 1778 2034 1817 eo
2062 1760 2282 1817 fecisse.
2310 1762 2498 1832 Itaque
2539 1762 2586 1815 si
2630 1761 2922 1833 diligenter
2962 1763 3104 1819 intra
3130 1773 3182 1820 te
3231 1767 3482 1822 conside-

173 1862 340 1924 lante,
373 1868 426 1916 et
470 1859 722 1916 ﬂuctibus
761 1859 874 1927 jam
917 1863 1192 1928 cooperta,
1234 1863 1397 1926 atque
1442 1852 1775 1924 periclitante
1803 1882 1857 1944 Β
1881 1850 2088 1905 raveris
2152 1849 2439 1905 informem
2487 1857 2750 1906 creatura
2808 1867 3091 1922 corporea
3131 1855 3479 1924 creationem,

175 1949 427 2005 navicula
456 1948 638 2004 cordis
665 1947 759 2014 tui,
793 1954 846 2002 et
891 1946 1193 2016 imperante
1236 1942 1589 1999 tentationum
1636 1956 1774 1996 ven-

173 2038 266 2105 tis,
318 2047 372 2094 et
417 2036 699 2108 profunda
736 2043 897 2107 atque
940 2033 1160 2090 tumida
1203 2031 1572 2089 amaritudinis
1622 2029 1775 2095 mari,

177 2126 543 2198 tranquillitas
573 2139 774 2198 magna
799 2123 910 2179 ﬁat.

698 2282 1093 2340 CAPITULUM
1121 2281 1321 2338 XXVI.

176 2403 254 2458 De
269 2402 508 2473 septimo
527 2397 1101 2473 meditationisme
1117 2397 1213 2469 qui
1241 2398 1488 2473 stuporis
1507 2397 1570 2473 ἑτι
1591 2410 1722 2473 men
1730 2398 1783 2473 te

250 2466 593 2528 meditantis
622 2487 855 2526 causam
888 2470 1088 2541 gignit,
1109 2466 1164 2523 ἐι
1183 2466 1602 2541 admirationis,
1636 2471 1692 2541 et
1721 2466 1786 2520 de

256 2559 320 2599 eo
350 2543 493 2614 quod
528 2558 632 2612 per
659 2558 726 2597 ea
759 2538 1067 2613 quw'fdcta
1105 2543 1245 2595 sunt
1288 2538 1638 2610 conspicitur
1667 2538 1785 2608 ipse

254 2615 354 2686 qui
384 2614 545 2684 fecit.

250 2729 449 2784 Modus
480 2743 610 2783 vero
653 2725 1020 2782 meditationis
1069 2741 1228 2797 quem
1273 2724 1503 2796 septimo
1535 2722 1657 2779 loco
1683 2736 1787 2793 po-

182 2818 416 2884 suimus,
449 2816 540 2872 ille
572 2823 655 2872 est
683 2815 774 2887 qui
792 2815 848 2870 in
872 2823 946 2883 te,
978 2813 1070 2886 qui
1090 2813 1361 2869 habitator
1380 2829 1439 2867 es
1462 2811 1633 2879 cella,
1666 2825 1790 2867 cum

182 2908 239 2962 in
272 2923 340 2964 eo
386 2904 706 2977 aliquandiu
753 2903 1005 2970 moraris,
1056 2902 1293 2974 stuporis
1341 2916 1560 2958 causam
1610 2898 1790 2955 admi-

183 2996 384 3051 nistrat
410 3002 464 3050 et
492 2993 887 3049 admirationis.
912 2993 1069 3048 Hunc
1098 2991 1144 3046 si
1172 2991 1374 3046 habere
1403 2991 1458 3045 in
1489 2998 1542 3045 te
1570 2988 1791 3044 modum

183 3083 491 3150 desideras,
523 3089 733 3154 oportet
758 3090 816 3136 ut
841 3081 1116 3136 solitarius
1145 3080 1364 3148 sedens,
1417 3087 1472 3134 et
1499 3077 1791 3151 cogitatio-

184 3190 316 3229 nem
343 3181 492 3228 tuam
514 3187 708 3244 puram
739 3178 791 3226 et
826 3169 1094 3237 stabilem,
1143 3169 1213 3224 ab
1245 3169 1366 3240 ipso
1412 3167 1600 3222 mundi
1631 3181 1793 3221 exor-

1881 1939 1926 1994 si
1955 1947 2262 1995 creatorum
2321 1937 2719 2005 formationem,
2769 1937 3124 1996 formatorum
3170 1942 3488 2014 dispositio-

1878 2043 2024 2094 nem,
2056 2027 2220 2098 primi
2248 2027 2486 2082 hominis
2531 2026 2884 2093 creationem,
2924 2029 3334 2099 institutionem,
3365 2041 3490 2104 post

1879 2114 2096 2187 lapsum
2126 2114 2546 2186 reparationem,
2578 2123 2632 2170 et
2661 2132 2757 2171 sex
2804 2124 3019 2172 atatum
3049 2127 3279 2176 eventus
3311 2120 3404 2192 qui
3435 2121 3491 2176 in

1883 2205 1962 2260 eis
1991 2205 2351 2277 contigerunt,
2385 2212 2638 2275 putamus
2694 2205 2840 2277 quod
2861 2207 3110 2278 stuporis
3165 2208 3264 2263 tibi
3319 2224 3488 2266 causa

1883 2308 1994 2348 non
2021 2293 2197 2350 deerit
2235 2300 2286 2348 et
2332 2292 2724 2349 admirationis.
2759 2293 2906 2349 Inter
2935 2296 3052 2352 hac
3083 2296 3140 2350 in
3186 2297 3307 2368 ipsa
3333 2315 3487 2354 men-

1886 2382 1954 2437 tis
1981 2389 2087 2436 tua
2113 2381 2462 2436 meditatione
2493 2388 2676 2453 tange,
2711 2389 2764 2437 et
2793 2371 2959 2438 'audi.
3017 2384 3208 2440 Habet
3254 2402 3490 2458 namque

1887 2470 2005 2541 ipsa
2033 2486 2188 2525 mens
2218 2477 2309 2524 tua
2330 2469 2619 2540 quemdam
2659 2477 2882 2541 tactum,
2921 2471 3083 2527 habet
3113 2481 3165 2528 et
3195 2474 3491 2545 quemdam

1890 2558 2175 2624 auditum;
2226 2557 2324 2613 sed
2381 2565 2666 2629 utrumque
2717 2559 3071 2629 spiritualem,
3126 2561 3249 2632 quia
3279 2570 3332 2618 et
3374 2562 3497 2634 ipsa

1887 2663 2045 2702 mens
2075 2646 2296 2716 spiritus
2326 2654 2428 2700 est.
2463 2646 2754 2718 Contingat
2806 2647 2987 2718 itaque
3034 2656 3210 2704 tactus
3243 2650 3359 2720 ejus
3387 2651 3498 2722 spi-

1888 2734 2099 2790 ritualis
2132 2734 2234 2788 tria
2263 2750 2384 2805 qua
2414 2734 2598 2788 insunt
2643 2735 2926 2789 creaturis.
2964 2735 3204 2791 Primum
3238 2746 3322 2793 est
3352 2740 3500 2811 quod

1892 2840 1964 2880 ex
1995 2839 2054 2878 se
2089 2839 2101 2876 :
2137 2821 2436 2878 secundum
2480 2821 2626 2893 quod
2673 2839 2738 2879 ex
2784 2832 3028 2879 creatore
3062 2841 3075 2880 :
3110 2826 3327 2881 tertium
3369 2843 3500 2884 vero

1892 2911 2146 2966 bifarium
2177 2918 2278 2978 est,
2312 2910 2479 2982 digno
2525 2911 2720 2966 merito
2770 2912 3100 2985 condignum
3131 2915 3370 2970 reddens
3399 2916 3502 2971 sti-

1891 2999 2192 3072 pendium;
2241 2998 2328 3055 vel
2376 3006 2434 3053 ut
2473 2998 2713 3068 justitia,
2765 3000 2967 3068 vitam;
3013 3001 3098 3057 vel
3143 3010 3201 3058 ut
3247 3004 3502 3076 nequitia

1894 3096 2144 3144 mortem.
2195 3089 2257 3141 In
2301 3087 2480 3157 primo
2528 3095 2868 3159 contemptus
2916 3090 3131 3160 operis;
3165 3090 3220 3145 in
3259 3093 3500 3149 secundo

1899 3177 2075 3249 gloria
2103 3175 2398 3232 conditoris
2423 3194 2437 3243 ;
2470 3176 2527 3230 in
2551 3175 2708 3232 tertio
2738 3175 3105 3234 famulationis
3150 3179 3496 3250 beneficium,

184 3263 299 3329 dio:
334 3278 435 3332 βοΐ
472 3268 658 3316 altiles
687 3267 738 3315 et
782 3259 1162 3331 generationes
1211 3256 1570 3330 singulorum,
1617 3270 1792 3326 usque
1817 3237 1865 3298 Ο
1894 3263 2280 3321 admonitionis
2342 3264 2647 3332 consilium,
2727 3265 3088 3322 damuationis
3153 3237 3496 3340 supplicium:

184 3351 257 3406 ad
287 3352 396 3407 hoc
424 3357 637 3421 tempus
667 3348 722 3404 in
751 3364 860 3420 quo
892 3355 950 3403 tu
980 3364 1040 3402 es
1070 3347 1365 3418 perducas,
1400 3353 1453 3402 et
1477 3361 1597 3416 quae
1628 3343 1683 3398 in
1713 3342 1792 3398 eis

185 3440 302 3495 illa
332 3437 603 3494 universa
650 3445 912 3493 creatura
968 3435 1236 3502 conditor,
1287 3441 1450 3506 atque
1498 3431 1795 3503 dispositor

184 3527 468 3583 mirabilia
531 3525 866 3596 mirabiliter,
914 3524 1032 3596 ipse
1097 3523 1362 3579 mirabilis
1410 3528 1659 3594 operatus
1705 3520 1792 3586 sit,

186 3617 488 3688 diligenter
536 3614 801 3670 attendas.
854 3612 1156 3669 Considera
1223 3613 1433 3683 absque
1478 3609 1795 3680 exceptione

183 3705 376 3778 aliqua
405 3703 586 3760 omnia
609 3705 748 3775 Lqua
793 3710 994 3774 prater
1022 3701 1201 3773 ipsum
1249 3707 1373 3756 sunt
1420 3700 1488 3755 de
1531 3715 1642 3754 non
1674 3714 1796 3753 esse

183 3795 259 3852 ad
291 3810 420 3850 esse
444 3793 566 3866 ipso
595 3792 811 3849 volente
842 3791 1114 3862 prodiisse
1135 3797 1186 3845 et
1215 3790 1433 3846 venisse
1467 3807 1479 3843 :
1512 3787 1800 3859 ipsumque

185 3885 284 3958 qui
317 3883 451 3940 vivit
478 3882 532 3936 in
561 3889 825 3938 aeternum
855 3897 1070 3937 creasse
1100 3879 1282 3936 omnia
1309 3878 1468 3933 simul
1494 3896 1507 3933 :
1538 3885 1593 3934 et
1621 3885 1802 3932 tamen

184 3974 375 4046 primo
433 3971 674 4027 omnium
721 3977 965 4026 creatam
1020 3968 1241 4042 quidem
1289 3967 1646 4039 sapientiam;
1679 3981 1803 4021 cum

186 4078 365 4118 verax
398 4075 614 4132 quoque
671 4058 814 4115 dicat
873 4058 1154 4129 Scriptura
1200 4057 1326 4128 quia
1357 4074 1369 4110 :
1403 4057 1468 4111 In
1521 4055 1803 4128 principio

189 4151 416 4208 creavit
437 4151 584 4204 Deus
605 4149 809 4205 calum
839 4151 898 4202 et
919 4151 1134 4204 terram
1163 4147 1328 4216 (Gen.
1359 4161 1396 4215 ι,
1423 4144 1496 4214 1).
1517 4143 1626 4199 Sed
1646 4143 1701 4197 in
1721 4141 1805 4196 his

187 4240 404 4295 nullam
444 4253 672 4310 prorsus
751 4253 875 4292 esse
939 4235 1378 4292 contrarietatem
1406 4241 1564 4304 putes
1607 4250 1621 4286 :
1680 4231 1809 4303 quin

184 4328 379 4402 potius
408 4326 551 4382 inter
582 4327 759 4397 ipsum
788 4324 1047 4396 temporis
1073 4324 1284 4379 initium
1315 4331 1367 4379 et
1387 4320 1811 4394 prarogativam

189 4415 504 4491 dignitatis,
562 4414 962 4470 distinctionem
1029 4413 1228 4470 factam
1277 4425 1570 4485 agnoscas.
1622 4408 1810 4477 Quan-

189 4515 313 4562 tum
345 4504 495 4561 enim
523 4503 591 4558 ad
637 4503 694 4559 id
751 4502 898 4576 quod
934 4502 1112 4574 primo
1167 4501 1290 4558 loco
1347 4499 1628 4570 posuimus
1664 4513 1676 4552 :
1710 4497 1815 4565 Qui

1895 3355 2097 3410 Horum
2144 3353 2326 3425 itaque
2394 3352 2555 3407 trium
2616 3353 2850 3424 primum
2918 3355 3137 3426 quidem
3185 3357 3496 3426 auxiliatur,

1897 3442 2196 3500 secundum
2256 3441 2587 3510 exhortatur,
2648 3442 2866 3498 tertium
2923 3445 3301 3500 comminatur.
3355 3447 3502 3502 Inter

1896 3533 2014 3588 hac
2044 3530 2270 3587 accedat
2299 3537 2470 3586 tactus
2515 3537 2636 3584 tuus
2667 3531 2964 3602 Spiritualis
3014 3533 3085 3588 ad
3130 3533 3234 3588 tria
3263 3533 3498 3591 visibilia

1895 3619 2191 3677 visibilium
2220 3604 2604 3688 creaturarum,
2638 3626 2690 3674 et
2738 3619 2974 3690 primum
3014 3621 3235 3693 quidem
3262 3622 3500 3679 immen-

1901 3709 2031 3763 sitas
2060 3716 2160 3777 est,
2193 3707 2504 3762 formositas
2534 3707 2852 3778 secundum,
2902 3709 3104 3764 utilitas
3151 3710 3391 3767 tertium.
3439 3713 3498 3766 In

1901 3797 2076 3882 prima
2114 3797 2319 3867 reperit
2366 3804 2540 3852 tactus
2582 3797 2685 3851 iste
2729 3797 3022 3868 spiritualis
3063 3797 3498 3871 admirationem,

1899 3887 1957 3940 ιη
2009 3885 2248 3942 secunda
2294 3885 2760 3956 approbationem,
2808 3885 2864 3940 in
2914 3887 3073 3942 tertia
3118 3889 3509 3946 revelationem

1904 3974 2059 4047 [Par.
2093 3973 2528 4045 relevationem].
2577 3975 2717 4029 Nam
2765 3991 2951 4030 earum
2987 3976 3164 4047 prima
3205 3978 3510 4033 multitudi-

1905 4079 2032 4118 nem
2062 4070 2114 4117 et
2142 4061 2570 4134 magnitudinem
2600 4063 2851 4118 vendicat
2879 4063 3004 4130 sibi,
3036 4072 3089 4119 et
3119 4073 3200 4120 est
3224 4066 3511 4123 multitudo

1907 4151 1964 4206 in
1991 4150 2278 4216 similibus,
2330 4149 2385 4203 in
2432 4149 2683 4216 diversis,
2733 4151 2791 4205 in
2835 4152 3112 4222 permistis
3147 4171 3160 4207 :
3194 4156 3511 4226 magnitudo

1909 4255 2038 4295 vero
2067 4239 2122 4292 in
2150 4238 2315 4305 mole,
2347 4255 2469 4309 qua
2506 4246 2590 4292 est
2635 4237 2690 4292 in
2733 4255 2936 4309 massa,
2972 4249 3024 4296 et
3054 4243 3339 4312 pondere;
3373 4253 3427 4301 et
3455 4245 3511 4300 in

1912 4323 2105 4394 spatio,
2137 4323 2282 4394 quod
2313 4329 2396 4378 est
2423 4323 2478 4376 in
2514 4321 2682 4394 longo
2712 4331 2764 4378 et
2809 4324 2936 4390 lato,
2981 4325 3252 4397 profundo
3279 4336 3332 4383 et
3376 4329 3505 4386 alto.

1911 4410 2266 4467 Multitudinis
2312 4425 2442 4466 vero
2499 4418 2668 4466 testes
2715 4420 2840 4467 sunt
2910 4414 3083 4469 stella
3130 4415 3292 4483 coeli,
3341 4433 3510 4473 arena

1913 4500 2103 4567 maris,
2168 4507 2332 4572 gutta
2395 4499 2719 4571 pluviarum,
2797 4501 2915 4558 dies
2962 4503 3306 4572 saeculorum,
3363 4506 3514 4563 hora

191 4596 339 4653 vivit
368 4595 434 4649 in
464 4597 765 4659 wternum,
788 4592 1002 4649 creavit
1019 4591 1212 4648 omnia
1232 4591 1425 4656 simul,
1441 4589 1580 4644 etin
1598 4586 1809 4658 princi-
1827 4594 1880 4653 D
1910 4590 2140 4656 dierum,
2165 4595 2442 4643 momenta
2459 4589 2735 4656 horarum,
2766 4589 2863 4660 pili
2907 4591 3237 4663 animalium,
3268 4595 3519 4666 gramina

185 4686 288 4757 pio
323 4683 544 4740 creavit
592 4683 736 4737 Deus
769 4682 974 4738 calum
1004 4683 1061 4736 et
1094 4684 1306 4736 terram
1342 4677 1516 4747 (Eccl.
1548 4691 1704 4740 xvm,
1736 4673 1809 4746 1).

190 4771 485 4842 Quantum
495 4785 627 4825 vero
641 4769 709 4824 ad
722 4768 779 4824 id
792 4769 938 4840 quod
950 4767 1212 4834 secundo,
1227 4766 1405 4838 primo
1418 4764 1654 4820 omnium
1668 4779 1816 4818 crea-

185 4869 243 4916 ta
277 4867 370 4916 est
403 4858 682 4930 sapientia,
717 4873 839 4929 qua
877 4865 960 4912 est
979 4855 1254 4912 rationalis
1275 4861 1541 4912 creatura.
1573 4851 1815 4909 Visibilis

189 4965 426 5023 quoque
474 4955 743 5014 creatura,
787 4946 1024 5018 primum
1053 4945 1110 5000 in
1154 4944 1293 5012 rudi,
1328 4952 1382 4999 et
1411 4940 1814 5015 quodammodo

191 5036 429 5094 informi
458 5035 706 5107 apparuit
733 5035 995 5102 materia;
1043 5050 1166 5106 qua
1196 5033 1266 5088 ad
1304 5031 1395 5086 illa
1424 5038 1652 5104 quatuor
1681 5046 1813 5100 per-

193 5128 340 5184 tinet
371 5125 660 5190 elementa,
695 5141 815 5196 qua
845 5131 988 5191 sunt,
1020 5123 1184 5196 ignis,
1231 5137 1345 5188 aer,
1377 5135 1520 5191 aqua
1548 5127 1602 5174 et
1627 5127 1811 5185 terra;

192 5215 410 5272 deinde
439 5230 537 5285 per
565 5211 847 5267 intervalla
868 5229 964 5268 sex
980 5211 1188 5266 dierum
1219 5209 1274 5263 in
1304 5209 1538 5264 formam
1567 5207 1810 5262 redacta.

193 5307 350 5363 Sane
402 5302 458 5356 in
507 5301 680 5355 tribus
709 5301 850 5356 hanc
905 5300 974 5355 de
1030 5314 1138 5371 qua
1190 5297 1465 5369 loquimur
1506 5303 1814 5351 creaturam

193 5389 766 5463 comprehendimus;
797 5389 852 5442 in
881 5387 1099 5443 informi
1130 5386 1405 5441 creatione
1434 5400 1541 5440 non
1572 5384 1814 5439 existen-

193 5482 356 5547 tium,
396 5479 455 5532 in
510 5477 833 5532 formatione
879 5477 959 5532 sic
1014 5484 1340 5540 creatorum,
1373 5473 1428 5528 in
1459 5471 1815 5544 dispositione

194 5584 432 5644 quoque
461 5566 843 5622 formatorum.
880 5567 942 5618 In
970 5564 1091 5635 ipso
1123 5563 1322 5634 quippe
1350 5561 1500 5616 initio
1529 5559 1810 5630 temporis,

193 5667 328 5734 ante
353 5672 582 5713 omnem
613 5654 778 5720 diem,
810 5655 864 5708 in
897 5653 1003 5708 illis
1034 5659 1263 5723 quatuor
1309 5649 1594 5704 elementis
1639 5646 1813 5701 infor-

191 5749 305 5804 mis
328 5754 388 5804 et
419 5743 591 5810 rudis,
626 5741 693 5797 de
722 5757 830 5798 non
860 5757 983 5798 esse
1029 5740 1101 5796 ad
1149 5754 1270 5796 esse
1320 5737 1522 5808 prodiit
1564 5735 1809 5790 materia.

1917 4694 2252 4749 camporum,
2274 4677 2400 4732 folia
2439 4677 2715 4745 arborum,
2766 4694 3010 4750 squama
3038 4681 3288 4750 piscium,
3324 4699 3520 4754 penna

1916 4767 2214 4833 volucrum,
2249 4774 2302 4822 et
2330 4765 2581 4822 universa
2611 4767 2938 4836 hujusmodi.
2970 4769 3359 4842 Magnitudinis
3391 4789 3522 4829 vero

1913 4863 2084 4910 testes
2113 4863 2255 4922 sunt,
2297 4855 2472 4910 moles
2518 4855 2802 4926 montium,
2853 4872 3092 4914 concava
3147 4859 3389 4929 vallium,
3420 4868 3523 4917 tra-

1917 4952 2035 5000 ctus
2084 4944 2385 5012 ﬂuminum,
2445 4943 2667 4999 altitudo
2698 4945 2842 5013 cali,
2893 4946 3118 5002 latitudo
3151 4955 3313 5005 terra
3337 4992 3350 5017 ,
3383 4967 3518 5021 pro-

1916 5033 2140 5087 fundum
2200 5032 2404 5104 abyssi,
2463 5041 2517 5088 et
2562 5033 2979 5090 innumerabilia
3019 5035 3074 5090 in
3102 5037 3246 5093 hunc
3272 5039 3515 5094 modum.

1917 5121 2188 5190 Quantum
2217 5122 2286 5176 ad
2314 5137 2434 5191 nos,
2469 5138 2570 5176 nec
2598 5121 2688 5176 illa
2717 5140 3021 5192 numerum,
3053 5141 3157 5182 nec
3186 5126 3287 5181 ista
3316 5128 3518 5184 admit-

1916 5218 2031 5265 tunt
2084 5227 2418 5269 mensuram.
2478 5212 2650 5266 Porro
2695 5211 3008 5270 formositas
3038 5215 3395 5288 admiranda,
3426 5218 3520 5273 illa

1916 5307 2148 5370 quatuor
2193 5299 2648 5370 comprehendit:
2695 5300 2854 5354 situm
2882 5345 2894 5368 ,
2945 5311 3184 5370 motum,
3236 5305 3514 5376 speciem,

1916 5387 2248 5458 qualitatem.
2279 5389 2339 5441 In
2379 5387 2482 5441 situ
2529 5389 2870 5459 compositio,
2931 5398 2984 5444 et
3029 5391 3334 5464 dispositio,
3395 5411 3516 5466 qua

1916 5475 2017 5529 sibi
2046 5475 2299 5531 vendicat
2330 5491 2438 5541 res,
2470 5475 2614 5543 loca,
2648 5485 2702 5531 et
2722 5485 2985 5550 tempora.
3020 5482 3196 5535 Motus
3224 5497 3357 5537 vero
3388 5498 3512 5554 qua-

1916 5561 2168 5617 drifarius
2199 5572 2281 5618 est
2307 5583 2320 5630 ;
2351 5563 2558 5629 loculis,
2612 5565 2704 5636 qui
2734 5574 2817 5620 est
2863 5575 2988 5622 ante
3019 5576 3072 5623 et
3101 5577 3262 5636 retro,
3296 5586 3515 5625 sursum

1915 5658 1969 5705 et
1997 5651 2272 5719 deorsum,
2305 5653 2653 5707 dextrorsum
2679 5662 2732 5708 et
2760 5654 3155 5724 sinistrorsum,
3188 5665 3241 5712 et
3270 5657 3474 5712 circum
3499 5677 3514 5725 ;

1917 5738 2199 5806 naturalis,
2232 5739 2324 5810 qui
2355 5748 2521 5810 auget
2557 5748 2607 5815 et
2652 5741 2878 5809 minuit;
2913 5742 3181 5813 animalis,
3216 5744 3308 5815 qui
3338 5759 3513 5815 appe-
