3938 6406
510 415 615 471 84⁵7
1393 412 1735 471 GUIGONIS
1772 415 1822 472 ΙΙ
1859 404 2269 469 CARTHUSIE
2311 406 2601 468 MAIORJS
2640 410 2938 471 PRIORIS.
3717 420 3823 475 8L8

508 539 568 593 tit
596 547 649 594 et
683 539 843 594 sentit
873 556 887 603 ;
922 535 1222 602 rationalis,
1256 536 1348 608 qui
1378 536 1641 593 discernit
1688 545 1741 593 et
1786 537 1927 593 facit.
1962 538 2102 608 Spe-
2122 535 2176 594 Α
2201 535 2423 605 provisa
2444 535 2636 592 didici.
2662 537 2928 593 Omnium
2948 539 3102 594 enim
3131 540 3352 609 arti/ex
3383 539 3577 596 docuit
3610 543 3827 599 meSa-

511 628 652 684 ciem
705 642 920 698 quoque
980 626 1098 680 hmo
1146 624 1383 696 quinque
1457 625 1763 680 mirabilem
1811 626 2049 681 clamant
2094 643 2108 680 :
2206 623 2429 693 pientia
2450 625 3138 698 (Sap.vrt,l7-2l).[gitur
3161 626 3207 681 si
3241 627 3357 682 hac
3390 628 3575 683 omnia
3595 628 3739 684 intra
3769 639 3824 686 te

510 714 844 781 formositas,
870 712 1207 778 deformitas,
1242 713 1571 777 immanitas,
1605 714 1859 785 parvitas,
1893 714 2108 768 raritas.
2211 709 2499 781 diligenter
2517 713 2898 780 ruminaveris,
2924 714 3149 770 habebis
3167 715 3415 786 profecto
3435 716 3490 771 in
3512 718 3613 773 hac
3636 718 3823 774 medi-

512 803 835 872 Qualitatem
849 818 977 858 vero
998 803 1116 858 haec
1130 802 1368 874 quinque
1380 802 1679 858 mirabilem
1702 810 1972 869 asserunt,
1991 819 2113 875 qua:
2211 799 2412 856 talione
2441 809 2530 857 tua
2557 802 2825 871 nonnihil,
2853 802 3001 859 unde
3039 803 3393 876 obstupescas
3419 812 3474 861 et
3500 806 3820 863 admireris.

511 891 734 948 totidem
784 907 979 947 sensus
1043 890 1285 962 corporis
1338 898 1606 961 pascunt;
1656 892 1822 947 decor
1866 891 2113 947 colorum

510 980 832 1038 demulcens
858 988 1162 1052 aspectum,
1201 980 1369 1035 melos
1410 996 1669 1035 sonorum
1699 981 1960 1047 auditum,
1993 980 2112 1036 fra-
2255 966 2275 983 ’
2681 996 3073 1055 gApITULUM
3119 998 3345 1056 xxvn,

510 1069 728 1144 grantia
758 1069 990 1125 odorum
1020 1068 1293 1134 olfactum,
1313 1068 1551 1123 suavitas
1581 1084 1835 1140 saporum
1868 1077 2108 1141 gustum,

512 1157 759 1230 aptitudo
788 1173 1080 1229 corporum
1128 1164 1346 1212 tactum.
1379 1156 1671 1213 Utilitatem
1703 1157 1921 1229 quidem
1953 1173 2110 1214 crea-
2213 1156 2289 1211 De
2318 1156 2540 1234 vocibus
2559 1160 2623 1234 et
2645 1158 3041 1234 locationibus,
3065 1159 3411 1234 quosanima
3430 1163 3825 1234 spiritualiter

511 1227 756 1303 turarum
785 1227 903 1303 haec
932 1254 1161 1319 quatuor
1183 1253 1446 1301 exornant
1481 1261 1494 1299 :
1525 1227 1788 1317 aptitudo,
1812 1246 2066 1319 gratitudt

2282 1227 2493 1319 audit:
2513 1232 2571 1319 et
2602 1230 2853 1319 qualiter
2880 1227 3089 1313 anima'
3209 1227 3518 1319 imaginem
3530 1234 3633 1319 Dei
3658 1237 3824 1305 facta

509 1336 784 1408 placitum,
817 1302 1141 1392 necessitas.
1196 1335 1319 1389 Non
1365 1342 1520 1405 potes
1565 1333 1752 1406 utique
1782 1302 1889 1389 nim
1920 1335 2110 1389 obstu-
2913 1304 3207 1372 w‘c’pmt’
3232 1305 3289 1358 δέ
3314 1318 3478 1373 cui“
3492 1310 3684 1361 "um"
3701 1321 3826 1362 ³⁸⁸³·

511 1370 784 1408 ν⁸⁰⁹⁵⁸υ⁸⁸⁸²
819 1370 1141 1392 ¹¹⁹¹⁴⁹⁰⁰¹⁶⁴¹⁰⁹
1196 1370 1319 1389 ⁴“’“
1365 1370 1520 1405 Vw“
1570 1370 1752 1406 ""“W
1782 1370 1889 1389 "U"
1920 1370 2110 1389 ""mu-
2282 1370 2559 1440 ceptibilis
2587 1386 2703 1425 non
2731 1373 2809 1426 sit

511 1440 740 1497 pescere
771 1432 823 1480 et
850 1423 1123 1489 admirari,
1153 1429 1211 1477 tu
1252 1422 1343 1493 qui
1391 1422 1662 1477 habitator
1690 1439 1750 1477 es
1780 1423 1951 1491 cellae,
1986 1439 2110 1477 cum
2815 1412 2829 1425 ’

509 1514 628 1571 hzec
658 1514 798 1569 intra
844 1520 897 1567 te
944 1511 1234 1583 diligenter
1269 1510 1476 1581 cogitas
1505 1518 1557 1565 et
1601 1510 1906 1565 meditaris.
1963 1511 2110 1567 Visi-
2280 1508 2515 1579 Tempus
2546 1516 2628 1565 est
2646 1509 2781 1579 jam,
2813 1517 2871 1566 ut
2900 1511 2971 1566 ad
3012 1511 3162 1567 illum
3211 1513 3537 1570 accedamus
3563 1522 3822 1572 octavum

510 1604 696 1659 bilium
727 1617 964 1672 namque
993 1608 1045 1656 et
1077 1598 1414 1653 sensibilium
1444 1607 1819 1653 creaturarum
1850 1599 1950 1654 Dei
1979 1599 2108 1653 dili-
2209 1596 2574 1652 meditationis
2612 1597 2856 1663 modum,
2911 1616 3020 1671 quo
3062 1600 3315 1668 diximus,
3347 1602 3402 1656 in
3430 1603 3611 1659 animo
3640 1605 3823 1660 medi-

515 1708 653 1766 gens
681 1690 965 1762 inspectio,
998 1702 1201 1761 magna
1227 1695 1280 1742 et
1307 1687 1589 1758 pervalida
1619 1687 1710 1741 tibi
1741 1687 1844 1742 erit
1871 1688 2109 1743 admira-
2210 1684 2371 1739 tantis
2427 1702 2547 1757 quae
2623 1687 2920 1757 spiritualia
2967 1696 3020 1743 et
3069 1688 3361 1745 invisibilia
3406 1700 3529 1746 sunt
3576 1692 3817 1749 revolvi.

511 1781 678 1837 tionis
705 1794 872 1836 causa
900 1785 952 1833 et
979 1775 1221 1832 occasio.
1250 1777 1311 1830 In
1342 1775 1422 1829 eis
1450 1774 1495 1829 si
1517 1776 1736 1847 quidem
1766 1776 1885 1848 ipsa
1912 1775 2106 1831 invisi-
2210 1772 2336 1828 Hmc
2374 1781 2573 1841 autem,
2605 1774 2674 1830 de
2706 1776 2900 1847 quibus
2946 1776 3094 1849 loqui
3118 1779 3487 1849 proponimus,
3516 1780 3821 1851 spiritualia

513 1870 637 1925 bilis
667 1866 933 1939 sapientia
963 1863 1369 1937 quodammodo
1405 1863 1637 1929 videtur,
1687 1880 1807 1935 qua:
1837 1865 1891 1919 in
1921 1881 2104 1920 scmc-
2137 1889 2190 1950 Β
2215 1869 2268 1917 et
2308 1861 2617 1931 invisibilia,
2669 1862 2739 1919 ad
2786 1863 3023 1920 animam
3063 1866 3337 1937 pertinent
3378 1867 3693 1935 humanam,
3746 1870 3820 1925 ad

515 1958 709 2030 tipsaa
737 1955 955 2011 nemine
998 1950 1150 2008 sicuti
1199 1959 1299 2021 est,
1331 1951 1386 2005 in
1433 1952 1719 2021 praesentis
1749 1953 1921 2008 exsilii
1943 1956 2107 2011 cmci-
2215 1958 2521 2005 creaturam
2570 1952 2899 2025 angelicam,
2947 1953 3017 2009 ad
3055 1962 3301 2010 naturam
3349 1956 3507 2011 etiam
3537 1956 3810 2013 divinam.

517 2054 626 2102 tate
669 2043 840 2101 videri
886 2049 1084 2114 potest.
1129 2039 1267 2095 Hinc
1308 2038 1438 2093 illud
1480 2047 1563 2094 est
1609 2041 1753 2111 quod
1783 2041 2000 2113 quidam
2041 2044 2111 2101 de
2206 2038 2275 2092 Et
2304 2039 2523 2110 quidem
2552 2039 2620 2095 de
2649 2040 2734 2094 his
2763 2041 2955 2108 tribus,
2988 2042 3091 2098 hoc
3119 2051 3221 2110 est,
3253 2043 3321 2099 de
3350 2044 3532 2101 anima
3549 2045 3814 2113 humana,

518 2132 794 2206 Sapientia
814 2131 952 2187 dixit
982 2147 996 2185 :
1026 2131 1089 2185 In
1112 2130 1345 2184 viissuis
1363 2129 1609 2183 ostendit
1630 2145 1687 2184 se
1708 2130 1972 2187 hilariter
1991 2133 2111 2189 illis
2208 2126 2277 2181 de
2307 2127 2442 2198 ipsis
2470 2128 2703 2200 angelis,
2739 2137 2791 2185 et
2816 2129 2886 2185 de
2916 2131 3032 2185 Deo
3063 2130 3246 2203 aliqua
3275 2139 3511 2189 tractare
3539 2133 3596 2188 in
3623 2134 3712 2189 his
3732 2150 3816 2190 ca-

515 2224 668 2296 (Sap.
703 2238 779 2289 vr,
812 2222 923 2293 17).
957 2218 1070 2274 Vim
1116 2216 1401 2272 invisibilis
1447 2216 1753 2287 Sapientiae,
1787 2217 1955 2289 ipsius
1986 2228 2111 2275 sunt
2206 2214 2389 2286 pitulis
2428 2216 2677 2287 proxime
2717 2217 3194 2290 subsequentibus,
3227 2219 3283 2276 in
3323 2221 3603 2293 proposito
3630 2222 3816 2283 hahe-

512 2310 757 2369 visibiles
787 2318 840 2364 et
885 2306 1173 2364 sensibiles
1202 2312 1466 2361 creaturae
1499 2320 1512 2359 :
1546 2306 1598 2359 in
1630 2306 1829 2378 quibus
1865 2308 2109 2379 profecto
2206 2320 2348 2357 mus.
2378 2304 2457 2359 Tu
2488 2320 2643 2376 ergO,
2677 2304 2770 2377 qui
2797 2306 3075 2363 habitator
3100 2324 3161 2364 es
3190 2308 3364 2376 cella),
3397 2318 3451 2365 et
3477 2310 3627 2365 solus
3655 2311 3715 2365 in
3747 2326 3816 2367 ea

509 2400 612 2458 viis
643 2416 702 2455 se
732 2397 987 2463 ostendit,
1021 2395 1146 2468 quia
1171 2394 1225 2449 in
1248 2394 1361 2449 suis
1386 2394 1541 2464 juxta
1567 2395 1858 2466 quemdam
1885 2397 2107 2452 modum
2205 2391 2531 2459 consistens,
2568 2401 2621 2448 et
2665 2409 2775 2449 non
2820 2395 2989 2461 solus,
3038 2395 3094 2451 in
3140 2396 3332 2468 primis
3375 2397 3528 2469 erige
3571 2398 3719 2454 intra
3760 2408 3812 2455 te

511 2489 771 2561 operibus
798 2493 1053 2558 apparet;
1078 2500 1199 2556 qua
1225 2483 1281 2538 in
1302 2483 1598 2553 semetipsa
1617 2498 1717 2538 nos
1747 2484 1926 2539 adhuc
1955 2485 2105 2542 latet.
2204 2480 2447 2535 auditum
2476 2480 2628 2536 illum
2678 2482 3028 2553 spiritualem,
3080 2501 3240 2557 quem
3292 2486 3540 2557 superius
3567 2487 3812 2543 diximus

509 2579 578 2634 Et
607 2578 748 2633 bene
776 2576 977 2631 dictum
996 2582 1077 2629 est
1100 2573 1365 2628 hilariter
1397 2572 1520 2643 quia
1548 2572 1706 2643 quasi
1733 2573 1983 2645 quaedam
2004 2574 2106 2629 ad-
2205 2568 2260 2622 in
2291 2569 2473 2624 anima
2502 2569 2710 2637 haberi,
2743 2579 2797 2626 et
2824 2572 3004 2627 audiat
3050 2572 3209 2627 trium
3261 2574 3544 2645 spirituum
3587 2592 3808 2633 vocem.

510 2667 731 2723 modum
771 2662 1104 2720 delectabilis
1149 2661 1429 2730 cujusdam
1462 2660 1811 2729 jucunditatis
1864 2661 2107 2717 hilaritas
2206 2657 2421 2711 Primus
2452 2667 2639 2714 noster
2671 2668 2772 2730 est,
2805 2661 3082 2716 secundus
3111 2662 3418 2735 angelicas,
3449 2664 3645 2719 tertius
3674 2681 3813 2721 vero

508 2764 610 2824 est,
643 2756 701 2810 in
742 2753 1081 2825 inSpectione
1127 2750 1328 2822 aperis,
1386 2749 1524 2805 visio
1580 2748 1903 2805 conditoris.
1972 2750 2107 2805 Vide
2203 2743 2294 2800 ille
2325 2754 2409 2801 est
2437 2746 2528 2818 qui
2555 2747 2797 2802 condidit
2826 2748 2983 2805 istos.
3013 2748 3156 2805 Dicit
3192 2749 3337 2806 enim
3367 2751 3435 2807 de
3462 2750 3556 2807 illo
3586 2752 3809 2825 spiritu,

504 2845 671 2918 igitur
724 2842 864 2898 intra
917 2850 970 2896 te
1023 2840 1080 2895 in
1134 2838 1485 2893 meditatione
1541 2845 1650 2905 tua,
1726 2847 1960 2911 quatuor
2006 2838 2107 2894 ista
2206 2833 2300 2905 qui
2329 2835 2474 2889 Deus
2505 2842 2558 2891 et
2585 2835 2748 2891 homo
2769 2843 2852 2890 est
2885 2852 2897 2890 :
2935 2838 3185 2909 Spiritus
3214 2842 3298 2895 est
3328 2840 3474 2896 Deus
3502 2840 3692 2911 (Joan.
3727 2856 3807 2911 tv,

505 2932 796 2998 elementa,
854 2938 909 2987 et
962 2945 1027 2984 ex
1088 2928 1166 2983 eis
1221 2927 1447 2982 formata
1488 2928 1789 2998 corporalia
1828 2928 2102 2984 universa.
2203 2923 2319 2993 24).
2364 2922 2537 2978 Habet
2602 2932 2784 2979 autem
2828 2926 3199 2999 unusquisque
3244 2927 3467 2983 istorum
3514 2928 3808 3000 spirituum

505 3022 643 3079 Vide
673 3019 857 3077 omnia
877 3018 978 3074 sub
998 3027 1143 3073 terra
1164 3015 1425 3088 repentia,
1450 3016 1518 3070 de
1549 3023 1697 3071 terra
1717 3017 2101 3089 germinantia,
2203 3025 2395 3067 vocem
2426 3027 2600 3079 suam,
2630 3020 2683 3067 et
2727 3028 3168 3086 unamquamque
3212 3015 3431 3087 quidem
3459 3022 3586 3073 tunc
3614 3025 3671 3073 tu
3702 3035 3809 3076 vo-

507 3126 672 3181 super
698 3117 895 3165 terram
926 3104 1251 3180 gradientia,
1302 3104 1357 3158 in
1406 3119 1533 3159 aere
1576 3103 1831 3172 volantia,
1863 3105 1919 3160 in
1948 3106 2106 3177 aquis
2203 3114 2324 3155 cem
2353 3100 2525 3169 audis,
2572 3116 2697 3157 cum
2752 3102 2822 3157 de
2877 3117 3201 3176 unaquaque
3244 3103 3536 3177 diligenter
3563 3120 3631 3162 ac
3660 3124 3804 3178 pure

506 3198 771 3264 natantia,
821 3197 875 3251 in
922 3195 1263 3250 firmamento
1313 3192 1549 3249 lucentia
1582 3210 1595 3247 :
1647 3201 1699 3248 et
1766 3210 2103 3266 quaecunque
2127 3245 2170 3266 η
2202 3187 2500 3243 meditaris.
2535 3187 2671 3258 Quae
2697 3188 2918 3245 illorum
2964 3206 3128 3247 voces
3156 3208 3279 3247 cum
3304 3192 3372 3247 ad
3400 3191 3801 3252 firmamentum

505 3294 631 3342 sunt
657 3302 688 3341 a
716 3245 833 3341 D,eo
883 3281 1187 3355 corporalia
1236 3288 1289 3335 et
1335 3280 1569 3336 visibilia
1616 3245 1818 3349 creata,
1870 3245 2173 3338 formataC
2201 3276 2510 3347 pertineant
2541 3245 2766 3349 prima
2794 3279 2897 3333 sub
2932 3278 3071 3350 ipso,
3108 3281 3347 3336 secunda
3373 3281 3442 3337 de
3469 3280 3611 3354 ipso,
3643 3284 3801 3339 tertia

502 3383 555 3431 et
591 3374 858 3446 disposita
892 3389 904 3429 :
940 3380 993 3428 et
1024 3372 1159 3427 scito
1188 3371 1287 3425 has
1335 3386 1458 3425 esse
1498 3368 1786 3424 invisibilis
1816 3370 2103 3441 Sapientia
2202 3380 2369 3436 supra
2399 3365 2577 3436 ipsum
2606 3374 2685 3421 est
2720 3382 2733 3421 ε
2766 3374 2819 3422 et
2848 3366 2904 3422 in
2959 3368 3062 3423 hac
3103 3368 3337 3442 gradum
3376 3378 3644 3442 coguntur
3670 3373 3796 3428 ani-

500 3464 634 3532 vias,
696 3464 751 3518 in
792 3462 987 3535 quibus
1034 3476 1094 3516 se
1141 3459 1233 3513 tibi
1263 3458 1510 3514 hilariter
1551 3458 1804 3514 ostendit.
1856 3460 1923 3515 Ut
1956 3459 2102 3515 enim
2198 3453 2362 3507 malia
2391 3453 2580 3525 figere,
2614 3462 2667 3510 et
2695 3455 2813 3510 alas
2833 3455 3173 3512 submittere.
3212 3457 3476 3529 Percipiat
3504 3459 3669 3515 etiam
3702 3477 3799 3517 au-

500 3552 794 3626 Apostolus
825 3552 900 3607 ait
919 3569 932 3606 :
954 3550 1263 3607 Invisibilia
1284 3548 1484 3621 ipsius,
1516 3564 1550 3602 α
1579 3551 1847 3603 creatura
1876 3548 2097 3618 mundi,
2198 3540 2342 3596 ditus
2371 3541 2494 3609 iste,
2526 3549 2580 3597 et
2605 3543 2792 3598 audiat
2820 3544 3067 3615 spiritum
3085 3544 3408 3615 increatum,
3430 3547 3530 3602 hos
3558 3558 3798 3620 quatuor

499 3637 2096 3716 pereaquwfactasunt,intellectaconspiciuntur(Rom.
2197 3628 2561 3702 alloquentem
2596 3646 2609 3685 τ
2639 3632 2887 3704 angelos.
2911 3640 3219 3689 sanctorum
3240 3635 3468 3702 animaS,
3492 3635 3792 3705 diabolum,

497 3731 687 3803 1,20).
739 3730 864 3785 Non
909 3735 1086 3783 autem
1130 3724 1234 3782 alia
1279 3732 1404 3779 sunt
1446 3723 1735 3779 invisibilia
1781 3724 1901 3793 Dei,
1953 3724 2099 3780 aliud
2197 3718 2472 3774 homines.
2540 3720 2600 3773 In
2656 3719 2930 3777 locutione
2974 3721 3173 3793 prima,
3225 3721 3421 3778 infusio
3469 3732 3550 3779 est
3596 3724 3796 3782 divina:

497 3819 616 3891 ipse
672 3820 858 3883 Deus;
891 3814 1019 3888 quia
1074 3813 1218 3886 quod
1274 3812 1459 3878 habet,
1518 3813 1623 3867 hoc
1678 3820 1779 3867 est.
1833 3812 1988 3868 Unde
2046 3821 2100 3868 et
2198 3806 2686 3863 animadversionis
2720 3823 2734 3863 :
2766 3808 2823 3863 in
2860 3810 3134 3877 secunda,
3185 3809 3448 3867 immissio
3476 3820 3794 3883 spontanee

498 3905 744 3978 adjungit
764 3903 1056 3976 Apostolus
1091 3902 1485 3972 :Sempiterna
1503 3917 1713 3972 quoque
1742 3900 1922 3956 virtus
1953 3904 2092 3973 ejus,
2197 3895 2635 3965 exspectationis.
2668 3896 2851 3953 Tertia
2890 3913 3019 3954 vero
3067 3906 3295 3971 quatuor
3338 3899 3530 3971 recipit
3573 3901 3788 3957 modos.

497 3990 957 4047 etdivinitas:et
977 3986 1109 4041 nihil
1126 3992 1206 4040 est
1222 3984 1385 4052 aliud,
1411 3984 1526 4039 haec
1547 3983 1833 4039 invisibilia
1853 3984 1972 4051 Dei,
1997 4002 2098 4056 per
2195 3982 2409 4039 Primus
2437 3984 2865 4055 increpationem
2910 3986 3151 4042 continet
3194 3988 3466 4060 nequitiae,
3518 3990 3792 4045 secundus

496 4096 559 4137 ea
588 4095 709 4150 qua:
746 4077 887 4133 facta
936 4083 1058 4130 sunt
1097 4073 1359 4145 conspici,
1413 4088 1573 4145 quam
1616 4072 1793 4144 ipsum
1844 4074 2096 4130 invisibi-
2195 4070 2414 4127 laudem
2451 4074 2691 4142 justitite,
2762 4074 2952 4130 tertius
2989 4074 3297 4132 tentationis
3355 4077 3785 4144 concessionem,

496 4168 627 4224 lium
664 4167 943 4233 factorem,
975 4164 1028 4218 in
1061 4163 1128 4218 iis
1159 4178 1279 4235 qua:
1310 4160 1435 4217 fecit
1478 4169 1532 4216 et
1569 4177 1670 4233 per
1698 4177 1765 4217 ea
1796 4180 1918 4234 quae
1944 4162 2091 4230 fecit,
2196 4169 2420 4231 quartus
2449 4175 2581 4217 vero
2609 4162 3053 4234 prohibitionem.
3102 4165 3163 4219 In
3190 4163 3400 4220 duobus
3428 4181 3561 4222 vero
3591 4166 3788 4222 distin-

493 4254 895 4331 quodammodo
925 4251 1118 4309 videri.
1152 4251 1258 4306 Sed
1289 4250 1368 4306 sic
1412 4250 1666 4306 videntur
1708 4250 1872 4306 modo
1901 4250 2094 4307 invisi-
2194 4249 2376 4321 guitur
2403 4250 2628 4305 verbum
2658 4249 2811 4322 illud,
2846 4250 2993 4323 quod
3021 4249 3255 4323 Spiritus
3295 4252 3363 4309 de
3393 4269 3500 4325 quo
3528 4269 3675 4310 nunc
3703 4255 3788 4311 lo-

489 4346 620 4402 bilia
647 4347 765 4401 haec
795 4350 1048 4400 creatura
1075 4339 1299 4407 mundi;
1333 4339 1455 4411 quia
1501 4338 1710 4395 ratione
1751 4348 1907 4396 utens
1935 4356 2094 4395 crea-
2193 4337 2429 4409 quimur,
2478 4337 2754 4395 increatus
2808 4339 2962 4411 quasi
3014 4340 3143 4396 dicit
3198 4341 3265 4395 ad
3321 4341 3590 4398 homines.
3652 4342 3788 4399 Illud

490 4443 613 4491 tura
660 4432 882 4497 nobilis,
941 4431 1120 4486 anima
1177 4428 1431 4485 videlicet
1485 4430 1737 4496 humana,
1794 4429 1899 4485 hoc
1928 4429 2094 4485 modo
2192 4441 2425 4499 namque
2454 4444 2551 4498 per
2581 4443 2660 4494 se,
2701 4435 2793 4483 aut
2846 4444 2945 4500 per
2987 4429 3285 4499 subjectum
3325 4429 3521 4486 format
3568 4441 3786 4487 creatu-

486 4526 667 4580 adhuc
697 4521 972 4587 exsulans,
1006 4520 1063 4575 in
1093 4518 1226 4591 ipsis
1256 4517 1560 4573 visibilibus
1598 4517 1923 4573 invisibilem
1953 4533 2090 4574 con-
2191 4530 2344 4583 ram;
2373 4532 2473 4587 per
2502 4524 2812 4572 creaturam
2849 4516 3104 4574 videlicet
3146 4517 3467 4590 angelicam,
3500 4528 3552 4574 et
3580 4520 3637 4574 in
3665 4530 3785 4577 octo

486 4612 662 4684 Spicit,
688 4620 739 4667 et
766 4610 820 4665 in
848 4608 1000 4665 factis
1029 4607 1250 4663 factoris
1267 4606 1507 4662 notitiam
1539 4606 1915 4678 apprehendit.
1946 4608 2089 4662 Nam
2118 4597 2171 4660 D
2193 4603 2366 4659 modis
2394 4605 2658 4675 reperitur
2690 4621 2702 4659 :
2733 4620 2861 4660 nam
2894 4604 3157 4662 formatur
3172 4607 3377 4676 verbis,
3410 4607 3597 4680 rebus,
3624 4610 3783 4664 simul

484 4709 728 4757 creatura
772 4698 896 4755 coeli
942 4699 1086 4770 (ipsa
1129 4703 1213 4752 est
1263 4695 1538 4769 angelica)
1604 4710 1713 4751 non
1760 4696 1864 4751 hoc
1913 4694 2085 4752 facit:
2191 4693 2374 4747 verbis
2404 4701 2458 4749 et
2487 4694 2674 4760 rebus,
2707 4693 3036 4767 imaginibus
3080 4694 3260 4751 cordis
3308 4696 3480 4752 oculis
3525 4699 3779 4764 ostensis,

487 4804 595 4845 non
628 4790 773 4844 enim
803 4787 1012 4859 indiget
1039 4787 1095 4840 in
1124 4792 1379 4841 creatura
1408 4783 1593 4839 videre
1631 4791 1936 4839 creatorem
1968 4800 2091 4856 qua;
2188 4781 2520 4855 imaginibus
2560 4790 2614 4837 et
2641 4789 2765 4839 ante
2794 4798 3093 4854 corporeos
3122 4783 3311 4840 oculos
3355 4784 3425 4840 ad
3472 4793 3690 4858 tempus
3716 4804 3775 4843 ex

482 4877 660 4949 ipsum
689 4876 1057 4931 indesinenter
1098 4873 1247 4928 videt
1290 4871 1345 4925 in
1393 4873 1601 4944 seipso.
1661 4872 1738 4927 Tu
1769 4881 1946 4928 autem
1995 4873 2089 4945 qui
2187 4887 2314 4926 acre
2389 4870 2700 4942 assumptis,
2750 4872 3065 4928 coalestibus
3122 4872 3452 4941 substantiis,
3526 4876 3775 4941 terrenis,

486 4967 591 5022 hoc
620 4965 854 5022 necdum
884 4970 1080 5034 potes;
1131 4960 1345 5015 interim
1392 4977 1516 5016 eum
1547 4960 1636 5031 qui
1677 4960 1799 5016 fecit
1830 4962 2086 5033 conspice
2185 4958 2346 5015 simul
2374 4959 2686 5016 coelestibus
2715 4968 2768 5015 et
2796 4961 3047 5017 terrenis.
3111 4961 3219 5017 Sed
3245 4961 3303 5016 in
3339 4963 3484 5035 quod
3513 4961 3777 5020 formetur

485 5055 540 5108 in
569 5054 636 5108 iis
658 5069 779 5124 quae
798 5051 944 5106 fecit.
964 5050 1052 5105 Ait
1082 5049 1300 5119 quidam
1333 5066 1346 5102 :
1380 5049 1500 5120 Ipse
1529 5049 1681 5104 dedit
1710 5050 1852 5104 mihi
1884 5049 2085 5106 horum
2184 5050 2275 5105 illa
2303 5067 2424 5123 qua:
2476 5067 2579 5122 per
2634 5067 2693 5105 se
2739 5058 2849 5117 est,
2897 5049 3147 5106 animalis
3189 5052 3352 5107 homo
3396 5068 3502 5109 non
3530 5055 3773 5126 percipit.

488 5158 611 5214 qua:
639 5144 775 5196 sunt
793 5139 1095 5195 scientiam
1126 5154 1337 5202 veram,
1362 5141 1427 5191 ut
1459 5137 1635 5192 sciam
1664 5138 2084 5208 dispositionem
2184 5139 2324 5194 Sane
2353 5140 2456 5194 hoc
2484 5139 2671 5194 tandiu
2702 5138 2831 5194 latet
2875 5138 3230 5208 intellectum,
3263 5140 3499 5213 quandiu
3527 5150 3581 5197 et
3610 5159 3773 5215 expe-

484 5230 631 5285 orbis
654 5232 961 5293 terrarum,
986 5230 1041 5281 et
1065 5227 1301 5281 virtutes
1323 5226 1733 5281 elementorum
1764 5226 1998 5281 initium
2026 5231 2084 5283 et
2183 5227 2493 5282 rimentum.
2526 5228 2679 5283 Illum
2713 5227 2890 5283 adhuc
2906 5228 2997 5299 qui
3018 5228 3097 5283 eis
3127 5228 3385 5300 loquitur,
3418 5230 3517 5285 bos
3552 5240 3774 5301 quatuor

485 5318 1048 5381 consummationem,
1066 5319 1119 5370 et
1140 5314 1497 5369 medietatem
1518 5317 1853 5385 temporum,
1874 5316 2085 5372 vicissi-
2181 5316 2330 5371 audit
2350 5316 2710 5388 alloquentes.
2737 5315 2894 5372 Modo
2925 5332 3034 5372 uno
3063 5315 3309 5389 angelos,
3325 5325 3379 5372 et
3407 5318 3614 5373 animas
3640 5335 3770 5376 uno:

488 5407 755 5461 tudinum
792 5405 1245 5476 permutationrs
1283 5406 1337 5457 et
1369 5404 1840 5458 commutationes
1872 5408 2082 5475 tempo-
2179 5404 2333 5475 illos,
2405 5404 3013 5476 incompreltensibilem
3061 5404 3353 5461 divinitatis
3406 5404 3769 5464 inﬁnalitatem

484 5496 1069 5561 rum,annicursuset
1085 5492 2080 5562 stellarumdispositionesmaturas
2180 5494 2501 5549 admirando
2535 5512 2547 5547 :
2582 5494 2713 5548 istas
2750 5509 2879 5549 vero
2919 5492 3211 5551 vindictam
3254 5493 3534 5566 sanguinis
3579 5512 3768 5568 exspe-

482 5584 825 5639 animalium
842 5585 897 5637 et
921 5582 1036 5636 iras
1058 5581 1389 5644 bestiarum,
1426 5582 1574 5635 viam
1596 5584 1891 5636 ventorum
1912 5586 1967 5637 et
1988 5597 2079 5637 σο·
2179 5582 2391 5638 ctando.
2422 5582 2706 5637 Diabolum
2738 5582 2911 5637 tribus
2939 5582 3137 5649 modis,
3172 5590 3227 5638 et
3254 5583 3475 5639 totidem
3507 5584 3767 5642 homines.

481 5671 1195 5743 gitutioneshominum,et
1214 5670 1569 5741 differentias
1599 5670 1994 5741 virgultorum,
2020 5674 2076 5725 et
2177 5670 2353 5737 Illum,
2412 5671 2673 5726 malitiam
2731 5670 2911 5728 celare
2962 5686 3074 5727 non
3103 5670 3372 5739 valendo,
3414 5673 3772 5731 innocentiam

480 5763 724 5818 virtutes
741 5757 1440 5834 radicum,etqua:cunque
1459 5762 1595 5817 sunt
1614 5759 1880 5816 absconsa
1900 5763 1957 5816 et
1973 5758 2078 5815 im-
2177 5758 2372 5829 injuste
2403 5760 2736 5829 accusando,
2770 5767 2824 5818 et
2871 5773 2994 5818 eam
3033 5758 3103 5816 ad
3147 5760 3466 5818 tentandum
3514 5762 3772 5821 malitiose
