3938 6406
199 335 302 388 849

1328 335 1531 392 LIBER
1572 334 1664 389 DE
1703 333 2086 391 EXERCITIO
2126 335 2383 392 CELLZE.

3409 331 3513 384 850

205 455 545 525 expetendo:
578 455 828 511 homines
859 472 1098 529 quoque,
1131 459 1408 529 precando
1439 459 1654 514 veniam
1685 461 1889 530 pec-A
1918 459 2294 526 variationem,
2330 460 2456 532 quia
2504 459 2772 515 mutabilis
2815 466 2916 513 est.
2953 459 3045 513 Est
3106 462 3287 510 autem
3335 460 3514 509 motus

204 552 475 609 catorum,
513 544 748 616 gratiam
791 546 1128 613 meritorum,
1165 547 1396 620 gloriam
1435 549 1802 618 praemiorum.

208 633 356 705 Lege
429 633 752 697 secundum,
804 642 856 687 et
920 634 1247 707 vigesimum
1308 645 1558 692 octavum
1611 637 1807 690 librum

200 721 489 774 Moralium
552 721 695 776 beati
755 721 1051 795 Gregorii;
1086 724 1139 777 in
1195 725 1275 779 eis
1316 725 1578 788 invenies,
1640 740 1805 796 quam

201 808 492 879 profunde,
523 824 795 881 quamque
809 811 976 866 nitide
1008 811 1153 866 idem
1207 813 1292 866 vir
1321 813 1390 867 de
1421 813 1504 866 his
1551 813 1802 878 disserat,

205 913 366 968 quem
396 897 538 952 inter
569 907 797 952 czeteros
829 907 1041 954 constat
1072 899 1242 954 fuisse
1273 901 1529 956 doctores
1561 909 1611 955 et
1642 902 1804 972 inge-

202 985 293 1040 nio
323 994 537 1042 acutum
556 1029 568 1051 ,
594 994 646 1040 et
677 986 731 1039 in
755 986 972 1058 eloquio
1003 988 1287 1043 decorum.
1327 989 1463 1044 Vide
1495 990 1636 1044 inter
1666 990 1800 1056 hzec,

203 1073 258 1126 in
281 1074 396 1144 ipsa
445 1073 797 1130 meditatione
846 1083 940 1129 tua
985 1075 1220 1142 interna,
1284 1077 1427 1148 quod
1479 1093 1544 1132 ex
1594 1077 1802 1131 duabus

201 1163 518 1216 substantiis
569 1163 733 1218 homo
767 1163 942 1219 factus
967 1173 1056 1219 est
1085 1184 1098 1229 ;
1130 1161 1238 1220 una
1287 1181 1572 1237 corporea,
1615 1166 1802 1221 incor-

200 1266 369 1321 porea
397 1250 588 1305 altera.
623 1252 682 1306 In
714 1261 975 1322 quantum
999 1254 1076 1324 (ut
1105 1261 1230 1308 ante
1252 1271 1352 1308 nos
1395 1254 1558 1328 longe
1596 1255 1801 1309 dictum

201 1339 308 1408 est)
339 1355 405 1394 ex
433 1355 702 1409 corporea
724 1348 824 1404 est,
862 1356 984 1396 curn
1019 1342 1233 1396 caeteris
1281 1329 1606 1397 animalibus
1643 1359 1800 1398 com-

195 1427 377 1481 munis
407 1435 612 1483 natura:
645 1429 805 1483 habet
833 1429 1298 1500 participationem
1345 1445 1358 1484 :
1392 1430 1490 1485 sed
1524 1431 1578 1484 in
1611 1430 1798 1486 formae

197 1516 612 1586 compositione,
645 1516 715 1571 ad
737 1517 842 1571 alia
881 1517 1137 1573 animalia
1194 1517 1553 1573 diﬂ‘erentiam
1611 1519 1794 1576 habet.

195 1604 336 1658 Nam
362 1603 452 1658 illa
502 1603 729 1659 formam
776 1605 845 1660 ad
886 1613 1086 1660 terram
1135 1607 1337 1661 habent
1394 1607 1698 1662 inclinatam
1746 1618 1798 1663 et

195 1707 424 1762 pronam
461 1707 473 1746 :
511 1708 619 1763 quo
651 1693 1007 1764 significatur,
1067 1703 1268 1765 preter
1314 1711 1377 1749 ea
1407 1712 1528 1766 qua:
1579 1704 1797 1751 terrena

1913 549 2213 602 secundum
2245 549 2442 616 locum,
2478 549 2774 604 secundum
2809 556 3045 618 tempus,
3071 544 3372 600 secundum
3401 542 3514 596 for-

1909 652 2072 690 mam.
2109 637 2258 690 lllius
2287 653 2419 692 vero
2447 646 2645 703 motus,
2679 637 2768 708 qui
2801 635 3094 692 secundum
3143 633 3373 687 formam
3405 638 3510 700 est,

1910 731 2019 778 tres
2049 724 2269 795 quidam
2294 725 2480 781 dicunt
2510 725 2721 796 species
2752 742 2893 790 esse,
2940 729 3311 794 augmentum,
3354 720 3514 774 dimi-

1909 813 2215 877 nutionem,
2277 814 2674 869 alterationem.
2737 815 2978 868 Movetur
3029 812 3251 883 quidem
3307 807 3513 879 aliquid

1910 901 2209 956 secundum
2270 902 2468 968 locum,
2523 920 2645 957 cum
2704 903 2880 972 ipsum
2917 902 2986 956 de
3036 901 3157 956 loco
3214 899 3283 954 ad
3304 897 3507 962 locum,

1908 989 2181 1044 mediante
2216 990 2337 1046 loco
2369 991 2562 1045 transit
2587 1007 2598 1046 :
2621 991 2766 1061 quod
2787 991 2854 1044 ad
2891 990 3065 1044 solum
3102 1004 3301 1058 corpus
3332 985 3506 1056 perti-

1907 1084 2030 1148 net;
2079 1093 2187 1133 non
2219 1081 2360 1134 enim
2404 1081 2508 1135 hoc
2539 1079 2750 1150 spiritui
2808 1080 3060 1141 humano,
3113 1077 3198 1132 vel
3256 1073 3507 1147 angelico

1907 1172 2182 1229 convenit.
2215 1169 2522 1225 Secundum
2566 1177 2777 1238 tempus
2827 1167 2933 1222 alia
2967 1165 3172 1221 moveri
3231 1164 3501 1228 dicuntur,

1908 1279 2026 1336 qua;
2056 1261 2210 1332 prius
2240 1268 2292 1313 et
2345 1257 2618 1329 posterius
2673 1257 2994 1327 suscipiunt.
3056 1253 3368 1309 Secundnm
3407 1267 3505 1306 au-

1907 1357 2188 1423 gmentum
2247 1347 2333 1402 vel
2395 1346 2806 1401 diminutionem
2865 1345 2956 1399 illa
3039 1350 3326 1398 moventur
3379 1355 3501 1411 qua:

1907 1439 2198 1510 quantitate
2240 1444 2512 1509 augentur
2557 1435 2642 1490 vel
2700 1434 3035 1488 minuuntur.
3069 1433 3272 1487 Motum
3323 1437 3501 1485 autem

1905 1525 2241 1582 alterationis
2272 1525 2364 1578 illa
2395 1522 2714 1593 suscipiunt,
2738 1539 2858 1594 quae
2891 1522 3186 1577 formarum
3216 1527 3267 1574 et
3283 1527 3501 1574 actuum

1903 1615 2219 1670 diversitate
2277 1612 2678 1684 quodammodo
2733 1611 3040 1666 alterantur.
3121 1609 3257 1664 Sunt
3321 1613 3500 1660 autem

1905 1721 1994 1758 res
2024 1702 2295 1775 quzedam,
2337 1717 2457 1772 quae
2487 1699 2726 1755 omnium
2757 1715 3020 1771 generum
3051 1707 3293 1753 motuum
3317 1711 3501 1753 susce-

191 1788 338 1845 sunt,
372 1781 442 1834 ab
482 1781 560 1835 eis
603 1783 749 1836 nulla
799 1798 921 1836 esse
977 1784 1300 1854 appetenda.
1359 1784 1606 1838 Hominis
1663 1801 1795 1840 vero
1819 1813 1869 1872 Β
1903 1791 2064 1862 ptiva:
2095 1789 2412 1856 sunt;velut
2442 1805 2530 1843 res
2554 1803 2855 1859 corporeae.
2888 1787 3011 1858 quia
3029 1787 3151 1841 loco
3169 1795 3220 1842 et
3249 1796 3497 1858 tempore

193 1868 372 1924 forma
395 1868 448 1922 in
479 1868 646 1923 altum
677 1869 926 1940 erigitur,
959 1879 1008 1926 et
1039 1887 1256 1926 sursum
1290 1871 1534 1926 elevatur
1565 1891 1579 1938 ;
1623 1873 1715 1943 qui
1745 1881 1798 1927 et

192 1964 398 2027 praeter
428 1964 625 2012 caetera
665 1958 961 2012 animantia
1023 1958 1201 2031 [Par.,
1253 1959 1530 2032 animalia]
1584 1968 1795 2016 rectum

187 2045 357 2099 habet
387 2044 684 2111 incessum,
717 2053 770 2100 et
827 2046 896 2100 ad
928 2063 1161 2117 superna
1213 2057 1512 2118 aspectum.
1565 2047 1685 2118 Quo
1734 2049 1797 2103 li-

190 2133 356 2204 quide
380 2133 712 2199 declaratur,
747 2141 800 2188 et
831 2151 952 2190 eum
995 2152 1117 2206 quae
1152 2152 1370 2191 sursum
1429 2145 1552 2191 sunt
1599 2153 1798 2208 sapere

191 2221 420 2287 debere,
457 2229 510 2276 et
545 2229 652 2276 tota
683 2222 880 2277 mentis
929 2223 1232 2278 intentione
1261 2224 1389 2279 illuc
1442 2225 1671 2280 tendere
1701 2225 1796 2280 ubi

187 2309 436 2364 Christus
467 2309 622 2365 sedet
651 2309 705 2364 in
726 2310 952 2367 dextera
983 2312 1082 2368 Dei
1113 2313 1474 2370 Patris.Unde
1506 2315 1792 2387 etquidam

187 2393 260 2447 ait
293 2408 306 2447 :

260 2519 560 2590 Pronaque
578 2533 708 2572 cum
730 2521 987 2590 spectent
1005 2520 1287 2577 animalia
1306 2525 1518 2578 scelera
1549 2526 1788 2586 terram.

261 2605 331 2662 Os
357 2604 574 2661 homini
595 2606 834 2662 sublime
854 2608 1027 2674 dedit,
1053 2609 1366 2681 actumque
1388 2611 1573 2666 videre
1589 2610 1786 2684 [tueri]

259 2695 458 2780 iussit,
487 2699 546 2751 et
561 2700 773 2752 erectos
801 2696 874 2752 ad
893 2696 1080 2754 sidera
1113 2699 1308 2753 tollere
1337 2699 1549 2756 vultus.

866 2801 1078 2872 (0vm.,
1129 2804 1375 2871 Metam,
1409 2808 1460 2860 1.
1494 2821 1530 2873 1,
1566 2805 1680 2876 84.)

259 2942 350 2998 Sic
379 2957 516 3015 ergo
545 2943 708 2997 homo
739 2959 803 2998 ex
846 2943 1092 3015 corporis
1122 2943 1296 2999 forma
1352 2945 1696 3012 admonetur,
1732 2947 1786 3001 in

184 3030 431 3102 appetitu
497 3030 766 3085 bonorum
807 3047 838 3087 a
894 3031 1104 3088 caeteris
1148 3032 1370 3088 differre
1438 3033 1782 3102 animalibus,

184 3134 493 3192 quanquam
517 3134 642 3174 cum
661 3119 741 3175 eis
784 3120 1027 3192 corporis
1058 3136 1403 3177 communem
1458 3123 1652 3178 habeat
1682 3140 1785 3178 na-

183 3217 379 3264 turam.
413 3210 483 3264 At
509 3209 809 3264 secundum
839 3209 1098 3279 animam,
1131 3225 1255 3266 cum
1273 3210 1394 3265 aliis
1423 3211 1787 3267 animantibus

181 3312 289 3353 non
311 3297 476 3352 habet
519 3297 862 3368 proprietatis
920 3299 1380 3354 communionem.
1414 3301 1491 3356 Ea
1551 3315 1788 3373 namque

179 3386 300 3442 sola
333 3385 402 3440 ad
459 3385 748 3456 imaginem
790 3386 890 3442 Dei
920 3394 973 3442 et
1028 3387 1437 3442 similitudinem
1491 3387 1633 3444 facta
1682 3397 1783 3444 est.

178 3475 262 3529 Ad
289 3473 610 3546 imaginem,
635 3481 691 3528 ut
747 3473 916 3545 aiunt,
977 3475 1078 3530 Dei
1135 3475 1283 3531 facta
1332 3484 1435 3542 est,
1486 3476 1787 3532 secundum

178 3562 541 3620 substantiam
571 3570 624 3618 et
651 3562 942 3633 puritatem
974 3564 1218 3620 rationis.
1264 3564 1374 3620 Sed
1418 3565 1487 3620 ad
1548 3565 1789 3621 similitu-

181 3653 386 3717 dinem,
423 3652 725 3707 secundum
756 3652 1114 3707 imitationem
1151 3653 1400 3724 puritatis
1450 3663 1504 3708 et
1548 3670 1786 3710 amorem

181 3740 480 3796 charitatis.
541 3739 660 3806 Vel,
709 3740 778 3795 ad
822 3741 1116 3814 imaginem
1175 3741 1275 3796 Dei
1350 3741 1493 3797 facta
1567 3743 1784 3809 dicitur,

183 3837 448 3900 quantum
478 3828 546 3882 ad
565 3827 810 3884 veritatis
840 3829 1207 3902 cOgnitionem
1243 3831 1346 3884 :ad
1377 3830 1785 3886 similitudinem

183 3931 340 3987 vero,
390 3923 653 3990 quantum
699 3916 767 3972 ad
814 3925 1026 3974 natura:
1080 3925 1134 3974 et
1200 3918 1429 3974 rationis
1475 3919 1782 3990 puritatem.

182 4007 282 4061 Est
347 4013 529 4061 autem
577 4005 756 4060 anima
796 4005 980 4078 imago
1026 4006 1126 4062 Dei
1174 4007 1243 4061 ad
1293 4007 1588 4080 imaginem
1634 4027 1652 4064 :
1684 4024 1788 4065 nec

184 4094 428 4164 ejusdem
458 4102 662 4149 naturae
693 4109 814 4150 cum
846 4095 981 4162 Deo,
1007 4095 1106 4150 sed
1131 4095 1297 4168 longe
1328 4097 1397 4150 ab
1428 4112 1494 4152 eo
1537 4095 1790 4152 differen-

181 4184 288 4251 tis;
324 4183 454 4255 quia
491 4182 774 4254 profectus
795 4191 847 4239 et
877 4184 1122 4240 det'ectus
1181 4200 1353 4256 capax
1407 4193 1508 4251 est,
1567 4194 1620 4241 et
1661 4185 1785 4243 ideo

180 4271 468 4328 variationi
499 4271 744 4341 subjecta
774 4280 882 4328 est.
937 4274 1003 4328 Et
1031 4273 1086 4328 in
1115 4275 1220 4330 hoc
1265 4274 1588 4347 longissime
1617 4291 1647 4329 a
1671 4276 1786 4332 Deo

181 4361 346 4416 distat
375 4362 735 4433 (quanquam,
769 4361 953 4434 imago
1011 4362 1129 4431 ejus
1177 4362 1425 4434 quaedam
1484 4362 1571 4427 sit,
1614 4370 1667 4418 et
1713 4361 1786 4416 si-

179 4450 473 4518 militudo),
507 4449 651 4504 unde
682 4457 735 4504 et
765 4449 834 4504 ab
856 4450 950 4505 illa
980 4450 1222 4525 imagine
1252 4451 1409 4508 valde
1456 4459 1663 4507 remota
1680 4459 1780 4520 est,

1900 1888 2205 1934 moventur.
2247 1877 2474 1948 Spiritus
2505 1892 2720 1948 quoque
2781 1875 2949 1930 creati
2996 1875 3160 1930 variis
3217 1875 3498 1931 affectibus

1897 1976 2184 2023 moventur
2209 1981 2347 2038 quos
2378 1965 2639 2035 incipiunt
2667 1964 2888 2031 habere,
2924 1971 2976 2018 et
3018 1963 3292 2018 desinunt.
3327 1965 3395 2018 Et
3425 1964 3495 2017 ita

1896 2064 2099 2111 motum
2141 2054 2440 2110 secundum
2473 2053 2723 2119 formam,
2777 2068 2995 2122 semper
3043 2051 3286 2123 sequitur
3315 2061 3494 2106 motus

1895 2144 2191 2199 secundum
2241 2151 2474 2212 tempus.
2539 2141 2773 2212 Spiritus
2829 2155 2962 2212 ergo
3019 2139 3202 2208 creati,
3255 2139 3379 2211 quia
3425 2140 3494 2194 de

1895 2232 2040 2287 bono
2070 2232 2124 2285 in
2157 2230 2361 2286 malum
2389 2237 2702 2306 moventur,
2753 2229 2821 2284 de
2879 2228 3026 2284 malo
3062 2228 3117 2282 in
3155 2229 3378 2294 bonum,
3421 2229 3491 2284 de

1894 2321 2034 2376 beno
2057 2320 2110 2374 in
2139 2319 2364 2385 bonum,
2397 2319 2466 2374 de
2496 2319 2641 2374 malo
2679 2317 2734 2372 in
2761 2317 2987 2384 malum,
3029 2317 3242 2370 duabus
3279 2317 3493 2386 specie-

1877 2409 1995 2463 -bus
2027 2415 2270 2463 motuum
2302 2415 2608 2462 moventur.
2667 2407 2840 2461 Motus
2871 2421 3002 2461 vero
3063 2405 3363 2459 secundum
3402 2405 3492 2459 lo-

1890 2512 2036 2567 cum,
2066 2496 2260 2552 animaa
2289 2495 2584 2552 convenire
2637 2511 2747 2550 non
2805 2503 2982 2565 potest
3012 2513 3025 2560 ;
3080 2493 3176 2547 sed
3220 2493 3364 2547 illius
3395 2493 3490 2564 qui

1890 2585 2191 2641 secundum
2221 2593 2456 2656 tempus,
2488 2592 2541 2639 et
2570 2583 2867 2639 secundum
2916 2582 3143 2638 formam
3176 2581 3252 2648 fit,
3297 2597 3484 2637 susse-

1888 2674 2092 2746 ptibilis
2121 2681 2224 2728 est.
2256 2675 2393 2728 Nam
2429 2689 2531 2743 per
2560 2673 2743 2728 varias
2791 2671 3105 2727 affectiones
3140 2687 3284 2741 saepe
3305 2670 3488 2724 varia-

1889 2771 1992 2832 tur,
2042 2762 2186 2834 quod
2235 2761 2352 2816 sine
2408 2770 2555 2816 motu
2611 2760 2897 2832 temporali
2947 2759 3063 2815 fieri
3119 2775 3227 2813 non
3285 2767 3483 2830 potest.

1886 2853 2008 2906 Non
2030 2851 2172 2906 enim
2197 2850 2466 2906 mediante
2497 2849 2637 2916 loco,
2669 2850 2736 2904 ad
2767 2849 2945 2904 locum
2978 2849 3045 2903 de
3075 2848 3196 2903 loco
3216 2854 3481 2912 movetur,

1888 2940 2012 3012 quia
2042 2939 2288 2995 localiter
2343 2955 2452 2994 non
2485 2946 2760 2994 movetur.
2821 2938 2963 2993 Dicit
3021 2953 3237 3008 quoque
3294 2936 3488 2991 beatus

1890 3029 2224 3101 Augustinus
2258 3045 2271 3082 :
2309 3050 2330 3077 α
2367 3027 2512 3082 Nihil
2553 3028 2701 3098 quod
2730 3042 2931 3097 corpus
2977 3042 3086 3081 non
3119 3033 3216 3088 est,
3251 3024 3305 3079 in
3360 3024 3483 3080 loco

1886 3125 1988 3172 est.
2027 3137 2049 3166 »
2087 3116 2195 3172 Sed
2253 3123 2304 3172 et
2351 3117 2567 3172 Boetius
2617 3112 2681 3169 in
2748 3115 2886 3170 libro
2943 3116 3012 3169 de
3066 3114 3332 3168 Trinitate
3383 3129 3485 3168 nec

1889 3205 2233 3280 quantitates,
2269 3219 2372 3261 nec
2404 3204 2692 3276 qualitates
2724 3203 2776 3258 in
2808 3203 2928 3259 loco
2955 3203 3085 3258 dicit
3145 3218 3267 3257 esse
3293 3218 3306 3256 :
3340 3215 3477 3272 quas

1886 3303 2070 3350 tamen
2099 3311 2288 3350 verum
2319 3302 2402 3350 est
2431 3294 2484 3348 in
2515 3293 2759 3362 subjecto
2789 3309 2932 3348 esse.
2964 3292 3175 3347 Etenim
3223 3289 3368 3345 aliud
3399 3296 3482 3343 est

1887 3399 2010 3439 esse
2027 3383 2081 3436 in
2101 3383 2364 3452 subjecto,
2386 3381 2532 3437 aliud
2583 3382 2639 3436 in
2669 3382 2790 3437 loco
2822 3401 2840 3436 :
2871 3381 3010 3437 sicut
3061 3381 3209 3436 aliud
3255 3385 3335 3434 est
3365 3377 3483 3431 ani-

1875 3487 2031 3530 mam
2063 3488 2186 3526 esse
2217 3471 2270 3525 in
2320 3486 2573 3542 corpore,
2636 3469 2780 3524 aliud
2810 3469 3045 3524 animam
3087 3485 3208 3525 esse
3239 3470 3293 3524 in
3343 3471 3482 3528 loco.

1887 3559 2022 3628 Qua:
2050 3560 2194 3614 enim
2220 3559 2274 3614 in
2293 3559 2416 3616 loco
2447 3567 2585 3625 sunt,
2617 3558 2796 3615 locum
2817 3558 3049 3630 replent,
3082 3558 3262 3614 locum
3315 3575 3484 3615 occu-

1885 3657 2033 3721 pant,
2068 3649 2212 3721 quod
2243 3649 2346 3704 soli
2365 3648 2577 3719 corpori
2601 3647 2871 3703 convenit.
2896 3649 3032 3702 Nam
3055 3663 3163 3702 non
3177 3648 3292 3703 sine
3315 3664 3485 3705 causa

1886 3738 2244 3810 philosophus
2273 3737 2402 3793 dicit
2431 3737 2575 3808 quod
2597 3758 2618 3786 ι
2656 3735 2885 3810 singula)
2928 3735 3206 3806 particulae
3236 3736 3362 3803 loci,
3395 3738 3488 3793 ob.

1886 3827 2058 3882 tinent
2078 3826 2323 3897 singulas
2344 3825 2636 3896 particulas
2652 3824 3024 3896 corporis(lib.
3050 3841 3126 3890 IV,
3145 3826 3442 3897 Physica).
3456 3847 3477 3876 ι

1887 3915 2099 3986 Corpus
2131 3915 2332 3988 quippe
2363 3914 2416 3968 in
2447 3914 2568 3969 loco
2595 3930 2736 3980 esse,
2772 3920 2852 3969 est
2881 3913 3056 3984 ipsum
3088 3929 3287 3984 corpus
3305 3914 3484 3970 locum

1886 4004 2134 4076 replere;
2159 4012 2240 4059 est
2260 4003 2437 4074 ipsum
2467 4003 2780 4058 distantiam
2813 4001 3019 4069 facere;
3055 4002 3108 4057 id
3141 4012 3221 4058 est
3240 4020 3477 4068 sursum,

1886 4093 2164 4159 deorsum,
2201 4099 2347 4147 retro
2378 4099 2431 4146 et
2459 4101 2603 4160 ante,
2636 4091 2986 4146 dextrorsum
3019 4099 3071 4146 et
3089 4092 3482 4148 sinistrorsum.

1885 4181 2000 4236 Hoc
2030 4179 2286 4234 nimirum
2307 4180 2620 4235 animzenen
2643 4180 2912 4245 convenit,
2936 4196 3055 4252 qua:
3069 4179 3146 4236 sic
3167 4189 3249 4235 est
3269 4181 3321 4235 in
3340 4181 3485 4250 loco,

1885 4276 1940 4326 et.
1968 4268 2044 4324 sic
2076 4268 2602 4340 circumscriptibilis
2632 4276 2731 4336 est,
2767 4268 2911 4340 quod
2932 4269 3128 4323 nullius
3152 4268 3258 4325 loci
3279 4270 3483 4324 ambitu

1885 4357 2195 4414 continetur
2223 4365 2275 4412 et
2306 4356 2619 4422 includitur,
2668 4356 2808 4412 sicut
2864 4357 3169 4410 continetur
3198 4364 3248 4411 et
3306 4357 3482 4412 inclu-

1886 4446 2032 4501 ditur
2063 4460 2285 4516 corpus.
2310 4446 2426 4501 Hoc
2466 4453 2645 4500 autem
2688 4443 2881 4500 falsum
2938 4461 3060 4500 esse
3102 4444 3284 4500 nullus
3329 4445 3482 4514 dicit,

182 4555 304 4610 quae
333 4554 457 4595 cum
487 4537 607 4608 ipso
637 4539 754 4594 Deo
794 4539 1218 4613 circumquaque
1249 4539 1394 4594 idem
1452 4548 1556 4607 est,
1607 4541 1661 4595 id
1704 4547 1786 4596 est
1807 4529 1858 4587 D
1889 4535 1980 4607 qui
2012 4542 2275 4606 quantum
2305 4542 2495 4590 natura
2517 4533 2739 4606 spiritus
2767 4549 2798 4588 a
2819 4549 3084 4605 corporea
3113 4532 3276 4589 distet
3292 4541 3486 4591 natura

181 4642 215 4683 a
244 4626 384 4682 Filio
440 4627 540 4682 Dei
594 4626 792 4694 Patris,
826 4628 916 4700 qui
967 4627 1396 4702 circumquaque
1444 4629 1590 4684 idem
1662 4644 1785 4685 cum

181 4715 334 4771 Patre
363 4723 467 4772 est.
520 4716 666 4771 Inest
711 4724 891 4772 autem
922 4716 1119 4772 animae
1155 4717 1423 4773 naturalis
1471 4717 1785 4789 simplicitas

181 4797 436 4860 essentia:
465 4821 599 4860 suae.
627 4805 725 4859 Est
745 4804 908 4860 etiam
939 4805 988 4861 ei
1015 4805 1160 4862 idem
1203 4823 1327 4862 esse
1377 4806 1524 4878 quod
1579 4806 1780 4862 vivere.

178 4894 301 4949 Non
358 4901 541 4948 autem
601 4892 834 4949 dicimus
882 4895 1030 4966 quod
1077 4903 1160 4950 est
1209 4895 1414 4960 vivere,
1501 4895 1588 4951 vel
1647 4895 1786 4952 bene

181 4990 445 5054 quantum
474 4981 544 5036 ad
566 4982 927 5050 sanctitatem,
963 4983 1049 5039 vel
1080 4984 1238 5040 beate
1277 4992 1537 5055 quantum
1569 4984 1638 5039 ad
1660 4983 1784 5039 feli-

181 5070 418 5127 citatem.
452 5071 584 5125 Cum
609 5071 751 5126 enim
797 5087 906 5126 non
960 5073 1134 5143 possit
1181 5090 1246 5127 ex
1295 5089 1406 5145 quo
1463 5081 1649 5129 creata
1701 5082 1785 5128 est

181 5158 478 5231 aliquando
506 5174 617 5213 non
647 5159 850 5225 vivere,
875 5160 1014 5216 sicut
1043 5177 1145 5216 nec
1175 5161 1464 5234 aliquando
1493 5178 1600 5217 non
1638 5178 1781 5226 esse,

181 5254 358 5318 potest
390 5256 572 5302 tamen
623 5247 808 5303 vivere
836 5249 998 5314 male,
1049 5265 1175 5304 cum
1206 5257 1288 5305 est
1337 5250 1523 5322 iniqua
1556 5269 1571 5317 ;
1603 5258 1655 5305 et
1687 5249 1786 5304 mi-

182 5351 318 5402 sere,
348 5353 470 5392 cum
511 5343 594 5391 est
623 5336 899 5392 damnata.
931 5339 1029 5392 Est
1046 5337 1100 5392 in
1130 5353 1195 5394 ea
1225 5346 1278 5394 et
1309 5338 1532 5394 libertas
1553 5337 1785 5406 arbitrii,

182 5439 287 5494 qua
317 5423 457 5480 inter
488 5425 688 5479 bonum
719 5433 772 5480 et
803 5425 1001 5480 malum
1020 5426 1299 5493 discernit,
1337 5435 1386 5481 et
1419 5427 1564 5498 quod
1595 5442 1785 5482 eorum

182 5512 414 5568 voluerit
443 5512 620 5585 diligit
653 5520 706 5568 et
735 5513 906 5587 eligit,
936 5523 992 5570 ut
1045 5514 1099 5570 in
1130 5515 1194 5570 iis
1237 5516 1487 5570 meritum
1521 5516 1636 5585 ejus
1694 5515 1780 5568 sit.

182 5599 325 5657 Ecce
352 5601 410 5656 in
441 5601 645 5668 anima,
670 5603 922 5659 essentiae
951 5603 1292 5675 simplicitas,
1334 5604 1458 5660 vitae
1512 5602 1786 5675 perpetui-

184 5696 284 5756 tas,
348 5689 562 5748 arbitrii
621 5689 868 5748 libertas.
957 5692 1192 5765 Suscipit
1250 5691 1469 5765 quidem
1544 5699 1786 5747 motuum

1887 4623 2316 4696 comprehendit.

2350 4729 2746 4786 CAPITULUM
2774 4729 3009 4784 XXVIII

1886 4840 1962 4895 De
1983 4839 2103 4910 illis
2133 4837 2646 4910 beatisispiritibus,
2663 4854 2793 4910 quae
2813 4837 3068 4910 videlicet
3093 4839 3196 4893 illa
3222 4837 3339 4893 sint
3360 4854 3482 4910 guw

1958 4909 2031 4965 ad
2061 4925 2150 4965 eos
2180 4909 2494 4981 pertinent,
2515 4913 2569 4981 et
2598 4908 2730 4981 quid
2761 4908 2826 4963 de
2857 4909 2976 4964 illis
2998 4911 3059 4964 in
3075 4926 3221 4980 pura
3244 4909 3485 4981 inedita-

1961 4982 2114 5036 tione
2144 4979 2268 5048 sua,
2291 4981 2451 5035 cella:
2471 4979 2664 5035 debeat
2702 4980 2862 5034 intra
2897 4995 2953 5035 se
2977 4979 3261 5035 habitator
3299 4979 3483 5035 revol-

1959 5068 2085 5107 vere
2093 5094 2105 5106 .

1956 5160 2113 5214 Nunc
2143 5165 2324 5213 autem
2357 5157 2473 5226 tibi,
2507 5157 2596 5229 qui
2643 5157 2913 5212 habitator
2941 5158 3095 5214 cellae
3153 5175 3241 5223 es,
3302 5158 3486 5228 aliqua

1888 5248 1955 5303 de
1979 5248 2095 5302 istis
2127 5247 2438 5302 coelestibus
2485 5246 2765 5317 spiritibus
2813 5247 2994 5302 dicere
3022 5246 3173 5304 libet.
3230 5247 3366 5301 Nam
3399 5255 3487 5302 tua

1887 5335 2229 5407 potissimum
2261 5335 2604 5391 conversatio
2621 5351 2742 5390 curn
2773 5335 2877 5388 illis
2909 5352 3031 5391 esse
3047 5353 3144 5406 per
3170 5336 3481 5405 puritatem,

1888 5434 1940 5480 et
1973 5425 2318 5489 aviditatem,
2354 5432 2516 5495 atque
2572 5441 2673 5495 per
2729 5424 3061 5478 desiderium
3119 5425 3301 5479 debet.
3364 5426 3484 5478 Non

1888 5513 2030 5566 enim
2061 5521 2253 5582 putare
2283 5512 2452 5567 debes
2477 5513 2621 5583 quod
2655 5512 2874 5584 quando
2905 5513 2958 5566 in
2990 5513 3131 5568 cella
3153 5530 3231 5576 es,
3259 5513 3408 5567 solus
3431 5513 3485 5566 in

1888 5618 1950 5657 ea
1981 5601 2076 5656 sis.
2107 5602 2249 5655 Nam
2277 5617 2557 5672 nunquam
2589 5601 2768 5656 minus
2799 5601 2948 5656 solus
2980 5618 3060 5668 es,
3093 5617 3255 5673 quam
3286 5617 3407 5657 cum
3431 5602 3485 5654 in

1887 5706 1955 5747 ea
1991 5690 2143 5745 solus
2173 5705 2233 5745 es
2265 5689 2363 5760 (ita
2393 5689 2624 5746 dicimus
2659 5690 2808 5762 hoc),
2841 5689 2886 5744 si
2916 5689 2970 5744 in
2990 5690 3084 5746 illa
3127 5706 3194 5746 eo
3233 5706 3293 5746 es
3325 5689 3490 5745 modo
