3938 6434
456 318 551 371 851

1309 311 1650 369 GUIGONIS
1689 312 1735 366 II
1774 308 2182 368 ΟΑΒΤΗΠΒΙᾸΞ
2218 309 2516 366 MAJOBJS
2555 309 2850 367 PRIORIS.

3651 317 3760 372 852

461 455 570 511 quo
598 455 720 496 esse
751 441 938 496 debes.
971 441 1121 494 Tune
1150 446 1278 494 tunc
1307 438 1456 494 solus
1486 455 1566 505 es,
1599 453 1724 493 cum
1753 437 1807 492 in
1838 438 2049 492 interno
2069 435 2124 496 Α
2151 435 2279 506 quia
2316 433 2580 490 foramina
2635 451 2736 491 sua
2762 435 2835 490 'in
2893 436 2982 491 die
3041 451 3150 508 qua
3187 437 3438 492 conditus
3487 445 3571 493 est
3616 435 3757 493 dicit

462 545 613 599 pura
660 537 713 583 et
758 529 1020 584 defecata
1077 528 1276 582 mentis
1322 533 1429 582 tua
1483 526 1733 582 cubiculo
1787 525 2048 590 inclusus,

461 611 648 667 clauso
677 611 816 666 ostio
847 611 1030 667 cordis
1078 617 1270 667 contra
1296 609 1554 664 universa
1585 608 1812 675 inutilia,
1853 623 1977 663 oras
1997 608 2053 661 in

463 699 652 770 spiritu
682 700 899 754 Patrem
932 707 1080 753 tuum
1111 699 1138 753 ?
1171 699 1402 754 Solusne
1430 706 1553 754 tunc
1575 715 1652 765 es,
1689 714 1812 752 cum
1842 697 1897 750 in
1917 695 2052 766 ipsis

462 787 690 842 internis
738 787 903 842 animi
935 788 1031 854 tui,
1083 787 1411 858 quibusdam
1447 786 1669 840 maturis
1723 792 1775 840 et
1822 784 2051 856 integris

460 875 764 930 intellectus
794 875 1079 942 luminosi,
1121 883 1173 930 et
1209 874 1432 930 affectus
1490 873 1737 930 succensi
1775 872 2048 943 passibus,

461 962 695 1018 exclusis
722 979 753 1017 a
783 971 836 1018 te
879 964 1010 1018 hora
1068 963 1261 1018 eadem
1308 961 1578 1017 universis
1635 959 2052 1031 cogitationibus

458 1050 668 1106 levibus
695 1058 748 1106 et
777 1051 987 1118 otiosis,
1036 1050 1246 1106 lucidas
1293 1058 1345 1106 et
1376 1049 1769 1120 pulcherrimas
1827 1063 2050 1118 peram-

458 1138 614 1194 bulas
644 1146 696 1194 et
749 1139 1004 1195 circumis
1053 1139 1362 1193 mansiones
1410 1137 1696 1209 spirituum
1743 1137 2048 1200 beatorum,

460 1226 552 1298 qui
573 1225 629 1280 in
663 1226 816 1282 caelis
845 1243 1065 1298 semper
1093 1227 1278 1282 vident
1295 1225 1491 1282 faciem
1512 1225 1688 1280 Patris
1719 1223 2051 1292 ?Quomodo

457 1322 588 1370 tunc
619 1314 768 1370 solus
791 1331 870 1385 es,
919 1331 1042 1370 cum
1069 1315 1126 1368 in
1184 1314 1416 1369 dilatatis
1461 1322 1513 1369 et
1556 1311 1874 1384 purificatis,
1915 1320 1967 1367 et
1995 1312 2050 1366 in

456 1402 640 1476 longis
682 1402 953 1474 praetoriis
1005 1403 1225 1474 spiritus
1273 1402 1368 1468 tui,
1414 1402 1468 1456 in
1517 1401 1720 1456 lumine
1751 1409 1803 1456 et
1850 1401 2050 1456 ardore

457 1506 680 1563 magno,
712 1507 821 1546 non
849 1491 1058 1562 absque
1079 1490 1279 1564 gaudio
1308 1489 1565 1544 ineffabili
1593 1497 1645 1544 et
1665 1489 2046 1557 exsultatione,

457 1579 722 1636 discurris
750 1595 852 1650 per
893 1595 1099 1634 cuneos
1160 1578 1612 1650 patriarcharum,
1657 1593 1758 1648 per
1814 1576 2050 1648 collegia

452 1668 861 1739 prophetarum,
893 1683 992 1738 per
1020 1675 1270 1722 senatum
1299 1666 1689 1737 apostolorum,
1746 1681 1847 1736 per
1875 1665 2046 1719 deco-

456 1771 544 1811 ras
575 1771 730 1812 rosas
758 1763 1079 1828 martyrum,
1110 1772 1212 1826 per
1241 1754 1513 1810 formosas
1552 1754 1722 1809 violas
1759 1752 2045 1809 confesso-
2065 1787 2117 1847 Β

454 1861 596 1911 rum,
630 1861 727 1916 per
758 1860 976 1900 amana
1006 1853 1059 1899 et
1105 1859 1270 1898 suave
1314 1843 1513 1898 olentia
1567 1843 1681 1897 lilia
1733 1841 2046 1915 virginum?

456 1933 636 2000 Quam
652 1933 851 1988 bonum
885 1940 963 1988 est
993 1932 1084 1988 hic
1113 1939 1165 1989 te
1187 1948 1310 1987 esse
1327 1931 1338 1987 l
1355 1948 1517 2004 quam
1537 1931 1694 1987 dulce
1714 1939 1795 1987 est
1817 1939 1868 1985 et
1881 1946 2046 1986 suave

450 2020 709 2078 formosa
737 2029 790 2076 et
818 2021 1082 2091 speciosa
1113 2020 1397 2087 columba,
1425 2027 1477 2074 et
1506 2019 1702 2075 anima
1733 2019 1907 2089 (cujus
1928 2020 2045 2074 haec

452 2125 559 2166 vox
598 2117 682 2165 est
713 2127 726 2164 :
758 2110 1012 2165 Dilectus
1041 2125 1200 2164 meus
1237 2107 1400 2175 mihi,
1434 2113 1490 2163 et
1514 2125 1606 2180 ego
1640 2109 1730 2164 illi
1752 2108 1939 2177 (Ca-nt.
1983 2123 2041 2174 Il,

452 2199 542 2269 16)
569 2198 698 2254 :sed
718 2206 770 2254 et
789 2198 894 2252 ista
917 2215 930 2251 :
957 2199 1264 2254 Vulnerata
1294 2197 1574 2252 charitate
1605 2213 1700 2268 ego
1713 2213 1836 2252 sum
1860 2196 2040 2265 (Ibid.,

449 2291 523 2361 5),
544 2289 684 2344 inter
712 2287 958 2357 ejusdem
987 2285 1173 2342 dilecti
1187 2285 1379 2340 lavam
1401 2292 1453 2340 et
1473 2285 1749 2340 dexteram
1767 2285 2043 2340 dormire?

446 2377 538 2434 ubi
559 2393 626 2432 eo
655 2375 900 2432 securius
938 2381 1153 2446 pausat,
1188 2388 1296 2445 quo
1327 2373 1608 2429 sollicitius
1629 2380 1682 2427 et
1729 2372 2042 2444 diligentius

444 2481 546 2538 pro
564 2464 709 2520 illius
740 2464 921 2536 quiete
951 2463 1070 2534 ipse
1098 2463 1470 2529 vehementer,
1503 2461 1622 2533 ipse
1646 2461 1832 2517 zelans
1879 2476 2040 2517 omne

442 2554 588 2626 quod
617 2554 763 2608 hunc
789 2551 1015 2626 vigilem
1058 2551 1177 2620 ejus
1222 2566 1480 2621 soporem
1518 2550 1740 2605 turbare
1793 2549 1955 2615 valet,
1989 2557 2043 2604 et

443 2642 768 2708 diminuere,
791 2655 853 2696 ac
880 2639 1167 2712 impedire,
1191 2639 1381 2711 procul
1410 2639 1674 2710 repellere
1704 2654 1815 2694 non
1835 2647 2036 2694 cessat.

444 2732 691 2803 Denique
722 2747 846 2787 cum
875 2729 1213 2799 adjuratione
1256 2728 1486 2800 quadam
1535 2727 1841 2782 admirabili
1898 2727 2037 2782 allo-

445 2821 627 2893 quitur
647 2818 784 2875 ﬁlias
812 2818 1145 2874 Jerusalem:
1170 2817 1248 2874 Ne
1277 2817 1583 2883 suscitatis,
1611 2815 1701 2883 ait,
1726 2832 1904 2887 neque
1926 2817 2038 2871 evi-

436 2911 616 2983 gilare
635 2909 870 2980 faciatis
891 2907 1183 2972 dilectam,
1203 2907 1377 2962 donec
1402 2907 1526 2977 ipsa
1554 2907 1687 2961 velit
1709 2904 1900 2974 (Cant.
1953 2921 2032 2973 ut,

438 3001 516 3070 5).
569 2999 638 3055 Et
666 3013 830 3065 nunc,
868 2995 1223 3052 dilectissime
1279 2994 1466 3062 nobis,
1501 3000 1558 3047 tu
1588 2993 1682 3066 qui
1710 2993 2036 3048 inhabitator

438 3088 592 3144 cella
613 3103 694 3157 es,
727 3087 863 3141 dans
886 3085 943 3138 in
971 3091 1231 3156 quantum
1261 3090 1436 3154 potes,
1462 3081 1790 3138 transitoriis
1820 3089 2036 3154 tergum

439 3175 676 3232 terrenis
706 3182 759 3230 et
785 3171 1003 3239 inﬁmis,
1029 3172 1222 3229 faciem
1241 3187 1374 3227 vero
1403 3170 1767 3242 sempiternis,
1791 3171 2033 3227 coelesti-
2066 3144 2113 3205 Ο

438 3265 543 3320 bus
572 3272 625 3319 et
654 3262 925 3334 supernis,
958 3261 1109 3334 erige
1138 3260 1322 3317 cordis
1350 3259 1424 3314 tui
1445 3259 1830 3331 cogitationem
1877 3261 1944 3314 ad
1973 3276 2040 3315 ea

441 3370 563 3427 qua
593 3353 662 3408 de
706 3351 986 3423 spiritibus
1025 3350 1133 3405 illis
1189 3348 1503 3405 calestibus
1561 3348 1840 3404 sentienda
1872 3356 1923 3404 et
1953 3358 2038 3405 te-

442 3442 625 3498 nenda
652 3448 796 3497 sunt.
825 3441 908 3496 De
927 3455 1038 3494 non
1067 3455 1210 3506 esse,
1237 3439 1306 3494 ad
1334 3455 1458 3494 esse
1483 3437 1698 3494 volente
1726 3438 1841 3493 Deo
1870 3437 2030 3510 [Par.

442 3529 556 3603 illo]
585 3529 955 3601 omnipotente
985 3527 1255 3583 universa
1277 3535 1544 3583 creatura:
1573 3526 1863 3582 Conditore
1912 3543 2041 3598 pro-

443 3615 676 3671 dierunt.
706 3615 830 3671 Non
852 3613 998 3670 enim
1019 3614 1136 3668 Deo
1165 3611 1424 3668 coaterni
1454 3619 1597 3678 sunt,
1631 3611 1772 3666 sicut
1799 3627 1901 3666 nec
1941 3627 2039 3667 co-

443 3703 700 3776 aquales,
735 3719 838 3760 nec
867 3701 1356 3760 consubstantiales
1381 3699 1538 3772 :quia
1567 3700 1694 3758 licet
1715 3700 1872 3756 valde
1901 3716 2043 3772 pra-

447 3794 606 3850 celsa
635 3800 690 3848 et
719 3792 919 3863 digna.
955 3799 1221 3846 creatura
1243 3797 1426 3846 tamen
1444 3797 1590 3844 sunt.
1623 3790 1685 3843 In
1714 3789 1833 3859 ipso
1855 3788 2044 3843 mundi

448 3881 675 3938 exordio
702 3881 872 3936 creati
901 3888 1048 3950 sunt,
1073 3879 1290 3950 quando
1327 3879 1528 3934 coelum
1557 3886 1610 3933 et
1639 3885 1782 3933 terra
1811 3878 2046 3948 primum

448 3969 667 4026 condita
687 3977 831 4024 sunt.
875 3969 945 4023 Et
971 3967 1132 4022 simul
1148 3967 1369 4039 quidem
1391 3967 1554 4022 creati
1582 3966 1815 4036 fuerunt,
1849 3976 1899 4022 et
1920 3967 2048 4022 boni

451 4059 544 4131 qui
571 4057 940 4130 perstiterunt,
973 4064 1027 4112 et
1071 4055 1202 4111 mali
1241 4055 1334 4128 qui
1391 4063 1711 4111 corruerunt
1746 4075 1759 4124 ;
1791 4056 1932 4112 sicut
1966 4056 2046 4110 si-

447 4147 563 4203 mul
581 4155 634 4202 et
690 4145 866 4203 aversi
931 4145 1268 4217 pracipitati,
1325 4153 1378 4200 et
1425 4145 1670 4201 conversi
1724 4143 2044 4201 conﬁrmati.

451 4237 542 4293 Sic
570 4235 716 4291 enim
774 4241 1149 4300 asseruerunt,
1211 4241 1264 4288 et
1305 4233 1361 4287 in
1410 4233 1523 4288 suis
1580 4233 1865 4304 scripturis
1920 4233 2048 4288 reli-

451 4333 686 4398 querunt
716 4324 969 4381 doctores
999 4323 1267 4392 catholici,
1311 4321 1404 4394 qui
1433 4323 1501 4377 de
1531 4321 1597 4377 iis
1656 4329 2042 4378 tractaverunt.

449 4415 625 4471 Creati
656 4413 966 4481 rationales,
1031 4420 1084 4468 et
1119 4428 1310 4467 omnes
1360 4411 1598 4483 quidem,
1659 4419 1768 4465 tam
1815 4410 1893 4466 illi
1947 4409 2041 4481 qui

2153 530 2478 593 praparata,
2513 522 2640 594 quia
2686 523 2964 579 charitatis
3019 524 3238 595 quidem
3281 540 3452 596 capax
3484 526 3619 592 fuit;
3657 526 3759 581 sed

2151 627 2433 682 nunquam
2462 611 2698 682 impleta,
2746 611 2870 682 quia
2901 612 3214 668 charitatem
3242 613 3462 683 capiens
3484 629 3596 668 non
3630 613 3754 668 fuit.

2151 699 2387 769 Exponit
2424 716 2660 771 namque
2705 702 2810 755 hoc
2855 701 3018 756 modo
3074 702 3192 757 hac
3248 702 3415 757 verba
3446 702 3754 772 prophetia

2153 786 2326 858 [Par.,
2360 788 2660 859 propheta]
2693 789 2879 844 beatus
2900 788 3198 860 Gregorius
3226 789 3281 843 in
3301 789 3442 845 libro
3459 790 3755 844 Moralium

2150 876 2435 948 trigesimo
2465 877 2705 932 secundo
2736 877 2879 947 (cap.
2917 878 3005 947 18)
3037 895 3051 932 :
3078 900 3099 925 «
3136 880 3357 943 Aurum,
3381 877 3571 949 inquit,
3604 895 3754 948 opus

2153 963 2269 1031 ejus
2299 964 2518 1033 exstitit,
2553 963 2678 1036 quia
2707 965 2989 1036 sapientia
3009 965 3254 1021 claritate
3284 966 3519 1034 canduit,
3578 981 3755 1038 quam

2153 1052 2292 1106 bene
2323 1060 2537 1107 creatus
2571 1053 2800 1124 accepit.
2834 1054 3127 1109 Foramina
3156 1069 3288 1110 vero
3327 1054 3532 1110 idcirco
3561 1053 3618 1108 in
3669 1054 3756 1109 la-

2151 1141 2369 1210 pidibus
2399 1139 2551 1207 fiunt,
2585 1148 2642 1195 ut
2681 1141 2935 1198 vinculati
2963 1157 3122 1209 auro,
3168 1143 3225 1197 in
3251 1142 3558 1198 ornamenti
3586 1158 3754 1199 com-

2150 1228 2418 1299 positione
2453 1229 2794 1302 jungantur;
2825 1238 2884 1285 ut
2938 1245 3284 1302 nequaquam
3314 1247 3342 1284 a
3375 1247 3435 1287 se
3477 1231 3756 1286 dissidant

2152 1316 2329 1388 [Par.,
2379 1316 2683 1390 discedant]
2726 1334 2865 1390 quos
2919 1318 3240 1374 interfusum
3276 1335 3466 1375 aurum
3518 1320 3754 1390 repletis

2150 1404 2506 1460 foraminibus
2530 1405 2680 1478 ligat.
2712 1407 2882 1476 Hujus
2928 1422 3061 1478 ergo
3088 1407 3284 1478 lapidis
3330 1408 3386 1463 in
3413 1407 3501 1464 die
3546 1408 3750 1463 condi-

2151 1493 2311 1548 tionis
2343 1510 2455 1548 sua
2497 1494 2759 1549 foramina
2788 1503 3094 1566 praparata
3131 1504 3274 1566 sunt,
3308 1497 3437 1568 quia
3491 1496 3756 1552 videlicet

2151 1597 2320 1652 capax
2349 1581 2628 1638 charitatis
2651 1591 2733 1638 est
2756 1583 3006 1638 conditus
3030 1601 3043 1638 :
3069 1584 3192 1656 quia
3221 1585 3267 1639 si
3301 1585 3503 1655 repleri
3532 1584 3753 1640 voluis-

2151 1679 2253 1736 set,
2316 1670 2585 1725 stantibus
2643 1671 2883 1740 angelis,
2936 1680 3192 1744 tanquam
3247 1673 3436 1744 positis
3488 1672 3546 1728 in
3590 1673 3754 1745 regis

2149 1762 2466 1809 ornamento
2524 1755 2795 1826 lapidibus
2844 1757 3108 1827 potuisset
3163 1757 3446 1813 inharere.
3498 1757 3556 1813 Si
3601 1758 3757 1812 enim

2149 1843 2426 1899 charitatis
2455 1859 2590 1898 auro
2619 1859 2742 1899 sese
2773 1845 3166 1915 penetrabilem
3221 1846 3563 1916 prabuisset,
3616 1861 3752 1902 san-

2147 1931 2249 1987 ctis
2301 1931 2514 2002 angelis
2572 1932 2827 2001 sociatus,
2889 1933 2945 1986 in
2998 1941 3321 1989 ornamento
3361 1934 3439 2006 (ut
3485 1933 3749 2006 diximus)

2145 2020 2298 2092 regio
2318 2019 2516 2090 lapidis
2547 2018 2684 2074 fixus
2718 2031 2984 2076 maneret.
3025 2021 3225 2077 Habuit
3265 2038 3401 2095 ergo
3453 2021 3591 2094 lapis
3640 2022 3750 2078 iste

2143 2108 2429 2173 foramina,
2466 2109 2564 2163 sed
2583 2125 2684 2180 per
2716 2111 2986 2180 superbia
3041 2110 3250 2177 vitium,
3292 2110 3572 2166 charitatis
3602 2126 3748 2166 auro

2144 2212 2254 2251 non
2284 2205 2408 2250 sunt
2447 2197 2674 2267 repleta.
2734 2199 2876 2253 Nam
2908 2198 3032 2270 quia
3089 2198 3260 2256 idciro
3317 2199 3556 2272 ligantur
3602 2215 3744 2255 auro

2142 2301 2211 2340 ne
2241 2285 2442 2341 cadant
2472 2305 2486 2352 ;
2519 2285 2722 2342 idcirco
2739 2285 2840 2341 iste
2883 2287 3100 2355 cecidit,
3136 2288 3262 2360 quia
3291 2289 3452 2344 etiam
3490 2287 3749 2359 perfora-

2141 2381 2229 2428 tus
2272 2390 2433 2428 manu
2463 2373 2707 2440 artificis,
2758 2376 2963 2431 amoris
3013 2375 3242 2432 vinculis
3271 2376 3434 2448 ligari
3488 2385 3744 2433 contem-

2139 2461 2274 2532 psit.
2311 2463 2468 2517 Nunc
2499 2471 2678 2518 autem
2711 2464 2895 2519 cateri
2941 2463 3169 2535 lapides,
3202 2464 3294 2536 qui
3343 2465 3584 2520 similiter
3616 2465 3747 2521 fue—

2141 2558 2261 2604 rant
2290 2551 2574 2622 perforati,
2620 2559 2944 2622 penetrante
2990 2567 3050 2608 se
3107 2553 3340 2609 invicem
3370 2554 3634 2610 charitate
3669 2554 3744 2608 li-

2139 2639 2251 2710 gati
2284 2647 2428 2706 sunt,
2489 2649 2652 2712 atque
2700 2640 2806 2696 hoc
2833 2640 2890 2694 in
2937 2657 3166 2696 munere
3186 2641 3291 2697 isto
3339 2643 3566 2698 cadente
3624 2659 3746 2698 me-

2139 2736 2383 2794 ruerunt,
2432 2737 2490 2783 ut
2537 2744 2884 2802 nequaquam
2925 2729 3040 2799 jam
3075 2729 3143 2785 de
3199 2739 3516 2786 ornamento
3581 2733 3746 2803 regio

2138 2817 2382 2872 cadendo
2411 2817 2709 2873 solvantur.
2748 2839 2771 2868 »
2809 2819 2938 2873 Hac
2957 2819 3150 2874 beatus
3194 2820 3513 2892 Gregorius,
3547 2827 3598 2874 et
3638 2822 3749 2876 hoc

2137 2907 2300 2960 modo
2329 2907 2396 2961 de
2426 2906 2531 2962 his.
2557 2908 2683 2962 Hac
2709 2914 2889 2962 autem
2921 2914 3147 2979 quatuor
3171 2907 3227 2962 in
3256 2909 3376 2979 ipsa
3429 2924 3529 2964 sua
3575 2924 3744 2965 crea-

2137 2993 2314 3061 tione,
2373 2995 2558 3068 angeli
2615 2996 2925 3066 suscepisse
2981 2995 3320 3051 creduntur:
3380 2997 3744 3053 substantiam

2136 3083 2386 3140 videlicet
2415 3084 2716 3156 simplicem
2762 3093 2814 3139 et
2845 3084 3262 3140 immaterialem
3294 3104 3309 3152 ;
3352 3085 3740 3142 discretionem

2141 3172 2486 3243 personalem
2543 3173 2839 3244 sapientia,
2888 3182 2942 3229 et
2969 3173 3340 3246 intelligentia
3396 3175 3641 3230 veritatis
3678 3191 3746 3232 ac

2139 3261 2397 3315 bonitatis
2419 3261 2616 3318 divina
2647 3280 2661 3328 ;
2694 3261 2928 3318 formam
2971 3262 3368 3329 rationabilem,
3411 3271 3464 3318 et
3509 3262 3739 3320 liberta-

2139 3357 2250 3404 tem
2280 3349 2509 3418 arbitrii,
2542 3351 2597 3405 id
2625 3357 2729 3418 est,
2761 3350 3078 3407 facultatem
3120 3351 3325 3406 bonum
3351 3366 3384 3406 a
3411 3352 3557 3408 malo
3613 3353 3735 3408 dis-

2142 3439 2420 3505 cernendi,
2453 3439 2581 3495 etin
2626 3439 2948 3495 alterutrum
3002 3457 3103 3512 per
3158 3440 3478 3496 electionem
3515 3458 3575 3496 se
3635 3441 3738 3498 fle-

2141 3527 2343 3582 ctendi.
2378 3527 2507 3583 Ideo
2545 3527 2851 3600 simphcem
2907 3537 2960 3584 et
3013 3528 3430 3585 immaterialem
3481 3530 3737 3586 substan-

2143 3615 2290 3684 tiam,
2313 3616 2440 3688 quia
2466 3633 2529 3672 ex
2561 3616 2711 3671 nulla
2763 3616 3082 3674 diversitate
3125 3618 3357 3689 partium
3405 3618 3733 3674 subsistunt.

2142 3707 2223 3760 Ex
2243 3705 2477 3777 partium
2509 3706 2672 3762 etiam
2701 3707 3113 3777 compositione,
3145 3707 3242 3764 sed
3272 3707 3474 3763 nullius
3520 3708 3740 3764 dimen-

2143 3795 2312 3850 sionis
2343 3794 2644 3866 suscipiunt
2673 3795 3056 3868 quantitatem:
3090 3795 3146 3851 id
3167 3803 3268 3863 est,
3301 3812 3404 3852 nec
3442 3797 3732 3871 longitudi-

2144 3901 2292 3951 nem,
2315 3900 2416 3940 nec
2443 3883 2802 3948 latitudinem,
2839 3900 2942 3940 nec
2975 3883 3335 3940 altitudinem.
3401 3886 3535 3941 Sunt
3564 3895 3744 3941 autem

2147 3989 2337 4028 omnes
2361 3973 2416 4028 in
2447 3973 2724 4044 personali
2744 3973 3076 4044 proprietate
3116 3972 3448 4030 differentes.
3491 3975 3743 4030 Scientia

2146 4077 2276 4118 vero
2324 4061 2680 4133 aptitudinem
2757 4062 3081 4128 habuerunt,
3142 4069 3200 4118 et
3247 4070 3395 4118 tanto
3454 4064 3741 4132 majorem,

2149 4158 2346 4223 quanto
2376 4149 2612 4221 purioris
2658 4149 2974 4206 substantia
3017 4157 3162 4206 sunt.
3185 4150 3313 4208 Hac
3360 4151 3613 4206 habilitas
3644 4168 3740 4208 co—

2148 4239 2452 4314 gnoscendi
2480 4247 2615 4308 erat,
2649 4255 2749 4310 per
2777 4255 2938 4311 quam
2971 4239 3113 4295 scire
3141 4246 3393 4311 poterant
3423 4240 3554 4312 quid
3599 4256 3735 4296 con-

2150 4327 2330 4393 ditori,
2364 4327 2493 4398 quid
2520 4327 2644 4398 sibi,
2668 4336 2721 4384 et
2748 4327 2877 4399 quid
2914 4328 3258 4383 consortibus
3301 4329 3413 4384 suis
3456 4329 3736 4385 deberent.

2155 4417 2359 4472 Eorum
2402 4432 2530 4472 vero
2559 4424 2801 4488 potestas
2831 4416 3096 4488 tripertita
3121 4416 3319 4472 dicitur
3348 4433 3489 4473 esse.
3513 4419 3650 4472 Nam
3671 4420 3736 4474 ad

446 4503 610 4560 futuri
637 4509 791 4558 erant
816 4501 966 4569 mali,
1001 4516 1162 4573 quam
1193 4500 1269 4556 illi
1325 4500 1416 4572 qui
1460 4500 1622 4555 futuri
1679 4507 1832 4554 erant
1889 4498 2035 4566 boni,
2064 4503 2117 4564 D
2147 4522 2205 4561 se
2235 4507 2313 4575 (ut
2341 4505 2558 4575 dicitur)
2587 4512 2909 4577 potestatem
2956 4505 3246 4574 habebant,
3299 4513 3351 4561 et
3376 4505 3517 4561 inter
3575 4522 3656 4572 se,
3689 4517 3746 4562 et

446 4591 726 4649 charitatis
755 4591 919 4647 creati
948 4598 1072 4646 sunt
1103 4604 1353 4661 capaces.
1394 4591 1516 4644 Non
1573 4595 1756 4644 autem
1814 4587 2043 4644 dicimus

447 4681 595 4754 quod
614 4680 934 4737 charitatem
975 4695 1166 4735 omnes
1205 4687 1360 4735 erant
1411 4677 1708 4748 capientes,
1773 4677 1871 4734 sed
1908 4679 2040 4733 cha-

445 4770 619 4826 ritatis
639 4784 892 4841 capaces.
942 4769 1082 4823 Nam
1136 4767 1228 4839 qui
1272 4784 1332 4824 se
1379 4783 1411 4821 a
1468 4768 1582 4822 Deo
1629 4774 1956 4834 averterunt,
1989 4773 2043 4821 et

443 4859 500 4913 in
546 4867 811 4915 aternum
866 4857 1108 4913 damnati
1166 4864 1328 4926 sunt,
1378 4871 1655 4928 nunquam
1730 4855 2040 4912 charitatem

444 4947 768 5014 habuerunt,
824 4945 921 5002 sed
968 4962 1072 5002 nec
1131 4961 1371 5017 unquam
1427 4944 1756 5011 habebunt;
1803 4953 1856 4999 et
1917 4943 2041 5000 ideo

445 5036 763 5092 charitatem
795 5034 1074 5106 capientes
1125 5041 1179 5089 et
1224 5034 1509 5100 habentes,
1559 5031 1689 5086 mali
1717 5033 1887 5087 creati
1931 5049 2041 5088 non

446 5141 590 5199 sunt,
621 5132 720 5187 sed
747 5132 1030 5189 charitatis
1091 5145 1346 5202 capaces.
1399 5131 1539 5184 Nam
1587 5129 1790 5184 habere
1843 5137 2042 5200 potue-

448 5229 587 5289 runt,
620 5221 718 5278 sed
748 5229 939 5278 contra
987 5219 1340 5276 Conditorem
1398 5234 1554 5272 suum
1596 5217 2038 5288 intumescentes,

444 5325 565 5365 eam
595 5310 798 5366 habere
828 5309 1139 5364 noluerunt.
1160 5305 1302 5362 Dicit
1321 5321 1457 5376 ergo
1486 5307 1751 5377 prapheta
1765 5307 2037 5375 Ezechiel,

444 5398 512 5454 de
542 5397 636 5454 illo
664 5398 755 5470 qui
777 5398 950 5452 ruinae
979 5395 1197 5450 illorum
1246 5401 1439 5450 auctor
1469 5394 1668 5450 exstitit
1697 5395 1802 5451 hoc
1830 5396 1990 5451 modo
2026 5414 2038 5451 :

444 5488 682 5552 Aurum,
717 5502 854 5558 opus
875 5485 1091 5540 decoris
1116 5484 1204 5540 tui
1233 5487 1290 5540 et
1312 5485 1601 5554 foramina
1622 5487 1722 5539 tua
1739 5485 1801 5540 in
1823 5485 1910 5542 die
1930 5501 2040 5557 qua

444 5575 707 5632 conditus
721 5589 799 5644 es,
812 5575 1136 5646 praeparata
1148 5576 1283 5630 sunt
1302 5573 1522 5644 (Ezech.
1543 5588 1746 5641 xxvnt,
1769 5572 1878 5644 13).
1896 5572 2040 5631 Ecce

2144 4595 2214 4650 ad
2231 4611 2297 4651 ea
2328 4610 2448 4667 qua
2475 4603 2628 4650 erant
2662 4601 2816 4650 extra
2846 4611 2926 4650 se.
2960 4593 3136 4662 Quam
3179 4610 3312 4650 vero
3351 4594 3419 4649 ad
3449 4611 3507 4650 se
3538 4595 3743 4660 habue-

2144 4693 2270 4738 runt
2296 4690 2658 4756 potestatem,
2707 4699 2818 4739 non
2864 4699 3055 4740 omnes
3103 4683 3405 4740 habuerunt
3429 4684 3740 4756 aqualem;

2145 4774 2273 4844 quia
2303 4771 2600 4829 secundum
2631 4771 2946 4827 substantia
2975 4787 3087 4827 sua
3121 4771 3500 4836 subtilitatem,
3530 4787 3595 4828 ac
3639 4788 3740 4826 na-

2142 4869 2278 4917 tura
2308 4861 2626 4933 puritatem,
2669 4860 2725 4915 in
2754 4861 2856 4916 hac
2899 4868 3055 4916 erant
3102 4867 3367 4932 potestate
3406 4859 3740 4916 differentes.

2145 4949 2360 5018 Quanto
2393 4949 2538 5005 enim
2572 4950 2693 5022 quis
2739 4949 3038 5004 subtilioris
3068 4956 3278 5005 natura
3307 4963 3372 5004 ac
3398 4948 3738 5019 perfectioris

2143 5047 2281 5106 erat,
2342 5046 2492 5094 tanto
2547 5039 2603 5092 in
2651 5039 2754 5093 hac
2782 5045 3052 5110 potestate
3101 5037 3268 5092 alium
3327 5037 3636 5108 superabat,
3689 5047 3739 5093 et

2141 5130 2247 5185 hoc
2277 5127 2578 5200 promptior
2634 5134 2750 5181 erat
2797 5127 2868 5181 ad
2915 5133 3285 5197 contemptum
3315 5125 3479 5190 mali,
3529 5134 3583 5180 et
3640 5142 3736 5197 ap-

2141 5219 2369 5290 petitum
2416 5217 2564 5272 boni.
2618 5217 2687 5270 Et
2732 5217 2834 5271 hac
2887 5221 3153 5286 potestate
3213 5230 3375 5286 quam
3424 5213 3494 5269 ad
3533 5231 3594 5269 se
3639 5216 3738 5269 ha-

2142 5307 2326 5362 buisse
2381 5305 2663 5375 dicuntur,
2714 5303 2876 5360 facile
2923 5311 3174 5374 poterant
3219 5311 3270 5358 et
3321 5303 3521 5358 bonum
3588 5319 3736 5358 asse-

2143 5395 2252 5467 qui,
2303 5401 2357 5449 et
2396 5393 2600 5448 malum
2645 5392 2946 5464 aspernari.
2993 5393 3195 5448 Verum
3239 5391 3331 5446 illa
3379 5407 3542 5463 quam
3599 5391 3739 5447 inter

2142 5501 2202 5540 se
2250 5483 2452 5538 habent
2487 5525 2502 5550 ,
2577 5481 2962 5538 dominationis
3039 5496 3164 5536 esse
3236 5479 3451 5546 dicitur,
3512 5479 3568 5533 in
3638 5497 3740 5551 qua

2141 5580 2404 5646 potestate
2453 5571 2837 5629 dominationis
2889 5569 2981 5626 alii
3040 5569 3354 5642 superiores
3381 5612 3394 5635 ,
3449 5567 3542 5624 alii
3600 5567 3737 5625 infe-
