3938 6460
241 310 348 363 853

1381 302 1585 359 LIBER
1621 301 1716 358 DE
1754 297 2138 357 EXERCITIO
2178 299 2434 356 CELLAE.

3459 296 3563 352 854

241 430 423 488 riores
457 449 472 486 :
505 446 572 487 eo
594 430 742 503 quod
770 429 860 485 isti
900 427 1242 502 praecipiunt,
1289 427 1369 484 illi
1404 427 1848 500 praecipientibus
1869 427 1928 488 Α
1956 422 2175 494 spiritus
2206 424 2296 495 qui
2325 424 2393 478 ad
2424 425 2600 480 Deum
2645 425 2898 482 conversi
2942 430 3097 494 sunt,
3148 419 3560 492 gloriﬁcationis

244 535 350 591 pro
375 519 562 575 debito
613 517 962 587 subjectionis
1007 517 1285 573 obediunt.
1335 518 1397 571 In
1445 533 1549 588 qua
1589 524 1856 586 potestate

244 623 361 664 non
390 607 566 663 solum
594 614 718 662 sunt
749 605 1099 672 excellentes,
1134 606 1234 661 sed
1262 613 1314 662 et
1343 604 1671 660 differentes.
1714 606 1856 660 Nam

245 704 302 754 et
329 696 399 750 ab
426 696 534 750 illis
568 696 764 768 quibus
793 694 1064 751 dominari
1092 694 1312 764 debent,
1358 710 1425 749 ex
1469 709 1534 750 eo
1582 694 1728 765 quod
1776 694 1856 748 eis

245 785 602 841 dominantur
647 782 924 839 differunt.
998 783 1246 838 Potestas
1293 799 1425 839 vero
1474 799 1593 854 qua}
1639 782 1707 836 ad
1755 799 1854 837 ex-

245 881 409 928 terna
452 881 552 937 est,
596 880 839 944 potestas
885 871 1364 927 administrationis
1432 887 1464 926 a
1530 870 1853 943 quibusdam

242 961 577 1018 nominatur.
633 962 770 1015 Nam
819 961 914 1016 illa
974 961 1122 1016 circa
1159 961 1334 1016 bonos
1392 967 1687 1031 operantur
1733 976 1853 1031 quae

246 1066 446 1106 eorum
491 1049 650 1104 saluti
696 1049 1014 1105 necessaria
1059 1058 1202 1118 sunt,
1252 1057 1342 1103 aut
1389 1049 1460 1103 ad
1509 1049 1708 1103 bonam
1757 1064 1852 1103 eos

245 1139 579 1197 voluntatem
604 1137 939 1208 inclinando,
991 1145 1082 1192 aut
1130 1138 1199 1192 ad
1248 1137 1485 1192 habitam
1527 1136 1852 1208 explendam

244 1227 397 1282 vires
423 1227 738 1298 praebendo,
772 1235 824 1282 et
849 1243 880 1280 a
906 1226 1177 1282 contraria
1206 1234 1469 1297 potestate
1499 1241 1594 1280 eos
1625 1226 1846 1280 tuendo.

244 1315 378 1370 Mali
410 1316 567 1371 etiam
606 1315 854 1370 homines
905 1331 1002 1386 per
1039 1331 1134 1371 eos
1181 1315 1482 1385 saepissime
1532 1315 1846 1386 puniuntur,

247 1403 395 1474 quia,
447 1404 904 1475 quemadmodum
951 1404 1026 1458 ait
1065 1403 1420 1477 Augustinus,
1458 1427 1479 1450 «
1526 1420 1627 1475 per
1676 1403 1849 1459 bonos

244 1491 477 1565 angelos
529 1500 582 1548 et
610 1509 712 1563 per
753 1492 949 1560 malos,
993 1493 1244 1548 homines
1287 1493 1463 1548 malos
1499 1509 1848 1565 nonunquam

238 1582 390 1638 Deus
421 1579 680 1653 ﬂagellat.
719 1604 741 1629 ι»
777 1580 886 1636 Sed
932 1581 1076 1652 quod
1109 1597 1209 1652 per
1255 1581 1482 1654 angelos
1521 1581 1696 1636 b0rios
1741 1598 1847 1635 un-

243 1685 413 1740 quam
444 1669 591 1724 Deus
639 1670 888 1724 homines
930 1669 1132 1724 bonum
1178 1669 1559 1742 ﬂagellaverit,
1608 1669 1738 1725 dicit
1788 1686 1847 1725 se

1956 512 2244 583 praemium
2289 521 2618 583 acceperunt
2666 513 3058 569 beatitudinem
3116 519 3390 575 aeternam,
3454 524 3561 580 qua

1955 618 2058 672 pro
2096 601 2304 656 meritis
2359 601 2513 674 digni
2570 601 2693 657 facti
2750 610 2873 656 sunt
2931 601 3111 674 gratia
3166 599 3268 655 Dei
3298 599 3563 668 adjuvan-

1957 697 2051 756 te,
2112 690 2320 762 absque
2376 691 2657 746 coactione
2713 691 2966 762 quidem,
3027 698 3081 745 et
3160 689 3215 743 in
3297 696 3558 743 aeternum

1955 780 2132 834 Deum
2160 779 2429 835 videntes.
2463 779 2518 834 in
2550 781 2688 850 ipso,
2724 781 2791 835 de
2821 780 2960 851 ipso,
2997 787 3048 835 et
3097 795 3221 835 cum
3268 777 3389 848 ipso
3439 776 3557 832 sine

1955 865 2062 922 ﬁne
2093 869 2330 940 gaudent
2361 869 2549 940 [Par.,
2573 869 2934 940 gaudebunt].
2977 871 3043 923 At
3075 883 3203 924 vero
3236 867 3328 938 qui
3356 881 3389 920 a
3437 867 3555 921 Deo

1954 955 2133 1011 aversi
2181 963 2322 1025 sunt,
2373 955 2569 1012 inferni
2617 964 2741 1012 sunt
2787 957 3107 1012 rudentibus
3161 955 3340 1010 traditi
3385 955 3555 1026 (quod

1953 1060 2017 1099 ex
2051 1044 2210 1115 culpa
2232 1053 2546 1100 meruerunt
2576 1047 2692 1100 Deo
2722 1046 3030 1110 deserente,
3066 1045 3275 1116 absque
3319 1059 3553 1114 Oppres-

1952 1132 2105 1188 sione
2137 1135 2366 1204 tamen),
2403 1142 2456 1188 et
2502 1134 2558 1188 in
2612 1143 2878 1190 aeternum
2915 1136 3090 1189 Deum
3137 1149 3247 1188 non
3292 1133 3555 1189 videbunt

1952 1222 2248 1292 Dispositio
2278 1239 2409 1278 vero
2455 1223 2718 1279 bonorum
2767 1224 2822 1278 in
2879 1223 3091 1277 duobus
3157 1221 3447 1277 consistit:
3496 1221 3554 1276 in

1949 1309 2112 1365 laude
2145 1311 2397 1367 videlicet
2441 1312 2645 1380 divina,
2691 1312 2745 1366 in
2794 1327 2900 1384 qua
2940 1311 3146 1384 jugiter
3174 1318 3545 1382 perseverant,

1949 1407 2002 1454 et
2031 1399 2085 1453 in
2116 1399 2292 1455 officio
2323 1400 2806 1456 administrationis
2836 1401 3125 1455 multarum
3149 1399 3202 1453 in
3224 1400 3328 1455 hoc
3345 1399 3549 1454 mundo

1949 1488 2336 1559 gerendarum,
2370 1489 2484 1545 sive
2533 1490 2682 1546 circa
2711 1485 2994 1556 homines,
3049 1489 3163 1544 sive
3219 1488 3364 1544 circa
3409 1487 3547 1543 alias

1947 1593 2298 1649 quascunque
2325 1594 2434 1645 res,
2467 1578 2523 1633 in
2553 1595 2780 1650 quarum
2827 1577 3291 1634 administratione
3345 1576 3545 1631 divinae

1943 1665 2202 1721 obediunt
2232 1666 2593 1738 dispositioni.
2629 1667 2861 1722 Maxima
2898 1682 3030 1723 vero
3062 1682 3253 1721 eorum
3304 1665 3542 1720 admini-

239 1757 449 1829 legisse
497 1773 608 1813 non
653 1757 917 1813 recolere.
968 1758 1136 1827 Hujus
1182 1767 1362 1814 autem
1409 1758 1688 1829 potestatis
1737 1774 1844 1814 non
1871 1754 2132 1850 Bstratio
2161 1755 2306 1810 circa
2333 1755 2582 1810 homines
2613 1755 2880 1821 consistit,
2917 1763 3026 1809 tam
3057 1754 3111 1809 in
3157 1753 3539 1825 corporalium,

239 1846 464 1900 minima
503 1862 631 1916 pars
677 1854 778 1911 est,
810 1846 1030 1902 libertas
1071 1847 1282 1902 arbitrii
1333 1863 1548 1903 eorum.
1605 1847 1701 1901 Est
1743 1863 1845 1902 au-

239 1942 353 1989 tem
384 1934 618 1990 liberum
647 1935 956 2002 arbitrium,
982 1935 1245 2004 judicium
1267 1935 1561 1992 voluntatis
1577 1935 1846 1991 liberum:

243 2038 354 2094 quo
382 2023 580 2094 quippe
611 2023 726 2079 fere
748 2024 910 2078 modo
932 2031 983 2078 et
999 2039 1033 2079 a
1052 2024 1392 2095 philosophis
1413 2024 1746 2095 descriptum
1767 2025 1846 2079 in.

243 2111 482 2166 venitur.
498 2111 660 2166 Aiunt
677 2112 850 2167 enim:
871 2135 891 2160 α
913 2112 1163 2168 Liberum
1185 2114 1467 2168 arbitrium
1489 2121 1588 2179 est,
1614 2113 1847 2169 liberum

241 2198 313 2255 de
353 2199 626 2256 voluntate
664 2200 948 2269 judicium.
987 2225 1010 2250 »
1039 2202 1100 2257 Id
1154 2209 1256 2268 est,
1304 2202 1538 2258 liberum
1568 2201 1847 2258 arbitrium

243 2296 326 2343 est
355 2296 598 2360 potestas
627 2289 977 2346 discernendi
1006 2289 1148 2345 inter
1172 2291 1394 2357 bonum,
1419 2290 1694 2346 etmalum
1723 2307 1847 2347 cum

249 2376 556 2432 voluntaria
587 2377 852 2434 electione
882 2379 1008 2434 boni
1041 2387 1094 2433 et
1120 2379 1504 2450 reprobatione
1533 2379 1842 2436 mali.Nam

247 2465 532 2521 arbitrium
568 2467 640 2522 ad
683 2466 1069 2523 discretionem
1109 2468 1374 2537 judicium
1421 2467 1603 2541 [Par.,
1635 2469 1846 2543 judicii]

240 2554 497 2625 pertinet,
547 2555 691 2610 unde
750 2556 986 2612 arbitros
1037 2557 1253 2626 judices
1306 2557 1491 2614 dicere
1555 2558 1841 2612 solemus:

239 2642 470 2698 libertas
515 2659 648 2699 vero
697 2644 768 2698 ad
815 2643 1162 2714 voluntatem,
1211 2661 1373 2716 quam
1415 2645 1646 2702 liberam
1682 2647 1845 2703 habet

237 2741 489 2786 creatura
518 2732 818 2787 rationalis.
850 2734 990 2787 Nam
1019 2733 1190 2789 libere
1224 2733 1425 2789 bonum
1456 2734 1566 2790 vult
1596 2735 1684 2790 illa
1723 2753 1844 2806 qua

241 2822 447 2877 bonum
478 2821 592 2876 vult
625 2836 637 2876 :
673 2829 725 2875 et
753 2821 926 2877 libere
956 2822 1159 2877 malum
1200 2822 1318 2877 vult
1346 2823 1433 2877 illa
1477 2840 1598 2896 quae
1640 2824 1840 2879 malum

241 2910 376 2966 vult.
410 2909 517 2965 Sed
546 2908 680 2964 illud
709 2908 768 2964 fit
795 2909 1476 2982 gratiaDeipraaveniente,
1495 2912 1551 2967 id
1571 2921 1671 2979 est,
1695 2913 1842 2985 quod

239 3005 489 3054 creatura
518 2997 798 3053 rationalis
826 2999 938 3054 vult
967 2999 1208 3055 bonum:
1244 3001 1345 3055 hoc
1385 3008 1564 3056 autem
1611 2999 1669 3056 fit
1710 3019 1840 3074 gra-

239 3086 319 3142 tia
348 3087 449 3142 Dei
483 3086 786 3154 deserente,
820 3087 876 3142 id
924 3095 1026 3158 est,
1076 3088 1222 3160 quod
1267 3097 1516 3145 creatura
1562 3090 1839 3146 ratiOnalis

241 3175 358 3231 vult
405 3175 654 3230 malum:
688 3175 787 3231 sed
835 3192 1057 3249 semper
1102 3184 1388 3250 utrumque
1439 3177 1492 3232 tit
1539 3179 1835 3235 voluntate.

238 3265 380 3320 Nam
422 3280 525 3320 nec
571 3263 741 3337 gratia
790 3264 890 3320 Dei
935 3265 1219 3335 adjuvans,
1270 3267 1603 3322 voluntatem
1644 3269 1841 3339 premit

241 3353 591 3419 necessitate,
623 3368 725 3408 nec
755 3353 1020 3409 deserens
1063 3355 1258 3426 spoliat
1301 3355 1567 3412 libertate.
1601 3357 1734 3412 Inde
1761 3366 1842 3413 est

235 3441 382 3514 quad
411 3442 660 3499 voluntas
700 3442 986 3514 praemium
1029 3451 1269 3500 meretur
1315 3453 1368 3500 et
1415 3461 1653 3516 poenam,
1715 3447 1844 3519 quia

237 3529 413 3589 libere
451 3537 504 3584 et
553 3530 760 3601 absque
801 3531 951 3585 omni
1001 3531 1284 3588 coactione
1328 3534 1398 3588 ad
1444 3541 1736 3606 utrumque
1779 3551 1838 3590 se

235 3613 482 3683 inclinat,
507 3613 562 3668 id
591 3621 674 3669 est
731 3614 800 3669 ad
839 3615 1043 3670 bonum
1099 3624 1155 3671 et
1207 3617 1424 3672 malum.
1484 3618 1608 3673 Non
1655 3625 1839 3674 autem

238 3701 360 3757 sine
390 3717 554 3757 causa
581 3702 785 3759 dictum
815 3710 897 3759 est
941 3702 1172 3760 liberum
1227 3705 1513 3761 voluntatis
1550 3706 1835 3776 judicium,

240 3790 329 3847 vel
357 3790 587 3845 liberum
616 3791 686 3846 de
715 3791 990 3848 voluntate
1013 3792 1296 3862 judicium.
1333 3795 1456 3850 Sola
1486 3811 1618 3851 vero
1648 3796 1838 3851 volun-

233 3887 317 3933 tas
348 3895 564 3950 semper
591 3887 853 3936 creaturze
881 3881 1157 3936 rationalis
1187 3889 1293 3938 est.
1340 3884 1479 3938 Nam
1519 3883 1588 3938 ad
1641 3884 1837 3941 volun-

233 3974 400 4022 tatem
428 3967 736 4023 habendam
762 3968 910 4024 nullo
939 3968 1150 4042 indiget
1181 3977 1329 4026 extra
1359 3988 1418 4027 se
1457 3973 1634 4043 posito
1678 3989 1837 4030 crea-

234 4064 358 4111 tura
384 4055 660 4111 rationalis
692 4071 705 4111 :
738 4058 886 4129 quod
911 4057 966 4112 in
995 4059 1136 4113 mala
1167 4059 1444 4115 voluntate
1474 4077 1664 4116 omnes
1715 4079 1837 4118 esse

234 4139 506 4196 novimus.
537 4141 678 4196 Nam
707 4142 775 4195 ad
804 4158 927 4196 eam
958 4142 1262 4198 habendam
1303 4161 1368 4200 ex
1399 4161 1458 4200 se
1488 4145 1623 4207 sola.
1674 4162 1836 4202 crea-

233 4237 355 4286 tura
385 4229 664 4284 rationalis
693 4228 968 4286 sufﬂciens
992 4239 1072 4287 est
1105 4247 1118 4288 :
1153 4232 1249 4287 sed
1280 4233 1347 4288 ad
1382 4234 1582 4290 bonum
1631 4235 1837 4290 haben-

237 4318 388 4386 dum,
421 4334 488 4374 ex
517 4334 576 4374 se
606 4319 740 4386 sola,
794 4328 1044 4376 creatura
1088 4321 1362 4376 rationalis
1413 4322 1686 4378 suﬁiciens
1727 4340 1836 4379 non

237 4414 343 4473 est,
373 4406 476 4462 nisi
506 4407 575 4462 sit
605 4408 790 4477 adjuta
818 4424 849 4462 a
879 4409 1061 4482 gratia
1091 4409 1210 4466 Dei.
1249 4411 1357 4466 Sed
1387 4410 1511 4467 licet
1540 4413 1658 4468 sine
1700 4428 1836 4486 gra-

1950 1858 2112 1914 quam
2168 1843 2222 1897 in
2278 1843 2629 1914 spiritualium
2683 1843 3076 1899 beneficiorum
3159 1842 3541 1898 exhibitione:

1949 1947 2069 2002 quae
2097 1931 2316 2002 quidem
2348 1931 2466 1986 sine
2495 1932 2643 1987 omni
2673 1931 2878 1999 labore,
2912 1931 3009 1986 sed
3049 1940 3233 1986 tamen
3279 1946 3390 1985 non
3433 1930 3549 1985 sola

1948 2019 2225 2075 voluntate
2258 2021 2554 2091 adimplere
2609 2029 2837 2091 possunt
2883 2020 3052 2092 (quod
3084 2019 3253 2074 solius
3296 2019 3395 2073 Dei
3442 2028 3543 2086 est,
3579 2071 3590 2082 ,

1948 2109 2100 2177 cujus
2129 2109 2268 2165 velle
2296 2109 2480 2165 facere
2510 2112 2632 2181 cst),
2686 2110 2784 2165 sed
2832 2109 3014 2181 aliquo
3057 2109 3145 2165 vel
3192 2107 3408 2174 visibili,
3461 2108 3547 2162 vel

1945 2195 2222 2264 invisibili,
2275 2206 2437 2269 prout
2485 2198 2564 2253 eis
2613 2199 2887 2270 competit,
2936 2206 3078 2254 actu.
3129 2197 3366 2252 Ordines
3413 2211 3546 2252 vero

1943 2285 2190 2357 ipsorum
2218 2287 2501 2343 beatorum
2557 2287 2862 2358 spirituum,
2899 2287 3199 2344 secundum
3261 2294 3373 2340 tres
3431 2286 3546 2341 hic-

1942 2375 2184 2430 rarchias
2232 2375 2470 2433 distincti
2527 2384 2670 2444 sunt,
2733 2392 2962 2447 quarum
3011 2376 3265 2446 quaelibet
3320 2375 3542 2430 ordines

1944 2464 2183 2519 continet
2209 2472 2337 2520 tres.
2374 2466 2431 2519 In
2460 2465 2636 2536 prima
2666 2465 2970 2520 hierarchia
3001 2473 3125 2520 sunt
3168 2473 3274 2519 tres
3321 2464 3541 2520 ordines

1942 2551 2050 2617 isti,
2085 2553 2358 2624 seraphin,
2392 2554 2653 2609 cherubin
2684 2561 2736 2608 et
2767 2554 2960 2609 throni.
3014 2553 3072 2607 In
3125 2553 3380 2619 secunda,
3435 2553 3540 2607 do-

1943 2641 2287 2710 minationes,
2356 2642 2694 2713 principatus
2751 2651 2804 2697 et
2861 2649 3178 2713 potestates.
3247 2642 3307 2696 In
3381 2641 3542 2696 tertia

1942 2729 2190 2797 virtutes,
2223 2730 2540 2801 archangeli
2573 2739 2626 2786 et
2655 2731 2857 2803 angeli.
2891 2730 3007 2800 Qua
3050 2747 3182 2786 vero
3231 2731 3440 2786 ratione
3489 2740 3541 2786 et

1943 2833 2105 2874 causa
2136 2818 2262 2873 talia
2292 2819 2516 2874 ordines
2561 2819 2649 2873 isti
2707 2819 2881 2874 sortiti
2939 2827 3061 2873 sunt
3116 2819 3354 2884 nomina,
3409 2820 3540 2873 satis

1942 2922 2213 2978 superque
2253 2907 2542 2962 multorum
2589 2907 2980 2963 catholicorum
3027 2907 3308 2962 doctorum
3351 2915 3540 2962 osten-

1941 2997 2093 3051 sione
2122 2995 2463 3051 notissimum
2493 3005 2595 3062 est,
2638 3004 2691 3051 et
2745 2995 2950 3052 idcirco
3005 3012 3230 3052 necesse
3285 3012 3396 3052 non
3434 3005 3534 3063 est,

1941 3092 1999 3139 ut
2029 3084 2096 3140 de
2122 3085 2212 3140 illa
2242 3100 2340 3140 nos
2369 3084 2581 3140 ratione
2629 3093 2681 3140 et
2729 3101 2891 3141 causa
2941 3085 3139 3157 aliquid
3183 3085 3238 3140 in
3282 3085 3540 3157 praesenti

1869 3147 1916 3209 Ο
1943 3174 2253 3246 loquamur.
2288 3174 2398 3230 Sed
2425 3182 2482 3229 ut
2511 3175 2578 3228 ad
2608 3183 2660 3229 te
2689 3173 2994 3241 veniamus,
3029 3147 3122 3246 qui
3170 3147 3438 3230 habitator
3478 3191 3538 3231 es

1943 3263 2112 3331 cellae,
2161 3279 2261 3333 pro
2291 3279 2397 3335 quo
2445 3271 2497 3318 et
2543 3263 2630 3319 cui
2680 3265 2798 3319 haec
2845 3263 3028 3319 omnia
3077 3264 3330 3333 dicimus,
3383 3265 3538 3336 erige

1946 3360 2209 3422 quatenus
2255 3351 2400 3419 licet,
2461 3352 2570 3407 imo
2625 3360 2886 3424 quatenus
2938 3352 3036 3407 tibi
3089 3353 3275 3407 datum
3349 3351 3533 3419 fuerit,

1939 3439 2233 3496 defaecatos
2277 3458 2427 3513 pura:
2456 3441 2908 3497 considerationis
2955 3450 3058 3496 tuae
3087 3441 3275 3497 oculos
3321 3443 3390 3497 ad
3437 3443 3538 3497 hos

1940 3545 2138 3586 novem
2187 3529 2468 3586 beatorum
2524 3530 2808 3601 spirituum
2863 3529 3105 3598 ordines,
3164 3539 3221 3586 ut
3266 3546 3334 3586 ex
3387 3537 3538 3601 parte

1940 3618 2131 3674 videas
2160 3635 2280 3691 quae
2331 3634 2518 3674 eorum
2567 3619 2674 3673 sint
2714 3618 3074 3674 sublimitates
3121 3627 3174 3674 et
3217 3619 3530 3691 dignitates.

1941 3708 2000 3761 In
2031 3707 2150 3778 ipsa
2179 3708 2323 3763 intra
2355 3715 2406 3762 te
2432 3707 2644 3763 interna
2673 3708 3073 3774 recordatione,
3130 3707 3288 3762 stude
3334 3706 3534 3764 olfactu

1939 3797 2218 3852 memoriae
2249 3797 2336 3853 vel
2358 3798 2590 3853 tenuiter
2617 3798 2846 3854 odorare
2883 3813 2894 3852 :
2929 3806 2981 3852 et
3011 3805 3174 3871 gustu
3204 3797 3427 3864 amoris,
3479 3797 3533 3852 in

1939 3894 2197 3958 quantum
2225 3895 2398 3958 potes,
2433 3886 2639 3959 aliquid
2668 3886 2736 3942 de
2765 3887 2977 3958 gaudiis
3019 3885 3320 3942 caelestium
3370 3886 3535 3957 spiri-

1939 3983 2090 4034 tuum
2138 3984 2496 4048 praegustare,
2546 3976 2638 4048 qui
2683 3977 2740 4030 in
2783 3977 3010 4048 singulis
3039 3975 3324 4031 ordinibus
3362 3984 3486 4031 sunt
3520 3994 3533 4030 :

1937 4065 2211 4136 quomodo
2243 4065 2442 4136 singuli
2471 4065 2525 4119 in
2556 4065 2750 4136 seipsis
2797 4073 2920 4120 sunt
2948 4065 3250 4136 incorrupzi
3297 4073 3349 4120 et
3395 4065 3537 4120 inte-

1938 4153 2044 4226 gri,
2072 4153 2298 4222 jucundi
2328 4162 2379 4208 et
2408 4153 2514 4209 laeti
2549 4169 2560 4208 :
2593 4154 2648 4209 in
2679 4170 2868 4210 amore
2898 4154 3293 4220 sincerissimo,
3328 4155 3535 4210 arden-

1938 4241 2166 4309 tissimo,
2214 4249 2266 4298 et
2313 4243 2854 4313 perseverantissimo
2900 4243 3133 4300 invicem
3183 4244 3434 4301 benevoli
3483 4252 3537 4300 et

1938 4330 2206 4402 benigni:
2241 4347 2378 4401 pace
2425 4331 2856 4402 imperturbabili
2904 4333 3199 4403 tranquilli,
3251 4333 3306 4387 in
3350 4332 3534 4404 perfe-

1937 4414 2179 4470 ctissima
2208 4415 2529 4470 certitudine
2563 4417 2762 4485 securi,
2809 4417 3095 4483 individui,
3144 4417 3286 4488 puri,
3331 4417 3530 4483 sereni,

235 4495 311 4552 tia
338 4495 456 4562 Dei,
491 4496 690 4552 bonam
720 4497 1054 4554 voluntatem
1080 4499 1281 4556 habere
1327 4516 1438 4556 non
1483 4502 1674 4572 possit,
1726 4518 1835 4557 non
1855 4507 1907 4566 D
1937 4504 2113 4575 ipsum
2143 4504 2319 4559 Deum
2348 4503 2485 4560 facie
2515 4505 2581 4558 ad
2625 4504 2819 4560 faciem
2866 4505 3132 4573 videntes,
3183 4507 3298 4561 Deo
3349 4505 3534 4562 inces—

235 4595 418 4640 tamen
450 4584 632 4658 aliquo
661 4587 966 4643 extrinseco
998 4595 1122 4660 eget
1153 4589 1218 4643 ad
1260 4589 1455 4644 bonam
1500 4589 1835 4646 voluntatem

231 4673 561 4729 habendam.
590 4675 726 4729 Nam
759 4675 864 4730 nisi
894 4677 1056 4748 culpa
1086 4686 1346 4733 creaturae
1375 4677 1653 4734 rationalis
1683 4680 1835 4735 obsi-

233 4770 362 4829 stat,
395 4779 670 4835 nunquam
701 4764 878 4836 gratia
908 4765 1009 4821 Dei
1039 4765 1194 4822 deest
1221 4767 1290 4820 ad
1336 4767 1536 4822 bonam
1585 4768 1835 4824 volunta-

235 4857 346 4904 tem
368 4850 694 4908 habendam.
724 4852 872 4907 Nihil
903 4861 985 4909 est
1016 4870 1151 4926 ergo
1182 4855 1328 4926 quod
1360 4855 1440 4911 sic
1494 4855 1562 4911 sit
1601 4864 1837 4929 potesta-

234 4937 304 4994 tis
334 4947 593 4996 creaturze
621 4941 922 5008 rationalis,
947 4941 1087 4998 sicut
1106 4951 1188 4999 est
1218 4943 1337 5014 ipsa
1365 4944 1636 5014 voluntas,
1672 4962 1835 5018 quam

239 5045 458 5100 semper
501 5028 674 5086 libere
718 5030 884 5103 habet
933 5031 1140 5088 ratione
1187 5032 1530 5089 discernente
1575 5050 1645 5090 an
1692 5035 1836 5091 bona

238 5117 305 5171 sit
337 5117 424 5173 vel
465 5117 625 5172 mala.
677 5119 822 5174 Bene
853 5135 985 5192 ergo
1025 5119 1257 5176 liberum
1307 5121 1590 5178 arbitrium
1637 5124 1837 5180 dicitur

237 5205 468 5260 liberum
499 5205 793 5262 voluntatis
815 5207 1096 5277 judicium,
1131 5210 1218 5266 vel
1251 5209 1482 5266 liberum
1529 5211 1597 5267 de
1645 5212 1836 5268 volun-

239 5301 343 5348 tate
370 5293 656 5362 judicium,
717 5310 782 5350 eo
837 5297 982 5366 quod
1035 5297 1117 5368 (ut
1171 5297 1375 5353 dictum
1430 5298 1536 5371 est)
1591 5308 1836 5356 creatura

234 5382 517 5438 rationalis
548 5399 765 5454 semper
811 5383 976 5440 habet
1029 5393 1357 5456 potestatem
1405 5387 1573 5444 libere
1618 5389 1837 5444 volendi

236 5472 436 5528 bonum
468 5469 556 5526 vel
586 5471 807 5539 malum,
843 5487 966 5527 cum
995 5473 1261 5530 electione
1292 5475 1470 5544 hujus,
1504 5476 1557 5530 id
1581 5485 1661 5531 est
1683 5477 1832 5544 boni,

232 5569 284 5618 et
304 5558 518 5631 judicio
550 5560 945 5632 reprobationis
974 5561 1138 5630 illius,
1180 5562 1235 5618 id
1270 5570 1353 5621 est
1382 5564 1528 5621 mali.
1580 5565 1661 5620 Illi
1706 5581 1836 5624 vero

1937 4601 2122 4662 santelr
2151 4594 2486 4649 aehzerentes
2518 4593 2666 4648 nulla
2695 4593 3019 4664 interposita
3049 4611 3109 4648 re
3139 4594 3243 4649 alia
3277 4612 3289 4648 :
3322 4594 3378 4649 in
3421 4595 3535 4650 Deo

1938 4689 1990 4738 et
2017 4698 2083 4737 ex
2111 4683 2226 4738 Deo
2258 4682 2401 4737 beati
2434 4683 2746 4748 existentes,
2781 4683 2881 4738 Dei
2910 4682 3280 4739 indesinenter
3307 4683 3362 4738 in
3408 4683 3530 4754 ple-

1935 4770 2179 4826 nitudine
2207 4787 2353 4826 verae
2382 4778 2434 4826 et
2462 4771 2517 4825 in
2548 4779 2809 4826 aeternum
2865 4770 3224 4826 indeticientis
3280 4771 3533 4827 dilectio-

1936 4859 2040 4926 nis,
2074 4868 2127 4914 et
2159 4859 2548 4930 exsultationis,
2584 4860 2836 4915 laudibus
2866 4869 2917 4916 et
2947 4859 3238 4931 praeconiis
3267 4860 3531 4915 insisten-

1938 4956 2018 5002 tes
2052 4964 2064 5003 :
2099 4949 2295 5019 quibus
2327 4950 2407 5019 (ut
2437 4949 2602 5003 multa
2634 4950 2786 5005 brevi
2843 4965 3066 5005 semone
3121 4949 3534 5020 concludamus)

1936 5037 2069 5091 nihil
2095 5037 2311 5108 penitus
2341 5038 2515 5104 adest,
2549 5038 2682 5093 nihil
2712 5039 2884 5107 deest,
2919 5039 3064 5094 boni.
3097 5038 3143 5094 Ο
3179 5046 3375 5110 quanta
3415 5054 3537 5092 sua-

1937 5125 2073 5182 vitas
2104 5135 2157 5181 et
2187 5127 2418 5182 dulcedo
2449 5127 2502 5182 in
2533 5128 2712 5183 verbis
2741 5127 2860 5182 istis
2893 5127 2904 5183 !
2942 5128 2998 5184 Si
3027 5137 3080 5182 tu
3104 5128 3282 5200 aquila
3315 5145 3394 5198 cs,
3424 5129 3536 5184 imo

1939 5215 2066 5288 quia
2087 5231 2164 5284 es,
2201 5215 2246 5269 si
2279 5225 2456 5270 tamen
2489 5216 2630 5272 sicut
2658 5216 2714 5270 in
2743 5217 2880 5273 cella
2911 5233 3034 5272 esse
3057 5217 3246 5285 debes,
3280 5217 3350 5272 ita
3379 5217 3432 5271 in
3473 5234 3536 5272 ea

1939 5319 2018 5374 es,
2051 5299 2287 5370 elevare,
2324 5304 2537 5360 elevare
2568 5305 2638 5360 ab
2670 5305 2749 5360 eis
2779 5323 2898 5378 qua)
2929 5314 3052 5360 sunt
3081 5305 3221 5360 infra
3251 5314 3321 5372 te,
3373 5314 3427 5362 et
3467 5307 3534 5360 ab

1940 5393 2016 5446 eis
2046 5409 2167 5464 quae
2197 5401 2322 5447 sunt
2349 5402 2501 5448 extra
2533 5402 2584 5449 te
2615 5411 2627 5447 :
2661 5403 2715 5449 et
2769 5395 2987 5450 elevare
3034 5394 3401 5450 mediantibus
3451 5395 3535 5450 bis

1939 5496 2058 5552 quae
2089 5488 2213 5535 sunt
2242 5480 2381 5535 intra
2412 5491 2463 5537 te
2494 5482 2562 5536 ad
2594 5483 2698 5537 ista
2727 5483 2795 5538 de
2824 5483 3020 5556 quibus
3047 5483 3338 5554 loquimur,
3373 5483 3539 5538 subli-

1937 5568 2047 5625 mia
2094 5575 2148 5626 et
2193 5585 2410 5642 magna,
2461 5569 2703 5645 perfecta
2752 5581 2805 5630 et
2854 5572 3081 5645 integra,
3139 5572 3428 5645 tranquilla
3484 5579 3540 5629 et
