3938 6406
446 317 551 371 855

1312 303 1656 362 GUIGONIS
1706 301 1754 357 II
1802 293 2210 357 CARTHUSLE
2239 294 2533 353 MAIORIS
2580 292 2859 352 PRIORIS

3649 291 3754 346 856

444 436 647 509 quieta,
680 447 876 491 secura
905 440 957 487 et
986 438 1154 500 certa,
1191 430 1383 485 festiva
1414 439 1466 485 et
1509 430 1651 496 laeta,
1697 425 1940 498 jucunda
1988 428 2040 476 et
2061 422 2114 482 Α
2142 428 2225 475 est
2256 437 2379 477 esse
2410 422 2554 493 quod
2586 428 2687 476 est.
2717 420 2847 509 Ipse,
2881 416 2982 509 sibi
3032 433 3175 484 esse,
3225 415 3344 509 ipse
3389 424 3461 509 et_
3491 414 3752 509 omnibus

444 540 680 592 ammna,
713 522 893 578 lucida
925 529 976 575 et
997 520 1284 591 prmclara,
1309 519 1625 574 dulcissima
1647 526 1699 572 et
1721 515 2041 570 suavissima

445 614 521 683 (et
550 612 673 684 quia
703 611 868 666 verba
901 617 1025 663 sunt
1054 607 1193 678 haec)
1223 615 1276 662 et
1305 608 1451 661 omni
1482 608 1715 677 denique
1747 604 1892 676 quod
1939 619 2041 673 ap-

442 701 735 773 petendum
767 707 848 753 est
881 698 1065 768 plena,
1099 705 1151 751 et
1180 696 1249 751 ab
1299 696 1447 751 omni
1495 693 1845 749 nihilominus
1894 690 2041 763 quod

442 789 765 862 fugiendum
795 795 878 841 est
906 786 1084 841 aliena
1115 802 1235 856 qua:
1282 793 1405 838 sunt
1452 799 1620 854 supra
1676 792 1747 837 te.
1803 781 1911 847 Sic,
1964 780 2041 835 sic

439 894 581 950 pone
610 876 666 930 in
694 876 882 930 arduis
910 875 1097 928 nidum
1126 873 1243 939 tibi,
1278 881 1329 927 et
1376 872 1429 926 in
1473 872 1643 943 petris
1691 885 1937 935 manens,
1989 876 2043 923 et

438 964 811 1037 inprarruptis
860 964 1100 1018 silicibus
1149 976 1516 1028 commorans,
1568 969 1728 1032 atque
1778 957 2041 1013 inacessis

437 1054 704 1125 rupibus;
737 1052 864 1107 inde
894 1050 1261 1121 contemplare
1292 1066 1495 1104 escam.
1530 1050 1660 1103 Cum
1709 1047 1887 1118 itaque
1936 1047 2040 1100 hoc

433 1143 598 1198 modo
626 1143 683 1195 in
712 1156 851 1212 pura
880 1139 1337 1204 consideratione,
1393 1154 1517 1193 cum
1551 1137 1713 1208 pleno
1760 1151 1946 1190 amore
1991 1141 2043 1189 et

433 1230 729 1298 desiderio,
764 1237 815 1284 et
848 1237 899 1285 te
930 1228 1129 1283 sedens
1156 1228 1211 1281 in
1244 1227 1384 1282 cella
1413 1227 1519 1280 illis
1550 1226 1721 1280 beatis
1744 1224 2036 1296 spiritibus,

435 1328 489 1376 et
517 1319 641 1374 illos
668 1318 766 1373 tibi
814 1324 1192 1389 repraesentes,
1245 1316 1381 1371 scito
1427 1315 1554 1387 quia
1600 1315 1744 1368 intus
1793 1312 1942 1366 duxit
1988 1320 2039 1368 te

433 1425 529 1464 rex
556 1408 612 1463 in
642 1406 837 1463 cellam
885 1405 1165 1469 vinariam.
1217 1412 1275 1459 ut
1324 1404 1607 1458 ordinaret
1648 1402 1703 1457 in
1754 1410 1805 1457 te
1855 1400 2038 1457 chari-

430 1505 617 1563 tatem,
650 1495 744 1568 qui
775 1503 824 1551 et
855 1502 1033 1565 potest
1056 1494 1170 1563 jam
1196 1492 1381 1548 dicere
1412 1509 1536 1547 cum
1588 1491 1750 1545 Paulo
1785 1506 1797 1544 :
1837 1492 2038 1546 Nostra

429 1586 780 1643 conversatio
811 1586 872 1639 in
902 1584 1055 1639 cwlis
1086 1586 1169 1639 est
1201 1582 1432 1654 (Philip.
1490 1596 1572 1649 In,
1624 1581 1737 1649 20),
1772 1587 1824 1634 et
1854 1578 1985 1633 illud
2021 1595 2035 1631 :

433 1674 737 1731 Consedere
761 1688 861 1727 nos
882 1674 1019 1743 fecit
1042 1672 1103 1726 in
1124 1670 1460 1737 ccelestibus,
1487 1672 1548 1725 in
1575 1669 1796 1725 Christo
1812 1668 2034 1740 (Ephes.

429 1778 489 1833 ιι,
524 1766 598 1833 6).
634 1764 782 1817 Tunc
813 1760 1026 1830 Paulus,
1077 1767 1137 1814 ut
1181 1760 1375 1814 beatus
1422 1758 1727 1831 Gregorius
1778 1757 1925 1823 dicit,
1981 1756 2036 1810 in
2063 1772 2119 1836 Β

441 1865 668 1907 carcere
697 1849 945 1904 fortassis
976 1847 1285 1915 tenebatur,
1305 1862 1426 1903 cum
1449 1864 1507 1901 se
1530 1848 1720 1901 sedere
1742 1846 1798 1900 in
1818 1844 2035 1900 Christo

428 1939 484 1994 in
515 1938 829 1994 coelestibus
859 1944 1169 1992 testaretur.
1206 1937 1314 1992 Sed
1346 1936 1420 1990 ibi
1452 1937 1529 2005 (ut
1567 1934 1845 2007 subjungit
1898 1934 2034 1988 bea-

429 2036 517 2083 tus
549 2027 876 2100 Gregorius)
907 2034 1040 2093 erat,
1074 2024 1166 2080 ubi
1196 2026 1480 2080 ardentem
1506 2024 1617 2094 jam
1644 2031 1881 2078 mentem
1911 2021 2035 2077 fixe-

428 2124 529 2184 rat,
562 2132 673 2171 non
704 2115 835 2181 illic,
870 2114 963 2169 ubi
993 2114 1146 2168 illum
1178 2114 1491 2169 necessarie
1521 2114 1683 2185 pigra
1704 2113 1881 2167 adhuc
1903 2126 2033 2166 caro

428 2204 712 2261 retinebat.
747 2204 917 2273 Vade,
954 2211 1007 2258 et
1037 2211 1092 2258 tu
1122 2201 1175 2257 in
1207 2202 1346 2257 cella
1392 2210 1482 2255 tua
1531 2200 1616 2257 fac
1662 2200 1928 2268 similiter,
1982 2208 2034 2254 et

426 2293 632 2365 poteris
661 2308 785 2349 cum
816 2292 1046 2347 redieris
1071 2291 1140 2346 ad
1168 2307 1290 2357 nos,
1325 2290 1463 2345 dans
1493 2290 1723 2362 gloriam
1755 2290 1890 2354 Deo,
1943 2288 2031 2343 di-

426 2398 551 2438 cere
582 2381 761 2447 nobis,
796 2381 943 2453 quod
990 2380 1045 2435 in
1074 2380 1260 2439 arduis
1308 2379 1536 2450 posuisti
1594 2379 1782 2432 nidum
1826 2378 1942 2444 tibi,
1977 2377 2033 2431 in

423 2471 596 2543 petris
626 2471 788 2526 etiam
817 2470 1084 2539 mansisti,
1117 2470 1174 2524 in
1205 2468 1498 2541 praeruptis
1528 2467 1771 2523 silicibus
1801 2484 1860 2522 es
1889 2482 2029 2523 com-

423 2567 683 2629 moratus,
736 2567 789 2616 et
837 2560 893 2615 in
938 2558 1236 2615 inaccessis
1283 2558 1511 2629 rupibus
1561 2556 1920 2629 cotemplatus
1968 2572 2029 2612 es

427 2664 637 2706 escam.

884 2827 1283 2885 CAPITULUM
1348 2826 1557 2883 XXIX.

418 3001 495 3057 De
526 3001 630 3056 illo
656 2999 1050 3055 meditationis
1078 3013 1279 3069 genere
1307 2996 1449 3069 quod
1470 2998 1634 3069 intra
1661 3012 1764 3052 nos
1792 2998 1861 3069 in
1886 2997 2024 3069 ipsis

488 3071 716 3126 intimis
732 3069 915 3125 cordis
935 3066 1121 3123 nostri
1141 3066 1403 3124 debenius
1428 3066 1648 3134 habere,
1672 3084 1804 3124 cum
1827 3066 1893 3122 de
1906 3066 2021 3122 ’Deo

489 3142 782 3197 studemus
811 3141 1084 3212 cogitare,
1117 3143 1174 3195 et
1205 3139 1453 3212 qualiter
1481 3139 1548 3194 de
1578 3129 1679 3196 illo
1700 3155 1803 3195 nos
1827 3138 2025 3195 deceat
2046 3129 2096 3192 Ο

490 3216 549 3269 et
579 3212 750 3268 liceat
777 3211 1014 3267 sentire.

487 3344 609 3401 Jam
638 3344 860 3418 quidem
891 3360 956 3400 eo
983 3360 1157 3416 usque
1184 3343 1535 3415 pervenimus
1578 3350 1639 3399 ut
1693 3350 1875 3399 tecum
1923 3344 2027 3399 ali-

416 3433 567 3508 quid,
601 3432 695 3506 qui
723 3433 1052 3489 inhabitator
1080 3432 1230 3489 cellae
1261 3449 1340 3499 es,
1372 3433 1442 3488 de
1479 3432 1611 3504 ipsis
1666 3432 2026 3488 invisibilibus

415 3523 518 3580 Dei
546 3522 920 3580 conferamus.
960 3522 1041 3577 De
1070 3522 1264 3594 quibus
1292 3521 1655 3577 invisibilibus
1699 3521 2026 3593 przedicator

418 3612 681 3686 egregius
731 3612 811 3667 sic
856 3611 989 3667 dicit
1023 3628 1036 3666 :
1070 3611 1383 3667 Invisibilia
1431 3612 1626 3684 ipsius,
1676 3628 1711 3666 a
1756 3614 2025 3667 creatura

415 3702 639 3769 mundi,
652 3717 756 3774 per
776 3717 843 3756 ea
858 3717 982 3773 qua:
1001 3702 1161 3771 facta
1183 3706 1336 3765 sunt,
1354 3700 1655 3755 intellecta
1667 3700 2023 3771 conspiciun-

417 3793 515 3845 tur
547 3791 725 3859 (Rom.
750 3804 789 3858 ι,
809 3791 922 3859 20).
947 3790 1013 3844 Et
1044 3795 1194 3844 certe
1224 3804 1334 3843 non
1365 3787 1515 3843 aliud
1544 3789 1661 3844 hazc
1692 3788 1809 3855 ejus
1840 3787 2027 3843 invisi-

416 3877 550 3933 bilia
569 3884 713 3944 sunt,
741 3891 907 3948 quam
926 3876 983 3931 id
1002 3876 1147 3948 quod
1167 3876 1283 3947 ipse
1305 3884 1405 3931 est.
1429 3876 1582 3932 Unde
1608 3884 1660 3931 et
1695 3876 1837 3931 idem
1876 3879 2023 3947 Apo-

418 3965 610 4031 stolus,
642 3973 700 4020 ut
722 3980 823 4019 nos
853 3965 1087 4020 instruat
1118 3964 1247 4036 quid
1277 3965 1344 4019 de
1375 3964 1459 4018 his
1486 3964 1847 4020 invisibilibus
1891 3981 2021 4021 sen-

417 4054 524 4110 tire
553 4054 874 4124 debeamus,
936 4052 1182 4126 adjungit
1235 4054 1610 4126 :Sempiterna
1645 4070 1855 4127 quoque
1900 4058 2021 4127 ejus

413 4145 600 4201 virtus
630 4147 688 4199 et
714 4142 1011 4198 divinitas.
1054 4143 1162 4197 Sua
1192 4141 1364 4213 ipsius
1395 4143 1728 4213 sempiterna
1756 4144 1922 4199 virtus
1970 4148 2024 4199 et

414 4230 670 4288 divinitas
701 4231 820 4303 ipse
851 4238 953 4300 est,
985 4230 1075 4303 qui
1109 4232 1254 4287 Deus
1283 4232 1647 4303 sempiternus
1676 4239 1776 4287 est.
1816 4232 1871 4287 Si
1902 4232 2021 4304 qui-

414 4319 541 4377 dem
586 4320 754 4375 habet
802 4319 1192 4391 sempiternam
1234 4319 1485 4376 virtutem
1534 4328 1587 4376 et
1637 4320 2017 4389 divinitatem;

413 4409 512 4465 sed
542 4410 689 4482 quod
716 4408 898 4475 habet,
941 4409 1047 4466 hoc
1090 4416 1192 4466 est.
1243 4408 1496 4464 Locuturi
1535 4418 1716 4465 autem
1764 4410 1835 4465 de
1876 4410 2014 4477 Deo,

2142 526 2265 565 esse
2294 518 2395 564 est.
2447 510 2554 564 Sed
2602 510 2721 580 ipse
2762 508 2855 581 qui
2898 507 3046 562 solus
3098 514 3200 571 est,
3248 505 3339 577 qui
3383 504 3532 559 solus
3581 504 3750 558 habet

2142 599 2624 663 immortalitatem,
2678 598 2808 669 quid
2838 605 2920 652 est
2949 596 2977 650 ?
3003 596 3150 650 Nihil
3179 610 3367 651 eorum
3397 610 3518 665 quae
3548 593 3750 649 condi-

2141 687 2239 752 dit,
2272 688 2387 758 ipse
2418 695 2501 743 est
2534 702 2547 741 :
2580 688 2707 759 quia
2734 687 2803 741 ab
2832 693 3033 740 aeterno
3065 692 3166 748 est,
3218 699 3329 738 non
3376 699 3444 738 ex
3472 691 3747 752 tempore.

2142 776 2399 832 Omnium
2429 785 2804 832 creaturarum
2853 783 3067 829 creator
3110 773 3200 828 ille
3248 780 3367 838 est;
3416 770 3562 825 unde
3612 786 3750 826 con-

2144 874 2291 919 stans
2323 873 2404 919 est
2452 866 2580 937 quia
2621 866 2738 935 ipse
2787 871 3034 919 creatura
3080 877 3191 917 non
3237 868 3337 916 est.
3391 860 3607 916 Scimus
3647 859 3750 912 tibi

2140 954 2343 1020 dicere,
2377 954 2467 1025 qui
2498 954 2767 1009 habitator
2796 952 2948 1007 cellae
2990 968 3070 1014 es,
3122 950 3249 1021 quid
3298 950 3446 1004 Deus
3489 963 3601 1003 non
3651 948 3748 1013 sit,

2140 1043 2239 1097 sed
2267 1042 2387 1113 quis
2416 1042 2598 1097 dicere
2628 1049 2807 1112 potest
2837 1040 2967 1113 quid
3008 1040 3078 1093 sit
3104 1039 3134 1093 ?
3162 1037 3301 1094 Dicit
3346 1037 3488 1093 enim
3537 1037 3609 1092 de
3659 1036 3750 1090 his

2141 1131 2243 1185 hoc
2272 1130 2435 1185 modo
2467 1130 2657 1185 beatus
2688 1129 2979 1200 Dionysius
3025 1128 3080 1182 in
3106 1126 3249 1182 libro
3297 1125 3561 1198 angelica:
3606 1124 3749 1180 Hie-

2143 1219 2389 1284 rarchize,
2426 1219 2660 1289 capitulo
2710 1218 2995 1274 secundo:
3052 1238 3073 1263 ιι
3119 1216 3306 1286 Itaque
3350 1223 3399 1269 et
3448 1213 3745 1270 colendam

2142 1308 2620 1378 superessentialis
2670 1306 2964 1363 divinitatis
2994 1304 3383 1360 beatitudinem
3414 1301 3746 1357 manifesta-

2140 1396 2373 1450 tivorum
2406 1396 2748 1467 eloquiorum
2773 1394 3018 1466 mysticae
3044 1392 3382 1457 traditiones,
3440 1389 3749 1462 aliquando

2142 1484 2360 1555 quidem
2391 1492 2448 1539 ut
2506 1484 2792 1547 rationem,
2826 1492 2879 1539 et
2924 1482 3275 1548 intellectum,
3335 1489 3388 1536 et
3441 1479 3747 1534 essentiam

2139 1572 2359 1627 laudant
2386 1591 2401 1636 ;
2433 1572 2672 1627 divinam
2703 1572 3118 1627 rationalitatem
3146 1577 3199 1625 et
3247 1568 3569 1639 sapientiam
3621 1569 3747 1636 ejus

2140 1661 2501 1725 declarantes,
2539 1668 2591 1715 et
2617 1675 2747 1716 vere
2780 1661 3098 1715 existentem
3128 1658 3505 1726 substantiam,
3538 1665 3593 1712 et
3639 1672 3746 1711 eo-

2140 1765 2257 1803 rum
2289 1767 2411 1821 quae
2442 1757 2567 1804 sunt
2597 1749 2960 1804 subsistentia:
2990 1763 3211 1803 causam
3241 1762 3426 1802 veram
3460 1760 3473 1799 :
3505 1752 3560 1801 et
3579 1745 3750 1817 quasi

2138 1839 2318 1893 lumen
2354 1854 2473 1892 eam
2506 1837 2756 1907 formant,
2791 1845 2841 1892 et
2889 1836 3051 1892 vitam
3092 1842 3307 1901 vocant,
3358 1834 3515 1888 tantis
3561 1834 3746 1888 mira-

2136 1926 2338 1980 bilibus
2404 1926 2818 1981 formationibus
2878 1924 3202 1981 castioribus
3250 1923 3618 2003 manentibus,
3688 1930 3747 1976 et

2134 2015 2444 2069 materiales
2475 2015 2829 2069 formationes
2860 2013 3129 2069 excellere
3157 2028 3376 2084 quoquo
3405 2011 3568 2066 modo
3597 2026 3743 2082 pro-

2136 2103 2275 2157 batis
2305 2103 2704 2172 deﬁcientibus,
2737 2111 2788 2158 et
2819 2102 2897 2157 sic
2927 2102 3111 2158 divina
3142 2101 3211 2156 ad
3249 2101 3532 2156 veritatem
3575 2099 3743 2154 simi-

2134 2191 2380 2247 litudine.
2415 2193 2513 2245 Est
2544 2192 2688 2246 enim
2736 2207 2903 2262 super
2948 2206 3166 2246 omnem
3214 2189 3493 2245 scientiam
3545 2197 3599 2243 et
3650 2192 3741 2243 vi-

2133 2288 2261 2344 tam,
2312 2281 2461 2335 nullo
2525 2279 2745 2352 quidem
2792 2281 2969 2351 ipsam
3016 2278 3217 2333 lumine
3256 2277 3744 2343 characterizante,

2133 2369 2390 2441 omnique
2436 2369 2647 2424 ratione
2696 2377 2749 2424 et
2804 2367 3101 2434 intellectu,
3153 2366 3500 2421 similitudine
3561 2365 3743 2436 ipsius

2131 2456 2646 2528 imcomparabiliter
2672 2457 2965 2513 derelictis.
2998 2458 3062 2511 Et
3092 2455 3384 2529 aliquando
3434 2470 3567 2510 vero
3615 2454 3742 2509 dis-

2130 2546 2396 2600 similibus
2425 2544 2952 2601 manifestationibus
2984 2545 3054 2599 ab
3074 2545 3207 2616 ipsis
3250 2543 3499 2616 eloquiis,
3532 2560 3741 2614 super-

2130 2634 2402 2690 mundane
2430 2635 2648 2689 laudant
2692 2651 2809 2690 eam
2859 2633 3205 2697 invisibilem,
3257 2642 3311 2688 et
3351 2633 3635 2701 infinitam,
3685 2642 3741 2688 et

2128 2724 2657 2795 incomprehensam,
2688 2723 3009 2780 vocantibus
3040 2739 3053 2779 :
3091 2730 3144 2779 et
3173 2739 3312 2795 quae,
3347 2731 3400 2778 et
3428 2739 3492 2778 ex
3532 2723 3740 2795 quibus

2126 2828 2234 2868 non
2266 2812 2392 2884 quid
2453 2820 2552 2881 est,
2612 2813 2709 2867 sed
2764 2812 2857 2884 qui
2915 2826 3024 2867 non
3079 2819 3163 2866 est
3217 2810 3569 2884 signiﬁcatur.
3618 2813 3743 2868 Hoc

2127 2900 2291 2965 enim,
2323 2909 2380 2955 ut
2408 2901 2636 2971 aestimp,
2670 2900 2944 2971 potentius
2974 2907 3058 2955 est
3086 2900 3142 2954 in
3190 2900 3329 2971 ipsa.
3383 2899 3561 2969 Quem
3603 2902 3738 2972 qui-

2126 2990 2250 3045 dem
2283 2992 2361 3059 (ut
2399 2990 2609 3047 occulta
2658 2997 2710 3044 et
2768 2989 3117 3045 sacerdotalis
3175 2989 3393 3044 traditio
3452 2989 3739 3045 subintro-

2126 3079 2300 3149 duxit)
2330 3080 2434 3133 hoc
2464 3079 2685 3149 quidem
2714 3093 2824 3134 non
2854 3093 2977 3133 esse
3018 3078 3319 3133 secundum
3365 3077 3491 3149 quid
3538 3093 3737 3133 eorum

2131 3184 2252 3240 qua:
2285 3175 2426 3233 sunt,
2461 3183 2581 3222 eam
2614 3183 2739 3223 vere
2770 3166 3024 3223 dicimus.
3058 3168 3377 3237 Ignoramus
3406 3174 3585 3221 autem
3630 3184 3733 3222 su-

2126 3255 2574 3328 peressentialem
2604 3256 2796 3327 ipsius,
2831 3263 2884 3311 et
2913 3254 3259 3319 invisibilem,
3292 3263 3345 3310 et
3395 3255 3733 3311 ineffabilem

2125 3344 2517 3400 infinalitatem.
2552 3345 2607 3400 Si
2637 3344 2804 3419 igitur
2832 3343 3153 3418 negationes
3173 3343 3229 3398 in
3247 3344 3445 3400 divinis
3465 3360 3628 3411 verae,
3649 3345 3737 3401 af-

2125 3432 2461 3489 firmationes
2506 3449 2638 3490 vero
2676 3434 3052 3506 incompactae,
3113 3433 3433 3490 obscuritati
3495 3450 3731 3491 arcano-

2125 3539 2245 3578 rum
2275 3523 2449 3595 magis
2480 3531 2602 3593 apta
2634 3530 2715 3579 est
2742 3539 2843 3594 per
2870 3522 3164 3579 dissimiles
3211 3522 3565 3579 formationes
3614 3540 3735 3579 ma-

2122 3611 2416 3668 nifestatio.
2455 3633 2477 3663 ι
2510 3614 2636 3669 Haec
2664 3613 2852 3667 beatus
2881 3611 3173 3683 Dionysius
3202 3612 3271 3667 de
3300 3612 3384 3668 his
3414 3614 3583 3668 verba
3616 3614 3736 3685 qui-

2122 3700 2246 3755 dem
2278 3700 2557 3772 perplexa,
2591 3702 2689 3757 sed
2718 3700 3078 3773 intelligentia
3105 3700 3160 3754 in
3180 3700 3259 3755 eis
3281 3700 3410 3756 latet
3430 3700 3731 3771 profunda.

2121 3789 2268 3845 Ecce
2301 3790 2428 3861 quia
2450 3806 2549 3844 nos
2573 3789 2700 3844 dicit
2720 3790 2979 3862 ignorare
3002 3789 3511 3860 superessentialem
3531 3789 3729 3861 ipsius,

2122 3886 2177 3933 et
2208 3877 2559 3946 invisibilem,
2595 3886 2648 3933 et
2677 3876 3005 3933 ineffabilem
3030 3877 3316 3934 colendam
3333 3877 3727 3934 inﬁnalitatem.

2122 3968 2287 4033 Ecce,
2325 3966 2454 4039 quia
2486 3968 2827 4040 subjungens
2857 3966 3069 4037 asserit,
3117 3968 3437 4040 negationes
3485 3967 3539 4022 in
3582 3967 3730 4023 divi-

2120 4057 2207 4112 nis
2235 4073 2412 4122 veras,
2474 4056 2863 4112 atiirmationes
2912 4072 3041 4112 vero
3080 4057 3475 4128 incompactas.
3525 4057 3596 4111 Et
3640 4058 3729 4113 id-

2120 4145 2269 4202 circo
2301 4145 2432 4201 dicit
2457 4145 2775 4202 obscuritati
2803 4160 3120 4201 arcanorum
3152 4146 3329 4217 magis
3375 4153 3553 4216 aptam
3603 4162 3731 4202 esse

2119 4251 2218 4305 per
2246 4234 2541 4289 dissimiles
2604 4234 2956 4290 formationes
2987 4233 3493 4290 manifestationem.
3542 4234 3726 4301 Certe,

2121 4322 2592 4394 superessentialis
2639 4323 2830 4395 ipsius,
2882 4332 2935 4378 et
2981 4323 3287 4389 invisibilis,
3336 4331 3389 4379 et
3436 4321 3729 4378 ineﬂ‘abilis

2117 4410 2410 4467 inﬁnalitas
2450 4411 2582 4467 nihil
2632 4420 2734 4481 est,
2782 4412 2885 4467 nisi
2916 4411 2971 4467 id
3022 4411 3168 4483 quod
3214 4412 3331 4483 ipse
3375 4420 3475 4467 est.
3524 4411 3593 4466 Et
3634 4412 3727 4483 qui

411 4494 559 4568 quod
587 4494 704 4565 ipse
732 4493 798 4549 sit
826 4493 1009 4550 dicere
1039 4510 1149 4549 non
1180 4510 1493 4566 possumus,
1541 4494 1669 4567 quia
1718 4494 1823 4551 hoc
1856 4495 2015 4567 cogi-
2035 4488 2089 4548 D
2118 4501 2258 4558 hanc
2283 4501 2455 4571 ipsius
2504 4499 2873 4557 inﬁnalitatem
2914 4501 3234 4574 ignoramus
3266 4516 3393 4557 cum
3432 4500 3549 4556 haec
3594 4499 3724 4555 inﬁ-

407 4590 523 4639 tare
552 4598 662 4637 non
689 4583 954 4640 valemus.
1010 4583 1169 4653 Quod
1214 4599 1353 4655 ergo
1400 4584 1871 4654 comprehendere
1904 4599 2016 4638 non

408 4687 701 4744 possumus
728 4681 930 4740 mente,
964 4681 1364 4744 consequenter
1391 4689 1493 4728 nec
1523 4673 1833 4744 exprimere
1882 4688 2018 4743 pos-

408 4776 601 4816 sumus
629 4776 746 4817 ore.
780 4761 938 4817 Certe
969 4761 1235 4834 quidquid
1265 4769 1349 4817 est
1380 4761 1467 4816 vel
1497 4762 1614 4832 ipse
1663 4770 1764 4828 est,
1820 4761 1905 4817 vel
1937 4769 2020 4817 est

413 4856 663 4906 creatura
692 4866 851 4922 quam
884 4850 1125 4906 condidit
1155 4849 1294 4920 ipse.
1328 4850 1435 4905 Sed
1461 4866 1490 4904 a
1522 4866 1622 4905 suo
1662 4867 1804 4917 esse,
1854 4866 2018 4907 crea-

412 4945 550 4994 turae
590 4954 713 4994 esse
743 4946 854 4993 tam
883 4938 1048 5009 longe
1084 4946 1186 5006 est,
1218 4938 1367 5008 quod
1416 4939 1483 4993 de
1542 4954 1607 4993 ea
1652 4939 1762 4994 dici
1815 4947 2013 5010 potest,

408 5027 557 5101 quod
586 5027 703 5097 ipsa
734 5026 1037 5082 secundum
1068 5025 1358 5096 quemdam
1386 5026 1611 5081 modum
1648 5043 1760 5083 non
1787 5035 1888 5092 est,
1922 5028 2018 5083 sed

408 5114 557 5187 quod
585 5114 705 5185 ipse
736 5114 886 5169 solus
913 5121 1016 5168 est.
1050 5115 1147 5168 Est
1176 5129 1413 5184 namque
1444 5114 1545 5169 viri
1576 5114 1750 5169 sancti
1795 5123 2019 5171 senten-

412 5203 485 5258 tia
514 5203 584 5257 de
613 5203 737 5266 hoc,
770 5203 915 5257 hunc
945 5202 1153 5257 habens
1201 5202 1422 5257 modum
1455 5222 1474 5258 :
1510 5203 1631 5275 Ipse
1676 5205 1828 5259 enim
1868 5206 2019 5260 solus

412 5295 520 5358 est,
536 5294 592 5346 et
612 5306 778 5346 nemo
793 5294 979 5363 potest
996 5294 1250 5346 avertere
1267 5291 1634 5361 cogitationes
1651 5292 1802 5362 ejus;
1825 5296 1881 5347 et
1900 5296 2024 5349 ani-

413 5398 511 5436 ma
531 5379 653 5449 ejus
672 5379 1039 5452 quodcunque
1058 5380 1258 5444 voluit,
1285 5379 1384 5436 hoc
1406 5381 1545 5451 fecit
1561 5381 1678 5449 (Job
1699 5396 1866 5447 xxru,
1894 5382 1981 5453 13)
1996 5424 2009 5437 .

414 5469 483 5525 Et
502 5467 795 5538 Apostolus
817 5467 944 5523 dicit
966 5468 1111 5540 quod
1128 5469 1280 5523 solus
1312 5468 1476 5524 habet
1518 5471 2019 5527 immortalitatem

418 5557 469 5628 (ι
490 5559 626 5623 Tim,
654 5572 731 5626 iv,
766 5560 875 5627 16).
912 5555 1203 5626 Quomodo
1229 5572 1339 5613 non
1367 5558 1517 5614 solus
1561 5559 1881 5615 immortalis
1912 5567 2015 5628 est,

419 5646 513 5718 qui
542 5645 703 5704 etiam
734 5646 883 5705 solus
913 5646 1041 5704 est?
1068 5646 1230 5705 Solus
1260 5648 1443 5722 utique
1469 5656 1571 5718 est,
1601 5650 1687 5707 cui
1719 5648 1823 5706 soli
1873 5649 2018 5705 idem

2118 4589 2315 4645 nalitas
2346 4590 2413 4644 sit
2435 4590 2573 4661 ipse,
2609 4589 2737 4662 quid
2769 4590 2886 4662 ipse
2918 4590 2986 4644 sit
3016 4590 3289 4661 quomodo
3338 4606 3446 4645 non
3493 4588 3723 4661 ignora-

2117 4680 2281 4734 mus?
2337 4678 2392 4733 Si
2423 4687 2600 4734 autem
2630 4679 2951 4750 negationes
2979 4678 3034 4734 in
3063 4678 3263 4734 divinis
3293 4686 3417 4733 sunt
3444 4695 3611 4741 verae,
3643 4678 3724 4733 af-

2117 4766 2447 4824 ﬁrmationes
2476 4784 2609 4823 vero
2637 4768 3010 4837 incompacta,
3044 4784 3180 4823 vera
3208 4776 3290 4822 est
3319 4774 3505 4823 nostra
3554 4783 3724 4840 nega-

2118 4857 2192 4912 tio
2222 4873 2345 4913 cum
2377 4856 2611 4913 dicimus
2644 4873 2657 4914 :
2691 4858 2794 4913 hoc
2824 4873 2934 4912 non
2976 4864 3078 4922 est,
3131 4856 3254 4928 quia
3306 4855 3452 4927 quod
3500 4872 3607 4911 non
3661 4857 3729 4911 sit

2119 4946 2323 5001 scimus
2349 4964 2362 5011 ;
2395 4945 2739 5017 incompacta
2766 4961 2899 5002 vero
2915 4945 3277 5011 confirmatio,
3306 4961 3429 5001 cum
3449 4944 3724 5000 affirman-

2118 5042 2201 5090 tes
2231 5034 2463 5091 dicimus
2499 5051 2511 5090 :
2544 5035 2648 5092 hoc
2675 5042 2777 5100 est,
2813 5034 2941 5106 quia
2969 5034 3099 5106 quid
3131 5034 3198 5088 sit
3223 5034 3519 5089 nescimus.
3555 5034 3621 5088 Et
3646 5043 3723 5088 ta-

2117 5140 2243 5180 men
2275 5124 2320 5179 si
2351 5124 2627 5180 nescimus
2657 5124 2762 5179 hoc
2792 5124 2940 5196 quod
2970 5123 3086 5194 ipse
3136 5131 3235 5188 est,
3288 5123 3488 5180 scimus
3535 5122 3722 5194 utique

2119 5212 2243 5285 quia
2270 5213 2388 5284 ipse
2418 5221 2519 5268 est.
2552 5211 2671 5268 Nisi
2702 5212 2847 5268 enim
2898 5211 3165 5268 sciremus
3213 5228 3337 5267 eum
3386 5227 3530 5277 esse,
3580 5226 3720 5281 quo-

2117 5301 2280 5356 modo
2310 5317 2597 5372 possemus
2627 5318 2751 5357 eum
2782 5301 3015 5373 diligere
3045 5302 3073 5355 ?
3102 5301 3241 5354 Nam
3270 5300 3412 5372 quod
3445 5299 3718 5355 nescimus

2119 5406 2260 5456 esse,
2314 5398 2574 5462 quantum
2628 5389 2694 5445 ad
2738 5398 2981 5445 nostram
3020 5390 3276 5444 duntaxat
3332 5387 3719 5462 COgitationem

2117 5494 2220 5534 nec
2249 5479 2412 5534 habet
2442 5495 2584 5535 esse.
2618 5480 2683 5533 Et
2714 5478 2837 5533 ideo
2868 5477 3142 5549 quomodo
3173 5493 3205 5532 a
3236 5476 3394 5531 nobis
3422 5476 3576 5549 diligi
3612 5493 3717 5547 po-

2118 5575 2240 5636 test,
2275 5568 2421 5639 quod
2456 5574 2717 5639 quantum
2743 5568 2811 5622 ad
2840 5583 2940 5623 nos
2969 5581 3073 5622 nec
3102 5574 3185 5622 est
3213 5568 3241 5621 ?
3272 5566 3377 5621 Sed
3423 5582 3546 5620 eum
3595 5581 3718 5621 esse

2117 5668 2219 5709 nos
2248 5652 2481 5721 scimus,
2506 5668 2742 5724 eumque
2773 5668 2937 5727 super
2975 5651 3157 5709 omnia
3202 5651 3499 5725 diligimus,
3546 5658 3600 5706 et
3648 5652 3718 5707 ad
