3938 6400
133 317 237 372 857

1253 306 1454 363 LIBER
1505 305 1600 361 DE
1639 305 2020 363 EXERCITIO
2061 307 2316 362 CELLIE.

3343 307 3444 360 858

134 456 259 496 eum
291 438 421 494 totis
453 436 766 509 praecordiis
809 434 1168 506 suspiramus.
1203 433 1311 489 Sed
1342 449 1503 504 quem
1533 439 1742 487 tantum
1765 434 1819 492 A
1850 449 2014 504 super
2041 432 2223 487 omnia
2255 439 2355 498 est,
2390 433 2486 486 sed
2514 447 2622 487 non
2671 431 2971 499 exaltatus;
3017 431 3208 486 subtus
3238 430 3442 497 omnia,

137 546 262 586 eum
293 529 551 591 amando,
578 534 628 581 et
658 526 728 580 ad
786 541 908 580 eum
967 523 1293 595 suspirando
1352 538 1475 576 esse
1521 521 1742 586 scimus,

135 618 270 691 quid
301 633 426 672 eum
457 631 580 670 esse
611 614 858 669 scimus?
891 613 959 666 Et
981 612 1202 684 quidem
1225 611 1400 666 electo
1422 609 1624 664 famulo
1649 625 1746 663 suo

138 707 274 762 dixit
305 722 364 760 se
386 721 528 769 esse,
555 719 677 759 cum
707 703 781 757 ait
815 719 828 756 :
864 704 968 773 Ego
999 717 1125 756 sum
1146 702 1242 773 qui
1272 716 1418 755 sum.
1451 700 1565 754 Hoc
1583 699 1744 753 etiam

140 797 211 851 de
257 811 316 850 se
366 792 770 849 sciscitantibus
816 790 984 845 voluit
1025 790 1092 844 de
1126 805 1185 843 se
1231 787 1553 858 responderi
1590 803 1602 840 :
1638 791 1746 858 Ego

140 900 288 950 sum,
317 882 587 954 inquiens,
619 881 711 952 qui
728 897 882 934 sum.
913 881 1037 932 Htrc
1059 878 1230 941 dices,
1257 876 1347 941 ait,
1374 877 1512 944 ﬁliis
1529 877 1703 930 Israel
1727 894 1745 930 :

146 974 250 1040 Qui
270 974 375 1034 est,
411 970 573 1023 misit
601 983 691 1022 me
721 966 793 1020 ad
827 981 917 1021 vos
951 964 1153 1033 (Exod.
1187 980 1266 1032 ιιι,
1303 965 1412 1031 14).
1449 963 1591 1018 Dixit
1622 963 1746 1034 quia

139 1067 221 1116 est
257 1075 270 1112 :
305 1073 413 1112 non
473 1065 652 1111 autem
696 1054 830 1108 dixit
865 1053 995 1125 quid
1054 1056 1158 1108 hoc
1207 1052 1274 1106 sit
1330 1052 1472 1122 quod
1503 1059 1604 1106 est.
1639 1052 1746 1105 Sed

138 1146 390 1203 fortassis
421 1145 612 1200 dicens
641 1143 768 1214 quia
810 1150 911 1210 est,
948 1142 1004 1195 in
1061 1143 1164 1196 hoc
1212 1140 1396 1211 utique
1453 1139 1585 1194 dixit
1615 1139 1747 1209 quid

137 1238 245 1291 hoc
266 1235 334 1289 sit
363 1233 510 1305 quod
540 1239 642 1298 est,
678 1231 822 1302 quod
854 1230 988 1284 dixit
1017 1230 1144 1301 quia
1175 1237 1275 1283 est.
1310 1230 1444 1282 Nam
1480 1227 1746 1298 quidquid

137 1325 208 1379 de
257 1338 322 1378 eo
377 1328 559 1392 potest
615 1319 882 1375 catholica
937 1317 1106 1383 credi,
1170 1316 1432 1388 quidquid
1479 1315 1747 1370 veraciter

135 1411 265 1477 dici,
298 1411 352 1465 in
385 1411 488 1464 hoc
545 1408 715 1464 verbo
772 1407 1109 1461 instauratur
1159 1406 1318 1476 quod,~
1364 1413 1464 1470 est,
1529 1412 1632 1458 est.
1685 1406 1746 1457 Et

139 1499 358 1572 quando
415 1497 674 1570 strepitus
703 1496 814 1550 oris
843 1494 1014 1549 nostri
1061 1495 1153 1548 ubi
1213 1494 1440 1548 verbum
1499 1492 1748 1557 incipitur

138 1597 195 1644 et
211 1587 410 1651 ﬁnitur,
429 1586 645 1656 aliquod
665 1584 870 1639 emittet
884 1586 1132 1650 verbum,
1159 1599 1266 1654 quo
1289 1582 1748 1651 sufﬁcienterpos-

138 1678 312 1732 simus
337 1675 645 1746 exprimere
661 1675 832 1728 Deum
847 1674 875 1726 ἢ
897 1674 963 1727 Et
986 1673 1203 1743 quidem
1219 1673 1368 1726 Deus
1384 1671 1483 1725 Dei
1509 1670 1694 1735 Filius,
1715 1685 1748 1723 a

135 1768 257 1822 Deo
278 1766 435 1819 Patre
466 1763 702 1834 genitus,
731 1777 872 1815 unus
894 1760 1151 1831 idemque
1189 1775 1310 1814 eum
1329 1759 1505 1826 Patre,
1539 1767 1590 1814 et
1611 1774 1744 1813 san-
1772 1789 1826 1848 B

138 1862 228 1910 cto
249 1853 528 1923 utriusque
546 1850 748 1921 Spiritu
773 1851 921 1904 Deus
943 1849 1200 1912 existens,
1223 1848 1340 1918 ipse
1361 1855 1443 1903 est
1466 1847 1702 1902 Verbum
1725 1865 1740 1911 ;

135 1942 238 1997 sed
271 1942 512 1996 Verbum
543 1955 651 1994 non
682 1945 1030 1992 transeunter
1060 1937 1354 2007 prolatum,
1391 1937 1487 1991 sed
1516 1943 1744 1990 aeterna-

137 2031 265 2085 liter
294 2028 554 2100 genitum,
578 2042 688 2082 non
710 2026 908 2082 factum
936 2045 950 2092 ;
985 2027 1143 2098 eique
1185 2027 1336 2094 cujus
1367 2033 1450 2080 est
1477 2025 1740 2090 Verbum,

137 2117 435 2190 coaequale,
472 2123 522 2171 et
551 2115 1038 2180 consubstantiale,
1069 2121 1230 2186 atque
1253 2121 1601 2177 coaeternum,
1636 2128 1745 2182 quo

137 2208 193 2261 in
213 2206 486 2277 principio
515 2212 630 2260 erat
665 2211 717 2258 et
746 2204 891 2282 apud
937 2204 1113 2258 Deum
1143 2210 1279 2268 erat,
1313 2210 1366 2257 et
1424 2203 1571 2256 Deus
1603 2208 1740 2255 erat.

138 2297 205 2352 1η
234 2295 520 2368 principio
549 2297 672 2348 erat
715 2293 943 2347 Verbum
973 2293 1156 2360 (Joan.
1183 2305 1220 2354 ι,
1259 2291 1332 2360 1).
1365 2291 1510 2345 Ecce
1537 2289 1746 2344 aeterni-

139 2392 230 2440 tas
253 2385 404 2453 ejus:
431 2382 578 2452 quod
599 2381 744 2436 enim
791 2380 844 2434 in
894 2380 1162 2450 principio
1183 2387 1316 2440 erat,
1351 2393 1627 2450 nunquam
1661 2378 1743 2431 fa-

137 2482 288 2529 ctum
309 2479 451 2535 erat;
486 2469 623 2525 sicut
645 2470 715 2525 de
740 2469 880 2524 coelo
897 2477 950 2523 et
970 2477 1109 2522 terra
1130 2467 1333 2523 dictum
1350 2475 1461 2522 est:
1489 2469 1551 2521 In
1573 2469 1743 2538 prin-

135 2564 284 2633 cipio
305 2560 520 2616 creavit
547 2559 692 2614 Deus
724 2559 927 2613 caelum
965 2559 1017 2612 el
1041 2560 1258 2612 terram
1281 2557 1440 2624 (Gen.
1461 2571 1501 2620 ι,
1529 2559 1602 2626 1).
1635 2555 1744 2608 Sed

135 2658 288 2716 erat;
319 2649 426 2703 hoc
456 2654 558 2713 est,
593 2647 660 2700 ab
689 2654 894 2701 aeterno
923 2653 1060 2700 crat.
1093 2647 1164 2699 Et
1194 2646 1422 2701 verbum
1444 2647 1570 2700 erat
1593 2645 1745 2715 apud

135 2741 332 2794 Deum.
382 2738 526 2791 Ecce
583 2734 709 2806 quia
755 2735 982 2789 diversa
1015 2733 1174 2788 Verbi
1232 2747 1471 2803 persona
1501 2733 1566 2786 ab
1597 2731 1744 2786 illius

137 2840 377 2898 persona
405 2825 558 2894 cujus
579 2832 662 2878 est
683 2823 942 2878 Verbum.
977 2823 1033 2877 Si
1064 2822 1210 2877 enim
1231 2822 1366 2876 alius
1398 2821 1540 2891 apud
1580 2820 1743 2875 alium

142 2922 281 2982 erat,
316 2914 453 2967 alius
498 2911 746 2982 profecto
802 2910 897 2966 ille
954 2911 1042 2986 qui
1093 2918 1224 2976 erat,
1259 2910 1398 2965 alius
1452 2909 1544 2964 ille
1601 2909 1744 2979 apud

141 3018 307 3073 quem
352 3008 494 3056 erat.
553 3000 661 3054 Sed
718 3015 788 3054 ne
817 3006 974 3070 putes
1000 2999 1142 3053 aliud
1177 3013 1189 3052 :
1223 2999 1294 3052 Et
1323 3000 1488 3065 Deus,
1547 2996 1740 3067 inquit,

135 3094 264 3147 erat
301 3090 552 3146 Verbum.
587 3089 731 3144 Ecce
761 3087 1019 3143 divinitas
1083 3087 1246 3141 Verbi
1281 3101 1292 3140 :
1327 3102 1429 3140 nec
1485 3085 1609 3154 alia,
1647 3085 1744 3140 sed

134 3180 332 3235 eadem
379 3194 499 3248 quae
530 3179 645 3247 ejus
677 3185 776 3241 est,
811 3177 965 3245 cujus
992 3183 1076 3230 est
1106 3175 1366 3230 Verbum.
1401 3175 1570 3246 Igitur
1597 3150 1744 3229 'Ver-
1775 3150 1822 3210 Ο

140 3270 275 3324 bum
298 3267 443 3340 quod
471 3267 612 3337 apud
642 3267 816 3320 Deum
841 3273 978 3331 erat,
1021 3265 1166 3318 idem
1202 3264 1319 3334 ipse
1349 3280 1472 3318 cum
1501 3278 1567 3318 eo
1598 3263 1746 3318 Deus

139 3365 265 3413 erat
320 3356 466 3427 apud
513 3371 676 3426 quem
733 3361 870 3419 erat,
903 3360 960 3407 ut
1008 3353 1074 3407 sit
1103 3353 1286 3424 utique
1333 3352 1571 3407 Verbum
1609 3352 1747 3407 alius

129 3444 280 3517 apud
311 3461 474 3516 quem
505 3451 639 3510 erat,
695 3459 804 3498 non
836 3441 1058 3513 quidem
1115 3441 1251 3495 alius
1310 3442 1476 3506 Deus,
1511 3441 1608 3495 sed
1637 3439 1745 3495 alia

129 3549 376 3605 persona
433 3549 463 3586 a
513 3532 688 3586 Patris
747 3545 1006 3601 persona,
1065 3545 1191 3585 cum
1229 3545 1338 3601 quo
1376 3537 1559 3584 tamen
1605 3545 1745 3583 unus

129 3624 394 3693 idemque
428 3623 596 3686 Deus,
649 3636 713 3674 ex
767 3621 882 3674 Deo
938 3620 1105 3682 Deus,
1141 3634 1206 3672 ex
1239 3620 1392 3672 Patre
1432 3619 1547 3672 Deo
1579 3616 1745 3671 Filius

130 3713 302 3766 Deus.
342 3711 463 3765 Non
497 3716 642 3764 certe
672 3707 840 3773 aliud,
886 3707 1011 3778 quia
1041 3707 1233 3762 eadem
1257 3723 1379 3762 cum
1411 3721 1476 3762 eo
1498 3706 1748 3760 substan-

130 3800 226 3866 tia,
261 3798 543 3854 aeternitas
573 3805 626 3852 et
658 3797 931 3851 divinitas.
965 3796 1154 3866 Itaque
1184 3795 1344 3860 alius,
1369 3803 1593 3866 propter
1621 3810 1745 3864 per-

133 3903 396 3943 sonarum
420 3886 791 3941 diversitatem
819 3903 834 3951 ;
866 3885 965 3940 sed
993 3900 1104 3939 non
1134 3884 1301 3951 aliud,
1353 3891 1579 3954 propter
1609 3883 1744 3936 sub-

133 3977 350 4031 stantia:
379 3975 578 4031 divinae
617 3974 896 4028 unitatem.
948 3973 1054 4028 Sed
1085 3989 1209 4028 cum
1264 3980 1433 4027 totum
1470 3973 1575 4027 hoc
1604 3971 1744 4027 dioi-

130 4081 276 4132 mus,
313 4064 445 4135 quid
475 4063 708 4118 dicimus
729 4062 756 4116 ‘?
783 4062 1005 4132 quando
1046 4061 1214 4115 verba
1243 4061 1584 4128 habebimus,
1619 4059 1742 4130 qui-

129 4155 232 4208 bus
263 4152 396 4224 quid
428 4152 496 4206 sit
525 4153 672 4206 Deus
703 4151 886 4206 dicere
915 4150 1188 4221 possimus
1209 4149 1236 4202 7
1275 4151 1450 4205 Multa
1468 4149 1742 4212 dicemus,

133 4243 208 4296 ait
266 4241 486 4311 sapiens
531 4240 773 4311 quidam,
842 4243 898 4294 et
956 4239 1281 4308 deﬁciemus
1317 4239 1497 4294 verbis
1545 4238 1742 4306 (Eccli.

128 4346 291 4397 xu",
338 4330 450 4399 29).
488 4331 624 4384 Vere
655 4328 840 4383 verbis
879 4327 1217 4396 deficiamus,
1251 4327 1432 4397 magis
1460 4341 1626 4397 quam
1676 4326 1746 4379 ad

128 4419 183 4473 id
215 4417 368 4490 quod
422 4417 752 4472 intendimus
800 4415 1041 4487 perfecte
1071 4416 1362 4495 dicendum
1393 4413 1730 4485 proficimus,

1852 523 1947 577 sed
1979 538 2087 577 non
2118 523 2450 588 substratus;
2483 521 2628 574 intus
2678 530 2729 576 et
2758 529 2930 586 extra,
2963 536 3065 576 nec
3096 519 3338 576 inclusus
3369 527 3449 573 ta-

1849 627 1996 674 men,
2029 626 2131 666 nec
2164 610 2416 666 exclusus
2453 625 2463 662 :
2499 626 2718 680 semper
2776 611 2910 680 ipse,
2949 617 3001 663 et
3056 609 3258 680 ubique
3287 609 3442 678 ipse;

1850 700 1947 754 sed
1979 715 2080 754 nec
2111 714 2350 770 unquam
2374 706 2608 768 tempus,
2644 714 2744 754 nec
2765 714 2996 769 usquam
3020 697 3198 752 locus.
3239 698 3336 750 Est
3358 697 3451 767 qui

1850 796 1948 854 est,
1983 795 2037 842 et
2059 788 2205 842 idem
2237 804 2300 842 ac
2347 787 2540 842 eodem
2592 787 2772 852 modo,
2825 803 2928 842 nec
2958 787 3006 841 ei
3037 786 3331 857 quidquam
3361 785 3448 839 vel

1851 877 2108 944 evenerit,
2134 876 2312 942 inerit,
2334 875 2419 930 vel
2439 876 2653 941 transit,
2675 875 2848 929 intuit.
2879 877 3075 946 Magna
3105 877 3289 930 virtus
3310 877 3452 946 ejus,

1849 970 1907 1020 et
1934 967 2235 1037 sapientiae
2283 966 2405 1033 ejus
2446 980 2559 1018 non
2591 967 2674 1019 est
2700 980 2976 1019 numerus
3003 965 3116 1032 (Ps.
3152 978 3339 1029 CXLVI,
3375 963 3450 1030 5).

1851 1055 1934 1120 Et,
1969 1070 2000 1107 ο
2032 1069 2228 1108 manus
2258 1053 2441 1108 omnia
2470 1051 2699 1123 potens!
2735 1068 2766 1106 ο
2798 1052 3148 1106 nihilominus
3180 1059 3232 1106 et
3263 1051 3454 1106 oculus

1849 1142 2033 1197 omnia
2064 1140 2290 1196 videns!
2325 1157 2432 1195 non
2491 1150 2574 1195 est
2632 1141 2778 1211 quod
2808 1140 2956 1195 illam
3008 1139 3270 1211 effugere,
3307 1140 3452 1210 quod

1849 1231 2009 1285 istum
2041 1231 2214 1301 p'ossit
2242 1231 2429 1284 latere.
2489 1231 2611 1298 Ipse
2640 1229 2834 1299 plenus
2872 1229 3074 1298 seipse,
3111 1237 3163 1282 et
3188 1229 3304 1282 sine
3332 1229 3452 1298 ipso

1847 1320 2001 1384 nihil,
2038 1319 2128 1390 qui
2160 1320 2264 1372 sibi
2295 1326 2347 1373 et
2386 1319 2638 1372 omnibus
2683 1326 2782 1383 est,
2819 1318 2946 1388 quia
2992 1334 3150 1371 suum
3199 1317 3370 1386 ipsius
3400 1324 3453 1371 et

1848 1408 2086 1462 omnium
2147 1415 2248 1460 est.
2308 1408 2591 1478 Nusquam
2649 1415 2749 1472 est,
2780 1406 2835 1459 in
2879 1422 2945 1461 eo
2977 1406 3121 1476 quod
3177 1406 3296 1460 loco
3340 1420 3450 1460 non

1849 1496 2153 1560 clauditur;
2189 1504 2241 1549 et
2263 1504 2442 1550 tamen
2479 1511 2751 1566 nusquam
2778 1511 2888 1549 non
2918 1503 3019 1560 est,
3054 1494 3177 1564 quia
3209 1510 3316 1550 non
3349 1509 3450 1548 ex-

1848 1585 2083 1640 cluditur
2101 1585 2242 1639 loco.
2303 1586 2371 1638 Et
2426 1585 2545 1655 quis
2575 1584 2693 1638 sine
2744 1599 2810 1638 eo
2839 1584 2992 1638 locus
3014 1585 3041 1637 Τ
3071 1584 3151 1636 Ex
3181 1583 3320 1653 ipso,
3351 1598 3452 1652 per

1848 1673 2047 1744 ipsum,
2082 1673 2137 1727 in
2182 1673 2322 1743 ipso,
2356 1673 2459 1743 ipsi
2515 1673 2708 1743 gloria.
2743 1672 2839 1726 Cui
2887 1672 3036 1742 ipsi?
3066 1672 3204 1743 Regi
3231 1686 3450 1742 quoque

1850 1763 2171 1817 saeculorum
2228 1762 2549 1826 immortali,
2582 1761 2839 1814 invisibili
2891 1761 2992 1814 soli
3022 1761 3159 1815 Deo.
3194 1761 3340 1814 Deus
3371 1768 3453 1814 est

1847 1851 2185 1915 saculorum,
2220 1851 2307 1906 cui
2337 1865 2681 1921 nequaquam
2711 1849 2831 1919 ipsa
2860 1849 2947 1903 vel
2974 1849 3238 1904 accedere
3268 1855 3451 1918 potue-

1846 1948 1971 1994 runt
2000 1939 2086 1994 vel
2114 1940 2385 1994 decedere
2420 1956 2434 1992 :
2467 1954 2568 1993 nec
2597 1945 2778 1991 tamen
2824 1945 3098 1992 coceterna
3126 1943 3269 1990 sunt.
3313 1935 3449 2003 Quae

1845 2027 1988 2083 enim
2021 2027 2078 2081 in
2120 2043 2179 2082 se
2217 2026 2512 2097 aliquando
2549 2025 2636 2080 vel
2681 2033 2854 2091 erant,
2907 2025 2993 2079 vel
3033 2031 3210 2092 erunt,
3243 2024 3298 2078 in
3331 2024 3450 2093 ipso

1847 2132 2064 2186 semper
2089 2124 2216 2170 sunt
2245 2133 2260 2170 :
2292 2123 2346 2170 et
2375 2115 2595 2186 quidem
2642 2115 2781 2170 sicut
2815 2115 2882 2167 ab
2923 2121 3147 2177 aeterno,
3179 2113 3256 2167 sic
3295 2121 3348 2167 et
3393 2113 3448 2167 in

1844 2213 2129 2261 aeternum.
2172 2205 2364 2275 Neque
2387 2203 2529 2258 enim
2571 2204 2674 2273 ipsi
2708 2203 2795 2257 vel
2817 2203 2961 2273 quod
2997 2201 3096 2256 fuit
3125 2201 3318 2256 transit
3345 2217 3448 2255 an-

1845 2293 2070 2365 tiquum,
2096 2293 2181 2348 vel
2211 2293 2356 2364 quod
2385 2293 2487 2346 erit
2517 2291 2730 2347 eveniet
2760 2307 2960 2348 novum
2998 2306 3009 2343 :
3043 2291 3141 2344 sed
3161 2298 3448 2361 utrumque

1845 2383 1895 2438 ei
1926 2390 2051 2447 stat,
2102 2383 2282 2448 inest;
2317 2389 2426 2436 tam
2462 2381 2605 2452 quod
2631 2381 2746 2449 jam
2799 2389 2901 2445 est,
2935 2395 3099 2451 quam
3139 2380 3283 2449 quod
3311 2393 3448 2434 nec-

1845 2471 1974 2526 dum
2015 2479 2116 2525 est.
2170 2471 2258 2534 Et,
2291 2486 2324 2522 o
2377 2485 2540 2539 quam
2600 2469 2863 2522 mirabilis
2895 2468 2949 2520 in
3006 2467 3191 2537 seipso
3220 2474 3322 2533 est,
3355 2466 3448 2537 qui

1844 2575 2027 2614 rerum
2056 2558 2298 2613 omnium
2345 2565 2562 2613 creator
2594 2565 2694 2620 est,
2727 2572 2850 2611 cum
2909 2565 3020 2609 tam
3047 2555 3316 2609 mirabilia
3343 2554 3450 2608 sint

1844 2665 1965 2720 quae
1984 2649 2052 2702 ab
2087 2648 2204 2718 ipso
2232 2655 2412 2702 creata
2443 2654 2568 2700 sunt
2593 2645 2604 2699 l
2631 2647 2697 2699 Et
2739 2645 2958 2715 quidem
2990 2645 3146 2699 valde
3185 2652 3310 2698 sunt
3339 2643 3446 2697 mi-

1844 2736 2058 2804 rabilia,
2082 2737 2370 2806 ipsumque
2401 2736 2479 2790 eis
2531 2735 2695 2806 longe
2723 2734 2998 2788 clamitant
3037 2733 3442 2787 mirabiliorem.

1848 2825 2156 2881 Ostendunt
2187 2825 2331 2879 enim
2364 2839 2424 2878 se
2456 2831 2642 2879 creata
2659 2839 2780 2894 qua:
2801 2822 3044 2878 condidit
3059 2823 3204 2876 bona
3223 2822 3399 2876 bonus
3427 2838 3440 2874 :

1847 2915 2161 2979 ostendunt,
2196 2913 2438 2984 inquam,
2475 2929 2534 2966 se
2565 2912 2728 2978 bona,
2769 2912 3018 2981 pulchra,
3051 2910 3252 2975 dulcia,
3279 2910 3446 2964 multa

1845 3012 1897 3058 et
1917 3018 2139 3075 magna.
2187 3003 2328 3056 Nam
2388 3003 2533 3056 bona
2561 3001 2630 3055 ad
2677 3017 2856 3065 usum,
2882 3000 3114 3070 pulchra
3143 2999 3214 3053 ad
3251 3000 3448 3067 visum,

1845 3091 2023 3146 dulcia
2052 3091 2122 3145 ad
2153 3098 2392 3160 gustum,
2412 3090 2581 3144 multa
2610 3089 2678 3143 ad
2699 3104 3001 3156 numerum,
3037 3095 3089 3142 et
3121 3088 3186 3141 ad
3217 3102 3446 3142 mensu-

1848 3195 1962 3234 ram
2000 3194 2226 3249 magna.
2276 3180 2421 3246 Haec,
2454 3178 2694 3250 inquam,
2729 3193 2788 3232 se
2819 3177 3130 3241 ostendunt,
3163 3184 3216 3230 et
3234 3175 3452 3230 mirabi-

1847 3268 1970 3323 liter
1997 3283 2057 3322 se
2085 3267 2379 3322 ostendunt
2427 3285 2440 3319 :
2493 3268 2591 3321 sed
2620 3267 2739 3321 haec
2786 3281 2847 3320 se
2894 3265 3256 3330 ostendendo,
3290 3279 3449 3320 crea-

1847 3365 2019 3423 torem
2050 3373 2205 3411 suum
2224 3356 2518 3412 ostendunt
2544 3355 2710 3427 longe
2731 3355 3037 3419 meliorem,
3061 3353 3449 3424 pulchriorem,

1847 3446 2152 3502 dulciorem
2209 3453 2264 3500 et
2317 3445 2617 3514 majorem,
2664 3444 2755 3515 qui
2801 3451 2883 3498 est
2912 3443 3151 3498 omnium
3184 3443 3450 3498 bonorum

1847 3536 2104 3606 optimus,
2125 3535 2473 3606 omniumque
2492 3533 2842 3604 pulchrorum
2877 3531 3300 3602 pulcherrimus,
3335 3547 3453 3586 om-

1846 3624 1996 3678 nium
2028 3623 2270 3679 dulcium
2299 3623 2664 3689 dulcissimus,
2699 3621 2942 3677 omnium
2971 3636 3296 3691 magnorum
3325 3635 3449 3674 ma-

1846 3712 2024 3767 ximus
2056 3731 2070 3779 ;
2103 3719 2291 3782 utpote
2322 3727 2471 3777 vera,
2503 3726 2822 3782 summaque
2853 3718 2906 3764 et
2928 3717 3130 3764 aeterna
3163 3708 3245 3762 sui
3273 3707 3448 3778 ipsius

1847 3801 2082 3867 bonitas,
2131 3800 2492 3871 pulchritudo,
2543 3807 2595 3854 et
2626 3800 2694 3864 (si
2747 3799 2817 3853 ita
2849 3798 3032 3853 dicere
3070 3797 3220 3868 licet)
3260 3796 3451 3850 multi-

1847 3891 1995 3955 tudo,
2059 3889 2396 3959 magnitudo.
2447 3888 2722 3959 Quidquid
2763 3888 2818 3941 in
2857 3888 2962 3942 hoc
2991 3886 3214 3954 mundo,
3247 3885 3317 3940 de
3346 3886 3466 3940 hoc.

1845 3978 2051 4032 mundo
2095 3978 2360 4045 videmus,
2404 3977 2675 4042 audimus,
2735 3983 3040 4049 gustamus,
3071 3975 3365 4030 odoramus
3398 3981 3478 4028 et.

1846 4067 2143 4137 tangimus,
2177 4082 2289 4120 non
2305 4074 2388 4120 est
2417 4066 2554 4136 ipse.
2580 4065 2726 4133 Quid
2758 4080 2894 4136 ergo
2925 4071 3007 4120 est
3037 4064 3154 4135 ipse
3185 4063 3452 4118 Dominus

1847 4157 1995 4212 Deus
2023 4162 2210 4210 noster
2235 4173 2248 4220 ;
2285 4155 2432 4225 quid,
2460 4170 2668 4224 quaeso,
2693 4162 2774 4208 est
2794 4154 2822 4206 ?
2852 4155 2974 4208 Non
3005 4161 3089 4207 est
3117 4153 3284 4208 decor
3311 4151 3451 4206 mul-

1846 4252 1934 4298 tus
1961 4252 2014 4298 et
2034 4259 2286 4315 magnus,
2319 4259 2478 4314 quem
2526 4250 2750 4312 aspectu
2783 4257 2950 4296 cerno
2985 4256 3261 4311 corporeo
3295 4258 3307 4293 Ξ
3341 4256 3453 4294 non
3519 4270 3524 4276 ·
3558 4259 3565 4266 ⁸

1845 4348 1949 4387 vox
2008 4339 2092 4386 est
2129 4347 2292 4402 quam
2331 4330 2686 4400 corporaliter
2713 4329 2879 4384 audio
2911 4347 2925 4383 :
2959 4345 3069 4383 non
3097 4329 3256 4393 odor,
3284 4343 3448 4399 quem

1850 4420 2067 4486 olfacio,
2107 4398 2216 4474 non
2253 4398 2609 4490 sapor—quem
2648 4426 2829 4488 gusto,
2863 4433 2972 4472 non
3001 4417 3245 4487 aptitudo
3285 4398 3459 4487 quam.

132 4516 185 4563 et
214 4507 440 4579 quando
472 4506 640 4560 multa
681 4505 947 4561 dicemus.
987 4506 1057 4560 Et
1088 4505 1257 4560 verba
1289 4504 1511 4575 quando
1540 4511 1740 4559 utcun-
1765 4507 1817 4566 D
1848 4518 2032 4580 tango.
2067 4510 2135 4562 Et
2162 4516 2341 4563 tamen
2372 4508 2619 4578 qumdam
2665 4506 3069 4577 quodammodo
3115 4505 3270 4576 quasi
3301 4503 3449 4558 mul-

132 4613 240 4669 que
271 4603 420 4661 sunt,
443 4594 570 4666 quid
611 4594 762 4648 aliud
821 4609 983 4665 quam
1016 4609 1181 4649 voces
1238 4593 1439 4648 mentis
1470 4593 1642 4646 sunt?
1673 4593 1744 4646 Et

128 4684 356 4757 quidem
389 4684 476 4738 vel
534 4683 770 4740 necdum
801 4691 944 4747 sunt,
996 4683 1084 4738 vel
1119 4684 1235 4752 jam
1291 4699 1401 4737 non
1431 4689 1574 4747 sunt,
1617 4682 1744 4753 quia

130 4774 238 4828 nisi
288 4772 624 4827 transeundo
680 4788 791 4826 non
839 4779 984 4827 sunt.
1039 4772 1147 4827 Sed
1181 4779 1472 4843 antequam
1509 4771 1744 4826 transire

134 4861 425 4932 incipiant,
455 4861 688 4916 necdum
719 4869 862 4925 sunt,
897 4869 949 4916 et
978 4876 1100 4916 cum
1133 4861 1462 4928 transierint,
1491 4860 1602 4928 jam
1635 4875 1743 4915 non

131 4959 280 5005 sunt.
320 4949 499 5015 Unde,
533 4949 619 5005 vel
648 4949 866 5021 quando
894 4949 1025 5003 mihi
1059 4949 1249 5015 verba,
1283 4949 1480 5020 quibus
1508 4949 1604 5002 tibi
1654 4948 1745 5019 qui

133 5039 412 5094 habitator
427 5054 489 5093 es
509 5038 682 5105 cellae,
711 5038 983 5109 loquendo
1003 5039 1285 5093 ostendam
1311 5038 1437 5108 quid
1471 5038 1540 5092 sit
1561 5039 1746 5092 Deus?

132 5128 280 5183 Ecce
309 5126 368 5181 in
397 5127 536 5181 cella
568 5127 778 5197 absque
805 5127 1110 5181 cessatione
1156 5128 1332 5181 Deum
1363 5126 1746 5181 ardentissime

134 5230 310 5280 amas,
349 5217 521 5269 Deum
553 5214 905 5269 devotissime
935 5230 1085 5280 oras,
1133 5215 1200 5268 ad
1229 5217 1400 5270 Deum
1430 5214 1745 5269 medullitus

133 5303 424 5374 pervenire
472 5303 794 5369 desideras;
831 5303 927 5357 sed
958 5303 1037 5358 sic
1093 5303 1348 5367 amando,
1383 5303 1463 5358 sic
1511 5302 1738 5368 orando,

133 5393 214 5448 sic
235 5391 626 5455 desiderando,
663 5391 791 5463 quid
823 5393 1000 5446 Deum
1022 5407 1144 5446 esse
1177 5393 1389 5463 cogitas
1410 5393 1437 5446 ?
1468 5391 1586 5446 Scis
1618 5391 1746 5461 quia

133 5480 430 5536 invisibilis
463 5488 565 5545 est,
599 5495 704 5534 nec
733 5488 815 5533 est
853 5480 1035 5550 aliqua
1063 5487 1316 5534 creatura
1347 5478 1632 5535 invisibilis
1655 5493 1746 5532 co-

132 5585 246 5623 ram
277 5584 345 5624 eo
370 5583 382 5622 :
406 5567 739 5640 principium
780 5569 899 5624 sine
943 5567 1233 5639 principio,
1267 5566 1392 5622 finis
1439 5567 1556 5621 sine
1596 5565 1743 5630 line;

1843 4599 2017 4653 titudo
2047 4605 2150 4663 est,
2189 4597 2436 4668 quzedam
2467 4595 2809 4668 magnitudo,
2843 4594 3063 4665 quidam
3084 4593 3271 4659 decor,
3309 4609 3454 4664 qua:-

1843 4687 1969 4742 dam
2001 4703 2125 4754 vox,
2146 4685 2367 4758 quidam
2398 4685 2555 4754 odor,
2574 4683 2797 4755 quidam
2815 4698 3000 4753 sapor,
3023 4681 3274 4752 quaedam
3304 4681 3450 4751 apti-

1844 4776 1992 4830 tudo.
2028 4775 2197 4844 Quasi
2229 4774 2481 4846 quaedam
2511 4773 2819 4838 multitudo,
2844 4772 2942 4826 sed
2968 4787 3092 4826 cum
3111 4787 3220 4825 una
3251 4769 3450 4840 simpli-

1845 4865 2026 4926 citate,
2063 4873 2116 4918 et
2144 4863 2376 4934 simplici
2417 4863 2639 4927 unitate,
2693 4862 2748 4915 in
2777 4877 2936 4932 quam
2982 4859 3164 4914 nullus
3195 4874 3450 4914 numerus

1845 4954 2008 5010 cadit.
2051 4953 2366 5026 Magnitudo
2389 4995 2405 5018 ,
2441 4952 2538 5006 sed
2597 4951 2714 5005 sine
2761 4950 3075 5022 quantitate,
3109 4964 3271 5020 quam
3303 4947 3449 5002 nulla

1844 5058 2098 5098 mensura
2129 5041 2562 5111 comprehendit.
2611 5041 2811 5104 Decor,
2853 5055 3016 5110 quem
3048 5037 3192 5092 nulla
3223 5035 3450 5093 offuscat

1845 5131 2182 5186 deformitas.
2219 5131 2358 5196 Vox,
2393 5146 2555 5200 quam
2594 5128 2800 5182 nullum
2842 5127 2976 5198 rapit
3008 5135 3238 5196 tempus.
3276 5126 3444 5193 Odor,

1848 5236 2007 5290 quem
2066 5219 2247 5273 nullus
2295 5217 2562 5290 dispergit
2609 5217 2791 5271 flatus.
2833 5216 3026 5286 Sapor,
3075 5231 3239 5286 quem
3270 5213 3449 5284 aliqua

1847 5324 1953 5363 non
2002 5307 2193 5360 minuit
2251 5305 2534 5360 comestio.
2586 5304 2885 5376 Aptitudo,
2921 5319 3081 5374 quam
3110 5303 3294 5374 aliqua
3339 5317 3450 5357 non

1848 5395 2174 5452 contaminat
2204 5395 2499 5465 corruptio.
