3938 6432
479 304 582 356 859

972 425 1366 483 CAPITULUM
1396 429 1577 486 XXX.

482 542 558 596 De
597 541 877 595 Trinitate
901 556 1297 610 personarum,
1356 548 1413 599 et
1469 546 1695 600 unitate
1741 547 2073 601 substantia

553 628 674 736 (ἧψε
704 612 848 693 ρεαδ
896 615 1000 693 est,
1044 617 1101 693 et
1130 616 1270 683 quod
1297 618 1695 686 prrrjudicium
1726 619 1949 699 aliquod
1969 634 2072 673 nec

592 683 807 735 'rimtas
836 687 1078 736 unitati.
1113 701 1215 736 nec
1263 688 1461 736 unitas
1494 689 1635 736 facit
1672 689 1961 736 Trimlati.

601 685 807 735 rinitas
836 685 1078 751 unitati,
1113 701 1215 739 nec
1263 685 1461 742 unitas
1490 689 1635 757 facit
1672 685 1961 743 Trinitati.

551 800 695 855 Ecce
724 816 844 870 qua
874 800 989 866 tibi,
1023 802 1116 872 qui
1145 803 1416 858 habitator
1444 821 1504 859 es
1535 805 1707 871 cella,
1740 805 1974 860 diximus
2005 805 2075 860 de

482 889 617 943 Deo.
648 890 715 943 Et
774 888 947 943 multa
1004 890 1226 960 quidem
1273 892 1507 947 diximus
1532 936 1544 959 ,
1579 894 1677 948 sed
1734 894 1863 964 quid
1906 894 1961 947 in
1991 895 2073 947 his

482 976 733 1032 omnibus
770 976 1005 1031 diximus
1026 979 1054 1032 ‘P
1080 980 1327 1051 nunquid
1360 996 1470 1035 non
1514 982 1695 1037 verbis
1744 982 2026 1037 deﬁcimus
2048 984 2076 1036 ?

482 1066 657 1121 Multa
687 1066 958 1132 dicemus,
1000 1066 1190 1138 inquit,
1224 1073 1279 1123 et
1320 1070 1642 1137 deﬁciemus
1674 1071 1850 1125 verbis
1878 1072 2073 1139 (Ecclz'.

483 1168 638 1220 xuii,
670 1157 783 1223 29).
818 1154 875 1209 Si
905 1155 1072 1210 multa
1125 1164 1249 1211 sunt
1280 1158 1452 1213 verba
1482 1175 1603 1230 qua
1630 1159 1880 1225 dicimus,
1906 1176 2078 1230 quare

483 1242 667 1297 verbis
697 1242 983 1298 deﬁcimus
1004 1244 1033 1297 ?
1058 1245 1323 1300 Nimirum
1339 1246 1468 1317 quia
1497 1262 1641 1314 eum,
1672 1248 1741 1302 de
1771 1264 1878 1319 quo
1907 1249 2078 1303 verba

483 1331 654 1385 multa
686 1332 936 1397 dicimus,
971 1332 1101 1403 quid
1132 1334 1199 1388 sit
1229 1334 1300 1389 ad
1329 1335 1550 1405 plenum
1572 1352 1681 1391 non
1700 1337 2074 1407 exprimimus.

485 1419 727 1474 Dicimus
757 1437 992 1492 quoque,
1029 1422 1073 1474 si
1105 1430 1283 1476 tamen
1314 1423 1389 1477 ita
1411 1424 1597 1479 dicere
1624 1424 1768 1489 licet,
1789 1425 1916 1497 quia
1937 1442 2079 1480 unus

484 1524 607 1562 cum
637 1507 708 1562 sit
735 1509 934 1564 multus
968 1518 1068 1574 est,
1112 1511 1209 1565 sed
1248 1512 1365 1565 sine
1411 1528 1659 1577 numero,
1708 1529 1946 1585 magnus
1981 1514 2079 1569 sed

485 1595 602 1650 sine
631 1596 962 1667 quantitate;
997 1598 1246 1668 simplex,
1281 1599 1379 1654 sed
1402 1599 1518 1655 sine
1553 1602 1932 1656 extenuatione
1954 1620 1968 1668 ;
1990 1602 2082 1656 bo-

486 1700 609 1751 nus,
643 1685 739 1739 sed
770 1684 888 1740 sine
918 1686 1213 1757 qualitate;
1249 1704 1492 1759 semper,
1527 1690 1624 1744 sed
1647 1689 1764 1745 sine
1796 1698 2078 1761 tempore;

1348 303 1689 363 GUIGONIS
1728 306 1776 360 II
1813 304 2221 363 CARTHUSIE
2271 304 2564 364 MAIORIS
2602 305 2907 365 PRIORIS.

3674 309 3787 362 860

2095 433 2147 493 Α
2175 446 2273 501 pra
2300 430 2520 487 modum
2552 430 2707 486 nefas
2736 438 2840 486 est.
2893 430 3028 485 Sunt
3052 444 3189 501 ergo
3216 430 3302 486 ha
3329 435 3439 485 tres
3466 445 3728 502 persona
3764 446 3779 485 :

2172 520 2331 574 Pater
2356 519 2610 592 gignens,
2645 519 2813 574 Filius
2843 535 2877 573 a
2904 520 3064 573 Patre
3105 517 3343 591 genitus,
3375 518 3606 590 Spiritus
3639 536 3781 574 san-

2172 615 2292 663 ctus
2321 623 2355 662 a
2412 608 2564 662 Patre
2608 615 2660 663 et
2717 607 2851 662 Filio
2908 606 3231 678 procedens.
3265 606 3506 675 Quarum
3544 608 3782 680 quidem

2173 711 2531 767 personarum
2562 696 2709 750 nulla
2737 696 2912 751 altera
2940 703 3051 761 est;
3084 694 3211 766 quia
3241 711 3352 750 non
3378 704 3461 751 est
3489 712 3597 752 una
3635 714 3782 768 per-

2174 801 2326 851 sona,
2350 785 2449 839 sed
2481 794 2610 840 tres.
2630 786 2772 840 Nam
2798 801 2905 840 una
2931 800 3167 855 persona
3194 799 3304 839 non
3325 792 3504 855 potest
3531 785 3782 857 gignere

2175 890 2253 937 se,
2289 882 2342 927 et
2370 874 2523 945 gigni
2552 874 2622 928 de
2678 890 2757 939 se,
2792 882 2845 929 et
2901 873 3205 944 procedere
3259 889 3292 927 a
3346 889 3425 928 se.
3457 874 3554 929 Ha
3585 882 3780 929 tamen

2175 969 2285 1015 tres
2314 978 2566 1032 persona
2595 978 2703 1017 una
2734 961 3039 1017 substantia
3073 969 3215 1027 sunt,
3250 969 3440 1017 natura
3468 976 3596 1028 una,
3633 962 3789 1017 divi-

2175 1051 2317 1104 nitas
2348 1066 2475 1117 una,
2511 1052 2765 1121 majestas
2794 1067 2919 1118 una,
2962 1050 3239 1105 aternitas
3265 1066 3392 1105 una.
3445 1050 3612 1108 Recte
3647 1051 3785 1122 qui-

2176 1139 2300 1193 dem
2322 1138 2842 1195 tidemcatholicam
2870 1146 3045 1205 tenes,
3077 1146 3133 1193 tu
3164 1138 3258 1209 qui
3278 1138 3552 1194 habitator
3577 1155 3642 1194 es
3664 1139 3787 1194 cel-

2176 1226 2262 1282 la.
2298 1227 2407 1282 Sed
2439 1228 2571 1299 quid
2628 1235 2712 1283 est
2758 1228 2969 1299 (quaso
2997 1228 3073 1297 te)
3105 1227 3251 1299 quod
3304 1226 3436 1282 mihi
3481 1243 3790 1282 numerum

2178 1315 2296 1370 sine
2328 1331 2553 1371 numero
2608 1316 2891 1386 proponis,
2922 1331 3159 1387 eumque
3187 1315 3318 1370 mihi
3346 1315 3466 1382 das,
3497 1323 3552 1369 et
3586 1316 3787 1371 statim

2178 1420 2301 1459 eum
2332 1403 2475 1459 tollis
2494 1406 2522 1459 ?
2550 1405 2691 1459 Nam
2709 1404 2755 1459 si
2785 1413 2897 1459 tres
2950 1412 3095 1473 sunt,
3129 1419 3311 1459 nonne
3353 1420 3611 1459 numerus
3643 1412 3734 1459 est
3756 1405 3789 1459 Ἰ

2178 1493 2235 1547 Si
2264 1500 2445 1548 autem
2495 1494 2665 1548 tribus
2694 1502 2778 1549 est
2805 1493 3109 1548 substantia
3138 1508 3268 1560 una,
3298 1492 3344 1547 si
3371 1500 3583 1561 natura,
3615 1493 3667 1547 si
3689 1492 3786 1547 di-

2178 1581 2401 1648 vinitas,
2434 1581 2480 1635 si
2504 1582 2774 1650 majestas,
2805 1582 2851 1636 si
2880 1581 3156 1637 aeternitas
3182 1595 3311 1650 una,
3342 1580 3434 1635 ubi
3462 1596 3732 1636 numerus
3756 1583 3788 1637 Ἰ

2177 1670 2476 1739 Numerus,
2507 1670 2604 1736 ais,
2629 1670 2695 1725 ad
2726 1684 2990 1740 personas
3020 1669 3271 1735 refertur,
3304 1669 3433 1739 quia
3463 1677 3575 1724 tres
3604 1678 3739 1724 sunt
3767 1689 3784 1736 ;

485 1772 707 1843 ubique,
740 1774 839 1827 sed
859 1774 976 1829 sine
992 1774 1151 1841 loco;
1180 1775 1235 1829 in
1275 1758 1421 1831 omni
1460 1779 1661 1842 re,,sed
1684 1778 1801 1834 sine
1821 1780 1902 1833 sui
1933 1780 2100 1845 diﬂi-j

2185 1774 2290 1812 non
2321 1768 2499 1813 autem
2529 1759 2598 1813 ad
2628 1758 3010 1824 substantiam,
3035 1758 3161 1830 quia
3180 1774 3286 1813 una
3312 1765 3414 1813 est.
3446 1758 3590 1813 Bene
3611 1758 3783 1826 dicis,

487 1860 724 1927 nitione;
780 1860 836 1915 in
892 1864 1040 1917 omni
1102 1872 1385 1934 tempore,
1447 1866 1543 1920 sed
1599 1866 1715 1922 sine
1770 1868 1949 1939 aliqua
1998 1869 2081 1922 sui

489 1948 865 2005 mutabilitate.
897 1952 1012 2006 Nec
1039 1961 1217 2022 potest
1257 1953 1369 2008 ullo
1397 1954 1581 2020 modo,
1615 1955 1701 2010 vel
1729 1972 1831 2026 pro
1861 1957 1943 2010 sui
1974 1974 2080 2027 pu-

491 2036 652 2092 ritate
680 2038 964 2104 maculari,
997 2040 1083 2094 vel
1111 2056 1212 2111 pro
1256 2058 1354 2095 sua
1402 2042 1743 2113 simplicitate
1772 2044 1963 2109 dividi,
1994 2047 2081 2100 vel

491 2140 591 2195 pro
623 2140 723 2180 sua
758 2126 1121 2183 immensitate
1164 2130 1575 2199 comprehendi,
1608 2131 1697 2186 vel
1740 2147 1841 2201 pro
1872 2148 1966 2185 sua
1993 2132 2082 2185 in-

490 2212 751 2270 ﬁnalitate
778 2217 1101 2272 mensurari.
1132 2218 1249 2273 Nec
1276 2227 1454 2289 potest
1482 2219 1751 2274 ullatenus
1772 2221 2083 2292 cognitione

490 2302 692 2357 variari
746 2304 839 2375 qui
887 2305 1320 2375 sapientissimus
1356 2316 1458 2373 est,
1490 2324 1593 2363 nec
1647 2307 1843 2364 affectu
1890 2309 2085 2363 mutari

493 2390 585 2460 qui
610 2391 846 2461 optimus
875 2401 982 2448 est.
1023 2394 1183 2462 Cujus
1206 2396 1462 2466 potentia
1494 2398 1670 2451 omnis
1702 2397 1927 2453 effectus
1949 2398 2083 2452 sub-

484 2478 690 2547 jicitur,
722 2481 877 2549 cujus
926 2482 1209 2552 sapientiae
1252 2499 1414 2539 omne
1467 2485 1736 2541 occultum
1767 2485 2083 2541 manifesta-

490 2573 596 2633 tur,
627 2568 782 2637 cujus
811 2569 1261 2626 deliberationem
1317 2573 1493 2627 omnis
1559 2582 1787 2628 eventus
1819 2575 2081 2645 sequitur,

492 2656 646 2725 cujus
676 2658 1033 2713 aeternitatem
1061 2675 1171 2713 non
1200 2661 1344 2731 capit
1390 2669 1624 2732 tempus,
1658 2678 1760 2717 nec
1788 2662 2085 2717 bonitatem

491 2745 677 2813 virtus,
711 2762 811 2801 nec
840 2746 1161 2817 sapientiam
1204 2765 1420 2815 sensus,
1455 2766 1557 2805 nec
1585 2750 1881 2820 potentiam
1927 2767 2082 2822 opus.

493 2834 600 2904 Ipsi
629 2834 803 2905 gloria
833 2836 923 2906 qui
963 2853 1059 2891 rex
1113 2845 1197 2892 est
1239 2839 1582 2904 saculorum,
1616 2840 1880 2894 colendus
1910 2848 1963 2894 et
1993 2840 2089 2893 ad-

491 2923 750 2990 orandus,
769 2926 1093 2993 metuendus
1106 2934 1159 2981 et
1173 2928 1512 2997 tremendus,
1530 2943 1596 2983 ac
1610 2928 1898 2983 dominans
1915 2929 2083 2993 Deus,

492 3010 833 3078 immortalis,
867 3013 1193 3080 invisibilis;
1225 3031 1290 3069 ex
1322 3032 1451 3086 quo,
1475 3024 1529 3072 et
1555 3033 1656 3087 per
1696 3033 1857 3088 quem
1925 3026 1979 3071 et
2032 3017 2088 3071 in

494 3114 603 3169 quo
631 3100 831 3155 omnia.
892 3102 1033 3156 Nam
1061 3103 1242 3157 omnia
1273 3119 1339 3158 ex
1385 3104 1524 3174 ipso,
1554 3105 1680 3175 quia
1708 3104 1949 3160 omnium
1972 3105 2087 3175 ipse

495 3186 827 3258 principium
855 3197 908 3244 et
936 3197 1142 3246 auctor.
1176 3190 1371 3247 Omnia
1399 3200 1453 3248 et
1480 3209 1582 3263 per
1606 3194 1805 3263 ipsum,
1836 3193 1960 3264 quia
1988 3210 2088 3265 per

493 3275 692 3346 ipsum,
743 3278 996 3333 omnibus
1049 3278 1328 3335 confertur
1382 3289 1439 3335 ut
1496 3281 1813 3347 subsistant,
1846 3282 1981 3336 sicut
2036 3290 2090 3337 et

496 3363 754 3420 collatum
777 3374 858 3422 est
886 3367 1021 3439 ipsis
1052 3375 1108 3422 ut
1149 3376 1351 3424 essent.
1386 3371 1497 3425 Sed
1528 3378 1580 3425 et
1607 3369 1665 3424 in
1720 3370 1840 3441 ipso
1882 3370 2084 3425 omnia.

492 3453 608 3509 Nos
636 3461 816 3510 tamen
845 3456 1025 3527 potius
1055 3457 1266 3513 virtutis
1295 3458 1561 3515 debemus
1599 3458 1788 3513 mirari
1818 3459 2089 3531 magnitu-

492 3542 696 3610 dinem,
728 3560 893 3617 quam
919 3544 1025 3601 loci
1074 3546 1301 3616 alicujus
1356 3547 1632 3603 somniare
1666 3547 2086 3603 dimensionem.

493 3631 733 3688 Dicimus
765 3633 942 3690 adhuc
973 3634 1041 3703 (si
1072 3642 1251 3691 tamen
1281 3635 1369 3692 hic
1396 3636 1600 3708 aliquid
1630 3636 1813 3692 dicere
1858 3636 1947 3692 vel
1975 3637 2087 3692 sci-

493 3737 638 3786 mus,
669 3722 756 3777 vel
801 3723 1089 3795 valemus),
1141 3726 1291 3779 Deus
1336 3726 1508 3792 Pater,
1544 3725 1692 3780 Deus
1721 3724 1907 3793 Filius,
1939 3726 2089 3780 Deus

497 3809 731 3879 Spiritus
773 3820 994 3875 sanctus
1031 3828 1042 3866 :
1076 3829 1326 3883 persona
1381 3822 1512 3877 tres,
1575 3828 1804 3884 quarum
1833 3813 1979 3868 nulla
2007 3822 2090 3868 est

428 3943 433 3947 .
496 3896 634 3964 alia;
686 3906 739 3952 et
767 3899 1069 3955 substantia
1098 3916 1227 3955 una.
1277 3902 1346 3956 Et
1401 3901 1635 3955 libenter
1671 3902 1776 3957 hoc
1822 3902 2090 3957 catholica

496 3985 724 4055 suscipit
748 3987 914 4043 auris.
949 3989 1057 4043 Sed
1085 4004 1212 4045 cum
1238 3990 1341 4044 hoc
1369 3989 1619 4058 dicimus,
1658 3990 1787 4060 quid
1807 3990 2041 4045 dicimus
2059 3992 2088 4046 Ῥ

497 4072 745 4142 Multum,
803 4076 906 4142 ais,
965 4085 1019 4132 et
1071 4093 1334 4150 magnum
1390 4078 1520 4150 quid
1550 4077 1794 4147 dicimus,
1830 4094 1957 4134 cum
1984 4080 2090 4135 hoc

497 4161 747 4218 dicimus.
779 4164 1023 4221 Dicimus
1060 4166 1225 4232 enim,
1259 4166 1359 4233 ais,
1390 4166 1446 4221 in
1476 4182 1584 4222 uno
1612 4167 1916 4239 eodemque
1950 4168 2086 4233 Deo,

496 4258 875 4324 praeterquam
905 4254 1047 4309 alius
1076 4271 1185 4310 non
1217 4264 1317 4322 est,
1354 4272 1478 4311 esse
1509 4263 1562 4310 et
1590 4271 1943 4327 personarum
1973 4256 2089 4311 Tri-

493 4340 737 4410 nitatem,
769 4351 821 4397 et
847 4344 1165 4399 substantia
1195 4345 1471 4401 unitatem.
1504 4346 1669 4410 Bene,
1704 4344 1944 4417 inquam.
1980 4344 2089 4400 Sed

494 4430 740 4502 nunquid
759 4431 905 4487 aliud
936 4449 1059 4489 esse
1089 4433 1226 4489 dicis
1264 4434 1338 4489 ibi
1358 4449 1713 4505 personarum
1747 4433 2084 4499 Trinitatem,

2182 1848 2278 1902 sed
2310 1847 2553 1918 nunquid
2582 1847 2731 1903 aliud
2759 1847 2875 1901 ista
2896 1854 3007 1902 tres
3039 1862 3289 1917 persona
3322 1854 3467 1913 sunt,
3498 1861 3669 1917 quam
3698 1854 3789 1901 est

2180 1936 2285 1989 ista
2307 1951 2414 1989 una
2450 1936 2793 1990 substantia?
2823 1942 2916 1990 aut
2945 1934 3093 1990 aliud
3119 1936 3239 1991 hac
3267 1951 3373 1989 una
3402 1943 3485 1990 est
3513 1935 3787 1990 substan-

2180 2024 2273 2092 tia,
2307 2040 2470 2095 quam
2494 2024 2611 2081 ista
2642 2031 2766 2079 sunt
2790 2032 2899 2079 tres
2927 2039 3176 2095 persona
3196 2023 3224 2077 ‘l’
3252 2024 3394 2090 Non,
3426 2023 3625 2095 inquis,
3652 2024 3788 2095 quia

2181 2112 2300 2167 ista
2329 2121 2440 2167 tres
2469 2129 2737 2183 persona,
2772 2113 2871 2167 ista
2917 2128 3023 2168 una
3052 2112 3353 2168 substantia
3381 2120 3505 2167 sunt
3538 2127 3552 2166 :
3585 2120 3642 2167 et
3661 2112 3790 2168 hac

2182 2217 2290 2256 una
2318 2202 2643 2269 substantia,
2678 2202 2894 2257 illarum
2924 2210 3006 2257 est
3034 2200 3191 2256 trium
3212 2216 3590 2271 personarum.
3612 2201 3787 2257 Nulla

2182 2305 2418 2361 namque
2475 2290 2635 2345 trium
2683 2305 3039 2361 personarum
3067 2298 3151 2345 est
3179 2305 3245 2345 ea
3292 2305 3413 2360 qua
3441 2288 3651 2357 altera;
3682 2290 3789 2345 sed

2183 2393 2525 2450 unaquaque
2556 2387 2736 2433 tamen
2783 2385 2865 2433 est
2894 2378 2950 2433 id
3001 2378 3151 2449 quod
3203 2377 3393 2433 altera.
3442 2375 3588 2446 Quid
3617 2378 3789 2432 Pater

2185 2466 2407 2536 quidem
2440 2466 2582 2521 alius
2613 2475 2697 2521 est
2730 2482 2894 2537 quam
2926 2466 3107 2532 Filius,
3139 2466 3227 2522 vel
3271 2466 3504 2536 Spiritus
3531 2473 3784 2534 sanctus,

2186 2555 2284 2610 sed
2315 2572 2423 2610 non
2443 2555 2629 2622 aliud;
2663 2564 2715 2610 et
2746 2555 2914 2610 Filius
2943 2562 3028 2610 est
3055 2555 3196 2610 alius
3228 2569 3390 2626 quam
3407 2554 3644 2625 Spiritus
3663 2570 3792 2609 san-

2185 2652 2323 2709 ctus,
2357 2644 2443 2699 vel
2476 2644 2645 2710 Pater,
2681 2645 2776 2698 sed
2810 2659 2919 2699 non
2947 2642 3112 2699 aliud.
3147 2642 3375 2714 Spiritus
3394 2650 3614 2698 sanctus
3643 2642 3789 2696 alius

2187 2747 2350 2803 quam
2382 2733 2542 2787 Pater
2569 2732 2656 2789 vel
2687 2733 2873 2798 Filius,
2908 2732 3006 2787 sed
3043 2731 3190 2787 aliud
3220 2746 3331 2787 non
3358 2738 3441 2786 est
3472 2750 3485 2785 :
3520 2731 3652 2802 quia
3682 2731 3789 2786 Pa-

2187 2829 2289 2886 ter,
2322 2829 2375 2877 et
2404 2821 2587 2886 Filius,
2614 2830 2669 2876 et
2696 2821 2929 2891 Spiritus
2958 2828 3200 2888 sanctus,
3232 2829 3316 2875 est
3333 2836 3473 2875 unus
3510 2819 3786 2875 naturali-

2188 2917 2289 2978 ter,
2314 2910 2567 2981 idemque
2586 2912 2751 2965 Deus.
2779 2910 2870 2966 Sic
2888 2910 3082 2965 damus
3104 2909 3334 2981 singulis
3349 2908 3600 2980 personis
3627 2924 3788 2964 suam

2185 2998 2591 3069 proprietatem,
2627 2998 2772 3069 quod
2801 2998 3114 3053 substantia
3141 3014 3252 3054 non
3308 2997 3546 3052 tollimus
3591 2996 3786 3051 unita-

2188 3095 2294 3142 tem
2330 3105 2343 3141 :
2377 3088 2505 3158 quia
2533 3088 2588 3142 in
2610 3088 2759 3143 nullo
2775 3086 3092 3158 prajudicat
3116 3086 3203 3145 vel
3233 3086 3545 3141 substantia
3573 3085 3783 3152 unitas,

2187 3192 2545 3247 personarum
2576 3175 2839 3242 Trinitati,
2872 3176 2959 3233 vel
2988 3191 3348 3247 personarum
3375 3174 3629 3242 Trinitas,
3653 3174 3787 3230 sub-

2189 3265 2402 3320 stantia
2452 3264 2662 3320 unitati.
2694 3264 2967 3334 Quocirca
2993 3280 3097 3321 nec
3126 3279 3161 3320 a
3188 3263 3499 3319 substantia
3553 3263 3785 3333 unitate,

2187 3369 2550 3425 personarum
2605 3353 2879 3421 Trinitas;
2924 3369 3029 3410 nec
3056 3368 3090 3408 a
3118 3368 3474 3424 personarum
3502 3352 3783 3419 Trinitate,

2189 3442 2505 3498 substantia
2535 3442 2711 3497 unitas
2753 3457 3003 3497 seorsum
3030 3449 3112 3497 est
3159 3441 3468 3512 cogitanda,
3498 3440 3587 3497 vel
3618 3456 3787 3512 seps.

2188 3532 2360 3586 randa
2385 3550 2400 3598 ;
2433 3531 2531 3587 sed
2559 3531 2739 3602 potius
2770 3538 2824 3586 et
2863 3530 3042 3586 unitas
3075 3530 3133 3585 in
3168 3530 3443 3595 Trinitate,
3469 3537 3524 3586 et
3551 3529 3785 3586 Trinitas

2188 3620 2245 3675 in
2275 3620 2479 3676 unitate
2524 3620 2832 3676 veneranda
2878 3627 2933 3675 et
2980 3618 3277 3675 adoranda.
3312 3618 3387 3686 Si,
3419 3626 3476 3673 ut
3518 3617 3678 3683 dicis,
3711 3617 3783 3673 ita

2188 3718 2291 3776 est,
2315 3709 2425 3765 imo
2440 3708 2565 3781 quia
2582 3707 2659 3763 ita
2678 3717 2780 3774 est,
2801 3707 3075 3779 quomodo
3094 3706 3169 3762 ita
3189 3706 3312 3763 est?
3329 3707 3451 3762 Non
3473 3706 3655 3778 plene,
3676 3707 3780 3773 ais,

2186 3814 2287 3869 per
2316 3798 2599 3854 scientiam
2631 3797 2785 3868 capio
2814 3796 3089 3867 quomodo
3120 3803 3220 3864 est,
3252 3795 3351 3851 sed
3381 3794 3469 3866 pie
3485 3811 3588 3867 per
3617 3795 3782 3851 ﬁdem

2187 3886 2353 3942 credo
2384 3886 2509 3958 quia
2537 3886 2612 3940 ita
2641 3894 2741 3941 est.
2791 3885 3010 3957 Optime
3037 3884 3213 3952 dicis;
3246 3899 3371 3940 nam
3400 3883 3631 3940 credere
3658 3884 3781 3955 pie-

2186 3975 2311 4030 tatis
2332 3982 2433 4044 est,
2466 3975 2737 4031 discutere
2769 3973 3086 4030 temeritatis
3120 3988 3132 4027 :
3164 3973 3325 4044 plene
3362 3980 3543 4028 autem
3572 3987 3782 4044 asper-

2188 4064 2328 4120 fecte
2375 4079 2561 4131 nosse,
2604 4063 2731 4130 vita,
2766 4070 2820 4119 et
2874 4062 2981 4119 vita
3024 4069 3226 4118 aterna
3280 4069 3381 4118 est.
3415 4061 3557 4117 Dicit
3600 4068 3778 4117 autem

2188 4154 2380 4209 beatus
2410 4152 2744 4223 Augustinus
2773 4152 2921 4225 quod
2954 4159 3135 4207 tantus
3163 4160 3246 4206 est
3302 4150 3451 4207 solus
3480 4151 3662 4216 Pater,
3692 4150 3780 4206 vel

2188 4242 2339 4297 solus
2360 4241 2546 4305 Filius,
2581 4240 2668 4296 vel
2699 4240 2847 4297 solus
2890 4240 3123 4311 Spiritus
3162 4247 3401 4306 sanctus,
3441 4246 3672 4311 quantus
3698 4248 3783 4294 est

2188 4330 2349 4386 simul
2417 4330 2599 4401 Pater,
2661 4338 2715 4386 et
2760 4330 2949 4397 Filius,
2974 4337 3027 4385 et
3060 4328 3289 4399 Spiritus
3343 4335 3598 4393 sanctus;
3629 4327 3780 4396 cujus

2188 4435 2334 4476 nunc
2353 4419 2484 4475 libet
2512 4419 2680 4475 verba
2709 4419 2826 4486 tibi,
2858 4418 2952 4491 qui
2978 4418 3253 4474 habitator
3280 4417 3433 4473 cella
3452 4432 3531 4483 es,
3561 4417 3631 4471 ad
3657 4432 3777 4472 me-

494 4501 655 4590 quam
677 4520 993 4578 substantia
1015 4523 1273 4579 unitatem
1297 4524 1325 4578 ?
1344 4501 1486 4589 Non,
1514 4522 1695 4594 inquis
1720 4541 1735 4589 ;
1767 4523 1866 4577 sed
1886 4523 2089 4577 habent

2190 4508 2419 4564 moriam
2458 4524 2738 4575 revocare,
2770 4524 2894 4579 qua
2948 4507 3005 4562 in
3051 4514 3204 4563 sexto
3234 4506 3374 4562 libro
3403 4504 3471 4561 de
3496 4504 3774 4572 Trinitate,

493 4619 743 4674 persona
773 4607 889 4661 ista
919 4608 1279 4679 pr0prietates
1328 4625 1454 4664 suas
1486 4623 1498 4662 :
1532 4608 1656 4680 quia
1712 4607 1882 4663 solius
1914 4608 2089 4663 Patris

497 4701 580 4748 est
599 4694 847 4767 gignere,
872 4703 923 4751 et
942 4696 1067 4752 ideo
1092 4713 1125 4752 a
1151 4697 1303 4753 nullo
1323 4705 1444 4765 est;
1477 4697 1645 4752 solius
1674 4697 1792 4752 Filii
1810 4704 1891 4753 est
1909 4696 2087 4769 gigni,

498 4790 552 4837 et
585 4783 712 4840 ideo
741 4799 775 4839 a
803 4785 963 4841 Patre
992 4794 1112 4853 est;
1146 4786 1317 4842 solius
1351 4794 1531 4841 autem
1551 4784 1781 4858 Spiritus
1810 4786 1987 4841 sancti
2008 4793 2092 4841 est

497 4872 819 4942 procedere,
853 4882 906 4929 et
933 4874 1059 4930 ideo
1085 4891 1116 4929 a
1142 4875 1302 4930 Patre
1331 4883 1386 4931 et
1430 4875 1568 4930 Filio
1596 4883 1696 4930 est.
1731 4875 1841 4931 Sed
1872 4891 1985 4930 non
2011 4875 2092 4931 sic

499 4975 533 5015 a
561 4961 716 5017 Patre
746 4970 799 5017 et
825 4962 960 5017 Filio
1014 4962 1245 5033 Spiritus
1274 4970 1493 5019 sanctus
1518 4971 1619 5029 est,
1646 4964 1785 5018 sicut
1816 4971 1897 5019 est
1926 4964 2093 5018 Filius

499 5063 533 5104 a
561 5050 755 5116 Patre;
786 5051 913 5121 quia
939 5050 1190 5120 procedit
1216 5051 1284 5105 ab
1304 5060 1536 5122 utroque
1567 5060 1622 5121 (a
1650 5051 1812 5106 Patre
1842 5051 2096 5107 videlicet

503 5145 555 5192 et
575 5138 710 5193 Filio
760 5138 988 5209 Spiritus
1043 5139 1285 5209 sanctus)
1312 5139 1411 5194 sed
1439 5155 1470 5193 a
1499 5146 1690 5193 neutro
1724 5138 1984 5211 gignitur.
2027 5142 2096 5195 At

502 5241 637 5281 vero
665 5226 832 5281 Filius
860 5242 891 5279 a
920 5227 1038 5281 solo
1068 5228 1225 5282 Patre
1256 5227 1540 5300 gignitur;
1576 5235 1629 5282 ct
1647 5227 1773 5283 ideo
1790 5228 1952 5283 Pater
1969 5228 2095 5299 qui-

504 5314 631 5368 dem
660 5313 898 5386 gignens
916 5322 1020 5383 est,
1061 5314 1229 5369 Filius
1258 5324 1436 5371 autem
1485 5317 1700 5386 genitus
1734 5331 1747 5369 :
1780 5323 1832 5371 et
1861 5316 1987 5371 inde
2016 5325 2098 5371 est

506 5398 651 5467 quod
680 5398 837 5452 Pater
865 5399 1021 5454 Pater
1049 5408 1151 5466 est,
1184 5408 1235 5455 et
1276 5399 1442 5455 Filius
1473 5407 1574 5456 est.
1632 5400 1887 5471 Alioquin
1915 5400 2098 5471 plures

493 5492 691 5540 'essent
728 5486 784 5540 in
812 5486 904 5542 illa
924 5487 1183 5543 Trinitate
1215 5489 1423 5555 Patres,
1467 5497 1519 5544 et
1558 5489 1707 5557 Filii,
1739 5488 1887 5559 quod
1933 5489 2098 5542 nimi-

510 5588 631 5631 rum
661 5574 900 5645 credere,
921 5576 1082 5631 nimis
1111 5578 1496 5648 abominabile,
1529 5588 1579 5634 et
1597 5576 1882 5644 horribile,
1914 5585 1967 5633 et
2008 5594 2098 5632 su-

2192 4598 2381 4653 ultimo
2409 4597 2665 4653 videlicet
2692 4596 2930 4668 capitulo
2959 4596 3204 4665 ejusdem
3232 4594 3355 4650 libri
3382 4593 3581 4665 posuit,
3624 4608 3778 4650 occa—

2193 4687 2345 4742 sione
2374 4686 2588 4741 illorum
2619 4685 2782 4740 trium
2826 4684 3222 4756 profundorum
3277 4683 3566 4739 verborum
3596 4681 3778 4737 Hilarii

2193 4792 2316 4847 qua
2362 4783 2506 4841 sunt,
2562 4774 2837 4830 aeternitas
2875 4774 2933 4829 in
2968 4774 3146 4839 Patre,
3178 4771 3393 4844 species
3418 4771 3475 4827 in
3523 4769 3773 4844 imagine,

2194 4881 2328 4920 usus
2358 4864 2417 4920 in
2453 4880 2698 4920 munere.
2751 4863 2951 4919 Scribit
2996 4862 3180 4934 itaque
3235 4861 3424 4917 beatus
3453 4860 3779 4931 Augustinus

2193 4956 2298 5010 hoc
2344 4953 2509 5009 modo
2548 4970 2563 5008 :
2595 4975 2619 5000 ι
2667 4952 2875 5008 Horum
2917 4950 3230 5018 verborum,
3262 4949 3317 5005 id
3365 4956 3466 5013 est,
3507 4947 3678 5003 Patris
3727 4957 3776 5004 et

2194 5042 2450 5115 imaginis
2494 5050 2547 5097 et
2604 5040 2867 5108 muneris,
2895 5038 3212 5095 aternitatis
3240 5045 3296 5094 et
3322 5036 3524 5108 speciei
3551 5044 3606 5092 et
3633 5051 3772 5101 usus,

2195 5132 2437 5189 abditam
2483 5137 2752 5186 scrutatus
2798 5127 3211 5201 intelligentiam
3239 5126 3298 5182 in
3325 5132 3585 5198 quantum
3614 5124 3775 5187 valeo,

2196 5237 2306 5277 non
2335 5236 2458 5277 eum
2488 5227 2736 5275 secutum
2781 5218 3011 5273 arbitror
3040 5217 3096 5272 in
3149 5213 3467 5273 aternitatis
3498 5213 3774 5280 vocabulo,

2196 5310 2302 5366 nisi
2326 5308 2471 5381 quod
2504 5310 2666 5363 Pater
2683 5322 2795 5362 non
2812 5306 2977 5361 habet
2995 5306 3211 5361 Patrem
3240 5304 3311 5359 de
3340 5318 3446 5375 quo
3477 5302 3548 5356 sit
3579 5316 3592 5355 :
3624 5301 3775 5357 Filius

2199 5406 2381 5453 autem
2400 5398 2470 5453 de
2490 5397 2653 5451 Patre
2701 5402 2803 5460 est,
2835 5403 2910 5461 ut,
2958 5394 3047 5460 sit,
3079 5401 3241 5465 atque
3267 5401 3321 5447 ut
3377 5390 3454 5447 illi
3483 5401 3774 5447 coaternus

2198 5487 2284 5542 sit.
2318 5488 2503 5558 imago
2532 5486 2697 5551 enim,
2729 5484 2776 5540 si
2804 5482 3047 5556 perfecte
3064 5482 3251 5553 implet
3276 5480 3411 5535 illud
3439 5480 3595 5548 cujus
3613 5478 3776 5550 imago

2199 5585 2301 5643 est,
2352 5575 2474 5649 ipsa
2528 5580 2839 5648 coaequatur
2868 5572 2937 5641 ei,
2969 5587 3080 5628 non
3130 5570 3264 5627 illud
3555 5583 3687 5625 sua.
3724 5568 3774 5624 In
