3938 6420
197 325 297 377 861

1342 320 1546 377 LIBER
1574 301 1668 376 DE
1696 318 2081 376 EXERCITIO
2115 319 2371 375 CELLzE.

3407 317 3509 370 862

192 459 304 516 qua
334 442 578 516 imagine
607 443 847 514 speciem
875 443 1195 511 nominavit,
1231 446 1417 512 credo,
1441 452 1667 516 pr0pter
1689 444 1806 514 pul-
1825 445 1880 504 A
1906 443 2012 499 tius
2040 443 2316 508 nolumus,
2346 443 2472 516 quia
2501 445 2628 498 dum
2653 449 2830 498 tantus
2852 441 3082 512 talisque
3105 440 3206 507 sol,
3232 446 3284 495 et
3315 439 3507 494 lucens

193 531 581 598 chritudinem,
614 531 708 585 ubi
730 531 844 600 jam
875 540 958 587 est
989 541 1138 587 tanta
1160 534 1538 605 congruentia,
1563 541 1614 588 et
1636 533 1808 603 prima

196 621 500 693 aequalitas,
533 627 584 675 et
613 620 789 691 prima
819 620 1301 687 similitudo,nulla
1329 622 1385 676 in
1417 639 1477 676 re
1509 621 1802 686 dissidens,

195 718 251 765 et
281 709 433 764 nullo
479 709 644 764 modo
691 709 994 780 inaequalis,
1041 718 1091 765 et
1139 711 1285 765 nulla
1313 718 1470 781 parte
1500 709 1803 776 dissimilis,

194 799 294 854 sed
325 798 624 853 identidem
645 797 986 868 respondens
1013 798 1063 852 ei
1085 799 1239 867 cujus
1263 799 1447 872 imago
1471 806 1572 854 est.
1599 798 1700 854 Ubi
1723 806 1805 852 est

191 887 374 958 prima
418 895 472 941 et
509 901 723 941 summa
771 885 901 952 vita,
949 886 1036 942 cui
1076 901 1183 942 non
1226 897 1307 942 est
1337 888 1481 942 aliud
1515 887 1716 953 vivere,
1753 894 1805 941 et

195 976 344 1030 aliud
371 992 513 1041 esse,
548 975 645 1030 sed
673 975 820 1029 idem
848 982 899 1028 et
927 990 1050 1030 esse
1082 983 1135 1030 et
1163 975 1348 1031 vivere
1385 993 1396 1030 :
1432 983 1483 1030 et
1503 976 1714 1046 primus
1737 991 1803 1030 ac

194 1080 441 1119 summus
484 1063 810 1129 intellectus,
861 1063 948 1118 cui
985 1079 1094 1118 non
1121 1071 1203 1119 est
1245 1064 1389 1118 aliud
1420 1064 1625 1130 vivere,
1658 1064 1802 1118 aliud

193 1152 525 1223 intelligere,
550 1152 648 1207 sed
669 1152 725 1206 id
745 1151 890 1223 quod
912 1160 994 1207 est
1007 1152 1335 1223 intelligere,
1359 1153 1466 1209 hoc
1489 1161 1571 1208 est
1593 1153 1796 1208 vivere.

193 1243 310 1296 Hoc
341 1257 462 1296 esse
512 1249 614 1310 est,
667 1257 834 1295 unum
871 1240 1074 1306 omnia,
1109 1249 1367 1313 tanquam
1394 1242 1634 1296 Verbum
1665 1259 1799 1312 per-

191 1329 428 1396 fectum;
463 1330 550 1386 cui
579 1345 689 1384 non
719 1329 860 1384 desit
887 1329 1114 1400 aliquid,
1148 1339 1201 1385 et
1233 1345 1323 1384 ars
1345 1330 1594 1401 quaedam
1617 1331 1797 1385 omni-

189 1418 428 1489 potentis
458 1425 510 1472 et
541 1417 804 1488 sapientis
850 1417 972 1483 Dei,
1019 1417 1184 1489 plena
1227 1419 1468 1473 omnium
1502 1419 1792 1487 rationum,

189 1506 489 1562 viventium
519 1506 1051 1563 incommutabilium
1085 1523 1097 1562 :
1130 1515 1181 1562 et
1203 1508 1394 1563 omnes
1423 1524 1591 1562 unum
1621 1508 1677 1562 in
1707 1524 1792 1574 ea,

188 1596 332 1651 sicut
361 1595 483 1666 ipsa
511 1611 678 1650 unum
723 1596 791 1650 de
821 1611 949 1662 uno,
1001 1613 1123 1652 cum
1166 1613 1274 1668 quo
1314 1613 1502 1651 unum.
1534 1598 1615 1651 Ibi
1645 1598 1796 1653 novit

194 1684 378 1741 omnia
407 1685 575 1750 Deus,
610 1700 732 1755 quae
761 1683 888 1740 fecit
916 1700 1016 1755 per
1042 1685 1219 1756 ipsam
1255 1702 1266 1740 :
1302 1693 1354 1740 et
1384 1685 1508 1741 ideo
1537 1702 1661 1741 cum
1691 1687 1792 1741 de-

189 1773 391 1828 cedant
419 1771 506 1827 vel
535 1772 829 1828 succedant
858 1780 1126 1845 tempora,
1159 1789 1269 1828 non
1298 1774 1515 1829 decedit
1544 1775 1630 1830 vel
1668 1791 1792 1830 suc-

185 1861 331 1917 cedit
361 1860 566 1932 aliquid
597 1861 838 1916 scientia:
867 1861 987 1916 Dei.
1029 1863 1150 1918 Non
1168 1863 1312 1917 enim
1330 1864 1447 1919 haec
1465 1880 1585 1935 quae
1606 1873 1792 1920 creata

187 1957 334 2017 sunt,
386 1949 512 2005 ideo
560 1949 801 2006 sciuntur
831 1966 863 2006 a
892 1951 1028 2017 Deo,
1082 1951 1206 2023 quia
1235 1951 1379 2008 facta
1409 1960 1556 2019 sunt,
1591 1969 1656 2009 ac
1682 1968 1792 2008 non

179 2038 363 2110 potius
409 2039 534 2094 ideo
579 2037 724 2094 facta
778 2047 922 2106 sunt,
969 2040 1056 2095 vel
1090 2040 1394 2106 mutabilia,
1431 2041 1557 2113 quia
1586 2041 1790 2097 immu-

178 2127 417 2182 tabiliter
443 2128 512 2182 ab
543 2143 606 2182 ea
637 2127 894 2183 sciuntur.
925 2129 1021 2183 Ille
1051 2129 1216 2201 igitur
1242 2129 1534 2184 ineffabilis
1565 2131 1790 2201 quidam

179 2216 498 2287 complexus
543 2216 716 2270 Patris
763 2224 816 2271 et
859 2217 1132 2288 imaginis,
1181 2234 1292 2273 non
1341 2228 1424 2274 est
1456 2219 1572 2273 sine
1603 2220 1787 2290 perfe-

181 2305 383 2371 ctione,
417 2304 535 2360 sine
582 2305 868 2372 charitate,
918 2305 1036 2361 sine
1082 2307 1304 2378 gaudio.
1359 2307 1455 2361 Illa
1483 2323 1613 2379 ergo
1644 2309 1787 2364 dile-

177 2393 306 2458 ctio,
355 2393 669 2460 delectatio,
723 2393 971 2461 felicitas,
1023 2395 1112 2450 vel
1162 2396 1441 2451 beatitudo
1487 2397 1554 2467 (si
1604 2405 1788 2452 tamen

175 2484 419 2538 humana
466 2497 602 2539 voce
648 2482 854 2555 aliquid
901 2484 1127 2554 dignum
1176 2485 1396 2555 dicitur)
1431 2502 1564 2540 usus
1593 2487 1663 2540 ab
1691 2487 1784 2542 illo

176 2571 486 2642 appellatus
515 2579 598 2627 est
647 2572 885 2627 breviter
929 2580 981 2627 et
1029 2581 1112 2627 est
1157 2573 1214 2628 in
1260 2575 1523 2629 Trinitate
1553 2575 1784 2645 Spiritus

178 2669 544 2717 sanctusnon
575 2661 812 2734 genitus,
846 2661 944 2716 sed
973 2662 1260 2734 genitoris,
1293 2664 1571 2735 genitique
1603 2665 1784 2719 suavi-

177 2759 281 2815 tas,
330 2749 557 2820 ingeuiti
618 2749 683 2822 [Î“.
738 2749 966 2823 ingenti]
1024 2751 1278 2824 largitate
1324 2760 1484 2824 atque
1532 2753 1781 2808 ubertate

174 2837 512 2910 perfundens
560 2853 751 2893 omnes
794 2846 1096 2908 creaturas,
1146 2857 1247 2910 pro
1278 2849 1436 2912 captu
1468 2857 1692 2908 earum;
1725 2852 1782 2898 ut

171 2927 424 2982 ordinem
475 2943 635 2982 suum
685 2935 922 2994 teneant,
973 2936 1026 2983 et
1069 2928 1205 2984 locis
1254 2929 1366 2984 suis
1409 2930 1777 3002 acquiescant.

176 3017 311 3071 Haec
355 3015 521 3086 igitur
561 3016 745 3070 omnia
789 3033 908 3088 quae
951 3025 1066 3073 arte
1109 3018 1293 3073 divina
1341 3017 1485 3074 facta
1538 3028 1682 3089 sunt,
1728 3029 1780 3075 et

177 3104 444 3160 unitatem
477 3105 769 3175 quamdam
809 3106 864 3160 in
895 3121 955 3161 se
1003 3107 1312 3177 ostendunt,
1349 3116 1401 3162 et
1429 3108 1690 3179 speciem,
1724 3117 1777 3164 et

172 3193 443 3248 ordinem.
481 3193 758 3264 Quidquid
789 3194 937 3249 enim
964 3195 1153 3250 horum
1176 3204 1278 3262 est,
1305 3204 1359 3252 et
1383 3213 1553 3252 unum
1573 3199 1776 3270 aliquid

169 3290 272 3350 est,
308 3281 450 3337 sicut
479 3290 604 3336 sunt
629 3290 834 3338 natura:
863 3299 1176 3354 corporum,
1208 3285 1538 3358 ingeniaque
1569 3287 1778 3346 anima-

164 3387 310 3437 rum,
345 3378 400 3426 et
446 3371 628 3442 aliqua
676 3372 860 3442 specie
907 3372 1171 3428 formatur
1217 3375 1386 3443 (sicut
1433 3384 1558 3430 sunt
1590 3374 1776 3447 figurae

165 3459 254 3515 vel
281 3459 573 3531 qualitates
601 3475 914 3531 corporum,
949 3477 1015 3517 ac
1044 3463 1326 3530 doctrina),
1361 3465 1446 3520 vel
1477 3472 1624 3519 artes
1655 3465 1776 3518 ani-

160 3549 437 3618 marum);
471 3557 524 3604 et
553 3549 797 3605 ordinem
847 3550 1085 3623 aliquem
1129 3552 1266 3623 petit
1316 3559 1406 3607 aut
1437 3561 1602 3619 tenet,
1637 3555 1777 3610 sicut

164 3645 291 3692 sunt
321 3637 564 3708 pondera
595 3638 681 3693 vel
713 3639 1100 3695 collocationes
1131 3657 1441 3711 corporum,
1476 3650 1529 3697 et
1559 3659 1777 3698 amores

163 3729 255 3781 aut
284 3725 680 3782 delectationes
709 3727 1034 3784 animarum.
1070 3728 1299 3800 Oportet
1328 3731 1492 3803 igitur
1520 3739 1577 3786 ut
1606 3732 1775 3787 Crea-

165 3823 345 3870 torem
376 3831 474 3886 per
504 3831 570 3871 ea
600 3833 721 3888 quae
751 3815 894 3874 facta
915 3826 1042 3872 sunt
1061 3818 1330 3876 intellecta
1351 3820 1770 3891 conspicientes,

160 3903 485 3959 Trinitatem
515 3905 901 3977 intelligamus,
935 3908 1088 3976 cujus
1118 3907 1174 3962 in
1205 3917 1456 3964 creatura
1499 3911 1772 3980 quomodo

163 3991 394 4064 dignum
437 4002 538 4060 est,
591 4003 824 4066 apparet
872 3996 1184 4068 vestigium.
1216 3998 1276 4051 In
1307 3997 1400 4053 illa
1431 3997 1575 4054 enim
1605 3999 1774 4054 Trini-

162 4089 286 4148 tate,
323 4098 540 4137 summa
569 4091 651 4137 est
701 4083 860 4156 origo
891 4101 1070 4139 rerum
1102 4086 1365 4152 omnium,
1401 4095 1453 4142 et
1481 4087 1770 4158 perfectis-

159 4170 296 4225 sima
348 4171 715 4240 pulchritudo,
766 4180 820 4227 et
867 4173 1183 4229 beatissima
1229 4174 1538 4231 delectatio.
1586 4177 1771 4248 Itaque

1907 533 2194 598 illuminat,
2225 541 2276 586 et
2321 533 2516 586 ardens
2562 532 2893 597 inï¬‚ammat,
2947 531 3171 601 dignum
3218 536 3301 584 est
3329 535 3387 581 ut
3420 526 3509 580 lu-

1907 638 2066 676 cerna
2091 622 2238 675 lutea
2266 621 2509 686 recedat,
2541 628 2594 675 et
2627 637 2695 675 ne
2726 620 2865 675 ultra
2894 627 3172 691 appareat,
3208 617 3309 672 sub
3341 616 3508 670 silen-

1907 710 1964 765 tii
1993 710 2216 765 latibulo
2249 727 2306 765 se
2337 710 2656 765 abscondat.

2393 877 2786 933 CAPITULUM
2813 877 3020 930 XXXI.

1902 997 1978 1051 De
2009 995 2275 1065 diligenti
2310 993 2702 1048 sollicitudine
2732 1037 2744 1057 ,
2803 997 2858 1048 et
2907 994 3155 1065 sollicita
3203 992 3506 1065 diligentia

1973 1063 2142 1138 quam
2180 1066 2429 1138 orationi
2468 1068 2681 1138 nostra?
2731 1065 2980 1138 (quando
3011 1065 3063 1118 ei
3097 1063 3502 1138 incumbimus)

1972 1135 2234 1191 debemus
2276 1136 2620 1206 impendere,
2663 1138 2720 1189 et
2754 1136 2818 1188 de
2871 1152 3079 1205 magna
3118 1135 3502 1189 instabilitale

1972 1225 2079 1279 qua
2103 1210 2166 1262 in
2187 1207 2370 1272 corde,
2399 1207 2674 1279 orationis
2696 1209 2943 1279 tempore
2963 1222 3065 1276 per
3092 1207 3354 1279 otiosaet
3394 1221 3500 1259 no-

1971 1277 2093 1333 civa
2138 1278 2404 1347 dispersis
2441 1277 2879 1346 cogitationibus
2899 1277 3129 1347 :nostric
3151 1317 3164 1343 ,
3203 1277 3410 1330 misere
3437 1292 3502 1330 ac

1969 1349 2376 1404 miserabiliter
2415 1350 2784 1416 /luctuamus,
2819 1351 2873 1402 et
2904 1364 3002 1418 per
3033 1349 3338 1402 innumera
3369 1363 3502 1403 eva-

1968 1437 2189 1491 gamur.

1969 1535 2027 1586 In
2052 1533 2452 1588 transvadando
2475 1533 2698 1590 ï¬‚uvium
2718 1533 2869 1588 illum
2892 1531 3210 1600 secundum,
3232 1531 3323 1602 qui
3346 1547 3500 1602 egre-

1896 1622 2046 1677 ditur
2075 1623 2142 1676 de
2169 1623 2292 1678 loco
2341 1622 2653 1692 voluptatis,
2703 1622 2791 1678 cui
2827 1638 3029 1677 nomen
3057 1629 3140 1676 est
3171 1620 3370 1687 Gihon,
3403 1620 3500 1674 ali-

1899 1727 2062 1783 quam
2106 1711 2335 1766 fecimus
2382 1726 2612 1766 moram.
2660 1712 2775 1766 Nec
2823 1711 3006 1777 debet,
3054 1717 3114 1764 ut
3159 1709 3498 1776 arbitramur,

1810 1802 1863 1863 B
1893 1800 1979 1855 vel
2009 1800 2128 1871 ipsa
2158 1816 2319 1872 quam
2361 1799 2588 1854 fecimus
2626 1815 2784 1854 mora
2827 1799 3172 1869 reprehendi,
3219 1799 3306 1853 vel
3336 1814 3499 1868 super

1893 1905 1956 1944 ea
1984 1889 2179 1960 aliquis
2229 1887 2458 1942 nimium
2503 1888 2778 1953 admirari,
2829 1888 2921 1958 qui
2967 1895 3172 1958 quanta
3216 1887 3493 1952 duntaxat,

1891 1978 1978 2032 vel
2049 1978 2166 2045 ejus
2216 1976 2284 2030 sit
2343 1977 2572 2031 latitudo
2620 1984 2670 2032 et
2707 1976 3046 2046 profunditas
3089 1991 3199 2030 non
3257 1975 3495 2046 ignorat.

1898 2067 2054 2120 Nunc
2084 2073 2262 2120 autem
2293 2066 2361 2119 ad
2393 2065 2611 2120 tertium
2640 2064 2733 2137 qui
2761 2064 2830 2120 de
2861 2065 2983 2120 loco
3013 2064 3302 2134 voluptatis
3335 2080 3498 2136 egre-

1890 2154 2035 2208 ditur
2065 2154 2308 2220 ï¬‚uvium,
2357 2154 2446 2210 cui
2487 2154 2667 2225 Tigris
2698 2170 2896 2209 nomen
2926 2162 3025 2219 est,
3061 2154 3407 2221 accedamus,
3440 2161 3499 2208 ut

1887 2259 1986 2314 per
2025 2259 2149 2298 eum
2179 2252 2544 2298 transeamus.
2595 2243 2711 2298 Nos
2740 2259 2871 2298 vero
2909 2259 3010 2314 per
3059 2243 3204 2298 hunc
3249 2241 3492 2310 ï¬‚uvium,

1888 2332 1979 2402 qui
2013 2332 2212 2388 dicitur
2258 2332 2456 2404 Tigris,
2509 2340 2767 2403 quantum
2815 2332 2883 2386 ad
2931 2331 3190 2387 moralem
3233 2331 3496 2386 duntaxat

1886 2421 2077 2475 attinet
2106 2437 2348 2485 sensum,
2391 2421 2644 2476 devotam
2691 2421 2932 2474 diximus
2961 2420 3338 2490 accipiendam
3369 2436 3493 2476 esse

1885 2510 2187 2564 orationem
2213 2529 2226 2574 ;
2262 2509 2399 2564 sicut
2433 2525 2532 2578 per
2549 2509 2698 2563 illum
2719 2509 2812 2580 qui
2830 2509 3012 2563 Gihon
3032 2517 3273 2574 vocatur,
3299 2523 3494 2578 puram

1884 2597 2320 2652 meditationem.
2371 2599 2440 2652 Et
2477 2598 2546 2653 de
2575 2598 2989 2652 meditationum
3022 2597 3242 2668 quidem
3269 2597 3494 2669 generi-

1884 2686 1986 2739 bus
2016 2685 2202 2756 aliqua
2248 2686 2361 2752 tibi,
2395 2686 2488 2756 qui
2535 2686 2806 2740 habitator
2833 2686 2987 2741 cellae
3016 2702 3096 2754 es,
3129 2685 3364 2739 diximus
3392 2704 3407 2752 ;
3439 2693 3494 2741 et

1883 2770 2085 2824 utinam
2119 2777 2225 2824 tam
2274 2770 2381 2823 sint
2431 2770 2577 2824 dicta
2626 2771 2721 2824 tibi
2768 2770 3064 2837 fructuose,
3111 2785 3273 2840 quam
3306 2779 3429 2826 sunt
3459 2786 3494 2826 a

1881 2858 2042 2912 nobis
2073 2859 2219 2914 dicta
2250 2859 2472 2929 profuse
2501 2858 2512 2912 !
2547 2859 2705 2913 Nunc
2733 2867 2914 2914 autem
2942 2859 3011 2913 de
3040 2859 3331 2914 devotione
3360 2875 3490 2915 ora-

1882 2946 2044 3001 tionis
2080 2947 2261 3018 aliqua
2293 2947 2389 3000 tibi
2429 2946 2664 3002 dicenda
2714 2955 2876 3012 sunt;
2913 2964 3036 3018 quae
3067 2947 3136 3005 (si
3167 2948 3298 3018 quid
3326 2948 3395 3003 de
3425 2965 3490 3004 ea

1880 3036 2209 3091 sufficienter
2257 3036 2439 3091 dicere
2485 3035 2574 3091 vel
2623 3035 2905 3101 sciremus,
2953 3036 3041 3092 vel
3083 3039 3394 3107 possemus)
3425 3053 3490 3093 eo

1879 3125 2060 3197 magis
2091 3125 2188 3178 tibi
2217 3125 2418 3179 debent
2457 3140 2580 3179 esse
2627 3125 2964 3191 necessaria,
2999 3141 3104 3196 quo
3135 3125 3278 3180 inter
3307 3126 3488 3180 omnia

1882 3213 2079 3284 quibus
2111 3213 2165 3266 in
2194 3213 2334 3268 cella
2381 3212 2618 3268 intendis
2649 3213 2926 3279 exercitia,
2961 3213 3015 3267 in
3047 3212 3488 3284 frequentissimo

1881 3302 2030 3357 soles
2056 3303 2196 3357 hanc
2222 3318 2324 3355 usu
2356 3309 2408 3356 et
2447 3301 2841 3357 consuetudine
2871 3303 3090 3357 habere.
3114 3302 3222 3357 Sed
3245 3303 3373 3374 quid
3396 3304 3492 3358 tibi

1879 3389 1949 3443 de
1979 3405 2046 3444 ea
2065 3390 2250 3445 dicere
2271 3389 2356 3444 vel
2381 3390 2585 3444 scimus
2602 3389 2689 3445 vel
2711 3390 2958 3445 valemus
2976 3391 3002 3444 Î¾)
3033 3392 3099 3446 Ut
3122 3399 3302 3446 autem
3320 3392 3484 3458 scias,

1877 3484 1933 3531 tu
1964 3478 2054 3549 qui
2084 3477 2352 3533 habitator
2399 3478 2552 3533 cellae
2599 3495 2678 3544 es,
2733 3479 2963 3549 qualiter
2998 3479 3048 3534 ei
3079 3479 3360 3535 intendere
3391 3481 3494 3535 de-

1877 3566 2032 3634 beas,
2063 3567 2240 3639 magis
2272 3567 2364 3622 illa
2397 3567 2615 3637 indiges
2664 3584 2785 3638 quae
2812 3569 2880 3623 de
2912 3567 3162 3622 omnibus
3193 3567 3354 3623 docet
3381 3585 3486 3623 un-

1875 3656 2075 3722 ctione,
2103 3671 2266 3727 quam
2296 3664 2481 3710 nostra
2504 3655 2826 3711 eruditione.
2855 3656 2994 3712 Dicit
3015 3656 3160 3710 enim
3188 3657 3484 3727 Apostolus

1876 3745 2000 3816 quia
2040 3747 2172 3817 quid
2208 3762 2430 3801 oremus
2462 3748 2613 3801 sicut
2635 3749 2871 3816 oportet,
2887 3748 3172 3802 nescimus
3194 3766 3212 3812 ;
3236 3747 3330 3802 sed
3366 3748 3484 3819 ipse

1873 3835 2116 3898 Spiritus
2132 3836 2391 3906 postulat
2399 3852 2501 3907 pro
2514 3835 2670 3891 nobis
2687 3836 2988 3906 gemitibus
3005 3836 3484 3892 inenarrabilibus

1873 3922 2054 3994 (Rom.
2088 3939 2204 3990 vm,
2235 3926 2348 3993 26).
2386 3924 2582 3994 Utique
2614 3939 2713 3994 pro
2736 3924 2894 3979 nobis
2913 3923 3170 3995 postulat,
3195 3924 3324 3996 quia
3344 3942 3485 3996 quos

1876 4011 2066 4081 replet,
2111 4012 2450 4082 postulantes
2482 4011 2608 4067 facit
2641 4030 2653 4066 :
2697 4020 2748 4067 et
2771 4029 2836 4067 ex
2868 4013 2985 4081 ejus
3030 4013 3203 4068 solius
3231 4030 3480 4081 munere,

1872 4107 1926 4154 et
1953 4100 2145 4171 gratia:
2187 4117 2300 4154 suae
2345 4100 2618 4156 infusione
2669 4102 2958 4158 nobiscum
2998 4103 3197 4173 agitur,
3242 4111 3299 4157 ut
3343 4103 3484 4160 sicut

1870 4196 2082 4259 oportet
2141 4204 2303 4244 orare
2348 4189 2606 4246 sciamus.
2657 4190 2831 4262 Magis
2859 4191 3079 4261 quidem
3111 4207 3236 4247 cum
3265 4192 3484 4250 interno

159 4257 419 4352 illaâ€˜tria,
467 4267 516 4315 et
565 4276 625 4315 se
653 4261 887 4317 invicem
941 4262 1290 4318 determinari
1333 4264 1600 4330 videntur,
1634 4265 1770 4320 etin
1867 4257 2076 4347 gemitu
2123 4285 2176 4332 et
2221 4277 2412 4331 dolore
2451 4294 2650 4350 magno
2699 4257 2965 4350 cdnqueri
3014 4287 3067 4334 et
3114 4281 3481 4352 nosmetipsos

163 4363 222 4402 se
268 4345 478 4403 inï¬nita
523 4357 663 4405 sunt.
719 4349 826 4405 Sed
874 4350 964 4406 hic
1000 4351 1056 4405 in
1098 4351 1262 4407 rebus
1307 4353 1610 4423 corporeis,
1660 4371 1768 4410 non

160 4443 370 4492 tantum
398 4445 482 4491 est
508 4453 635 4504 una,
671 4446 932 4511 quantum
954 4447 1066 4495 tres
1097 4440 1256 4494 simul
1291 4458 1304 4495 :
1339 4449 1391 4496 et
1420 4441 1542 4512 plus
1565 4442 1769 4514 aliquid

1869 4381 2134 4421 accusare
2168 4365 2456 4432 debemus,
2493 4366 2637 4436 quod
2667 4366 2780 4422 fere
2809 4383 3086 4438 nunquam
3111 4368 3251 4424 sicut
3266 4379 3482 4439 oportet

1872 4469 2113 4523 oramus,
2148 4469 2310 4525 quam
2356 4464 2413 4509 ut
2454 4455 2590 4510 alios
2615 4471 2775 4510 orare
2805 4456 3100 4512 doceamus
3133 4475 3146 4511 :
3181 4457 3305 4528 quia
3337 4474 3478 4528 qua-

163 4533 286 4615 Sllm
315 4526 458 4593 á¼€Ï…á½¶ÎµÎ½
511 4541 675 4597 quam
721 4543 830 4583 una
869 4545 978 4583 reS-
1027 4529 1297 4584 Caeterum
1327 4530 1382 4584 in
1414 4547 1628 4586 summa
1653 4532 1767 4586 Î¤Î¹â€™á½·-
1789 4526 1844 4588 D
1871 4542 1995 4598 liter
2025 4544 2163 4599 sicut
2193 4552 2403 4615 oportet
2434 4560 2652 4598 oremus
2678 4560 2779 4598 nos
2815 4552 2964 4599 certe
2995 4526 3293 4602 nescimus.
3326 4526 3478 4602 Nun-

165 4614 352 4684 nitate,
387 4621 591 4669 tantum
622 4624 706 4671 est
732 4633 860 4683 una,
895 4626 1152 4689 quantum
1182 4627 1297 4673 tres
1328 4619 1524 4685 simul;
1561 4628 1769 4675 tantum

159 4703 282 4757 dum
313 4711 574 4774 quantum
605 4720 732 4760 una.
764 4708 950 4777 Itaque
980 4715 1032 4762 et
1052 4707 1270 4779 singula
1292 4716 1414 4763 sunt
1434 4708 1489 4763 in
1512 4709 1764 4782 singulis,

161 4799 213 4846 et
243 4792 429 4847 omnia
459 4793 514 4846 in
559 4793 809 4865 singulis,
845 4803 897 4850 et
927 4795 1139 4867 singula
1170 4796 1223 4850 in
1255 4797 1528 4864 omnibus,
1563 4806 1616 4853 et
1644 4814 1765 4854 om-

161 4880 251 4935 nia
279 4881 335 4934 in
366 4881 622 4936 omnibus
643 4927 656 4952 ,
689 4891 742 4938 et
769 4900 936 4938 unum
973 4885 1176 4940 omnia.
1210 4885 1314 4954 Qui
1342 4886 1489 4942 videt
1517 4888 1642 4956 hoc,
1678 4890 1766 4944 vel

158 4984 222 5022 ex
250 4977 430 5040 parte,
465 4969 552 5025 vel
582 4987 682 5041 per
713 4973 995 5042 speculum
1027 4981 1079 5028 et
1107 4973 1163 5028 in
1183 4975 1495 5046 aenigmate,
1525 4977 1766 5049 gaudeat

160 5073 499 5129 cognoscens
543 5060 738 5126 Deum,
793 5069 845 5116 et
876 5061 955 5117 sic
1001 5063 1175 5118 Deum
1221 5064 1450 5120 honoret
1480 5074 1533 5120 et
1561 5065 1766 5138 gratias

160 5154 309 5216 agat.
342 5146 446 5215 Qui
476 5156 658 5203 autem
689 5165 800 5204 non
847 5149 1013 5217 videt,
1066 5152 1252 5207 tendat
1294 5170 1387 5223 per
1409 5154 1670 5225 pietatem
1697 5156 1764 5209 ad

155 5233 470 5302 videndum,
519 5252 628 5291 non
683 5254 782 5308 per
824 5239 1121 5295 caecitatem
1168 5241 1236 5294 ad
1283 5242 1762 5310 calumniandum;

163 5323 423 5392 quoniam
452 5341 594 5379 unus
644 5333 727 5380 est
773 5327 940 5394 Deus,
985 5329 1082 5383 sed
1127 5337 1311 5385 tamen
1356 5317 1615 5386 Trinitas.
1648 5333 1764 5388 Nec

160 5411 380 5468 confuse
431 5413 810 5484 accipiendum
855 5423 957 5482 est,
1004 5433 1069 5472 ex
1097 5434 1204 5488 quo
1237 5420 1438 5485 omnia,
1472 5437 1571 5490 per
1601 5437 1764 5491 quem

157 5501 356 5570 omnia,
391 5503 446 5556 in
479 5518 586 5574 quo
615 5504 836 5558 omnia:
869 5521 972 5561 nec
1000 5506 1105 5560 diis
1134 5507 1338 5577 multis,
1371 5509 1469 5564 sed
1502 5509 1606 5579 ipsi
1636 5510 1761 5581 glo-

155 5586 234 5642 ria
260 5589 316 5643 in
347 5591 564 5646 saecula.
604 5611 626 5642 Î¹
662 5594 727 5647 Et
761 5593 878 5650 haec
907 5595 1102 5650 beatus
1153 5597 1311 5651 Pater
1340 5597 1680 5670 Augustinus
1710 5607 1764 5653 et

157 5675 347 5735 doctor
378 5679 616 5753 insignis
645 5681 714 5738 de
740 5682 844 5739 his.
877 5684 992 5740 Nos
1035 5692 1213 5741 autem
1243 5685 1312 5742 de
1344 5686 1428 5743 his
1457 5685 1606 5758 loqui
1636 5687 1761 5742 diu-

1871 4631 2001 4703 quid
2032 4640 2160 4686 tunc
2192 4632 2332 4688 sicut
2364 4639 2578 4703 Oportet
2616 4647 2835 4688 oramus
2855 4675 2868 4698 ,
2901 4635 3118 4704 quando
3144 4634 3200 4688 in
3227 4635 3476 4692 oratione

1868 4728 2078 4788 nostra,
2131 4721 2218 4776 vel
2268 4721 2403 4776 nihil
2451 4721 2686 4791 penitus,
2721 4721 2807 4777 vel
2838 4722 3061 4778 omnino
3093 4723 3368 4779 modicum
3400 4726 3478 4795 (et

1868 4810 1972 4864 hoc
2004 4809 2328 4881 rarissime),
2367 4809 2607 4865 omnium
2641 4827 2831 4866 eorum
2862 4827 2982 4883 quia
3013 4827 3106 4866 ore
3126 4811 3475 4883 proferimus,

1868 4899 2035 4953 corde
2067 4915 2370 4954 versamus.
2425 4898 2658 4968 Quando
2707 4915 2839 4955 vero
2887 4901 2965 4955 sic
3011 4901 3167 4956 nobis
3207 4901 3341 4972 ipsis
3370 4903 3474 4957 ab-

1867 4995 2068 5055 sentes,
2118 4995 2171 5042 et
2219 4988 2366 5059 quod
2407 5004 2503 5042 ore
2552 4988 2803 5058 dicimus,
2853 4989 3092 5044 funditus
3139 4990 3469 5058 nescientes,

1865 5091 2027 5131 orare
2065 5092 2166 5131 nos
2213 5077 2559 5142 arbitramur,
2592 5078 2898 5148 periculose
2940 5078 3164 5134 nimium
3196 5079 3470 5146 fallimur;

1865 5163 2055 5236 eisque
2085 5181 2184 5236 per
2212 5165 2396 5220 omnia
2426 5165 2631 5221 similes
2663 5165 2945 5234 efficimur,
2979 5167 3047 5222 de
3067 5168 3265 5240 quibus
3287 5169 3474 5225 Domi-

1865 5269 1968 5307 nus
1997 5270 2098 5324 per
2121 5256 2445 5325 pr0phetam
2473 5254 2606 5310 dicit
2640 5273 2653 5308 :
2684 5257 2935 5326 Populus
2958 5257 3048 5312 hic
3070 5257 3232 5312 labiis
3249 5274 3339 5313 me
3371 5258 3466 5316 ho-

1865 5347 2054 5408 norat,
2069 5359 2164 5398 cor
2183 5347 2376 5398 autem
2391 5360 2584 5398 eorum
2610 5345 2767 5415 longe
2790 5348 2876 5398 est
2891 5362 2924 5399 a
2945 5361 3034 5400 me
3049 5346 3179 5415 (Isa.
3197 5361 3365 5413 Ï‡Ï‡Î¹Ï‡,
3383 5351 3472 5416 13)

1864 5430 2010 5484 Dixit
2039 5439 2218 5485 autem
2270 5432 2460 5486 beatus
2490 5433 2827 5502 Augustinus
2855 5433 3072 5488 clericis
3102 5433 3235 5499 suis,
3268 5435 3324 5489 in
3357 5437 3468 5491 Re-

1863 5519 1992 5590 gula
2024 5519 2170 5590 (cap.
2207 5521 2258 5589 4)
2293 5535 2482 5575 eorum
2519 5536 2531 5575 :
2568 5543 2590 5566 Î±
2630 5521 2857 5575 Psalmis
2879 5529 2932 5577 et
2958 5522 3176 5592 hymnis
3199 5538 3323 5578 cum
3350 5539 3469 5579 ora-

1865 5607 1931 5661 tis
1963 5608 2156 5674 Deum,
2207 5609 2310 5664 hoc
2356 5616 2604 5663 versetur
2638 5609 2692 5662 in
2723 5609 2892 5663 corde
2925 5611 3070 5680 quod
3099 5611 3378 5680 profertur
3409 5612 3465 5666 in

1863 5711 1977 5752 ore.
2010 5718 2030 5742 n
2067 5696 2175 5751 Sed
2206 5703 2258 5752 et
2288 5696 2480 5752 beatus
2509 5697 2834 5753 Benedictus
2864 5697 2945 5753 sic
2965 5698 3034 5754 de
3053 5699 3159 5754 hoc
3179 5699 3234 5755 in
3255 5699 3466 5771 Regula
