3938 6408
458 336 560 390 863

1328 326 1671 385 GUIGONIS
1719 327 1764 381 Il
1814 323 2223 382 CARTHUSUE
2255 324 2549 382 MAIORIS
2579 323 2872 383 PRIORIS.

3678 328 3788 383 864

456 459 849 515 monachorum
882 456 1023 526 (cap.
1058 456 1147 526 19)
1178 453 1305 508 dicit
1341 469 1354 507 :
1394 476 1415 500 α
1450 453 1661 524 Ubique
1683 450 2053 508 credimusdi-
2073 453 2129 511 Α
2155 458 2278 504 tuor
2315 450 2561 506 seniores
2591 450 2794 506 habere
2818 450 3048 524 phiala:
3076 467 3302 516 aureas,
3326 452 3531 523 plenas
3563 450 3777 506 odora»

456 548 635 604 vinam
668 563 789 601 esse
835 543 1201 615 praesentiam,
1247 551 1297 597 et
1328 542 1514 597 oculos
1563 540 1780 594 Domini
1825 540 1877 593 in
1908 539 2055 594 omni

455 636 580 693 loco
613 634 877 705 speculari
928 634 1101 687 bonos
1136 641 1186 686 et
1222 632 1397 685 malos
1432 649 1444 684 :
1480 631 1711 685 maxime
1742 637 1920 683 tamen
1954 629 2057 682 hoc

466 726 585 780 sine
618 724 801 793 aliqua
833 721 1168 776 dubitatione
1200 721 1509 785 credamus,
1536 735 1659 774 cum
1681 719 1745 771 ad
1768 734 1905 787 opus
1930 717 2060 771 divi-

459 830 584 868 num
617 812 944 866 assistimus.
999 810 1129 864 Ideo
1163 825 1381 878 semper
1410 824 1682 863 memores
1714 807 1883 859 simus
1914 805 2057 876 quod

457 902 527 956 ait
546 900 814 971 Propheta
840 900 1083 954 :Servite
1106 900 1341 953 Domino
1362 899 1423 951 in
1447 899 1647 951 timore
1664 896 1839 960 (Psal.
1863 910 1919 960 ιι,
1944 896 2053 962 lt),

459 997 511 1044 et
542 989 740 1043 iterum
777 1005 790 1042 :
825 988 1065 1042 Psallite
1095 988 1385 1057 sapienter
1420 986 1596 1054 (Psal.
1638 999 1791 1046 XLVI,
1828 987 1920 1048 8);
1955 990 2006 1036 et
2042 999 2055 1035 :

460 1074 523 1128 In
546 1074 853 1144 conspectu
865 1072 1193 1141 angelorum
1212 1070 1458 1140 psallam
1483 1067 1583 1123 tibi
1600 1069 1774 1137 (Psal.
1800 1081 2055 1128 cxxxvn,

462 1162 534 1231 l).
558 1161 707 1231 Ergo
729 1159 1141 1215 consideremus
1172 1156 1403 1228 qualiter
1432 1163 1675 1227 oporteat
1706 1171 1805 1209 nos
1838 1155 1891 1207 in
1921 1170 2058 1219 con,-

458 1258 646 1321 spectu
680 1248 976 1303 divinitatis
1026 1256 1079 1302 et
1109 1246 1430 1318 angelorum
1462 1261 1604 1313 esse,
1656 1252 1708 1299 et
1739 1244 1816 1299 sic
1856 1251 2060 1297 stemus

457 1338 526 1392 ad
566 1336 932 1408 psallendum,
985 1343 1043 1389 ut
1083 1350 1239 1389 mens
1264 1342 1453 1387 nostra
1483 1333 1771 1388 concordet
1804 1332 1924 1386 voci
1954 1347 2058 1385 no-

465 1436 612 1481 strai.
644 1447 665 1474 ι
694 1446 792 1475 -ι
821 1424 877 1479 Si
898 1440 1018 1479 cum
1045 1423 1353 1478 hominibus
1370 1422 1680 1493 potentibus
1702 1420 1951 1474 volumus
1967 1419 2063 1472 ali-

463 1531 566 1585 qua
596 1529 920 1586 suggerere,
946 1529 1052 1567 non
1070 1512 1469 1582 praesumimus,
1490 1510 1593 1563 nisi
1617 1526 1739 1565 cum
1761 1508 2062 1562 humilitate

462 1612 515 1657 et
545 1602 868 1670 reverentia,
904 1609 1105 1671 quanto
1146 1600 1322 1672 'nagis
1365 1599 1596 1653 Domino
1627 1600 1743 1652 Deo
1775 1597 2061 1651 universo-

465 1708 586 1746 rum
614 1707 738 1746 cum
787 1689 1084 1744 humilitate
1128 1696 1180 1742 et
1221 1688 1463 1759 puritatis
1510 1686 1799 1742 devotione
1850 1686 2062 1755 suppli-

462 1780 697 1835 candum
731 1778 852 1833 est?
879 1779 946 1832 Et
990 1793 1100 1832 non
1144 1776 1199 1831 in
1227 1776 1586 1847 multiloquio,
1620 1775 1717 1829 sed
1746 1775 1801 1829 in
1833 1774 2062 1845 puritate

464 1868 649 1923 cordis
695 1875 749 1922 et
790 1865 1206 1936 compunctione
1253 1865 1615 1935 lacrymarum
1665 1862 2062 1937 nos\cxaudiri

464 1956 719 2012 sciamus.
779 1956 847 2009 Et
891 1954 1016 2009 ideo
1065 1953 1247 2007 brevis
1297 1953 1458 2007 debet
1504 1968 1625 2007 esse
1667 1960 1719 2006 et
1761 1967 1897 2022 pura
1933 1967 2061 2005 ora-

463 2040 539 2096 tio
574 2039 717 2093 :nisi
760 2038 897 2094 forte
939 2054 1002 2093 ex
1048 2036 1241 2092 affectu
1284 2037 1481 2092 divinae
1528 2036 1896 2106 inspirationis
1926 2051 2061 2107 gra-

465 2128 553 2184 tiae
600 2126 959 2198 protendatur
1007 2126 1161 2196 (Reg.
1212 2126 1267 2180 S.
1318 2126 1474 2187 Ben.,
1506 2141 1554 2179 c.
1587 2126 1698 2195 20).
1738 2145 1760 2173 ι
1813 2124 1940 2178 Hzec
1987 2123 2062 2176 illi

466 2215 648 2272 eximii
678 2216 775 2269 viri
804 2216 906 2270 hoc
935 2214 1100 2269 modo
1130 2221 1421 2268 senserunt
1448 2213 1516 2266 de
1540 2212 1642 2266 his.
1668 2213 1735 2267 At
1754 2227 1853 2266 nos
1877 2210 2061 2265 miseri

467 2320 590 2360 cum
622 2319 864 2369 oramus,
914 2304 1023 2357 imo
1055 2318 1176 2358 cum
1221 2318 1322 2356 nos
1352 2317 1511 2356 orare
1541 2301 1752 2371 decepti
1784 2308 2059 2369 putamus,

458 2393 553 2448 vel
583 2408 776 2447 somno
807 2392 964 2446 inerti
999 2390 1299 2461 saepissime
1329 2390 1697 2460 deprimimur,
1732 2388 1818 2443 vel
1845 2388 2060 2460 cogita-

461 2481 609 2537 tione
640 2480 876 2535 instabili
922 2487 1072 2535 extra
1118 2496 1237 2546 nos,
1280 2495 1389 2533 non
1422 2486 1530 2532 tam
1561 2478 1871 2547 frequenter
1900 2492 2057 2547 quam

462 2569 575 2625 fere
604 2569 960 2634 incessanter,
1003 2584 1103 2638 per
1141 2583 1372 2639 quaeque
1414 2566 1587 2621 otiosa
1631 2574 1682 2621 et
1721 2564 1930 2631 frivola,
1961 2580 2061 2634 per

462 2657 621 2714 noxia
651 2666 703 2712 et
731 2657 941 2711 inutilia
983 2672 1265 2727 vagamur.
1318 2655 1374 2710 Si
1420 2655 1584 2709 talem
1613 2654 1915 2709 orationem
1945 2653 2060 2706 Deo

464 2762 587 2803 esse
616 2746 872 2817 placitam
902 2752 1179 2817 putamus,
1212 2744 1419 2816 absque
1436 2743 1600 2797 dubio
1620 2742 1874 2797 fallimur.
1899 2739 2061 2808 Quod

466 2835 513 2889 si
543 2834 891 2906 pertinaciter
943 2833 1273 2898 insistentes,
1318 2839 1369 2886 et
1415 2838 1741 2903 arroganter
1773 2830 2091 2891 instantes,‘

462 2923 612 2978 illam
677 2922 1057 2978 contendimus
1118 2928 1312 2976 contra
1367 2919 1758 2975 conscientiam
1815 2924 2058 2971 nostram

467 3013 585 3067 Deo
614 3010 855 3082 placere,
886 3010 1199 3077 mentimur,
1232 3016 1283 3063 et
1313 3008 1595 3062 veritatem
1609 3022 1719 3061 non
1742 3005 1988 3069 facimus,
2009 3012 2061 3059 et

459 3099 659 3156 veritas
688 3098 745 3152 in
792 3097 952 3152 nobis
982 3112 1090 3151 non
1137 3104 1237 3150 est.
1280 3097 1402 3150 Non
1448 3095 1594 3150 enim
1624 3094 1744 3148 talis
1775 3101 1855 3148 est
1884 3094 2058 3148 oratio

2170 544 2496 595 mentorum
2525 540 2713 611 (Apoc.
2749 554 2803 605 v,
2838 542 2913 609 8).
2937 540 3004 593 Et
3032 547 3087 593 ut
3117 539 3351 595 sciamus
3384 539 3513 611 quid
3534 555 3638 610 per
3659 540 3784 595 haec

2170 627 2528 682 odoramenta
2556 629 2805 698 accipere
2837 628 3155 692 debeamus,
3189 628 3455 701 adjungit,
3489 645 3613 700 qua?
3634 632 3784 683 sunt

2169 718 2454 771 orationes
2502 721 2851 772 sanctorum.
2909 716 3043 785 Quae
3072 724 3197 770 sunt
3226 717 3310 771 ba:
3334 715 3533 786 phiala:
3562 732 3778 784 aureae,

2168 803 2272 856 nisi
2336 812 2547 858 mentes
2596 813 2817 870 sanctae,
2875 805 3107 875 puritate
3150 804 3429 859 munditiae
3476 804 3666 869 claras,
3720 812 3780 858 et

2167 892 2399 946 maxime
2430 892 2631 947 amoris
2663 893 2759 947 Dei
2782 901 2834 947 et
2854 892 3081 963 proximi
3102 893 3302 949 decore
3323 892 3560 964 pretioso
3600 893 3779 947 adoro

2168 989 2305 1034 natm
2328 982 2356 1035 ?
2396 982 2452 1034 In
2480 981 2678 1035 talibus
2728 981 2920 1051 phialis
2949 982 3160 1054 integra
3209 989 3260 1036 et
3289 980 3598 1051 incorrupta
3630 996 3779 1035 con-

2168 1077 2451 1123 servantur
2508 1070 2895 1139 odoramenta,
2948 1070 3075 1141 quia
3121 1087 3151 1123 a
3215 1069 3469 1125 cordibus
3516 1069 3671 1140 puris
3721 1076 3783 1123 et

2166 1158 2428 1214 charitate
2460 1158 2638 1229 plenis
2678 1167 2905 1228 accepta
2951 1158 3067 1213 Deo
3096 1158 3409 1213 emittuntur
3436 1165 3489 1213 et
3518 1155 3779 1212 offerun-

2165 1252 2249 1299 tur
2275 1246 2489 1316 piarum
2518 1246 2821 1301 orationum
2852 1246 3091 1301 incensa.
3131 1246 3286 1305 Unde
3315 1255 3367 1301 et
3397 1246 3593 1302 dicitur
3621 1246 3782 1316 quod

2165 1333 2271 1389 ill-.e
2300 1335 2556 1390 mulieres
2606 1343 2959 1406 portaverant
3004 1343 3245 1391 aromata
3288 1350 3408 1407 quae
3437 1342 3778 1405 paraverant

2164 1424 2317 1491 (Luc.
2345 1439 2493 1487 xxxv,
2531 1423 2604 1495 1).
2652 1425 2791 1478 Nam
2822 1424 3000 1478 minus
3032 1423 3250 1496 quidem
3280 1439 3382 1478 nos
3410 1432 3599 1494 parata
3631 1438 3775 1478 aro-

2163 1521 2309 1565 mata
2339 1520 2643 1581 portamus,
2698 1528 2821 1567 cum
2869 1511 2985 1567 Deo
3015 1512 3153 1567 tales
3182 1511 3451 1567 orationes
3478 1512 3549 1582 (si
3577 1519 3779 1567 tamen

2163 1600 2465 1669 orationes)
2495 1600 2796 1666 oﬂ'erimus,
2836 1616 2971 1671 quas
3003 1600 3331 1655 instabilium
3364 1608 3417 1655 et
3446 1600 3775 1654 immunda-

2167 1703 2287 1742 rum
2334 1689 2721 1760 cogitationum
2774 1689 3171 1757 abjectissimus
3217 1688 3393 1759 pulvis
3441 1688 3688 1743 exinanit
3716 1696 3775 1742 et

2079 1806 2134 1868 Β
2165 1777 2477 1846 corrumpit,
2511 1785 2559 1831 et
2605 1778 2737 1847 ipsis
2780 1777 2979 1831 divinis
3026 1776 3249 1831 auribus
3280 1776 3531 1849 indignas
3563 1777 3771 1831 reddit.

2164 1865 2270 1919 Sed
2300 1866 2447 1935 prius
2491 1874 2734 1919 aromata
2782 1874 3059 1936 parentur,
3096 1874 3149 1920 et
3176 1865 3255 1920 sic
3284 1872 3519 1919 aromata
3546 1864 3617 1918 ad
3648 1865 3771 1919 Do-

2161 1953 2367 2006 minum
2400 1962 2700 2023 portentur.
2757 1954 2872 2009 Hoc
2922 1961 3020 2018 est,
3071 1952 3219 2023 prius
3247 1953 3522 2008 orationes
3551 1959 3776 2008 nostras

2160 2055 2329 2111 puras
2369 2040 2681 2107 efficiamus,
2729 2048 2781 2095 et
2821 2050 2946 2097 tunc
2992 2057 3086 2097 eas
3131 2040 3486 2112 omnipotenti
3533 2040 3675 2107 Deo,
3708 2050 3773 2094 ut

2162 2128 2213 2183 ei
2240 2129 2604 2198 acceptabiles
2653 2129 2778 2195 sint,
2829 2130 3025 2185 devote
3055 2127 3366 2184 offeramus.
3398 2129 3623 2193 Verum,
3657 2129 3772 2183 heu

2162 2231 2263 2271 nos
2293 2218 2480 2272 miseri
2505 2217 2517 2271 l
2551 2218 2727 2272 minus
2757 2227 2940 2288 parata
2956 2219 3022 2272 ad
3046 2234 3170 2273 eum
3194 2226 3434 2273 aromata
3455 2226 3768 2288 portamus,

2162 2306 2253 2378 qui
2286 2306 2507 2376 quando
2557 2323 2656 2361 nos
2696 2321 2859 2363 orare
2905 2315 3175 2377 putamus,
3208 2307 3334 2378 quid
3364 2321 3463 2361 ore
3504 2305 3771 2376 profera-

2162 2411 2301 2459 mus,
2338 2394 2390 2448 in
2424 2395 2593 2449 corde
2626 2411 2727 2450 nec
2756 2411 2857 2466 per
2875 2395 3225 2459 intellectum,
3259 2411 3359 2451 nec
3388 2410 3487 2465 per
3505 2393 3771 2450 affectum

2161 2483 2457 2537 multoties'
2486 2491 2537 2537 et
2583 2483 2696 2538 fere
2761 2500 2979 2554 semper
3017 2499 3323 2539 versamus.
3372 2484 3441 2537 Et
3487 2483 3773 2555 quomodo

2163 2587 2262 2626 nos
2294 2571 2445 2624 illam
2475 2587 2505 2626 a
2539 2572 2654 2627 Deo
2688 2572 3086 2627 exaudiendam
3137 2588 3260 2626 esse
3299 2570 3599 2626 orationem
3631 2587 3772 2641 spe-

2162 2675 2282 2715 rare
2330 2676 2642 2730 possumus,
2694 2676 2855 2732 quam
2907 2662 2986 2717 sic
3024 2659 3320 2729 oﬁ'erimus,
3368 2661 3512 2732 quod
3540 2676 3644 2715 nos
3673 2661 3773 2732 qui

2162 2764 2283 2803 eam
2317 2757 2595 2820 utcunque
2628 2750 2874 2805 videmur
2902 2748 3121 2814 offerre,
3145 2765 3249 2805 nec
3270 2765 3366 2820 per
3379 2764 3645 2814 amorem,
3665 2765 3773 2804 nec

2160 2852 2262 2907 per
2314 2836 2724 2907 intelligentiam
2776 2838 3057 2892 sentimus.
3109 2838 3176 2892 Et
3212 2837 3426 2908 quando
3472 2837 3587 2892 haec
3634 2852 3772 2892 aro-

2162 2932 2308 2979 mata
2330 2925 2593 2980 mulieres
2620 2935 2818 2996 parata
2849 2926 3240 2997 portaverunt?
3267 2926 3453 2997 utique
3482 2941 3587 2980 una
3617 2925 3769 2980 Sab-

2163 3013 2290 3077 bati,
2340 3014 2497 3068 valde
2546 3014 2809 3069 diluculo.
2862 3014 2908 3070 Ο
2942 3014 3247 3070 stabilitas!
3289 3029 3323 3069 ο
3368 3012 3767 3086 tranquillitas!

2163 3117 2196 3155 ο
2224 3110 2276 3155 et
2310 3101 2532 3157 claritas
2556 3100 2568 3155 l
2604 3102 2788 3174 itaque
2805 3117 2915 3158 una
2937 3103 3177 3170 Sabbati,
3200 3102 3355 3158 valde
3376 3101 3616 3158 diluculo
3638 3117 3773 3173 por-

462 3188 531 3242 ad
564 3202 724 3258 quam
753 3201 856 3241 nos
899 3184 1100 3239 Paulus
1147 3184 1350 3252 invitat,
1384 3184 1475 3255 qui
1506 3199 1606 3237 uos
1634 3190 1817 3237 monet
1847 3189 1904 3236 ut
1931 3197 2062 3236 ore-
2093 3165 2141 3226 Ο
2163 3197 2409 3244 taverunt
2441 3206 2562 3261 qua:
2589 3165 2915 3261 paraverant
2936 3199 3201 3257 aromata,
3226 3197 3282 3245 ut
3303 3189 3538 3247 sciamus
3562 3165 3770 3245 debere

461 3292 583 3331 mus
626 3273 683 3328 in
724 3273 937 3345 spiritu.
987 3280 1040 3327 et
1086 3272 1373 3343 vigilemus
1418 3271 1473 3326 in
1517 3271 1784 3333 oratione.
1831 3270 1885 3324 in
1914 3269 2061 3324 omni

461 3362 743 3419 instantia.
777 3363 884 3417 Sed
915 3369 970 3416 et
1008 3361 1124 3432 ipse
1156 3360 1418 3415 Dominus
1447 3360 1723 3431 apostolos
1753 3358 2057 3429 alloquens,

460 3460 515 3509 et
582 3452 651 3506 ad
718 3451 984 3507 orandum
1046 3451 1387 3504 exhortans:
1427 3450 1696 3520 Vigilate,
1749 3446 1954 3519 inquit,
2006 3451 2062 3501 et

460 3545 618 3597 orate
686 3540 737 3612 (I
791 3539 1078 3604 Cor..x1v,
1143 3538 1270 3608 15);
1316 3537 1580 3609 praemisit
1643 3537 1903 3608 vigilate,
1961 3551 2062 3605 per

456 3631 563 3686 hoc
626 3628 879 3685 erudiens
924 3643 1057 3693 nos,
1110 3636 1378 3698 quatenus
1432 3626 1479 3679 si
1520 3632 1573 3680 et
1621 3626 1737 3680 Deo
1784 3623 2056 3695 placitam,

457 3727 512 3775 et
575 3718 735 3773 nobis
815 3716 1150 3771 fructuosam
1229 3722 1467 3769 nostram
1556 3728 1681 3768 esse
1763 3711 2061 3767 orationem

456 3813 864 3878 prmoptamus,
934 3804 1082 3859 omni
1145 3803 1396 3857 nimirum
1481 3801 1661 3856 studio
1746 3808 1799 3856 et
1862 3808 2060 3856 conatu

458 3900 652 3950 contra
698 3892 997 3947 insolentes
1043 3899 1095 3945 et
1132 3891 1449 3956 instabiles,
1505 3896 1693 3944 contra
1740 3888 1961 3943 nocivas
2009 3895 2059 3942 et

457 3981 678 4038 inutiles
707 3980 1086 4052 cogitationes,
1120 3986 1174 4034 et
1203 3987 1331 4033 ante
1360 3987 1573 4048 tempus
1604 3976 1891 4040 orationis,
1924 3984 1976 4031 et
2005 3976 2060 4030 in

456 4071 581 4142 ipsa
611 4085 770 4141 quam
797 4068 1031 4123 maxime
1054 4067 1343 4141 vigilemus
1366 4066 1609 4122 oratione
1632 4066 1860 4136 (Coloss.
1888 4081 1961 4131 tv,
1985 4070 2018 4122 2
2043 4083 2058 4131 ;

457 4160 655 4233 Ephes.
691 4173 766 4223 vr,
804 4161 904 4224 18;
937 4158 1105 4213 Marc.
1129 4172 1243 4221 xtv,
1270 4158 1361 4226 38)
1388 4172 1400 4210 :
1426 4171 1496 4210 ne
1530 4155 1677 4226 quod
1697 4154 1883 4225 lingua
1904 4153 2059 4225 quasi

459 4247 666 4304 orando
696 4245 947 4317 proferre
977 4245 1206 4311 videtur,
1239 4244 1505 4299 efficiente
1534 4245 1641 4300 hoc
1670 4242 2060 4314 cogitationum

456 4335 793 4392 instabilium
846 4335 1185 4407 evagatione,
1235 4335 1383 4389 omni
1433 4332 1648 4404 penitus
1678 4331 1853 4387 fructu
1891 4330 2058 4401 spiri-

457 4425 587 4480 tuali
636 4424 896 4496 privetur.
949 4425 1015 4479 Ut
1064 4423 1209 4478 enim
1257 4422 1332 4477 ait
1378 4421 1742 4477 Ecclesiastes
1794 4438 1807 4474 :
1859 4421 2059 4475 Muscas

2162 3292 2265 3333 nos
2320 3279 2518 3333 habere
2566 3295 2688 3334 cum
2736 3295 2977 3345 oramus,
3028 3280 3165 3334 intra
3212 3295 3332 3345 nos,
3391 3287 3445 3334 et
3499 3278 3766 3334 unitatem

2163 3374 2427 3437 quantum
2484 3366 2551 3420 ad
2609 3367 2994 3439 cogitationum
3027 3374 3334 3423 nostrarum
3370 3366 3718 3422 stabilitatem
3749 3387 3763 3432 ;

2162 3462 2215 3508 et
2244 3454 2482 3525 quietem
2529 3463 2788 3525 quantum
2816 3456 2885 3510 ad
2915 3471 3128 3527 pacem,
3165 3464 3218 3511 et
3245 3455 3544 3510 claritatem
3575 3470 3763 3526 quan-

2162 3549 2275 3597 tum
2323 3543 2391 3597 ad
2439 3543 2843 3613 cognitionem;
2875 3552 3141 3616 quatenus
3208 3543 3468 3599 orationis
3512 3551 3764 3613 tempore

2158 3646 2263 3686 nec
2293 3648 2394 3702 per
2420 3632 2597 3687 otiosa
2626 3632 2809 3704 aliqua
2841 3641 2892 3687 et
2922 3633 3108 3688 illicita
3138 3648 3240 3687 nos
3268 3632 3322 3687 in
3343 3640 3523 3688 mente
3540 3633 3765 3705 evagari

2165 3720 2563 3790 permittamus,
2616 3722 2714 3774 sed
2746 3729 3009 3793 quantum
3038 3737 3139 3792 per
3168 3721 3268 3776 Dei
3300 3720 3529 3794 gratiam
3557 3737 3775 3792 possu-

2159 3823 2302 3874 mus,
2336 3808 2446 3863 illis
2476 3809 2606 3864 solis
2634 3825 2753 3881 qua:
2775 3825 2871 3865 ore
2894 3808 3242 3881 proferimus,
3265 3826 3363 3881 per
3376 3809 3762 3882 cogitationem

2159 3895 2520 3952 intendamus.
2557 3897 2663 3952 Sed
2711 3913 2814 3953 nec
2843 3897 3079 3970 aliquam
3110 3898 3440 3954 intrinsecus
3470 3898 3763 3969 perturba-

2159 3984 2363 4040 tionem
2392 3985 2735 4040 revolvamus
2760 4006 2772 4052 ;
2808 3986 2906 4041 sed
2935 3986 2991 4041 in
3020 3985 3185 4058 plena
3214 4002 3347 4059 erga
3377 4002 3568 4041 omnes
3586 3986 3763 4041 homi-

2158 4086 2277 4137 nes,
2309 4080 2361 4127 et
2391 4074 2627 4129 maxime
2657 4090 2790 4146 erga
2810 4074 3008 4151 fratres
3030 4083 3081 4130 et
3102 4084 3285 4146 patres
3306 4082 3541 4140 nostros,
3564 4074 3763 4146 quibus

2158 4161 2476 4216 cohabitare
2503 4170 2750 4217 tenemur
2795 4164 3081 4219 unanimes
3122 4165 3177 4219 in
3216 4164 3399 4230 domo,
3432 4178 3567 4235 pace
3595 4163 3764 4234 quieti

2159 4265 2373 4305 sumus.
2431 4252 2515 4305 Ad
2575 4260 2876 4307 extremum
2940 4269 3041 4308 nec
3090 4252 3321 4323 alicujus
3367 4251 3763 4323 pliantasmatis

2159 4338 2395 4411 caligine
2460 4340 2844 4407 obscuremur,
2908 4341 3006 4396 sed
3061 4341 3240 4412 potius
3299 4341 3437 4397 lucis
3481 4340 3760 4408 cujusdam

2159 4426 2453 4497 spiritualis
2484 4444 2517 4484 a
2546 4430 2663 4486 Deo
2691 4446 2722 4485 a
2751 4431 2912 4487 nobis
2956 4431 3217 4487 immissa:
3249 4428 3611 4487 illustratione
3641 4429 3761 4485 cla-

457 4516 765 4570 morientes
779 4512 1027 4585 perdunt
1056 4513 1402 4567 suavitatem
1438 4511 1721 4583 unguenti
1757 4509 1959 4575 (Eccle.
2003 4525 2054 4573 x,
2090 4514 2453 4584 Dl-iﬁccmur,

459 4605 541 4673 1):
566 4610 618 4658 et
636 4602 715 4673 (ut
732 4618 841 4658 non
863 4608 973 4657 tam
997 4601 1332 4674 frequenter,
1359 4614 1521 4671 quam
1546 4598 1661 4654 fere
1689 4597 2062 4653 indesinenter

457 4692 789 4764 experimur)
844 4690 1184 4746 descendunt
1250 4688 1505 4745 volucres
1558 4703 1725 4758 super
1770 4687 2057 4742 cadavera.

455 4781 528 4838 Et
556 4787 638 4836 est
684 4780 844 4835 valde
886 4778 1258 4834 necessarium
1288 4785 1346 4831 ut
1379 4776 1565 4850 abigat
1594 4792 1690 4831 eas
1719 4776 1920 4830 Abram
1946 4794 1961 4841 ;
1993 4790 2062 4831 ne

456 4869 598 4925 forte
661 4868 877 4939 penitus
943 4866 1090 4938 quod
1128 4865 1286 4921 oﬂert
1353 4866 1628 4936 perdatur,
1680 4864 1725 4919 si
1774 4863 2062 4935 contigerit

460 4958 626 5030 (quod
658 4955 856 5026 absit!)
885 4962 943 5008 ut
974 4954 1043 5008 ab
1072 4955 1152 5008 eis
1185 4953 1444 5025 rapiatur.
1477 4954 1585 5009 Sed
1613 4961 1667 5009 et
1695 4953 1954 5008 mulieres
1985 4954 2063 5023 (ut

459 5061 647 5102 eorum
676 5059 795 5115 qua:
825 5042 996 5113 gessit
1023 5042 1304 5108 Dominus,
1338 5042 1541 5099 relator
1559 5041 1819 5113 egregius
1842 5050 2061 5097 sanctus

459 5134 634 5188 Lucas
683 5132 842 5186 nobis
891 5130 1222 5201 manifestat)
1271 5131 1342 5185 ad
1389 5136 1800 5185 monumentum
1846 5129 2064 5184 Domini

458 5226 747 5285 venerunt,
780 5223 1076 5291 portantes
1100 5236 1223 5292 quae
1239 5222 1590 5292 paraverant
1611 5222 1872 5292 aromata
1904 5219 2060 5283 (Luc.

460 5322 610 5371 XXIV,
645 5307 717 5378 t).
750 5290 818 5361 Et
862 5324 983 5379 qua:
1028 5290 1151 5362 sunt
1201 5290 1315 5362 hinc
1361 5313 1625 5371 aromata,
1660 5305 1764 5360 nisi
1794 5290 1985 5362 suavia
2014 5314 2066 5361 et

464 5395 739 5452 odorifera
770 5404 1079 5452 sanctarum
1121 5394 1431 5451 orationum
1481 5394 1882 5450 odoramenta?
1912 5395 2065 5451 Unde

463 5492 517 5540 et
564 5484 696 5553 petit
740 5485 1049 5555 Psalmista,
1097 5483 1395 5539 orationem
1442 5498 1595 5537 suam
1634 5483 1794 5555 dirigi
1827 5484 1880 5538 in
1927 5499 2063 5539 con—

462 5580 650 5644 spectu
694 5574 910 5629 Domini
956 5575 1093 5629 sicut
1144 5572 1426 5626 incensum
1471 5573 1649 5639 (Psal.
1706 5589 1825 5638 CXL,
1871 5578 1927 5643 2)
1964 5588 1976 5626 :
2013 5580 2065 5628 et

464 5668 680 5718 sanctus
718 5664 957 5721 Joannes
998 5662 1054 5717 in
1082 5658 1413 5732 Apocalypsi
1442 5662 1660 5729 asserit,
1702 5661 1896 5735 viginti
1923 5676 2065 5733 qua-

2624 4684 3023 4742 CAPITULUM
3050 4685 3284 4740 XXXII.

2162 4852 2239 4909 l‘e
2265 4855 2478 4929 mentis
2526 4858 2874 4929 evagatione,
2924 4873 3093 4929 quam
3120 4856 3277 4911 nobis
3308 4854 3583 4910 orationi:
3625 4856 3758 4909 tem-

2230 4940 2364 4995 pore
2384 4926 2568 4983 inesse
2588 4926 2884 4993 sentimus,
2910 4926 2967 4982 et
2986 4928 3239 5000 qualiter
3256 4930 3310 4981 et
3333 4941 3516 5000 quare
3520 4940 3625 4996 per
3650 4929 3760 5000 ter-_

2237 5006 2381 5060 tium
2402 5001 2497 5075 qui
2517 5000 2583 5055 de
2607 5001 2721 5056 loco
2744 4997 3053 5075 voluptatis
3074 4998 3369 5075 egreditur
3380 4997 3638 5075 fluvium,
3666 4997 3757 5075 qui

2233 5081 2289 5133 et
2317 5067 2493 5145 Tigri:
2509 5075 2758 5137 vocatur,
2783 5067 3059 5127 orationis
3076 5067 3406 5140 accipienda
3427 5067 3640 5122 devotio
3661 5069 3754 5121 sit.

2235 5217 2391 5290 Cogit
2422 5231 2522 5271 nos
2554 5222 2612 5269 ut
2642 5221 2833 5278 tecum,
2873 5212 2964 5284 qui
2993 5210 3263 5266 habitator
3279 5209 3433 5266 cellre
3452 5226 3531 5274 es,
3556 5208 3754 5280 aliquid

2163 5308 2344 5365 adhuc
2373 5320 2603 5378 agamus
2630 5303 2698 5357 de
2715 5301 2835 5367 his;
2868 5301 3013 5373 cogit
3032 5316 3151 5368 nos,
3178 5300 3422 5372 inquam.
3441 5313 3641 5370 magna
3660 5314 3758 5370 qua

2165 5396 2297 5452 satis
2320 5392 2685 5465 deprimimur
2717 5390 2961 5455 miseria,
2984 5390 3159 5445 nostri
3194 5404 3303 5443 non
3350 5387 3619 5443 oblivisci.
3646 5387 3762 5441 Non

2163 5485 2309 5541 enim
2361 5498 2653 5554 possumus
2680 5496 2789 5535 non
2819 5479 3092 5549 suspirare
3123 5486 3173 5532 et
3204 5493 3448 5548 gemere,
3484 5492 3649 5546 super
3676 5475 3759 5529 in-

2164 5572 2315 5645 genti
2347 5570 2695 5626 instabilitate
2726 5568 2909 5623 miseri
2933 5575 2987 5623 et
3014 5565 3343 5621 miserabilis
3372 5564 3560 5620 cordis
3580 5564 3759 5620 nostri.

2165 5663 2343 5733 Supra
2372 5659 2595 5715 modum
2622 5674 2822 5731 vagum
2853 5666 2905 5715 et
2933 5655 3228 5729 profugum
3250 5662 3351 5722 est,
3375 5662 3431 5710 et
3453 5669 3514 5710 se
3536 5653 3642 5712 sibi
3656 5652 3760 5710 fere
