3938 6422
208 383 314 437 865

1345 380 1547 437 LIBER
1586 381 1681 438 DE
1719 377 2104 436 EXERCITIO
2143 379 2399 434 CELL/E.

3425 384 3528 437 866

215 507 562 563 incessanter
592 505 818 571 furatur,
855 513 906 561 et
953 513 1245 576 antequam
1283 506 1498 572 sentiat,
1533 513 1692 577 atque
1722 505 1823 560 de-
1844 506 1900 568 Α
1931 503 2170 574 perfecte
2200 504 2315 558 sine
2346 503 2492 558 omni
2531 503 2876 558 excusatione
2928 511 3245 574 reputamus
3273 505 3524 576 injustos.

215 595 545 667 prehendat,
580 603 734 650 extra
766 611 824 649 se
863 594 1044 648 fusum
1091 595 1494 660 comminuitur,
1528 603 1581 649 et
1609 611 1710 665 per
1739 595 1827 648 in-

214 700 446 740 numera
535 684 888 756 dispergitur.
947 684 1036 739 Sic
1106 693 1285 739 autem
1343 684 1732 739 comminutum
1777 691 1830 737 et

219 774 532 844 dispersum
563 773 652 827 vix
681 789 740 827 se
769 771 1028 843 permittit
1064 773 1133 826 ad
1175 789 1235 827 se
1265 773 1512 828 revocari
1541 780 1594 827 et
1620 771 1826 844 colligi,

221 870 277 917 et
304 862 445 916 intra
489 877 549 916 se
599 861 960 933 redintegrari
993 877 1006 915 :
1041 869 1095 915 et
1123 861 1170 914 si
1209 860 1350 916 forte
1399 861 1487 916 vel
1534 859 1830 932 aliquando

221 950 294 1004 ad
326 966 386 1004 se
415 948 576 1004 fuerit
620 949 927 1015 collectum,
983 964 1086 1004 nec
1143 965 1252 1003 uno
1299 950 1376 1017 (ut
1432 949 1504 1003 ita
1560 949 1830 1018 dicamus)

219 1038 367 1092 intra
397 1054 456 1093 se
487 1045 762 1092 momento
806 1037 1065 1108 permittit
1114 1054 1173 1092 se
1213 1037 1518 1092 demorari.
1581 1038 1650 1090 Et
1706 1053 1827 1092 cum

218 1126 388 1180 tantis
415 1141 478 1182 ac
509 1126 704 1180 talibus
735 1126 1108 1181 indesinenter
1152 1125 1390 1181 miseriis
1447 1125 1830 1181 miserabiliter

224 1215 559 1280 devastetur,
591 1223 867 1280 oneretur,
913 1222 1214 1284 prematur,
1249 1222 1376 1270 tunc
1405 1214 1624 1285 quidem
1652 1213 1830 1286 magis

231 1303 304 1358 ab
333 1303 412 1358 eis
443 1311 672 1358 vexatur
700 1319 820 1358 cum
869 1304 936 1357 ad
967 1303 1265 1358 orationem
1308 1303 1657 1358 convertitur.
1689 1303 1831 1356 Nam

223 1393 441 1463 quando
488 1391 575 1446 vel
617 1392 671 1446 in
717 1391 907 1447 codice
960 1391 1216 1464 legimus,
1249 1391 1334 1446 vel
1384 1391 1621 1445 manuali
1671 1390 1832 1446 alicui

223 1480 380 1551 operi
410 1479 761 1545 intendimus,
796 1480 1134 1551 aliquantum
1182 1495 1574 1550 nonnunquam
1603 1495 1700 1535 cor
1728 1495 1831 1550 ap-

220 1585 435 1640 ponere
467 1569 730 1638 valemus,
764 1576 817 1623 et
846 1576 902 1623 ut
940 1569 1006 1622 iis
1053 1569 1123 1623 de
1172 1568 1366 1640 quibus
1410 1584 1511 1623 nos
1554 1568 1831 1622 introrrit-

219 1657 408 1722 timus,
441 1665 716 1728 utcunque
746 1657 871 1712 licet
901 1656 1128 1711 multum
1176 1657 1419 1712 renitens
1451 1665 1502 1711 et
1533 1656 1829 1722 reluctans,

220 1746 435 1801 morari
492 1761 553 1801 se
620 1745 899 1816 permittat
956 1745 1219 1800 efficimus
1268 1763 1281 1800 :
1339 1761 1530 1800 verum
1585 1760 1707 1800 cum
1763 1745 1833 1799 ad

222 1835 490 1890 orandum
545 1833 858 1890 accedimus
886 1875 899 1900 ,
954 1833 1238 1890 confestim
1297 1834 1449 1904 quasi
1508 1835 1613 1889 hoc
1668 1848 1834 1904 supra

218 1923 448 1978 modum
476 1938 723 1990 exosum,
782 1931 835 1977 et
882 1922 936 1976 in
981 1923 1144 1994 pleno
1190 1938 1253 1977 ac
1300 1921 1541 1992 perfecto
1585 1922 1712 1976 odio
1739 1937 1836 1977 cor

222 2019 476 2066 nostrum
520 2011 734 2077 habeat,
785 2028 845 2066 se
875 2010 978 2065 sibi
1024 2011 1212 2076 furari,
1261 2027 1320 2065 se
1350 2027 1381 2064 a
1418 2027 1476 2065 se
1525 2011 1830 2075 extrahere,

220 2099 391 2173 longe
419 2117 450 2154 a
480 2116 540 2155 se
596 2099 858 2156 secedere
915 2099 1106 2171 [Par.,
1165 2098 1463 2171 recedere],
1526 2107 1577 2154 et
1619 2099 1685 2152 iis
1713 2115 1835 2169 qua:

217 2188 274 2242 in
309 2204 406 2244 ore
435 2187 790 2259 proferuntur
819 2189 1042 2244 dorsum
1074 2195 1284 2243 vertere
1329 2186 1587 2243 velociter
1615 2186 1833 2259 fugiens

218 2276 464 2332 festinat.
503 2278 571 2332 Et
601 2277 645 2331 si
667 2277 807 2332 forte
838 2277 907 2332 ad
937 2293 996 2332 se
1028 2277 1114 2332 vel
1145 2275 1427 2331 rarissime
1459 2276 1616 2342 redit,
1651 2277 1833 2329 statim

217 2381 252 2420 a
279 2381 342 2421 se
372 2365 598 2432 recedit,
631 2374 684 2420 et
712 2381 926 2421 rursum
957 2365 1232 2438 vagationi
1276 2364 1516 2435 pristina:
1547 2380 1605 2419 se
1638 2363 1822 2420 tradit.

223 2453 272 2510 Ο
305 2470 505 2527 magna
544 2453 804 2509 miseria!
877 2469 1039 2525 quam
1086 2454 1227 2509 bene
1269 2453 1399 2508 illud
1447 2453 1650 2508 dictum
1699 2461 1782 2506 est
1817 2468 1828 2506 :

222 2545 466 2598 Factum
496 2547 581 2600 est
612 2544 910 2599 silentium
946 2544 1009 2598 in
1048 2544 1184 2599 calo
1227 2543 1388 2614 quasi
1428 2543 1612 2596 media
1645 2543 1783 2596 hora
1814 2549 1832 2597 !

217 2633 418 2704 (Apoc.
451 2647 570 2698 νιιι,
607 2632 684 2701 1.)
730 2633 1092 2703 Nequaquam
1137 2631 1299 2702 plena
1349 2632 1505 2697 hora,
1549 2630 1644 2684 sed
1675 2630 1834 2684 dimi-

223 2720 317 2775 dia
374 2720 642 2775 stabilitas
719 2729 769 2776 et
825 2720 981 2792 quies
1028 2719 1085 2774 ﬁt
1141 2720 1196 2774 in
1253 2719 1474 2784 animo;
1532 2719 1675 2789 quod
1751 2727 1834 2773 est

225 2808 347 2864 ﬁeri
381 2809 653 2864 silentium
687 2809 741 2863 in
772 2810 932 2864 cmlo.
968 2809 1075 2864 Sed
1106 2825 1206 2863 nec
1236 2808 1323 2862 illa
1365 2807 1606 2872 dimidia,
1640 2807 1832 2861 saltem

222 2906 282 2952 ut
327 2897 550 2952 dimidia
607 2898 857 2964 sentitur,
919 2897 1045 2969 quia
1100 2905 1153 2952 et
1205 2896 1362 2967 quasi
1391 2895 1749 2966 praemittitur.
1785 2895 1830 2950 Ο

224 2985 414 3041 cordis
432 2985 631 3057 ingens
649 2986 875 3041 morbus
901 2985 912 3040 l
948 2993 999 3040 et
1017 2985 1237 3056 quidem
1266 2984 1486 3040 omnino
1516 2984 1832 3039 incurabilis

225 3074 469 3147 quandiu
526 3091 723 3146 corpus
783 3075 927 3146 quod
982 3073 1342 3144 corrumpitur
1391 3081 1662 3146 aggravat
1707 3073 1831 3127 ani-

223 3179 394 3227 mam,
428 3171 481 3218 et
510 3163 767 3234 deprimit
803 3171 1019 3219 terrena
1047 3162 1364 3218 inhabitatio
1409 3178 1632 3216 sensum
1662 3161 1831 3216 multa

225 3253 577 3324 cogitantem.
613 3252 714 3308 Ubi
743 3251 900 3308 nobis
931 3253 987 3306 in
1014 3247 1162 3306 tanta
1208 3251 1430 3306 miseria
1461 3268 1607 3322 spes,
1642 3250 1746 3304 nisi
1776 3250 1831 3303 in

227 3341 349 3396 sola
378 3341 759 3397 misericordia
795 3341 915 3408 Dei,
948 3340 1042 3413 qui
1085 3340 1338 3396 exercitio
1385 3339 1482 3408 illi,
1519 3340 1662 3410 quod
1693 3339 1832 3394 inter

225 3429 409 3485 omnia
440 3429 636 3501 quibus
665 3429 995 3484 intendimus
1051 3429 1306 3484 exercitia
1352 3428 1531 3499 magis
1561 3436 1642 3482 est
1673 3427 1831 3482 nobis

225 3517 622 3583 necessarium,
671 3516 809 3575 sicut
854 3519 1138 3583 debemus,
1204 3517 1487 3573 intendere
1531 3533 1638 3571 non
1681 3517 1832 3571 vale-

223 3607 393 3662 mus?
433 3606 575 3675 Quid
606 3607 676 3662 de
707 3607 840 3678 ipsis
871 3608 1076 3677 apertis
1113 3606 1269 3660 malis
1315 3606 1518 3660 nostris
1564 3605 1826 3671 dicemus,

228 3695 450 3767 quando
479 3695 600 3766 ipsa
631 3695 775 3751 bona
803 3703 1012 3760 nostra,
1045 3711 1156 3749 non
1209 3710 1375 3765 posse
1421 3694 1562 3748 bona
1593 3710 1714 3748 esse
1745 3693 1830 3748 vi-

229 3784 472 3840 demus?
500 3783 642 3852 Quid
674 3783 815 3838 inter
842 3784 996 3839 hazc?
1025 3783 1402 3854 Nosmetipsos
1422 3782 1760 3838 incessanter
1780 3790 1833 3837 et

227 3873 431 3928 acriter
461 3872 514 3926 in
545 3880 841 3943 conspectu
871 3871 973 3926 Dei
990 3887 1308 3945 arguamus,
1340 3872 1827 3943 reprehendamus,

230 3977 573 4025 accusemus,
610 3969 663 4016 et
698 3962 960 4016 miseram
1005 3961 1238 4015 animam
1296 3969 1538 4015 nostram
1568 3960 1622 4014 in
1653 3960 1831 4014 mani-

231 4050 334 4105 bus
388 4049 591 4106 nostris
649 4058 948 4120 portantes,
1014 4065 1209 4106 carnes
1256 4057 1475 4105 nostras
1524 4049 1832 4104 laceremus

228 4139 484 4195 dentibus
547 4139 769 4195 nostris.
837 4138 955 4192 Erit
1003 4138 1250 4194 fortassis
1315 4139 1460 4209 apud
1506 4137 1651 4208 pium
1690 4139 1830 4192 Con-

225 4227 458 4284 ditorem
486 4236 750 4289 nostrum.
784 4228 875 4299 qui
904 4228 1186 4300 cognoscit
1213 4227 1531 4298 figmentum
1563 4234 1826 4292 nostrum,

226 4316 318 4388 qui
350 4325 402 4372 et
453 4317 773 4372 recordatur
829 4316 954 4388 quia
1010 4333 1138 4372 caro
1188 4333 1395 4382 sumus,
1444 4316 1627 4387 aliqua
1673 4315 1832 4384 hujus

225 4413 431 4461 nostra;
452 4404 757 4478 fragilitatis
806 4405 1104 4474 excusatio,
1156 4405 1274 4476 ipsa
1302 4413 1491 4460 nostra
1520 4420 1749 4460 accensa
1779 4411 1833 4458 et

227 4493 482 4548 humilias
513 4494 810 4550 accusatio.
843 4496 910 4550 Et
949 4493 1166 4566 quidem
1198 4494 1360 4566 quasi
1405 4509 1634 4565 pannus
1665 4509 1830 4548 men-

1929 595 1997 646 At
2027 602 2079 646 tu
2115 592 2378 656 fortassis,
2413 591 2503 662 qui
2533 592 2684 647 cellae
2728 592 2998 647 habitator
3037 610 3117 656 es,
3152 593 3226 648 ita
3255 595 3414 648 nobis
3444 613 3530 651 re-

1929 681 2168 751 spondes
2201 681 2269 735 ad
2301 682 2415 735 haec
2447 698 2460 734 :
2493 680 2713 734 multum
2748 697 2834 735 me
2864 681 2919 734 in
2964 682 3142 736 verbis
3172 683 3289 737 istis
3320 684 3530 740 sollici-

1929 777 2042 824 tum
2092 777 2143 824 et
2198 769 2458 839 pavidum
2512 769 2834 835 reddidisti,
2887 770 3223 841 multumque
3271 772 3524 844 turbasti,

1929 857 2290 925 commovisti,
2322 857 2646 913 concussisti
2680 873 2691 910 :
2724 873 2848 911 nam
2897 857 3058 928 plene
3110 859 3241 913 mihi
3272 875 3336 916 ac
3367 861 3529 932 plane

1930 946 2204 1001 miseriam
2235 961 2414 1000 meam
2445 961 2720 1018 magnam,
2759 962 2861 1016 qua
2905 963 3065 1016 supra
3096 949 3315 1002 modum
3346 949 3450 1006 hac
3477 950 3533 1005 in

1929 1043 2084 1105 parte
2114 1042 2367 1090 oneratus
2396 1050 2462 1089 ac
2491 1042 2731 1090 vastatus
2760 1051 2879 1088 sum
2909 1035 3308 1103 demonstrasti,
3341 1046 3396 1094 et
3416 1055 3532 1094 om-

1929 1139 2054 1178 nem
2087 1123 2216 1176 mihi
2234 1123 2448 1194 penitus
2469 1123 2877 1178 excusationem
2899 1124 3186 1179 abstulisti.
3223 1127 3277 1182 Si
3310 1128 3530 1199 quidem

1931 1211 2115 1267 omnia
2144 1212 2261 1266 haec
2293 1211 2363 1265 ita
2393 1211 2446 1265 in
2478 1228 2565 1266 me
2614 1211 2809 1275 sentio,
2860 1212 2999 1267 sicut
3025 1229 3087 1266 ea
3117 1221 3170 1268 te
3216 1213 3401 1271 dicere
3427 1232 3531 1272 au-

1931 1300 2040 1355 dio.
2072 1301 2170 1354 Est
2218 1300 2399 1371 utique
2454 1299 2712 1371 quidquid
2743 1300 2880 1355 dicis
2911 1318 3117 1366 verum,
3147 1309 3199 1356 et
3228 1319 3335 1358 non
3367 1314 3449 1360 est
3479 1305 3534 1360 in

1931 1388 2015 1443 his
2064 1388 2242 1443 verbis
2297 1389 2401 1442 tuis
2462 1389 2681 1459 aliquod
2740 1389 3102 1444 mendacium.
3144 1391 3340 1448 Omnia
3389 1395 3534 1449 enim

1933 1494 2054 1548 quae
2085 1477 2242 1543 dicis,
2280 1477 2358 1532 sic
2387 1494 2508 1532 esse
2548 1486 2604 1531 ut
2635 1477 2793 1539 dicis,
2839 1479 3200 1534 certissimum
3240 1499 3326 1536 me
3358 1484 3536 1538 reddit

1931 1582 2041 1620 non
2073 1566 2246 1620 solum
2279 1565 2525 1631 scientia,
2558 1566 2656 1620 sed
2686 1574 2738 1620 et
2769 1567 3097 1638 quotidiana,
3145 1569 3253 1624 imo
3281 1571 3538 1627 continua

1932 1670 2056 1709 mea
2078 1654 2440 1724 experientia.
2481 1655 2589 1709 Sed
2620 1655 2749 1725 quid
2771 1655 2900 1709 mihi
2930 1657 3156 1726 prodest
3186 1659 3330 1730 quod
3360 1661 3538 1716 valida

1933 1743 2095 1811 (sicut
2127 1759 2232 1815 ego
2264 1743 2380 1813 ipse
2412 1758 2478 1798 eo
2510 1743 2726 1812 plenius
2756 1744 2889 1809 scio,
2933 1746 3078 1816 quod
3105 1747 3386 1802 molestius
3416 1765 3536 1804 eam

1853 1832 2134 1923 Bsentio)
2186 1847 2274 1886 me
2331 1831 2468 1886 dicis
2524 1831 2849 1901 aegritudine
2898 1833 3102 1899 vexari,
3164 1835 3265 1888 nisi
3297 1845 3350 1890 et
3405 1837 3538 1892 mihi

1935 1920 2195 1974 ostendas
2255 1920 2529 1990 quomodo
2583 1920 2754 1990 possit
2820 1929 2870 1974 et
2925 1921 3121 1976 debeat
3167 1925 3392 1978 curari?
3439 1926 3540 1982 Dic

1935 2007 2186 2078 proinde,
2224 2023 2409 2078 quaiso
2440 2015 2512 2072 te,
2563 2015 2720 2078 prout
2756 2007 2853 2061 tibi
2901 2010 3159 2075 occurrit,
3203 2011 3419 2082 qualem
3451 2031 3539 2070 me

1933 2095 1989 2149 in
2014 2095 2264 2150 oratione
2313 2095 2571 2151 exhibere
2631 2096 2882 2163 debeam,
2940 2105 2997 2151 ut
3044 2113 3165 2153 eam
3197 2099 3392 2156 offerre
3424 2103 3540 2158 Deo

1934 2184 2142 2255 possim
2172 2192 2472 2255 acceptam.
2493 2185 2562 2238 Et
2584 2199 2683 2240 nos
2724 2184 2818 2238 tibi
2843 2185 2924 2241 sic
2952 2188 3349 2258 respondemus
3382 2205 3393 2244 :
3428 2191 3542 2248 Hoc

1932 2271 2024 2326 ille
2072 2272 2169 2327 tibi
2223 2273 2275 2326 in
2327 2273 2490 2328 corde
2546 2281 2639 2328 tuo
2683 2273 2907 2328 silenter
2954 2274 3102 2341 dicit,
3146 2276 3352 2349 absque
3383 2281 3539 2349 cujus

1935 2361 2105 2415 solius
2163 2377 2405 2428 munere,
2436 2361 2610 2417 oratio
2659 2369 2749 2416 tua
2794 2378 2895 2418 nec
2927 2363 3002 2418 illi
3031 2373 3273 2435 accepta,
3308 2383 3410 2423 nec
3441 2369 3538 2423 tibi

1936 2450 2077 2504 valet
2135 2466 2257 2506 esse
2315 2449 2640 2504 fructuosa:
2703 2451 2856 2520 cujus
2918 2453 3238 2526 plerumque
3309 2455 3532 2525 dixisse,

1933 2537 2129 2593 fecisse
2161 2547 2262 2592 est.
2294 2539 2510 2594 Diceret
2555 2538 2647 2592 tibi
2707 2538 2949 2594 fortassis
2980 2549 3033 2596 et
3091 2559 3192 2612 per
3245 2559 3376 2612 nos;
3407 2545 3535 2602 licet

1931 2627 2078 2698 loqui
2109 2627 2177 2682 de
2227 2628 2329 2682 hoc
2364 2628 2482 2682 sine
2524 2643 2724 2700 magna
2775 2636 2964 2684 nostra
3009 2631 3326 2688 confusione
3356 2642 3408 2689 et
3440 2652 3536 2690 ru-

1932 2716 2062 2770 bore
2095 2732 2202 2770 non
2233 2732 2546 2786 possumus.
2578 2717 2772 2772 Nonne
2813 2717 3059 2774 confusio
3088 2721 3250 2776 debet
3280 2739 3403 2778 esse
3430 2739 3534 2780 no-

1931 2805 2015 2858 bis
2045 2805 2190 2876 quod
2229 2805 2366 2859 alios
2405 2805 2688 2870 docemus,
2737 2823 2838 2860 nos
2869 2807 3020 2877 ipsos
3056 2816 3235 2864 autem
3285 2827 3390 2866 non
3430 2813 3534 2868 do-

1931 2909 2118 2948 cemus
2138 2895 2165 2948 ?
2195 2894 2341 2965 quod
2393 2893 2679 2964 pulchrum
2708 2895 3055 2967 depingimus
3105 2899 3402 2965 hominem,
3432 2901 3538 2974 ipsi

1930 2983 2169 3052 pictores
2197 2981 2307 3037 fedi
2336 2982 2363 3036 ?
2394 2983 2536 3053 quod
2559 2982 2693 3037 alios
2712 2984 2833 3038 cibo
2865 2994 3103 3056 potuque
3122 2986 3412 3053 reficimus,
3442 2991 3534 3062 qui

1930 3070 2074 3125 fame
2104 3086 2168 3126 ac
2198 3071 2284 3124 siti
2314 3070 2557 3141 perimus
2578 3072 2606 3126 ?
2651 3073 2795 3142 quod
2833 3073 2966 3128 alios
3005 3075 3344 3132 vestimentis
3388 3079 3533 3149 opti-

1929 3159 2034 3214 mis
2062 3159 2354 3224 induimus,
2379 3168 2430 3215 et
2461 3159 2564 3230 ipsi
2585 3160 2715 3214 nudi
2736 3161 3077 3217 ambulamus
3099 3166 3125 3219 ?
3156 3166 3225 3219 Et
3241 3165 3293 3219 in
3327 3174 3534 3223 tantum

1931 3249 2081 3314 nudi,
2115 3249 2517 3320 quodcunctis
2573 3258 2793 3320 apparet
2836 3251 3082 3307 confusio
3130 3255 3390 3310 nuditatis
3438 3273 3536 3313 no-

1934 3345 2077 3402 strae,
2121 3346 2174 3392 et
2200 3337 2410 3392 videtur
2438 3338 2508 3392 ab
2538 3338 2792 3392 omnibus
2823 3341 3098 3410 turpitudo
3128 3351 3333 3398 nostra.
3367 3345 3537 3417 Igitur

1932 3435 1990 3480 ut
2036 3426 2107 3480 ad
2155 3434 2300 3480 tuam
2351 3426 2781 3493 mdiﬁcationem,
2825 3437 2880 3483 tu
2930 3430 3022 3500 qui
3072 3431 3341 3488 habitator
3383 3435 3534 3492 cella;

1933 3531 2010 3582 es,
2047 3515 2392 3570 intendamus
2421 3515 2524 3582 his,
2560 3516 2838 3571 retulimus
2870 3518 3031 3586 (sicut
3061 3519 3177 3590 ipse
3207 3521 3337 3590 scis)
3369 3522 3533 3596 longe

1933 3604 2204 3674 superius,
2265 3611 2316 3658 et
2356 3604 2533 3660 adhuc
2591 3604 2877 3659 referimus
2929 3607 3080 3676 juxta
3135 3610 3533 3683 tropologicum

1933 3709 2174 3759 sensum,
2208 3693 2277 3747 ad
2310 3693 2452 3748 hunc
2492 3693 2708 3748 tertium
2757 3693 2980 3750 fluvium
3017 3697 3108 3767 qui
3151 3699 3430 3769 egreditur
3464 3701 3532 3756 de

1933 3781 2054 3836 loco
2103 3781 2413 3852 voluptatis,
2473 3782 2755 3852 puritatem
2802 3783 3014 3839 demta;
3062 3786 3345 3841 orationis.
3401 3789 3534 3858 Ejus

1932 3886 2065 3925 vero
2095 3886 2297 3924 nomen
2327 3879 2428 3934 est,
2461 3879 2519 3924 ut
2548 3887 2712 3927 verax
2751 3872 2878 3927 dicit
2921 3873 3166 3937 historia,
3201 3876 3399 3946 Tigris.
3436 3878 3537 3933 Est

1933 3975 2069 4031 ergo
2125 3959 2302 4031 Tigris
2370 3960 2583 4032 sagitta,
2633 3961 2805 4014 oratio
2852 3979 2981 4032 pura
3026 3972 3075 4017 et
3123 3964 3362 4019 devota:
3415 3984 3536 4038 quae

1932 4048 2154 4119 quidem
2185 4048 2339 4102 velox
2373 4057 2475 4113 est,
2505 4048 2793 4118 perforans
2824 4059 2876 4103 et
2925 4059 3235 4121 penetrans,
3276 4054 3534 4109 scindens

1933 4145 1985 4191 et
2015 4136 2352 4208 pertingens.
2405 4138 2562 4192 Certe
2609 4138 2678 4192 ad
2725 4137 2898 4192 instar
2942 4141 3154 4210 sagitta)
3194 4143 3536 4199 velocissime

1932 4225 2182 4290 volantis,
2217 4234 2269 4281 et
2298 4225 2414 4296 ipsa
2442 4226 2584 4280 volat
2612 4243 2786 4297 usque
2816 4228 2883 4280 ad
2919 4228 3099 4298 ipsum
3139 4232 3332 4286 Deum.
3369 4233 3534 4287 Deni-

1933 4331 2038 4386 que
2068 4313 2236 4369 oratio
2259 4314 2388 4382 justi
2443 4322 2690 4385 penetrat
2738 4316 2930 4370 nuhes.
2982 4317 3123 4385 Quid
3169 4319 3217 4373 ei
3266 4321 3535 4378 obsistere

1930 4403 2154 4474 potest?
2186 4402 2435 4457 universa
2466 4420 2586 4472 qua:
2607 4403 2890 4458 visibiliter
2917 4413 3179 4475 apparent
3211 4407 3365 4478 quasi
3397 4409 3535 4464 dura

1931 4499 1985 4546 et
2015 4492 2224 4557 clausa,
2256 4491 2371 4562 ipsa
2407 4490 2652 4562 perforat
2709 4500 2759 4546 et
2807 4502 3070 4562 penetrat,
3105 4509 3139 4549 a
3167 4512 3300 4566 puro
3339 4496 3533 4567 spiritu

225 4587 486 4652 structae,
510 4591 568 4637 ut
601 4583 674 4638 ait
695 4582 883 4649 Isaias,
907 4599 1100 4638 omnes
1126 4583 1434 4654 injustitia:
1460 4585 1670 4637 nostra:
1694 4582 1822 4650 (Isa.
1847 4584 1900 4645 D
1931 4580 2151 4649 emissa,
2184 4588 2237 4634 et
2265 4581 2336 4634 ab
2381 4596 2446 4634 eo
2503 4596 2610 4635 non
2661 4581 2880 4635 amissa.
2934 4582 3041 4636 Sed
3089 4591 3140 4638 et
3197 4601 3533 4658 quaecunque

225 4686 380 4740 wa,
396 4671 760 4744 6);utahsque
786 4671 950 4727 dubio
969 4672 1204 4726 sciamus
1228 4671 1357 4743 quid
1379 4671 1448 4725 de
1470 4670 1603 4742 ipsis
1618 4670 1828 4738 injusti-

225 4761 316 4815 tiis
337 4760 539 4816 nostris
560 4760 760 4817 sentire
781 4761 1094 4828 debeamus,
1113 4761 1203 4832 qui
1219 4759 1455 4828 justitias
1485 4776 1702 4832 quoque
1733 4775 1831 4814 no-

228 4857 374 4905 stras
395 4850 464 4920 (si
488 4859 665 4905 tamen
678 4849 938 4919 justitias)
958 4865 990 4904 a
1010 4858 1156 4904 tanto
1177 4850 1442 4920 pr0pheta
1464 4848 1556 4903 tali
1579 4849 1656 4903 rei
1684 4849 1829 4902 assi-

228 4937 411 4993 milari
450 4937 719 4993 audimus.
778 4938 1186 5009 Correptionem
1221 4937 1445 5008 proinde
1475 4952 1743 5002 severam,
1779 4944 1831 4992 et

231 5027 677 5100 redargutionem
722 5035 965 5093 acutam,
1015 5035 1180 5098 atque
1223 5027 1618 5082 accusationem
1675 5041 1829 5080 mor-

227 5116 446 5172 dentem
505 5115 829 5171 intrinsecus
884 5116 939 5170 in
993 5116 1192 5182 corde,
1244 5116 1578 5172 extrinsecus
1622 5115 1678 5168 in
1709 5131 1826 5182 ore,

228 5222 447 5276 semper
477 5213 529 5260 et
555 5204 757 5276 ubique
787 5220 973 5260 coram
1003 5206 1118 5260 Deo
1148 5204 1619 5270 circumferamus;
1650 5204 1828 5274 ipsum

225 5295 418 5350 devote
459 5301 765 5359 exorantes,
792 5302 1059 5364 quatenus
1101 5293 1258 5348 nobis
1295 5293 1383 5364 pie
1416 5293 1722 5349 concedere
1741 5293 1829 5346 di-

226 5392 444 5456 gnetur,
487 5390 544 5436 ut
591 5382 658 5435 sit
687 5382 992 5453 impetratio
1025 5382 1215 5447 venia),
1249 5383 1470 5437 humilis
1498 5383 1614 5437 hmo
1645 5389 1831 5436 nostra

223 5489 344 5528 cum
379 5473 596 5526 interna
625 5470 949 5525 contritione
979 5470 1182 5535 cordis,
1219 5479 1272 5524 et
1315 5487 1446 5540 pura
1483 5469 1829 5526 confessione

225 5562 358 5624 oris,
393 5559 638 5632 cognitio
667 5559 842 5629 culpa:
875 5577 887 5612 :
922 5575 1022 5614 nos
1080 5574 1296 5629 quoque
1328 5559 1509 5630 aliquo
1541 5557 1705 5612 modo
1731 5572 1830 5612 co-

225 5667 339 5706 ram
373 5665 434 5704 se
466 5649 523 5703 in
554 5648 658 5703 hoc
700 5648 921 5718 deputet
959 5649 1156 5717 justos,
1199 5647 1252 5700 in
1284 5663 1392 5718 quo
1429 5663 1531 5702 nos
1577 5647 1737 5716 plene
1766 5660 1834 5703 ac

1931 4669 2085 4740 quasi
2133 4669 2407 4724 obviantia
2469 4669 2759 4740 spiritualis
2822 4687 2933 4724 sua;
2988 4672 3236 4741 puritatis
3283 4675 3536 4730 acumine

1931 4757 2148 4824 scindit,
2183 4773 2284 4814 nec
2315 4775 2550 4830 unquam
2593 4758 2786 4824 resilit,
2821 4759 2866 4812 si
2913 4776 3086 4831 usque
3117 4761 3185 4814 ad
3235 4761 3411 4832 ipsum
3443 4762 3535 4834 qui

1931 4863 2099 4918 super
2127 4847 2311 4926 omnia
2339 4856 2421 4902 est
2461 4847 2739 4920 pertingit.
2790 4848 2911 4902 Non
2963 4849 3135 4903 solum
3184 4859 3386 4917 autem,
3436 4852 3532 4907 sed

1930 4944 1984 4991 et
2028 4936 2211 4991 omnia
2253 4929 2393 5007 'qure
2441 4945 2564 4990 sunt
2619 4936 2779 4990 nobis
2828 4937 3195 5006 adversantia,
3245 4955 3363 5010 qua:
3413 4948 3537 4995 sunt

1929 5024 2224 5092 contraria,
2259 5041 2379 5096 qure
2410 5032 2534 5079 sunt
2561 5025 2771 5089 nociva,
2822 5025 2941 5096 ipsa
2989 5027 3246 5097 debellat,
3297 5045 3533 5100 exsupe-

1929 5122 2015 5169 rat
2045 5121 2096 5168 et
2125 5114 2411 5169 annihilat.
2453 5115 2522 5168 Et
2549 5114 2652 5169 hoc
2680 5114 2929 5170 fortassis
2961 5124 3062 5182 est,
3097 5117 3241 5187 quod
3275 5117 3343 5172 de
3374 5119 3536 5175 fluvio

1929 5203 2032 5257 isto
2063 5203 2260 5257 dicitur
2291 5203 2416 5274 quia
2445 5203 2589 5257 vadit
2619 5212 2804 5258 contra
2834 5203 3106 5276 Assyrios.
3131 5206 3272 5260 Nam
3303 5223 3399 5277 per
3426 5223 3529 5278 po-

1931 5292 2114 5361 pulum
2149 5292 2498 5362 Assyriorum
2529 5291 2791 5363 quidquid
2822 5293 3082 5362 spirituali
3112 5303 3315 5348 nostra!
3341 5295 3532 5351 militat

1929 5379 2158 5444 laesioni,
2191 5389 2438 5450 putamus
2460 5397 2583 5435 esse
2613 5381 3006 5451 accipiendum.
3058 5382 3262 5438 Contra
3291 5385 3393 5438 hoc
3425 5387 3532 5439 As-

1932 5469 2106 5540 syrios
2136 5469 2283 5523 vadit
2311 5469 2411 5523 iste
2429 5469 2622 5523 fluvius
2643 5469 2843 5541 Tigris,
2878 5470 3000 5541 quia
3021 5472 3273 5526 omnibus
3293 5490 3414 5543 qua?
3443 5490 3534 5529 no-

1931 5574 2058 5611 cere
2090 5558 2246 5612 nobis
2277 5567 2501 5628 possunt
2523 5558 2650 5626 (nisi
2672 5557 2812 5612 forte
2833 5566 2890 5612 ut
2919 5560 3149 5629 prosint,
3177 5570 3227 5614 et
3257 5569 3312 5615 ut
3343 5577 3532 5616 eorum

1933 5646 2129 5702 obesse
2159 5645 2291 5700 nihil
2322 5645 2466 5700 aliud
2495 5633 2658 5717 quam
2703 5647 2965 5716 prodesse
3012 5648 3104 5718 sit)
3135 5648 3329 5706 similis
3356 5657 3530 5706 acuta:
