3938 6418
475 380 581 433 867

1343 372 1688 430 GUIGONIS
1727 374 1774 428 II
1814 371 2224 428 CARTHUSLE
2262 373 2558 432 MAIORIS
2594 375 2897 433 PRIORIS.

3673 379 3771 432 868

473 501 702 570 sagittae,
733 499 992 556 citissime
1023 498 1274 567 volantis,
1307 497 1515 568 puritas
1537 496 1740 551 resistit
1769 504 1823 551 et
1854 503 2070 551 contra-
2089 497 2143 556 Α
2171 505 2372 556 ctuosa}
2402 503 2654 569 existant,
2685 502 2896 558 alacres
2945 511 3037 557 eas
3085 508 3138 556 et
3185 499 3441 555 robustas
3481 498 3770 555 exhibeant

471 591 600 645 dicit
629 591 836 644 devota}
867 586 1147 642 orationis.
1183 586 1238 641 Si
1266 601 1365 641 nos
1407 585 1598 656 fatigat
1645 585 1871 654 alicujus
1901 585 2070 640 vehe-

471 677 674 733 mentia
704 675 1035 741 tentationis,
1070 675 1115 728 si
1171 690 1271 730 nos
1323 674 1519 745 premit
1567 674 1648 744 (ut
1687 688 2072 744 nonnunquam

468 767 693 837 assolet)
725 765 898 820 moles
928 764 1237 835 ponderosa
1264 762 1492 832 alicujus
1524 762 1751 816 furentis
1778 761 2075 816 adversita-

467 857 558 922 tis,
605 862 789 910 contra
840 855 940 908 hos
1000 861 1050 908 et
1090 852 1378 906 universos
1422 852 1558 906 alios
1607 851 1698 922 qui
1750 850 1889 904 intra
1927 851 2071 903 hunc

465 943 730 999 mundum
776 950 897 996 sunt
945 941 1222 1012 Assyrios,
1279 940 1428 995 vadit
1465 939 1659 993 ﬂuvius
1709 939 1810 993 iste
1853 938 2066 1010 Tigris;

468 1033 595 1105 quia
624 1032 872 1088 valenter
901 1030 1113 1085 obsistit
1134 1030 1213 1084 eis
1235 1029 1446 1083 devotae
1467 1027 1751 1083 sinceritas
1771 1027 2064 1092 orationis;

466 1137 591 1178 cum
630 1137 730 1176 nos
749 1121 1072 1191 plerumque
1103 1118 1348 1189 fatigant,
1382 1131 1659 1187 nunquam
1691 1131 1792 1170 nos
1830 1131 2066 1185 exsupe-

465 1218 607 1280 rent,
641 1226 744 1266 nec
793 1208 1085 1280 aliquando
1123 1223 1225 1261 nos
1271 1205 1600 1276 Opprimant,
1653 1204 1754 1259 etsi
1792 1203 2067 1258 multoties

464 1306 736 1370 premant.
778 1299 920 1368 Num
950 1295 1115 1350 menti
1146 1303 1346 1350 nostra;
1377 1293 1592 1359 excidit,
1628 1293 1756 1364 quia
1786 1292 1931 1347 venit
1961 1293 2064 1346 du-

464 1389 594 1442 dum
623 1386 848 1442 Amalec
879 1393 936 1440 ut
966 1391 1238 1456 pugnaret
1261 1391 1452 1438 contra
1473 1382 1638 1436 Israel
1660 1383 1688 1435 ?
1720 1381 1879 1449 Quod
1910 1381 2064 1435 nimi-

466 1493 588 1531 rum
617 1477 795 1530 adhuc
823 1474 984 1529 hodie
1013 1472 1090 1539 fit,
1133 1488 1256 1527 cum
1307 1471 1661 1540 reproborum
1692 1470 1925 1540 populus
1955 1477 2064 1523 ter-

459 1580 596 1620 rena
626 1573 678 1619 et
707 1561 1022 1618 transitoria
1051 1577 1152 1632 per
1180 1559 1431 1615 affectum
1462 1567 1515 1614 et
1542 1558 1876 1613 desiderium
1908 1558 2064 1629 quasi

459 1653 695 1724 lingens,
727 1652 911 1722 pravis
941 1649 1055 1704 suis
1094 1657 1204 1704 tam
1236 1647 1499 1718 exemplis
1531 1663 1693 1717 quam
1719 1646 1958 1711 monitis,
1993 1647 2063 1700 ad

459 1741 668 1812 peccati
696 1739 1113 1795 delectationem
1152 1753 1218 1792 ac
1267 1736 1743 1808 perpetrationem,
1789 1734 2061 1789 mediante

2174 596 2284 643 tam
2316 590 2484 645 imum
2511 592 2842 659 humilitatis,
2875 592 2932 648 in
2959 590 3178 646 inﬁrmo
3216 603 3312 643 eas
3339 603 3408 642 ne
3452 587 3771 659 superbiant

2173 695 2466 748 premens;
2501 697 2662 752 quam
2693 683 2860 736 ardor
2891 679 3190 746 charitatis,
3222 685 3275 732 et
3307 677 3359 731 in
3390 677 3566 732 Deum
3594 693 3688 732 eas
3717 685 3770 731 et

2171 767 2226 820 in
2256 768 2562 838 proximum
2591 785 2660 824 ne
2691 769 2953 841 frigescas
3000 768 3363 822 inﬂammans.
3413 766 3554 820 Nam
3586 767 3768 819 Aaron

2172 873 2333 912 mons
2374 859 2738 928 fortitudinis
2785 858 3191 929 interpretatur.
3246 855 3316 909 Et
3363 853 3583 925 quidem
3624 869 3768 909 vera:

2168 945 2485 1000 humilitatis
2540 947 2711 1003 virtus
2759 955 2811 1001 et
2868 945 3114 1001 sublimis
3161 951 3260 1011 est,
3302 949 3355 997 et
3405 941 3593 1007 fortis;
3642 941 3769 1012 quia

2167 1033 2315 1088 illam
2356 1051 2513 1106 quam
2568 1052 2635 1090 ex
2681 1043 2794 1090 toto
2849 1041 3081 1105 occupat
3105 1038 3363 1097 mentem,
3415 1038 3469 1084 et
3496 1029 3768 1084 excelsam

2170 1123 2306 1177 redit
2335 1132 2386 1178 et
2416 1124 2715 1178 robustam.
2763 1124 2901 1178 Nam
2939 1124 3031 1195 qui
3069 1137 3196 1177 vere
3243 1119 3460 1174 humilis
3505 1125 3605 1185 est,
3658 1133 3770 1188 quo

2167 1211 2342 1282 magis
2372 1212 2426 1266 in
2455 1213 2567 1266 suis
2598 1220 2680 1267 est
2707 1211 2881 1269 oculis
2919 1211 2977 1264 in
3005 1211 3134 1276 imo,
3168 1223 3234 1264 eo
3279 1207 3454 1278 magis
3483 1206 3539 1260 in
3566 1205 3768 1260 divinis

2168 1309 2250 1354 est
2280 1301 2452 1356 oculis
2478 1301 2531 1354 in
2564 1301 2804 1366 excelso,
2836 1307 2889 1356 et
2919 1315 3024 1371 quo
3071 1297 3173 1352 sibi
3221 1304 3442 1367 apparet
3469 1293 3763 1361 inﬁrmior,

2167 1405 2233 1444 eo
2272 1404 2456 1444 coram
2485 1389 2601 1444 Deo
2633 1389 2814 1444 existit
2861 1388 3054 1442 fortior
3087 1401 3100 1440 :
3132 1385 3259 1456 quia
3287 1384 3542 1438 nimirum
3588 1383 3766 1437 virtus

2166 1477 2222 1531 in
2251 1494 2309 1532 se
2338 1478 2500 1532 habet
2549 1476 2862 1532 humilitatis
2893 1484 2946 1531 et
2991 1473 3363 1530 fortitudinem
3386 1471 3668 1538 humilem,
3711 1478 3768 1525 et

2166 1566 2522 1622 humilitatem
2570 1566 2786 1632 fortem,
2833 1574 2889 1619 ut
2923 1571 3150 1619 ‘neutra
3208 1562 3362 1617 alteri
3408 1560 3763 1632 prazjudicet;

2165 1663 2432 1726 quatenus
2478 1655 2791 1710 humilitatis
2835 1661 3034 1708 sanctae
3077 1652 3244 1707 virtus
3292 1658 3344 1705 et
3371 1649 3426 1704 in
3469 1649 3579 1704 imo
3609 1649 3679 1703 sit
3709 1649 3766 1702 in

2165 1745 2337 1800 oculis
2366 1744 2618 1815 propriis,
2652 1752 2705 1798 et
2733 1743 2787 1797 in
2805 1741 3022 1797 excelso
3054 1740 3110 1794 in
3137 1739 3312 1796 oculis
3341 1737 3559 1794 divinis.
3592 1738 3766 1792 Porro

461 1830 646 1886 illicito
677 1845 947 1884 consensu
977 1827 1298 1898 pertrahere
1345 1825 1642 1880 contendit.
1679 1824 1785 1879 Sed
1824 1831 1881 1877 ut
1913 1824 2060 1913 scia-
2080 1852 2134 1913 B
2164 1832 2278 1886 Hur
2325 1836 2512 1904 ignem
2581 1839 2754 1898 sonat,
2806 1838 2860 1885 ει
2893 1828 3174 1886 clm-iratis
3201 1827 3454 1882 ardorem
3482 1826 3761 1897 designat,

457 1933 581 1972 mus
612 1918 887 1989 quomodo
924 1916 1086 1971 vadat
1115 1914 1311 1969 ﬂuvius
1331 1913 1511 1985 Tigris
1542 1920 1733 1968 contra
1765 1911 2020 1981 Assyrios
2045 1929 2060 1978 ;

458 2007 693 2078 percutit
724 2022 848 2060 eum
876 2005 1040 2059 Josue
1071 2018 1244 2074 usque
1275 2002 1341 2056 ad
1374 2001 1822 2066 internecionem,
1856 2015 1979 2055 cum
2009 2001 2060 2054 in

459 2103 645 2151 monte
683 2110 880 2148 manus
910 2093 1052 2148 levat
1082 2092 1297 2163 Moyses
1329 2091 1527 2160 (Exod.
1561 2091 1716 2160 xvn).
1749 2090 1884 2143 Nam
1909 2089 2063 2158 juxta

456 2185 604 2239 hunc
653 2182 973 2246 secundum,
1029 2196 1194 2252 quem
1257 2179 1420 2234 modo
1466 2178 1767 2233 incedimus
1817 2193 2057 2244 sensum,

461 2288 628 2328 unum
657 2271 788 2344 quid
814 2269 1021 2336 innuit;
1045 2277 1098 2323 et
1129 2269 1344 2339 Moyses
1373 2275 1432 2322 ut
1453 2274 1790 2338 expugnetur
1817 2265 2056 2331 Amalec,

454 2362 512 2417 in
541 2368 724 2417 monte
755 2376 948 2414 manus
1002 2358 1230 2423 levans;
1273 2365 1328 2412 et
1385 2356 1579 2410 ﬂuvius
1633 2355 1814 2426 Tigris
1869 2361 2060 2410 contra

454 2450 712 2521 Assyrios
739 2449 972 2506 vadens.
1004 2448 1068 2502 Et
1100 2446 1220 2517 quis
1253 2445 1352 2499 iste
1384 2445 1600 2514 Moyses
1621 2443 1648 2496 ?
1675 2444 1816 2497 Num
1847 2442 1931 2496 his
1969 2443 2056 2496 in-

453 2538 750 2594 sistendum
783 2545 864 2592 est
911 2535 1088 2604 vobis,
1132 2541 1190 2589 ut
1230 2543 1304 2598 tu,
1349 2534 1439 2604 qui
1478 2532 1745 2587 habitator
1791 2531 1942 2586 cella:
1976 2538 2057 2585 est

451 2627 738 2683 aadiﬁceris
759 2627 785 2680 ‘2
815 2630 897 2680 An
925 2642 956 2679 a
983 2624 1142 2679 nobis
1173 2631 1255 2678 est
1282 2622 1685 2687 retrahendum,
1720 2637 1787 2675 ne
1827 2620 1880 2674 id
1911 2620 2057 2691 quod

451 2717 682 2772 dicimus
724 2723 920 2786 putans
969 2731 1091 2769 esse
1142 2712 1387 2777 nimium,
1441 2711 1686 2766 incurras
1735 2708 2058 2764 fastidium?

452 2806 558 2861 Sed
591 2805 710 2877 quis
767 2803 1092 2874 sapientium
1151 2802 1278 2857 dicit
1326 2816 1450 2856 esse
1489 2800 1735 2868 nimium,
1770 2806 2052 2869 quantum-

453 2910 665 2966 cunque
707 2892 869 2949 fuerit
921 2892 976 2947 in
1017 2891 1198 2947 verbis
1247 2890 1536 2961 prolixum,
1586 2888 1880 2943 dummodo
1918 2903 2052 2956 pos-

451 2983 558 3037 sint
589 2982 803 3052 singula
832 2981 1000 3036 verba
1030 2979 1365 3050 spiritualem
1395 2979 1453 3032 in
1481 2977 1822 3032 audientibus
1854 2983 2052 3030 sanctae

450 3070 822 3126 zedificationis
877 3085 1080 3141 augere
1109 3067 1414 3138 profectum
1434 3067 1461 3120 ?
1509 3065 1641 3134 Quis
1673 3081 1808 3137 ergo
1838 3063 1940 3118 iste
1970 3071 2052 3118 est

447 3161 685 3230 Moyses,
719 3159 824 3212 nisi
850 3167 908 3212 tu
940 3159 1032 3230 qui
1063 3173 1227 3212 verus
1257 3164 1310 3211 et
1335 3156 1583 3211 sincerus
1604 3154 1755 3210 cellae
1784 3153 2051 3207 inhabita-

446 3256 530 3303 tor
567 3247 671 3302 es?
718 3247 858 3302 Nam
888 3263 1086 3302 nomen
1119 3247 1223 3301 hoc
1270 3246 1504 3316 Moyses,
1556 3243 1702 3315 quod
1728 3258 1883 3297 more
1911 3242 2048 3295 mul-

444 3344 624 3392 torum
671 3336 885 3391 celebre
945 3344 998 3391 et
1042 3335 1297 3406 frequens
1349 3335 1599 3402 habetur,
1655 3349 1719 3387 ex
1771 3347 1910 3402 aqua
1959 3346 2048 3385 as-

443 3433 691 3496 sumptus
722 3425 1122 3496 interpretatur.
1157 3425 1222 3478 Et
1252 3439 1432 3478 nonne
1481 3431 1536 3476 tu
1567 3438 1632 3476 ex
1662 3421 1818 3492 aquis
1852 3437 1911 3474 es
1950 3435 2044 3473 as-

443 3523 712 3586 sumptus,
747 3515 838 3586 qui
871 3513 1119 3569 visitante
1140 3521 1192 3568 te
1213 3512 1390 3586 gratia
1410 3511 1530 3578 Dei,
1557 3528 1588 3565 a
1619 3510 1766 3564 ﬂuxu
1793 3526 1853 3564 es
1881 3525 2044 3563 mun-

440 3605 598 3660 danae
627 3603 1056 3660 conversationis
1087 3610 1326 3673 ereptus,
1380 3609 1432 3656 et
1462 3601 1532 3655 ad
1575 3616 1795 3655 suavem
1828 3614 1892 3653 ac
1923 3598 2043 3652 dul-

439 3709 560 3749 cem
584 3693 735 3749 cella:
762 3693 999 3764 quietem
1055 3691 1396 3746 translatus?
1444 3690 1554 3746 Sed
1585 3690 1799 3758 Moyses
1848 3687 2044 3742 dicitur

437 3798 633 3836 manus
661 3769 864 3848 levare,
911 3781 1040 3852 quia
1088 3789 1143 3834 tu
1172 3780 1227 3833 in
1269 3779 1407 3834 cella
1455 3778 1571 3832 sine
1618 3776 2038 3840 intermissione,

429 3871 581 3938 juxta
635 3869 1056 3924 admonitionem
1123 3868 1501 3938 apostolicam,
1546 3866 1715 3921 debes
1771 3881 1925 3920 orare
1973 3865 2038 3933 (Ι,

445 3961 628 4014 Thess.
662 3976 716 4024 v,
749 3960 860 4028 l7).
889 3959 956 4012 Et
984 3958 1054 4011 ad
1084 3958 1186 4012 hoc
1199 3965 1254 4012 ut
1276 3955 1546 4028 efi‘ugetur
1574 3955 1813 4019 Amalec,
1847 3970 2040 4008 manus

437 4048 580 4102 levet
610 4049 862 4117 Moyses;
897 4053 1162 4117 quatenus
1192 4044 1390 4101 ﬂuvius
1437 4043 1615 4114 Tigris
1659 4043 1816 4097 vadat
1847 4050 2039 4104 contra

434 4136 713 4207 Assyrios.
749 4135 858 4191 Sed
887 4142 1098 4205 oportet
1127 4142 1184 4188 ut
1210 4141 1451 4189 montem
1495 4133 1839 4197 conscendat,
1873 4147 2040 4201 pona-

431 4231 516 4280 tur
545 4225 682 4296 lapis
711 4241 876 4295 super
906 4240 1070 4295 quem
1099 4223 1306 4289 sedeat,
1343 4230 1395 4277 et
1432 4230 1659 4294 uterque
1693 4223 1824 4289 (tam
1855 4222 2038 4275 Aaron

433 4314 689 4370 videlicet
719 4329 880 4385 quam
909 4314 1046 4384 Hur)
1076 4329 1269 4367 manus
1300 4311 1416 4380 ejus
1464 4317 1748 4366 sustentet.
1782 4308 2036 4378 Quandiu

430 4403 624 4460 levata}
653 4403 870 4470 fuerint,
907 4401 1184 4472 superabit
1214 4401 1384 4455 Israel
1413 4408 1466 4454 et
1497 4399 1838 4470 superabitur
1869 4400 2035 4452 Ama-

433 4493 554 4560 lec;
585 4508 710 4548 cum
742 4500 924 4547 autem
957 4491 1045 4547 vel
1072 4491 1140 4545 ad
1183 4489 1456 4546 modicum
1489 4489 1642 4561 quasi
1671 4489 1902 4542 lassatas
1933 4487 2035 4542 de-

2167 1921 2352 1992 Itaque
2382 1922 2465 1976 ha:
2494 1920 2718 1975 virtutes
2747 1918 2977 1985 eximiae,
3011 1917 3165 1972 fortis
3195 1915 3444 1971 videlicet
3470 1915 3760 1981 celsitudo,

2165 2009 2421 2081 celsaque
2496 2008 2755 2063 fortitudo
2812 2005 3148 2073 humilitalis,
3207 2012 3260 2059 et
3307 2003 3768 2076 inexstinguibilis

2164 2099 2331 2152 ardor
2368 2097 2668 2164 charitatis,
2710 2113 2779 2151 ne
2825 2095 3113 2160 lassentur,
3153 2101 3368 2148 tuarum
3413 2092 3765 2147 devotionum

2163 2194 2467 2241 sustentent
2493 2202 2685 2240 manus
2719 2201 2732 2240 :
2768 2184 2864 2238 tibi
2894 2183 3144 2248 dicimus,
3187 2181 3278 2252 qui
3307 2181 3578 2236 habitator
3606 2179 3765 2236 cellae

2162 2292 2240 2344 es,
2275 2275 2367 2346 qui
2387 2291 2550 2330 verus
2579 2290 2644 2330 ac
2675 2273 2922 2330 sincerus
2947 2272 3094 2340 juxta
3121 2271 3266 2325 hunc
3294 2285 3514 2325 sensum
3543 2271 3766 2341 Moyses

2161 2380 2238 2419 es.
2273 2366 2340 2419 Et
2379 2365 2496 2419 haec
2552 2364 2739 2418 omnia
2793 2361 2996 2417 idcirco
3049 2360 3302 2427 diximus,
3361 2366 3419 2413 ut
3484 2359 3762 2430 quomodo

2159 2452 2440 2506 moraliter
2470 2451 2848 2522 accipiendum
2881 2450 2950 2503 sit
2988 2449 3354 2514 ostendamus,
3387 2447 3533 2518 quod
3561 2446 3764 2502 ﬂuvius

2159 2541 2348 2595 tertius
2380 2540 2470 2611 qui
2504 2540 2782 2611 egreditur
2829 2539 2898 2593 de
2929 2538 3049 2593 loco
3095 2535 3382 2606 voluptatis
3431 2538 3552 2606 (per
3592 2552 3761 2607 quem

2159 2630 2412 2684 devotam
2470 2645 2593 2683 esse
2655 2627 3030 2698 accipiendam
3080 2625 3378 2680 orationem
3433 2623 3762 2695 asserimus)

2158 2718 2338 2772 adhuc
2369 2717 2529 2771 hodie
2561 2716 2656 2770 sed
2690 2714 3044 2786 spiritualiter
3071 2713 3231 2769 vadat
3255 2721 3448 2768 contra
3476 2712 3758 2783 Assyrios.

2155 2807 2297 2861 Ecce
2331 2814 2526 2877 quanta
2556 2821 2619 2859 ac
2652 2804 2828 2876 qualia
2858 2811 3046 2859 contra
3065 2811 3255 2858 cuncta
3283 2802 3530 2870 adversa,
3563 2808 3762 2856 contra

2156 2911 2382 2966 qumque
2415 2895 2629 2960 nociva,
2661 2893 2829 2947 virtus
2857 2891 3137 2955 orationis,
3172 2906 3295 2946 cum
3326 2889 3376 2945 ei
3423 2889 3759 2944 intendimus

2155 2999 2220 3038 eo
2249 2984 2414 3040 modo
2461 2998 2566 3054 quo
2614 2981 2897 3036 intendere
2935 2980 3220 3049 debemus,
3267 2978 3455 3033 solatia
3497 2977 3657 3033 nobis
3703 2986 3762 3033 et

2151 3072 2350 3126 auxilia
2379 3071 2643 3142 impendit
2677 3088 2690 3124 :
2732 3078 2787 3124 ut
2817 3077 2999 3140 pateat
3029 3068 3203 3134 nobis,
3237 3069 3383 3139 quod
3409 3083 3760 3138 nequaquam

2155 3161 2328 3215 otiose
2360 3161 2634 3230 Scriptura
2670 3159 2816 3224 dicit,
2864 3158 2991 3229 quia
3035 3157 3216 3228 Tigris
3263 3164 3450 3211 contra
3496 3156 3758 3226 Assyrios

2148 3250 2316 3304 vadit.
2349 3251 2411 3304 Et
2444 3249 2566 3320 quis
2596 3249 2688 3303 ille
2722 3256 2802 3302 est
2831 3247 3026 3302 modus
3055 3261 3162 3317 quo
3191 3253 3245 3301 et
3272 3245 3553 3300 intendere
3574 3245 3756 3300 debe-

2148 3339 2318 3392 mus?
2364 3339 2505 3392 Nam
2545 3338 2665 3408 quis
2712 3337 2780 3391 sit
2825 3335 2936 3402 ille,
2997 3334 3213 3406 quaris,
3260 3334 3352 3406 qui
3392 3334 3664 3388 habitator
3692 3350 3756 3388 es

2147 3427 2320 3492 cellm,
2382 3427 2562 3482 sciens
2616 3425 2866 3479 nimirum
2923 3423 3021 3478 tibi
3073 3439 3195 3478 esse
3253 3423 3587 3478 fructuosum
3643 3423 3755 3478 hoc

2148 3516 2309 3585 scire,
2341 3515 2671 3570 fructuosius
2702 3521 2885 3569 autem
2915 3529 3082 3583 opere
3109 3521 3163 3567 et
3209 3511 3432 3568 veritate
3460 3527 3561 3582 per
3588 3527 3757 3582 expe-

2146 3605 2396 3659 rientiam
2427 3620 2698 3658 exercere.
2758 3604 2875 3658 Hoc
2923 3609 3105 3656 autem
3133 3617 3243 3656 non
3271 3617 3301 3654 a
3329 3600 3508 3670 nobis,
3553 3601 3655 3655 sed
3682 3602 3754 3654 ab

2145 3701 2371 3764 experto
2403 3709 2650 3764 quarrere
2709 3692 2962 3758 deberes,
3013 3689 3068 3744 id
3125 3691 3270 3745 enim
3316 3689 3445 3761 quid
3487 3689 3574 3758 sit,
3627 3690 3751 3744 sola

2145 3781 2482 3853 experientia
2510 3781 2676 3851 capit.
2709 3782 2910 3836 Verum
2966 3779 3088 3851 quia
3142 3779 3267 3834 inde
3295 3795 3396 3833 nos
3425 3777 3626 3849 aliquid
3657 3779 3750 3832 di-

2145 3886 2272 3926 cere
2315 3870 2616 3941 compellis,
2675 3869 2962 3940 loquemur
3017 3868 3164 3940 quod
3221 3867 3483 3922 Dominus
3537 3867 3752 3922 dederit

2141 3959 2320 4024 nobis,
2355 3959 2447 4030 qui
2476 3975 2577 4013 nos
2607 3973 2714 4013 non
2746 3958 2827 4012 vis
2857 3956 3212 4028 philosophos
3244 3956 3435 4026 putari,
3470 3955 3612 4027 quod
3640 3955 3751 4011 for-

2141 4049 2307 4104 tassis
2356 4047 2510 4103 fieret
2555 4048 2600 4101 si
2648 4055 2973 4103 taceremus.
3034 4046 3262 4101 Videtur
3300 4045 3458 4100 nobis
3507 4045 3655 4116 quod
3698 4046 3748 4099 si

2141 4137 2419 4192 fructuose
2451 4152 2607 4191 orare
2649 4136 2950 4201 desideras,
3002 4135 3100 4188 tria
3155 4134 3403 4206 quaedam
3432 4133 3746 4204 diligentis-

2141 4227 2276 4280 sime
2306 4225 2658 4282 considerare
2699 4226 2920 4280 debeas.
2972 4223 3211 4278 Primum
3267 4223 3505 4295 quidem,
3565 4223 3748 4294 qualis

2140 4315 2210 4370 ad
2240 4315 2546 4370 orationem
2565 4315 2818 4370 accedas.
2844 4313 3094 4369 Secundo
3125 4312 3338 4384 qualem
3367 4320 3420 4366 te
3449 4313 3565 4366 Deo
3591 4311 3649 4364 in
3679 4327 3746 4366 ea

2138 4403 2363 4459 offeras.
2403 4403 2585 4458 Tertio
2616 4419 2835 4474 quoque
2865 4402 3078 4473 qualem
3111 4408 3164 4456 te
3207 4409 3329 4472 post
3360 4409 3571 4471 tempus
3608 4416 3743 4454 ora-

2137 4493 2300 4547 tionis
2331 4493 2607 4547 exhibeas.
2653 4491 2827 4560 Quam
2876 4491 3112 4546 mundus
3169 4490 3418 4545 videlicet
3447 4497 3498 4544 et
3528 4488 3745 4561 quietus

428 4581 670 4654 posuerit
708 4597 923 4647 manus,
977 4579 1252 4650 superabit
1301 4578 1545 4644 Amalec,
1596 4585 1649 4632 et
1686 4567 2107 4647 superabiturD
2137 4582 2207 4637 ad
2239 4597 2362 4636 eam
2392 4581 2598 4647 venias,
2631 4597 2794 4652 quam
2850 4597 3019 4651 purus
3049 4587 3102 4634 ει
3149 4579 3362 4652 integer
3392 4578 3444 4632 in
3486 4593 3549 4633 ea
3605 4594 3744 4648 per-

430 4671 615 4726 Israel.
650 4671 759 4726 Sed
789 4686 856 4725 ne
885 4671 1025 4725 hanc
1067 4669 1200 4740 ipsis
1243 4668 1503 4722 Israelitis
1552 4665 1711 4722 valde
1759 4665 2036 4736 periculo-

430 4776 544 4815 sam
575 4775 771 4814 manus
813 4759 930 4828 ejus
977 4757 1350 4812 lassitudinem
1399 4756 1696 4826 incurrant,
1731 4771 1822 4810 eas
1851 4757 2036 4809 Aaron

428 4859 482 4906 et
528 4851 641 4904 Hur
687 4855 1008 4904 sustentent.
1071 4847 1214 4914 Quid
1274 4845 1376 4900 sibi
1416 4845 1604 4901 volunt
1668 4846 1784 4900 haec
1814 4845 1841 4898 ‘?
1886 4844 2035 4898 Con-

433 4939 659 4994 scendat
708 4945 949 4992 montem
990 4937 1241 5007 Moyses,
1290 4943 1348 4989 ut
1410 4943 1612 4990 sanctae
1658 4932 2034 4989 conversatio-

432 5027 518 5082 nis
568 5025 950 5098 apprehendas
998 5024 1401 5089 sublimitatem,
1451 5031 1506 5076 tu
1548 5021 1637 5092 qui
1681 5021 1833 5076 cellae
1881 5021 2035 5075 inha-

431 5115 633 5170 hitator
671 5132 750 5169 es.
787 5115 893 5170 Sed
925 5122 978 5169 et
998 5130 1164 5184 super
1183 5112 1419 5182 lapidem
1460 5111 1675 5175 sedeas,
1709 5117 1766 5162 ut
1795 5109 1848 5162 in
1879 5108 2034 5162 firma

427 5203 811 5278 cogitationum
846 5203 1169 5257 mundarum
1202 5198 1516 5266 stabilitate,
1550 5204 1603 5252 et
1642 5196 1821 5251 stabili
1843 5213 2033 5251 earum

426 5293 678 5349 ﬁrmitate
709 5292 1042 5364 requiescas.
1087 5290 1171 5344 Ad
1201 5296 1504 5343 extremum
1549 5302 1680 5340 vero
1725 5303 1794 5341 ne
1841 5303 2032 5341 manus

423 5389 530 5438 tua}
558 5383 852 5450 lassentur,
895 5389 947 5434 et
984 5379 1199 5433 lassatae
1241 5377 1599 5446 deponantur,
1651 5375 1719 5429 ab
1767 5377 1950 5430 Aaron
1982 5383 2032 5430 et

425 5471 540 5526 Hur
565 5477 954 5526 sustententur.
983 5468 1125 5521 Nam
1154 5482 1222 5520 ne
1272 5463 1634 5537 cogitationes
1665 5472 1769 5519 tuae
1809 5464 1926 5532 (tibi
1957 5463 2032 5517 di-

421 5561 614 5625 cimus,
667 5559 758 5631 qui
802 5556 1074 5610 habitator
1130 5555 1283 5611 cellaa
1338 5557 1420 5627 es)
1458 5553 1513 5608 in
1571 5555 1814 5609 oratione
1870 5562 2028 5624 tepe-

423 5657 593 5714 scant,
627 5661 694 5703 ac
722 5644 949 5717 proinde
989 5661 1090 5701 nec
1146 5645 1261 5700 Deo
1310 5650 1569 5715 acceptae,
1614 5659 1718 5700 nec
1781 5641 1876 5697 tibi
1906 5641 2026 5697 fru-

2141 4670 2325 4737 sistas,
2361 4686 2522 4742 quam
2554 4670 2738 4740 gravis
2771 4685 2988 4742 quoque
3043 4668 3160 4740 ipsa
3216 4670 3408 4724 devote
3465 4667 3749 4723 celebrata

2139 4767 2192 4813 et
2254 4759 2438 4829 finita,
2500 4773 2772 4830 quamque
2829 4768 3073 4813 maturus
3128 4757 3368 4829 quandiu
3422 4763 3577 4827 potes
3618 4773 3746 4826 per-

2120 4857 2398 4914 maneas;
2431 4847 2614 4919 itaque
2642 4848 2711 4902 de
2759 4847 3004 4903 oratione
3061 4855 3112 4901 te
3141 4847 3196 4901 in
3243 4846 3384 4902 cella
3425 4853 3515 4899 tua
3562 4843 3743 4899 intro-

2135 4938 2380 5004 mittens,
2430 4952 2537 5007 quo
2621 4936 2905 4991 sollicitius
2967 4937 3084 4990 haec
3137 4935 3238 4990 tria
3269 4934 3617 5002 exercueris,
3678 4950 3746 4989 eo

2135 5026 2390 5080 nimirum
2423 5025 2599 5080 oratio
2647 5033 2736 5078 tua
2767 5033 2820 5081 et
2848 5023 3121 5095 acceptior
3165 5025 3302 5091 Deo,
3336 5031 3388 5078 et
3415 5022 3745 5078 fructuosior

2135 5114 2236 5170 erit
2263 5115 2380 5169 tibi.
2440 5114 2496 5169 Si
2526 5114 2610 5167 his
2660 5113 2838 5169 modis
2887 5115 3096 5168 Patrem
3135 5113 3189 5168 in
3230 5113 3373 5167 illius
3401 5112 3621 5168 nomine
3652 5111 3746 5183 qui

2135 5212 2186 5257 et
2210 5203 2477 5258 vocabulo
2499 5202 2697 5258 dicitur
2753 5211 2804 5257 et
2855 5219 2912 5258 re
2970 5219 3093 5257 esse
3140 5204 3296 5256 Jesus
3333 5201 3572 5272 petieris,
3605 5201 3740 5255 abs-

2133 5309 2239 5364 que
2269 5292 2436 5352 dubio
2469 5293 2613 5362 quod
2636 5293 2714 5346 sic
2743 5293 2882 5363 petis
2940 5291 3276 5362 impetrabis,
3327 5291 3423 5345 sed
3471 5289 3743 5344 universis

2134 5397 2474 5452 quaecunque
2505 5381 2600 5435 illa
2642 5381 2748 5434 sint
2800 5398 2920 5452 quae
2955 5381 3048 5434 tibi
3092 5380 3373 5435 adversari
3420 5379 3740 5442 moliuntur,

2132 5469 2423 5525 efﬁcaciter
2483 5477 2536 5524 et
2586 5469 2763 5525 valide
2823 5471 3093 5537 resistere,
3159 5477 3216 5524 ut
3273 5484 3339 5523 ea
3392 5467 3657 5523 devincas
3690 5476 3745 5522 et

2130 5557 2398 5622 destruas,
2433 5564 2684 5628 potenter
2701 5557 2929 5624 valebis,
2964 5565 3232 5629 quatenus
3270 5557 3390 5627 ipsa
3418 5564 3472 5611 te
3501 5563 3590 5610 tua
3623 5573 3744 5611 eer-

2129 5653 2242 5700 tum
2272 5646 2604 5718 experientia
2632 5646 2846 5714 reddat,
2905 5645 3135 5720 qualiter
3165 5645 3362 5702 ﬂuvius
3416 5645 3521 5700 iste
3551 5647 3745 5700 tertius
