3938 6404
158 377 260 431 869

1279 380 1483 436 LIBER
1521 380 1616 436 DE
1653 378 2040 435 EXERCITIO
2080 379 2340 435 CELLIE.

3367 388 3469 442 8'70

152 503 248 575 qui
277 503 347 559 de
376 504 501 560 loco
531 506 811 578 egreditur
839 508 1148 580 voluptatis,
1183 509 1277 581 qui
1307 517 1360 565 et
1397 509 1574 582 Tigris
1603 523 1764 565 voca-
1786 509 1843 569 Α
1872 506 2082 572 humili,
2114 514 2169 562 et
2196 505 2337 561 fideli
2365 526 2377 573 ;
2413 508 2775 564 satisfactione
2824 511 3116 582 condigna,
3160 525 3284 567 cum
3336 530 3468 584 per-

157 600 262 662 tur,
298 602 492 649 contra
521 595 775 666 Assyrios
822 598 1002 652 vadat.

628 810 1027 868 CAPITULUM
1053 812 1310 867 XXXIII.

171 951 375 1018 Quales
399 953 672 1029 _ea:hibere
691 955 990 1029 debeamus
1009 957 1340 1029 priusquam
1360 956 1433 1011 ad
1453 958 1771 1012 orationem

241 1023 595 1095 accedamus,
628 1029 695 1080 ut
722 1041 853 1080 cum
881 1027 953 1082 ad
979 1023 1104 1082 eam
1134 1023 1484 1095 venerimus,
1522 1029 1602 1083 sic
1646 1045 1774 1083 eam

240 1094 700 1171 Dedo/feramus,
730 1101 796 1171 ait
833 1098 953 1168 ipse
983 1113 1116 1171 eam
1141 1102 1199 1153 et
1229 1099 1336 1154 sibi
1373 1094 1682 1171 acceptam,
1716 1104 1772 1155 et

239 1166 397 1221 nobis
425 1166 874 1223 misericorditer
893 1168 1119 1250 efﬁciat
1151 1166 1528 1240 fructuosam.

240 1308 550 1378 Antequam
579 1307 804 1363 ﬂuvium
830 1308 983 1363 illum
1012 1317 1260 1381 quartum
1291 1310 1572 1378 intremus,
1610 1328 1770 1383 quem

172 1392 241 1448 de
286 1393 409 1450 loco
456 1394 752 1466 voluptatis
800 1398 988 1470 egredi
1021 1398 1274 1471 legimus,
1335 1400 1422 1456 cui
1451 1417 1650 1456 nomen
1691 1409 1774 1456 est

172 1482 502 1553 Euphrates,
535 1485 676 1555 petis
725 1494 779 1540 tu
825 1486 916 1558 qui
973 1487 1244 1542 habitator
1299 1488 1453 1544 cella
1510 1507 1589 1555 es,
1624 1497 1680 1544 ut
1708 1491 1777 1545 de

168 1571 414 1626 oratione
443 1580 622 1628 tecum
652 1574 833 1630 adhuc
862 1574 1068 1647 aliquid
1097 1591 1343 1649 agamus,
1409 1593 1516 1649 quo
1543 1579 1687 1633 enim
1727 1583 1778 1635 ei

166 1656 504 1730 frequentius
549 1662 839 1728 incumbis,
890 1679 956 1718 eo
1001 1664 1258 1719 nimirum
1301 1666 1503 1720 erudiri
1552 1668 1780 1738 qualiter

169 1746 218 1801 ei
236 1747 522 1806 intendere
551 1751 775 1818 debeas,
806 1752 1082 1808 ardentius
1130 1754 1498 1824 concupiscis.
1565 1757 1776 1810 Annui-

1872 595 2033 663 fecto,
2068 611 2167 665 per
2194 595 2425 667 gratiam
2454 597 2571 662 Dei,
2597 598 2664 652 de
2694 606 2893 654 catero
2921 600 3232 654 continendi
3258 617 3466 674 propo—

1873 683 1973 738 sito
2001 684 2317 749 emendare,
2351 693 2403 739 et
2431 701 2462 739 a
2494 693 2546 740 te
2568 686 2806 754 abjicere
2852 689 3028 743 stude.
3069 689 3276 745 Idcirco
3319 691 3462 757 dico,

1875 771 2137 843 quidquid
2169 773 2558 828 conscientiam
2601 782 2741 828 tuam
2792 777 3104 832 remordere
3151 778 3309 846 valet,
3341 780 3468 852 quia

1875 869 2000 914 sunt
2029 863 2385 932 quamplures
2412 863 2503 934 qui
2534 863 2740 918 nullum
2773 864 2883 921 fere
2923 883 3140 937 semper
3169 867 3224 921 in
3260 869 3466 924 cunctis

1874 950 2195 1005 excessibus
2226 951 2340 1004 suis
2371 968 2615 1007 morsum
2648 955 2994 1010 conscientia:
3035 973 3146 1011 sua
3179 958 3464 1025 sustinent,

1874 1054 1996 1093 cum
2027 1046 2206 1094 tamen
2236 1039 2606 1096 indesinenter
2634 1043 2779 1114 quod
2807 1043 3051 1099 illicitum
3090 1053 3172 1100 est
3223 1047 3470 1102 commit-

1876 1134 1992 1182 tere
2018 1143 2125 1182 non
2157 1138 2395 1184 cessent.
2432 1131 2555 1185 Non
2579 1139 2660 1184 est
2691 1131 2834 1185 enim
2871 1133 3032 1187 timor
3061 1135 3159 1188 Dei
3187 1143 3310 1190 ante
3338 1153 3468 1192 ocu-

1876 1215 1958 1270 los
1984 1232 2192 1285 eorum,
2239 1234 2349 1272 non
2406 1219 2641 1290 propria
2687 1221 2874 1275 salutis
2929 1221 3276 1278 desiderium.
3339 1226 3470 1282 Inde

1876 1312 1977 1371 est,
2012 1307 2158 1377 quod
2186 1306 2242 1360 in
2272 1307 2436 1362 nullis
2468 1325 2589 1380 qua
2621 1309 2963 1364 committunt
2993 1310 3212 1378 illicitis,
3232 1314 3302 1368 ad
3319 1331 3470 1370 suam

1873 1395 2049 1449 sciunt
2079 1395 2462 1451 conscientiam
2496 1397 2670 1453 redire
2701 1416 2712 1452 :
2747 1406 2800 1453 et
2830 1408 3022 1456 cuncta
3067 1418 3188 1472 qua
3217 1405 3472 1459 commit-

1877 1490 1992 1537 tunt
2023 1484 2166 1538 mala
2196 1501 2341 1540 caca
2371 1494 2551 1541 mente
2583 1495 3049 1557 pertranseuntes,
3090 1505 3193 1544 nec
3218 1508 3278 1546 se
3307 1493 3471 1548 etiam

1877 1571 1933 1625 in
1963 1572 2142 1644 aliquo
2175 1590 2301 1629 reos
2322 1574 2610 1641 aestiment,
2645 1592 2764 1630 cum
2823 1584 3033 1632 constet
3091 1579 3237 1649 quod
3287 1580 3343 1634 in
3397 1581 3474 1636 in-

1878 1662 2117 1716 numeris
2146 1662 2482 1733 delinquant.
2519 1665 2650 1718 Cum
2701 1680 2833 1720 vero
2888 1666 3210 1738 plerumque
3267 1669 3472 1741 aliquid

1879 1750 2034 1820 quasi
2056 1750 2203 1815 boni,
2235 1752 2321 1806 vel
2361 1752 2614 1821 tenuiter,
2673 1761 2724 1807 et
2782 1753 3228 1824 superficietenus
3276 1757 3469 1813 viden-

168 1851 314 1903 mus,
346 1838 588 1910 gerimus
609 1840 704 1895 tibi
732 1856 958 1908 morem,
993 1849 1046 1896 et
1075 1857 1177 1913 pro
1224 1859 1389 1913 posse
1419 1852 1470 1898 et
1499 1845 1640 1899 scire
1669 1861 1773 1900 no-
1805 1865 1857 1925 B
1880 1845 1968 1892 tur
1998 1847 2271 1910 utcunque
2301 1856 2487 1913 agere,
2519 1842 2624 1897 hoc
2653 1842 2817 1896 etiam
2872 1844 3016 1913 apud
3073 1861 3132 1899 se
3181 1844 3473 1902 introrsum

168 1932 286 1980 stro
312 1933 457 1981 tuam
497 1927 550 1982 in
579 1929 684 1984 hoc
723 1929 896 2000 parati
927 1945 1112 1985 sumus
1158 1932 1383 2002 implere
1423 1932 1772 1988 voluntatem.

169 2013 438 2082 Diximus,
492 2017 538 2072 si
598 2017 984 2088 reminisceris,
1042 2019 1186 2074 circa
1230 2019 1395 2076 finem
1441 2020 1586 2076 illius
1632 2023 1777 2094 quod

165 2099 311 2157 istud
367 2105 614 2175 proxime
659 2106 920 2178 pracedit
975 2108 1213 2179 capituli,
1246 2117 1303 2163 ut
1344 2110 1513 2165 oratio
1563 2118 1672 2178 tua,
1727 2116 1778 2166 et

169 2207 199 2245 a
222 2192 339 2248 De‘o
371 2205 597 2266 accepta
624 2195 832 2258 haberi.
875 2203 926 2252 et
957 2197 1052 2252 tibi
1100 2197 1375 2254 fructuosa
1414 2199 1587 2270 possit
1634 2198 1771 2267 fieri,

168 2281 276 2336 tria
305 2283 554 2354 quadam
585 2284 788 2340 debere
813 2301 842 2339 a
875 2292 928 2341 te
955 2285 1370 2357 diligentissime
1401 2288 1767 2344 considerari.

168 2369 409 2426 Primum
456 2373 676 2444 quidem
707 2383 807 2441 est,
839 2382 898 2429 ut
926 2375 1177 2430 attendas
1222 2376 1471 2446 sollicite,
1506 2378 1680 2450 qualis
1709 2378 1776 2432 ad

170 2475 295 2516 eam
328 2461 583 2517 accedas.
619 2463 927 2518 Secundum
949 2480 1166 2536 quoque
1195 2472 1295 2533 est,
1331 2466 1549 2537 qualem
1579 2474 1630 2522 te
1663 2469 1776 2522 Deo

169 2548 223 2603 in
256 2565 324 2604 ea
353 2551 570 2606 offeras.
611 2552 853 2607 Tertium
907 2569 1058 2619 vero,
1105 2553 1320 2625 qualem
1353 2561 1403 2609 te
1433 2562 1556 2625 post
1612 2555 1777 2612 finem

169 2637 434 2694 orationis
483 2640 764 2696 exhibeas.
815 2642 885 2697 Ut
911 2649 1090 2697 autem
1135 2642 1373 2713 primum
1404 2643 1473 2698 de
1515 2644 1693 2714 primo
1723 2645 1778 2700 in

171 2727 279 2783 hoc
309 2716 545 2799 capitulo
574 2745 802 2800 agamus
832 2730 965 2803 (non
1003 2731 1146 2786 enim
1178 2731 1247 2786 de
1277 2730 1450 2786 tribus
1499 2732 1584 2786 his
1618 2733 1779 2789 simul

176 2815 514 2872 sufficienter
540 2825 778 2874 tractare
809 2819 865 2874 in
897 2820 1000 2876 hoc
1035 2819 1269 2890 capitulo
1299 2819 1567 2892 valemus)
1597 2830 1674 2889 ut,
1699 2823 1780 2877 in-

175 2919 361 2974 quam,
395 2905 628 2976 primum
657 2906 713 2961 in
754 2908 992 2978 capitulo
1040 2909 1144 2964 hoc
1191 2909 1260 2963 de
1293 2909 1470 2980 primo
1529 2926 1777 2983 agamus,

171 2993 443 3050 instanter
469 3003 543 3065 te,
578 2995 670 3068 qui
698 2996 970 3052 habitator
999 2997 1152 3053 cella
1181 3014 1258 3066 es,
1279 2998 1656 3067 admonemus,
1680 3001 1778 3054 ob-

170 3082 296 3139 nixe
327 3100 631 3153 exoramus,
657 3095 962 3156 opportune
1009 3102 1224 3158 quoque
1256 3086 1349 3141 tibi
1381 3095 1432 3142 et
1475 3088 1778 3159 importune

169 3171 226 3227 in
283 3173 520 3229 Domino
592 3175 939 3246 praecipimus
994 3183 1090 3242 ut,
1141 3191 1264 3232 cum
1311 3177 1382 3230 ad
1437 3177 1775 3232 adorandum

174 3261 470 3317 Dominum
520 3263 695 3318 Deum
744 3272 894 3318 tuum
952 3280 1236 3336 properas,
1283 3273 1336 3320 et
1364 3266 1600 3322 maxime
1658 3283 1783 3323 cum

171 3349 457 3407 immolare
485 3351 626 3407 Patri
676 3353 888 3423 Filium,
947 3353 1039 3408 ubi
1069 3353 1380 3424 specialiter
1423 3355 1573 3410 Deus
1599 3364 1682 3411 est
1727 3357 1781 3410 in

174 3439 374 3496 eodem
396 3441 612 3497 Christo
640 3443 904 3498 mundum
951 3443 1316 3498 reconcilians
1346 3443 1470 3510 sibi,
1521 3445 1782 3501 accedere

168 3531 405 3603 cOgitas,
456 3530 749 3604 diligenter
790 3531 846 3585 in
890 3531 1157 3587 memoria
1207 3531 1431 3598 habeas,
1484 3540 1536 3588 et
1574 3534 1781 3605 absque

174 3619 326 3674 omni
352 3619 518 3674 dubio
565 3619 728 3687 scias,
762 3636 882 3676 cum
940 3621 996 3675 in
1050 3620 1197 3676 omni
1230 3621 1352 3677 loco
1382 3621 1525 3676 oculi
1563 3623 1781 3677 Domini

170 3707 530 3780 speculentur
559 3708 734 3765 bonos
774 3717 826 3765 et
852 3710 1047 3777 malos,
1080 3718 1209 3766 tunc
1238 3717 1289 3766 te
1342 3710 1687 3781 potissimum
1725 3713 1781 3766 in

168 3805 470 3869 conspectu
500 3797 600 3853 Dei
631 3805 683 3853 et
712 3807 1026 3855 sanctorum
1054 3799 1395 3871 angelorum,
1423 3799 1515 3870 qui
1546 3817 1781 3870 prasen-

170 3895 253 3941 tes
278 3887 497 3952 adsunt,
534 3894 697 3958 atque
746 3887 986 3942 omnium
1029 3895 1340 3943 sanctorum
1395 3903 1680 3959 apparere.
1713 3889 1782 3943 Et

171 3976 319 4047 quod
341 3975 554 4030 orando
584 3973 750 4031 otl‘ers
805 3977 940 4043 Deo,
975 3983 1082 4030 tam
1113 3976 1205 4032 illo
1241 3993 1404 4048 quam
1449 3977 1556 4032 illis
1607 3977 1781 4033 beatis

171 4064 416 4121 caelestis
467 4064 632 4120 curia
677 4064 976 4136 spiritibus,
1020 4065 1117 4121 sed
1164 4073 1219 4120 et
1258 4065 1511 4120 omnibus
1580 4067 1781 4122 sanctis

171 4155 244 4225 (et
275 4170 402 4212 cum
433 4153 489 4208 in
521 4153 656 4210 cella
685 4154 834 4210 solus
864 4170 975 4210 non
1014 4155 1182 4221 solus,
1217 4162 1269 4210 et
1297 4170 1420 4210 cum
1437 4155 1492 4208 in
1539 4156 1780 4210 oratorio

170 4259 297 4301 cum
329 4243 454 4298 aliis
482 4243 629 4314 oras)
658 4243 1017 4314 prasentibus
1060 4252 1112 4299 te
1142 4242 1362 4299 oiTerre.
1396 4245 1462 4298 Et
1494 4243 1539 4298 si
1578 4245 1680 4300 hoc
1709 4244 1780 4299 ita

169 4341 273 4402 est,
299 4333 414 4388 imo
443 4331 569 4404 quia
589 4332 662 4388 ita
692 4341 792 4400 est,
825 4333 1044 4388 attende
1074 4332 1492 4405 diligentissime
1549 4333 1782 4404 qualiter

169 4422 431 4488 accedas,
466 4430 519 4477 et
558 4422 776 4494 qualem
808 4430 860 4477 te
889 4421 947 4476 in
973 4423 1078 4478 hoc
1123 4437 1352 4478 accessu
1399 4421 1656 4478 exhibere
1685 4422 1780 4477 de-

170 4511 325 4568 beas.
359 4513 429 4566 Et
458 4511 594 4566 dicis
627 4510 801 4565 mihi?
835 4511 919 4566 Ad
952 4519 1006 4567 te
1035 4511 1223 4566 attinet
1252 4527 1341 4566 me
1369 4511 1587 4581 docere,
1639 4527 1776 4582 qua-

1878 1927 2269 1996 indesinenter,
2300 1945 2407 1984 non
2440 1930 2496 1983 in
2545 1931 2777 1985 Domino
2804 1932 2901 1985 sed
2931 1933 2987 1986 in
3042 1950 3101 1988 se
3157 1934 3471 2006 gloriantes,

1880 2016 2180 2085 revolvere,
2216 2025 2270 2072 et
2298 2018 2533 2073 exterius
2562 2035 2655 2074 ore
2686 2019 2905 2075 laudem
2937 2030 3244 2092 quarentes
3294 2025 3482 2080 huma-

1879 2121 2027 2171 nam,
2061 2122 2170 2160 non
2199 2115 2420 2161 cessant
2447 2116 2764 2181 arroganter
2783 2109 3003 2165 referre.
3027 2111 3152 2166 Non
3181 2112 3258 2167 sic
3287 2121 3363 2183 tu,
3385 2115 3479 2185 qui

1878 2194 2150 2249 habitator
2178 2195 2331 2250 cella
2363 2213 2442 2264 es,
2477 2212 2588 2251 non
2619 2198 2716 2264 sic,
2754 2198 2849 2253 sed
2879 2198 2935 2252 in
2964 2199 3214 2255 omnibus
3244 2218 3364 2273 qua
3389 2203 3476 2259 vel

1878 2291 2064 2338 mente
2094 2284 2329 2339 revolvis
2359 2285 2447 2340 vel
2476 2301 2569 2341 ore
2622 2286 2779 2354 dicis,
2839 2288 2926 2342 vel
2957 2304 3124 2359 Opere
3163 2291 3473 2359 committis,

1879 2371 1950 2425 ad
1979 2372 2333 2427 conscientia
2360 2381 2468 2428 tua
2510 2390 2727 2444 semper
2757 2383 2810 2429 et
2859 2376 3060 2448 ubique
3108 2379 3476 2434 testimonium

1879 2449 2176 2529 revertere,
2208 2469 2261 2515 et
2290 2462 2467 2531 ipsam
2487 2462 2542 2517 in
2571 2463 2735 2532 plena
2764 2464 3004 2519 veritatis
3024 2465 3142 2522 lucc
3161 2468 3474 2537 pervidens,

1879 2550 2025 2619 quod
2054 2549 2170 2620 ipsa
2200 2550 2468 2605 veraciter
2499 2551 2567 2606 de
2597 2552 2826 2624 singulis
2857 2554 2962 2608 tuis
2984 2556 3478 2612 etrevolutionibus

1878 2637 2126 2707 internis,
2161 2646 2214 2693 et
2240 2639 2484 2693 moribus
2514 2640 2752 2696 externis
2773 2641 3136 2710 judicaverit;
3167 2645 3272 2700 hoc
3293 2653 3345 2700 tu
3366 2653 3474 2700 tam

1879 2726 1934 2780 in
1962 2727 2029 2781 iis
2058 2744 2177 2798 qua
2206 2728 2323 2798 ipsa
2352 2729 2609 2799 reprobat
2637 2731 2955 2802 arguendis,
2987 2734 3294 2803 culpandis,
3347 2751 3477 2790 cor-

1850 2815 2144 2887 ‘rigendis,
2179 2833 2340 2888 quam
2363 2817 2416 2871 in
2447 2818 2513 2872 iis
2543 2835 2664 2889 qua
2693 2821 2972 2890 approbat,
2995 2822 3360 2894 acquirendis,
3395 2842 3479 2880 re-

1804 3223 1851 3285 C

1868 2905 2138 2971 vtinendis,
2173 2906 2513 2973 exercendis,
2563 2909 2922 2979 adaugendis,
2957 2926 3054 2980 per
3090 2911 3270 2967 omnia
3302 2921 3476 2968 ratum

1879 2994 2061 3049 habet.
2103 2996 2285 3066 Itaque
2314 2995 2369 3048 in
2399 2995 2578 3050 balteo
2621 2997 2804 3052 cordis
2859 2998 2954 3064 tui,
2988 3008 3203 3055 acutum
3260 3017 3481 3073 semper

1881 3099 2086 3155 gerens
2116 3084 2356 3155 prepria
2385 3085 2744 3140 accusationis
2774 3087 3053 3157 paxillum,
3109 3089 3238 3144 sede
3263 3097 3314 3144 te
3371 3092 3478 3146 hu-

1879 3172 2163 3239 miliando,
2198 3172 2321 3228 fode
2353 3181 2405 3228 te
2437 3175 2785 3247 corrigendo,
2817 3184 2874 3230 ut
2905 3176 2984 3231 sic
3013 3179 3160 3248 quod
3190 3194 3222 3233 a
3251 3187 3305 3234 te
3335 3179 3479 3237 fade

1882 3275 1947 3316 ac
1976 3261 2141 3316 felide
2172 3277 2279 3316 non
2311 3270 2422 3316 tam
2452 3279 2550 3333 per
2589 3271 2832 3318 naturam
2863 3274 3134 3336 egestum,
3170 3284 3328 3338 quam
3381 3287 3482 3340 per

1881 3351 2096 3420 culpam
2127 3357 2346 3422 gestum
2377 3359 2478 3419 est,
2511 3353 2792 3422 cooperias
2823 3354 3157 3424 panitendo,
3219 3357 3398 3412 sciens
3427 3367 3480 3413 et

1883 3440 2074 3495 beatos
2103 3456 2226 3494 esse
2256 3455 2486 3512 quorum
2516 3448 2660 3497 tecta
2699 3449 2824 3496 sunt
2877 3451 3124 3513 peccata,
3159 3452 3213 3498 et
3243 3447 3368 3517 quia
3424 3447 3478 3501 in

1883 3529 2088 3584 sanctis
2117 3529 2464 3596 animalibus,
2524 3531 2661 3585 sicut
2719 3531 2840 3586 dua
2891 3548 3086 3602 penna
3134 3533 3475 3606 singulorum

1875 3618 2268 3690 jungebantur,
2305 3618 2384 3674 sic
2413 3619 2767 3674 nihilominus
2800 3629 2852 3675 et
2881 3621 3004 3675 dua
3060 3623 3320 3694 tegebant
3351 3639 3480 3679 cor-

1881 3722 2016 3777 pora
2046 3723 2254 3762 eorum.
2289 3706 2431 3776 Quid
2487 3715 2666 3763 autem
2707 3709 2811 3763 sibi
2868 3709 3036 3765 velint
3089 3711 3224 3778 hac,
3287 3712 3479 3768 beatus

1884 3795 2186 3868 Gregorius
2207 3804 2258 3851 te
2289 3797 2502 3863 doceat,
2537 3798 2716 3869 magis
2747 3807 2927 3854 autem
2957 3799 3175 3870 pr0pria
3207 3809 3259 3856 te
3315 3818 3480 3873 expe-

1882 3885 2079 3940 rientia
2108 3894 2314 3941 certum
2347 3887 2559 3942 reddat.
2594 3887 2702 3942 Sed
2730 3895 2781 3942 et
2812 3888 2857 3942 si
2913 3888 3096 3960 aliqua
3128 3890 3284 3960 quasi
3341 3891 3480 3947 bona

1881 3974 2085 4028 videris
2116 3974 2169 4028 in
2204 3983 2276 4040 te,
2311 3976 2365 4030 in
2422 3976 2612 4047 primis
2669 3977 2974 4033 certissime
3023 3978 3167 4034 scias
3198 3980 3317 4051 ipsa
3373 3997 3481 4036 non

1883 4079 2007 4117 esse
2039 4079 2072 4116 a
2100 4071 2172 4132 te,
2208 4063 2405 4119 deinde
2436 4081 2546 4120 non
2574 4065 2799 4137 ignores
2850 4067 2973 4138 quia
3034 4067 3208 4137 ipsam
3265 4086 3483 4141 quoque

1881 4152 2181 4206 Jerusalem
2207 4154 2384 4221 justus
2414 4154 2525 4223 ille,
2552 4161 2606 4207 et
2635 4154 2912 4210 districtus
2937 4156 3104 4224 judex
3154 4159 3485 4213 scrutabitur

1880 4240 1938 4294 in
1966 4241 2204 4295 lucernis
2239 4256 2252 4295 :
2287 4250 2339 4296 et
2377 4259 2502 4297 cum
2543 4244 2815 4314 acceperit
2861 4253 3096 4315 tempus,
3145 4245 3263 4315 ipse
3320 4247 3482 4302 etiam

1876 4329 2112 4398 justitias
2137 4329 2421 4398 judicabit.
2456 4330 2596 4399 Quia
2623 4331 2877 4387 nimirum
2936 4333 3075 4389 sicut
3103 4333 3147 4387 si
3176 4335 3386 4390 venerit
3413 4336 3484 4390 ad

1883 4425 1954 4483 te,
1990 4434 2099 4472 non
2125 4418 2336 4474 videbis
2368 4436 2512 4484 eum,
2571 4421 2648 4475 sic
2704 4437 2921 4492 quoque
2969 4421 3071 4475 etsi
3123 4422 3336 4490 abierit,
3369 4440 3480 4479 non

1886 4507 2181 4578 intelliges,
2212 4515 2270 4561 ut
2300 4508 2345 4561 si
2378 4507 2591 4579 quando
2614 4507 2750 4563 ridet
2781 4509 2852 4563 ad
2883 4517 2952 4574 te,
3011 4525 3118 4564 non
3175 4512 3368 4566 credas
3407 4513 3479 4568 ei.

170 4600 298 4656 liter
325 4617 415 4654 me
456 4600 688 4656 debeam
718 4601 856 4655 hora
884 4600 978 4655 illa
1020 4599 1280 4655 exhibere
1307 4618 1321 4666 ;
1356 4600 1427 4654 ad
1458 4616 1548 4655 me
1575 4608 1778 4666 autem,
1799 4587 1852 4646 D
1885 4596 2084 4668 Sicque
2116 4597 2317 4651 bonum
2349 4596 2464 4664 tibi,
2518 4605 2788 4668 quatenus
2843 4597 3217 4668 experimento
3273 4600 3475 4667 discaS,

170 4697 224 4744 et
251 4689 533 4744 humiliter
588 4689 796 4757 audire,
829 4697 882 4745 et
911 4705 1013 4761 pro
1057 4705 1221 4761 posse
1251 4705 1316 4745 ac
1344 4704 1508 4744 nosse
1568 4689 1783 4746 effectui

169 4778 373 4835 devote
401 4777 732 4850 mancipare.
787 4778 856 4833 Et
885 4794 1012 4852 ego,
1061 4779 1132 4834 ita
1180 4777 1291 4844 ﬁat,
1324 4786 1382 4833 ut
1433 4777 1569 4833 dicis
1601 4796 1616 4831 :
1649 4795 1783 4849 pre-

168 4885 375 4940 corque
405 4869 580 4924 Deum
610 4875 669 4922 ut
696 4867 776 4924 sic
808 4867 1087 4924 faciamus.
1135 4868 1324 4939 Itaque
1355 4867 1424 4922 ad
1483 4867 1783 4922 orationem

170 4957 470 5023 accedens,
515 4955 807 5029 diligenter
854 4957 1030 5023 stude,
1064 4963 1118 5012 et
1147 4957 1270 5011 totis
1299 4956 1504 5012 viribus
1561 4971 1780 5021 conare,

170 5055 230 5102 ut
285 5062 384 5102 cor
437 5045 698 5100 mundum
747 5062 850 5116 per
903 5045 1082 5100 omnia
1127 5044 1364 5112 afferas,
1424 5052 1692 5117 quatenus
1732 5053 1784 5100 et

171 5136 288 5191 Deo
319 5135 626 5206 placentem
661 5142 712 5189 et
745 5134 842 5188 tibi
899 5134 1172 5190 salubrem
1200 5134 1502 5189 orationem
1561 5133 1779 5189 offeras.

172 5224 486 5294 Quomodo,
512 5223 614 5293 ais,
647 5222 739 5278 fiet
782 5223 925 5279 istud
953 5223 980 5277 ‘2
1009 5223 1168 5290 Audi,
1203 5231 1256 5278 et
1284 5223 1544 5295 intellige,
1580 5230 1632 5278 et
1685 5238 1784 5277 au-

173 5313 330 5369 diens
353 5321 516 5385 atque
547 5311 878 5385 intelligens,
921 5312 1086 5368 etiam
1116 5328 1284 5383 opere
1331 5311 1555 5383 perfice.
1606 5311 1782 5379 Quid-

170 5403 299 5476 quid
346 5401 740 5458 conscientiam
784 5408 932 5455 tuam
1002 5401 1301 5465 remordet,
1353 5400 1464 5454 imo
1517 5399 1780 5472 quidquid

170 5491 567 5548 conscientiam
608 5497 751 5545 tuam
797 5489 982 5545 illicite
1038 5497 1148 5544 ate
1209 5488 1295 5544 vel
1352 5504 1452 5558 per
1497 5487 1783 5558 cogitatio-

169 5596 318 5648 nem,
353 5587 448 5635 aut
475 5595 573 5651 per
599 5579 962 5645 locutionem,
1013 5595 1109 5633 seu
1156 5584 1306 5633 certe
1356 5593 1458 5647 per
1504 5575 1781 5648 operatio-

167 5685 317 5736 nem,
351 5676 450 5724 aut
479 5682 807 5740 quocunque
861 5667 1026 5723 modo
1065 5665 1418 5723 commissum
1463 5664 1782 5721 remordere

165 5758 332 5826 valet,
366 5755 686 5830 pauitantia
713 5755 867 5827 prius
904 5755 1067 5827 plena
1097 5774 1112 5822 ;
1145 5752 1490 5810 confessione
1538 5767 1694 5824 pura,
1729 5759 1782 5807 et

1883 4687 2150 4741 bonorum
2183 4703 2325 4753 esse,
2359 4686 2430 4740 ibi
2463 4687 2675 4757 culpam
2711 4687 3002 4752 astimare,
3037 4688 3130 4741 ubi
3179 4689 3339 4759 culpa
3371 4705 3481 4745 non

1883 4783 1986 4829 est.
2020 4777 2206 4847 Itaque
2228 4777 2320 4830 illa
2362 4775 2656 4830 mortifera
2712 4775 3075 4831 excusationis
3119 4777 3483 4848 protoplasto-

1883 4881 2003 4919 rum
2035 4880 2066 4920 a
2099 4873 2150 4919 te
2182 4864 2421 4919 funditus
2453 4865 2657 4936 projice
2688 4865 3034 4936 perizomata,
3069 4866 3264 4938 quibus
3315 4867 3480 4923 innu-

1881 4954 2023 5008 meri
2051 4954 2213 5008 hodie
2245 4971 2342 5008 sua
2373 4955 2442 5008 ad
2463 4969 2724 5026 magnam
2764 4954 3132 5026 insipientiam
3163 4957 3265 5010 sibi
3297 4965 3487 5029 tegunt

1884 5043 2145 5098 verenda.
2173 5043 2370 5115 Sicque
2401 5043 2564 5113 scias,
2591 5043 2724 5097 nihil
2754 5043 2902 5098 aliud
2933 5061 3056 5100 esse
3084 5045 3298 5116 culpam
3320 5062 3482 5103 excu‘

1885 5147 2029 5197 sare,
2078 5148 2243 5204 quam
2301 5140 2355 5186 et
2398 5132 2701 5203 simplicem
2749 5132 3062 5205 geminare,
3119 5142 3171 5189 et
3227 5135 3481 5207 exiguam

1884 5221 2181 5291 adaugere.
2250 5221 2426 5293 Magis
2461 5230 2640 5276 autem
2669 5221 2723 5275 in
2752 5222 2884 5292 ipsis
2913 5222 3142 5277 internis
3176 5223 3280 5278 tuis
3309 5225 3482 5296 quod-

1882 5309 2006 5363 dam
2042 5309 2281 5380 rigidum
2311 5310 2602 5380 capitulum
2644 5310 2784 5365 ratio
2832 5311 3054 5382 quidem
3084 5320 3265 5368 teneat
3295 5332 3308 5380 ;
3351 5330 3484 5369 con-

1884 5398 2108 5453 scientia
2165 5415 2292 5453 vero
2341 5415 2603 5469 parcere,
2673 5399 2835 5453 silere
2889 5416 2952 5454 ac
3017 5401 3198 5456 celare
3270 5403 3479 5470 nescia,

1882 5487 2341 5558 proclamationes
2397 5487 2576 5543 faciat.
2639 5489 2760 5557 Ipsa
2805 5488 3158 5544 nihilominus
3196 5507 3352 5544 mens
3409 5492 3481 5545 ab

1883 5575 2031 5630 o'mni
2091 5575 2492 5640 excusationis,
2571 5575 2928 5643 defensionis,
3012 5578 3478 5647 contradictionis,

1883 5663 2352 5735 tergiversationis
2369 5663 2587 5734 penitus
2615 5664 2830 5719 macula
2857 5665 3226 5733 Obmutescat;
3251 5667 3483 5734 abjectis

1881 5751 2060 5822 potuis
2089 5767 2274 5822 prava
2292 5751 2514 5823 (quibus
2559 5752 2846 5825 tegebatur
2873 5753 2980 5810 huc
3035 5754 3230 5826 usque)
3253 5754 3479 5810 tacitur-
