3938 6410
504 360 602 413 871
1382 362 1723 420 GUIGONIS
1760 364 1807 419 Il
1845 363 2253 425 CARTHUSUE
2289 370 2583 428 MAJOBIS
2622 373 2915 431 PBJORIS.
3714 381 3823 437 872

506 481 688 536 uitatis
715 481 990 575 vestibus;
1047 499 1148 575 per
1194 501 1389 575 puram
1450 488 1873 555 confessionem,
1908 489 2107 544 nudam
2127 495 2181 553 A
2211 493 2521 552 damnabile
2549 497 2775 567 malum,
2812 516 2842 553 a
2872 499 3032 555 nobis
3062 500 3326 556 orationis
3347 508 3594 573 tempore
3637 504 3829 575 depel-

508 577 652 661 seet
697 570 1052 661 despoliatam
1111 571 1270 628 faciat
1302 592 1316 629 :
1349 583 1403 630 et
1434 576 1490 630 in
1546 577 1834 647 praesentia
1892 577 2120 633 rationis
2220 582 2464 652 lendum,
2494 587 2774 658 geminum
2804 604 2864 643 se
2886 589 3049 645 habet
3074 589 3293 645 Domini
3317 570 3677 661 pmceptum.
3712 570 3833 648 Hoc

510 658 642 748 huic
662 658 900 729 capitulo
947 661 1314 730 praesidentis,
1362 664 1653 735 profunde,
1687 683 1747 721 se
1804 666 2115 736 humilians,
2221 681 2401 727 autem
2423 691 2590 729 unum
2621 685 2740 731 est:
2776 678 2915 733 Cum
2942 678 3259 733 stabitisad
3293 658 3593 748 orandum,
3625 680 3833 736 dimit-

509 747 745 819 rigidam
774 749 1081 839 prout-ipsa
1108 751 1456 821 judicaverit,
1488 770 1613 809 cum
1654 753 1808 810 firmo
1836 756 1904 809 de
1951 763 2118 811 caate-
2221 762 2325 816 tite
2352 764 2402 818 si
2434 765 2566 835 quid
2595 764 2811 821 habetis
2830 766 3104 821 adversus
3124 767 3371 839 aliquem
3393 747 3586 838 (Marc.
3609 770 3826 837 x1,25);

507 851 570 891 ro
628 836 959 892 emendandi
1028 840 1329 909 proposito,
1392 842 1682 914 condigna:
1739 843 2120 899 satisfactionis
2216 850 2363 905 aliud
2384 867 2515 906 vero
2546 860 2629 906 est
2665 870 2679 907 :
2711 853 2770 908 Si
2790 854 2956 924 o/fers
2983 870 3188 909 manus
3211 836 3376 910 tuum
3406 836 3494 910 Qad
3525 857 3737 922 altare,
3776 836 3833 911 et

504 924 847 995 disciplinam
880 925 1066 981 subire
1097 936 1291 998 parata
1311 937 1362 984 et
1419 940 1673 1001 prompta
1717 931 1931 987 existat.
1983 932 2117 987 Cum
2216 947 2408 995 caetera
2439 955 2560 1011 qua:
2583 948 2908 1012 sequuntur.
2946 941 3055 997 Sed
3085 941 3155 997 de
3185 958 3252 997 eo
3294 943 3441 1014 quod
3469 943 3650 1013 primo
3699 944 3831 1000 low

503 1020 687 1068 autem
716 1014 833 1070 haec
862 1015 1041 1070 omnia
1069 1017 1173 1072 hoc
1201 1018 1383 1086 modo,
1410 1027 1464 1074 tu
1495 1019 1588 1092 qui
1644 1019 1916 1075 habitator
1961 1020 2115 1075 cellae
2214 1027 2513 1097 posuimus,
2548 1028 2698 1099 prius
2725 1045 2969 1101 agamus,
3003 1037 3294 1101 antequam
3352 1031 3424 1085 ad
3451 1029 3600 1086 aliud
3657 1046 3834 1087 acce-

504 1118 584 1169 es,
618 1118 789 1173 penes
822 1111 872 1158 te
895 1104 1098 1159 debeas
1127 1106 1368 1174 habere;
1405 1108 1503 1162 sed
1532 1116 1659 1163 tunc
1690 1123 1848 1179 quam
1881 1107 2114 1164 maxime
2215 1116 2429 1171 damus.
2467 1116 2605 1172 Cum
2631 1118 2879 1185 stabitis,
2912 1118 2987 1172 ait
3005 1118 3290 1186 Dominus,
3313 1118 3387 1173 ad
3406 1119 3712 1186 orandum,
3737 1120 3837 1174 di-

504 1206 568 1246 ea
599 1198 652 1245 te
705 1191 866 1247 decet
920 1208 1199 1262 exercere,
1233 1211 1357 1250 Cum
1397 1195 1467 1250 ad
1497 1196 1803 1251 oralionem
1850 1196 2115 1267 proponis
2213 1206 2430 1260 mittite
2451 1207 2500 1261 si
2530 1206 2661 1277 quid
2682 1206 2895 1262 habetis
2916 1207 3180 1263 adversus
3199 1208 3464 1278 aliquem.
3480 1208 3547 1262 Et
3567 1207 3702 1262 item
3727 1226 3741 1261 :
3768 1208 3834 1264 Si

504 1279 770 1334 accedere
804 1299 818 1347 ἱ
853 1280 980 1351 (lilia
1010 1290 1063 1336 el
1091 1282 1160 1337 de
1181 1300 1240 1337 SC
1284 1283 1414 1338 diCil
1471 1285 1777 1354 Ρδαιωίδιει,
1812 1285 1956 1355 quod
2011 1284 2115 1339 ini-
2212 1294 2547 1349 dimiseritis
2574 1294 2893 1350 hominibus
2932 1300 3168 1367 peccata
3203 1312 3428 1362 eorum,
3461 1296 3723 1352 dimittet
3769 1302 3833 1351 et

505 1367 766 1439 (ἰυίιαίθηι
789 1368 835 1423 εί
857 1369 1067 1440 a5139’“t
1095 1370 1150 1424 in
1182 1371 1345 1426 00ch
1376 1388 1495 1439 δυο»
1557 1388 1667 1427 non
1714 1372 1966 1428 θκὸυάίθι
2002 1374 2113 1429 D0-
2212 1383 2359 1438 vobis
2381 1384 2554 1438 Pater
2581 1387 2765 1438 vester
2789 1384 3032 1439 caelestis
3056 1387 3291 1455 peccata
3316 1387 3530 1450 vestra;
3549 1385 3601 1440 si
3618 1388 3829 1440 autem

504 1456 716 1523 minus;
750 1457 828 1513 sic
846 1458 1128 1531 adjungit:
1163 1462 1471 1532 Propterea
1513 1462 1809 1517 exaudivit
1852 1463 2018 1530 Deus,
2052 1466 2109 1518 et
2209 1488 2326 1525 non
2350 1471 3159 1537 dimiseritishominibus,nec
3173 1475 3341 1528 Pater
3362 1474 3827 1529 vesterdimittet

504 1546 755 1602 attendit
790 1547 907 1601 voci
946 1547 1361 1619 deprecationis
1409 1566 1549 1605 meae
1597 1552 1775 1619 (Psat.
1824 1550 2074 1619 va,16)

2207 1565 2442 1631 peccata
2459 1564 2644 1616 vestra
2666 1561 2886 1631 (Matth.
2906 1575 2983 1626 vi,
3007 1563 3093 1626 14,
3124 1564 3229 1629 15).
3251 1560 3393 1616 Ecce
3413 1560 3630 1629 audisti,
3645 1568 3705 1615 tu
3721 1561 3823 1632 qui

501 1634 776 1690 Subandis
812 1650 825 1688 ε
858 1635 987 1706 quia
1017 1651 1126 1691 non
1159 1636 1347 1707 θερεκί
1374 1654 1498 1710 ego,
1561 1637 1853 1705 θιαυάίνίῐρ
1884 1637 2112 1693 ﬂuendi!
2210 1648 2476 1703 habitator
2503 1648 2658 1704 cellze
2686 1664 2766 1714 es,
2800 1656 2854 1703 et
2880 1648 3009 1719 quid
3055 1664 3157 1703 nos
3183 1648 3447 1703 Dominus
3477 1650 3821 1716 exhortetur,

500 1722 669 1777 Deus.
706 1722 763 1778 Si
793 1740 924 1778 vero
954 1732 1012 1777 tu
1048 1741 1169 1796 quae
1207 1725 1353 1780 dicta
1385 1734 1529 1791 sunt,
1585 1735 1638 1781 et
1667 1742 1732 1781 eo
1778 1727 1942 1781 modo
2000 1742 2108 1798 quo
2209 1744 2262 1791 et
2299 1736 2428 1807 quid
2475 1735 2633 1791 nobis
2689 1736 3070 1792 comminetur.
3135 1737 3464 1792 Exhortatur
3521 1736 3823 1808 siquidem,

503 1810 647 1866 dicta
682 1819 825 1877 sunt,
871 1813 1202 1882 exercueris,
1259 1830 1384 1869 cum
1438 1814 1644 1887 gaudio
1701 1813 1915 1870 conﬁde
1942 1830 2108 1870 exau-
2133 1848 2188 1910 Β
2209 1832 2267 1879 ιιι
2287 1841 2411 1879 cum
2441 1825 2753 1881 accedimus
2792 1825 2863 1879 ad
2918 1825 3203 1890 orandum,
3249 1824 3579 1880 dimittamus
3607 1843 3623 1892 ς
3657 1841 3822 1881 com-

502 1898 759 1953 diendam
790 1916 913 1954 esse
944 1900 1244 1956 οτᾶῐίοῐιθω
1275 1909 1421 1957 illam
1460 1918 1494 1957 ὃ
1523 1904 1640 1957 D00
1665 1921 1678 1966 ;
1711 1903 1970 1973 (ἱυίαὲαω
1999 1902 2107 1957 ίηί-
2134 1898 2186 1910 ”
2208 1914 2443 1968 minatur
2471 1929 2603 1968 vero
2633 1914 2781 1984 quod
2813 1914 2858 1967 si
2880 1929 2981 1968 nos
3001 1928 3110 1968 non
3139 1912 3477 1981 dimittimus,
3509 1929 3612 1969 nec
3641 1913 3827 1967 dimit-

499 1987 760 2058 φλίῑαιθω
780 2004 890 2043 τιοΠ
928 1989 1124 2060 asPiCiS
1170 1990 1226 2043 in
1280 1991 1448 2046 οοτάο
1477 1999 1587 2046 ιυο·
1650 1990 1709 2046 Si
1746 1992 1891 2046 enim
1922 1991 2107 2063 aliqua
2207 2011 2350 2057 tetur
2375 2002 2553 2057 nobis.
2582 2003 2917 2071 Exhortatio,
2942 2002 3138 2068 fateor,
3162 2001 3322 2057 valde
3360 2002 3617 2067 salubris,
3653 2017 3819 2057 com-

494 2074 550 2131 in
582 2092 649 2132 eo
677 2076 974 2149 aliquando
1004 2077 1122 2145 fuit,
1151 2079 1265 2149 jam
1295 2087 1420 2135 ante
1449 2080 1630 2135 deleta
1676 2088 1780 2135 est.

949 2284 1345 2341 CAPITULUM
1387 2285 1643 2341 XXXIV.

492 2452 569 2507 De
591 2468 651 2509 eo
678 2453 821 2525 quod
847 2470 979 2508 cum
996 2454 1068 2509 ad
1096 2455 1412 2509 orationem
1426 2454 1765 2525 accedimus,
1785 2455 1841 2507 et
1861 2445 1983 2506 illis
2004 2450 2098 2525 qui

563 2525 625 2578 in
656 2522 757 2609 rios
785 2525 1247 2609 deliquerant“
1265 2527 1592 2609 p‘uro‘corde
1615 2524 1925 2609 dimittere,
1960 2527 2015 2577 et
2050 2522 2100 2606 si

562 2599 699 2650 sunt
731 2598 827 2679 qui
859 2594 1065 2679 habent
1099 2594 1316 2679 aliquid
1345 2596 1641 2679 adversum
1665 2612 1785 2661 nos,
1818 2594 1987 2665 plene
2018 2594 2097 2648 eis

560 2681 626 2721 ac
652 2668 906 2737 perfecte
934 2667 1301 2722 reconcilivri
1332 2667 1612 2722 debemus.

562 2800 708 2854 Inter
735 2800 872 2866 haec,
905 2808 960 2854 tu
989 2801 1081 2873 qui
1120 2801 1393 2855 habitator
1430 2800 1584 2855 cella:
1614 2816 1693 2865 es,
1737 2798 2095 2871 apostolicum

485 2886 618 2943 illud
648 2888 789 2943 habe
818 2888 1108 2961 diligenter
1126 2888 1181 2943 in
1215 2889 1479 2944 memoria
1510 2896 1845 2959 praceptum
1893 2895 1946 2942 et
1976 2886 2095 2958 qui-

482 2976 611 3031 dem
643 2975 1088 3046 saluberrimum,
1129 2977 1199 3031 de
1229 2992 1337 3048 quo
1368 2976 1423 3031 in
1453 2976 1699 3045 Epistola
1721 2991 1821 3031 sua
1836 2976 2093 3031 dilectum

486 3073 540 3120 et
566 3064 800 3119 electum
835 3065 1121 3135 alloquens
1146 3065 1475 3135 discipulum
1510 3079 1522 3118 :
1554 3066 1849 3131 Levantes,
1898 3063 2090 3135 inquit,

481 3169 659 3226 puras
691 3156 1057 3219 manus,sine
1082 3155 1167 3208 ira
1197 3158 1253 3208 et
1274 3154 1684 3225 disceptatione
1701 3153 1751 3223 (I
1770 3154 1906 3208 Tim.
1927 3168 1986 3221 ιι,
2012 3151 2086 3222 9).
2115 3154 2139 3226 λ

2114 3202 2163 3266 Ο

487 3238 666 3308 Quam
696 3249 948 3311 putamus
979 3258 1101 3296 esse
1131 3242 1445 3295 distantiam
1475 3241 1614 3295 inter
1641 3240 2094 3311 disceptationem

488 3337 542 3383 et
571 3328 707 3383 iram
730 3328 757 3383 ?
787 3328 1013 3385 Videtur
1054 3329 1235 3401 utique
1283 3329 1441 3385 nobis
1496 3329 1640 3401 quod
1671 3329 1764 3400 qui
1828 3329 2094 3385 adversus

485 3417 725 3489 aliquem
770 3418 932 3473 nimis
966 3418 1165 3488 injuste
1214 3427 1267 3473 et
1325 3418 1639 3485 indiscrete,
1695 3417 1856 3472 nimis
1902 3418 2095 3473 acriter

402 3553 409 3559 .
484 3514 538 3561 et
560 3506 854 3562 crudeliter
882 3516 1127 3563 movetur
1154 3526 1167 3575 ;
1201 3508 1290 3563 hic
1319 3516 1463 3563 certe
1495 3507 1551 3561 in
1579 3507 1659 3561 ira
1689 3516 1790 3561 est.
1825 3506 1931 3576 Qui
1960 3522 2093 3562 vero

484 3594 657 3663 illum,
690 3596 958 3652 adversus
980 3613 1143 3669 quem
1182 3606 1487 3652 commotus
1516 3603 1617 3660 est,
1650 3596 1813 3651 etiam
1862 3611 2092 3667 corpore

485 3684 770 3739 absentem
818 3684 921 3738 sibi
975 3686 1032 3739 in
1089 3693 1271 3740 mente
1326 3692 1704 3755 repraesentat,
1756 3699 1990 3755 cumque
2036 3683 2094 3738 in

489 3772 705 3827 interno
764 3774 948 3828 cordis
994 3789 1240 3838 susurro,
1311 3772 1493 3827 silenti
1548 3772 1786 3843 quodam
1832 3773 2088 3840 clamore,

487 3876 584 3914 seu
614 3860 685 3931 (si
713 3860 790 3915 ita
848 3861 1241 3933 congruentius
1296 3861 1518 3930 dicitur)
1565 3860 1808 3916 clamoso
1856 3860 2093 3931 quodam

482 3947 720 4016 silentio,
747 3965 869 4003 cum
919 3949 1251 4004 tumultuosa
1301 3948 1630 4015 turbatione,
1662 3957 1715 4004 et
1771 3949 1986 4004 turbato
2017 3957 2095 4003 tu-

479 4036 652 4090 multu
683 4036 1006 4107 alloquens;
1039 4037 1399 4109 allegationes
1421 4037 1786 4102 multimodas,
1822 4045 1874 4092 et
1901 4054 2091 4093 omnes

480 4125 561 4194 (ut
583 4124 686 4178 sibi
716 4126 949 4197 videtur)
980 4126 1353 4192 rationabiles,
1388 4127 1483 4180 sed
1515 4126 1784 4182 veraciter
1814 4126 1964 4181 omni
1995 4141 2085 4180 ra-

478 4212 625 4268 tione
655 4224 906 4271 carentes
964 4215 1157 4271 emittit
1195 4234 1207 4270 :
1252 4214 1637 4286 responsiones
1696 4214 1939 4285 suscipit,
1972 4214 2092 4285 ipso

478 4301 596 4357 solo
627 4311 680 4357 et
709 4320 818 4359 non
846 4304 953 4360 alio
973 4321 1097 4361 cum
1119 4320 1185 4360 eo
1227 4304 1512 4360 existente.
1570 4305 1632 4358 In
1651 4304 1735 4357 his
1767 4311 1820 4359 et
1876 4303 1968 4375 qui
1995 4318 2092 4373 op-

472 4391 645 4462 ponit,
678 4403 729 4447 et
758 4393 850 4465 qui
880 4394 1113 4465 reponit,
1159 4393 1259 4448 iste
1290 4393 1547 4447 nimirum
1577 4392 1633 4447 in
1691 4391 2091 4462 disceptatione

474 4486 578 4534 est.
612 4480 670 4535 Si
700 4482 919 4552 quidem
948 4483 1217 4554 disceptat
1245 4491 1299 4538 et
1346 4482 1607 4569 disputat,
1642 4489 1697 4537 et
1742 4496 1867 4536 cum
1916 4479 2091 4535 altero

2205 2090 2425 2145 minatio
2470 2106 2600 2146 vero
2632 2090 2794 2146 valde
2829 2090 3111 2145 terribilis.
3150 2090 3207 2145 Si
3264 2088 3604 2156 dimittimus,
3640 2098 3696 2145 et
3724 2089 3819 2145 di-

2203 2180 2442 2234 mittetur
2468 2178 2628 2234 nobis
2662 2196 2676 2233 :
2709 2179 2754 2233 si
2776 2195 2885 2233 non
2906 2178 3245 2245 dimittimus,
3273 2194 3378 2234 nec
3405 2177 3565 2234 nobis
3618 2177 3818 2233 dimit-

2203 2275 2365 2324 tetur.
2400 2269 2545 2324 Ecce
2590 2267 2716 2338 quia
2755 2267 2811 2321 in
2859 2276 3047 2322 nostra
3093 2266 3366 2322 voluntate
3410 2266 3649 2337 positum
3706 2275 3814 2333 est,

2200 2364 2383 2411 utrum
2413 2372 2514 2411 nos
2545 2355 2722 2412 foveat
2752 2355 2949 2428 gratia,
2980 2370 3053 2411 an
3081 2354 3236 2411 feriat
3282 2354 3385 2410 ira.
3432 2356 3617 2426 Itaque
3654 2370 3821 2412 acce-

2201 2445 2340 2499 dens
2368 2445 2435 2499 ad
2481 2444 2804 2511 orationem,
2854 2452 2907 2498 tu
2966 2444 3059 2515 qui
3087 2443 3356 2499 habitator
3410 2442 3564 2499 cellae
3603 2459 3688 2511 es,
3721 2444 3815 2498 di-

2199 2534 2350 2588 mitte
2383 2542 2440 2587 ut
2468 2533 2769 2588 dimittatur
2798 2532 2895 2586 tibi
2928 2552 2942 2599 ;
2975 2532 3074 2587 sed
3120 2549 3185 2587 eo
3214 2532 3378 2587 modo
3434 2532 3663 2598 dimitte,
3698 2547 3814 2603 quo

2199 2622 2295 2681 tibi
2326 2622 2481 2693 cupis
2502 2621 2717 2676 dimitti.
2752 2621 2901 2675 Dicis
2957 2620 3206 2676 fortassis
3261 2629 3317 2675 tu
3370 2638 3384 2675 :
3416 2619 3559 2689 Quid
3587 2628 3673 2675 est
3718 2621 3814 2675 di-

2197 2711 2410 2766 mittere
2431 2710 2458 2764 ?
2488 2719 2541 2765 et
2569 2710 2649 2766 sic
2694 2726 2795 2764 nos
2850 2710 3244 2780 respondemus
3287 2709 3384 2763 tibi
3415 2727 3428 2764 :
3460 2711 3564 2765 hoc
3595 2716 3679 2765 est
3724 2709 3813 2764 di-

2196 2800 2427 2863 mittere,
2461 2799 2530 2854 de
2548 2808 2730 2853 mente
2761 2798 3027 2865 emittere,
3071 2806 3131 2852 ut
3158 2797 3293 2852 nihil
3346 2813 3535 2853 eorum
3563 2797 3618 2852 in
3659 2813 3813 2853 men-

2197 2896 2249 2943 te
2269 2904 2439 2959 penes
2470 2896 2521 2943 te
2550 2895 2603 2943 et
2633 2887 2773 2942 intra
2804 2894 2855 2942 te
2898 2886 3152 2952 retineas,
3185 2902 3307 2958 quae
3336 2886 3431 2940 tibi
3460 2902 3491 2940 a
3528 2902 3812 2958 quoquam

2195 2993 2485 3048 perperam
2515 2977 2658 3032 dicta
2687 2976 2773 3031 vel
2805 2976 2945 3031 facta
2973 2983 3117 3030 sunt.
3156 2974 3214 3031 Si
3270 2974 3415 3030 enim
3443 2972 3649 3045 aliquid
3706 2991 3811 3032 eo-

2195 3083 2318 3121 rum
2347 3083 2467 3137 quae
2496 3066 2594 3119 tibi
2623 3065 2710 3121 vel
2741 3064 2931 3119 durius
2962 3065 3032 3119 ab
3059 3064 3241 3135 aliquo
3278 3064 3444 3130 dicta,
3479 3063 3563 3120 vel
3614 3064 3812 3120 durius

2194 3163 2317 3211 acta
2350 3163 2493 3221 sunt,
2526 3161 2829 3210 commotus
2859 3161 2911 3208 et
2927 3153 3139 3217 dolens,
3174 3152 3345 3208 tristis
3365 3160 3418 3207 et
3434 3167 3803 3224 conquerens,

2191 3243 2359 3298 iratus
2390 3252 2442 3299 et
2471 3259 2705 3311 amarus,
2726 3242 3055 3313 disceptans,
3077 3250 3127 3295 et
3157 3240 3442 3312 disputans
3470 3241 3611 3296 intra
3638 3249 3695 3297 te
3723 3257 3807 3297 re-

2192 3332 2386 3400 volvis,
2420 3340 2473 3387 et
2502 3339 2686 3403 aptum
2717 3330 2985 3386 reddendi
3015 3329 3274 3385 talionem
3307 3336 3361 3385 et
3388 3329 3561 3385 vicem
3591 3337 3807 3400 tempus

2192 3421 2433 3493 exquiris
2478 3439 2492 3487 ;
2525 3429 2579 3475 et
2626 3420 2673 3474 si
2701 3419 2832 3492 quid
2872 3419 2923 3474 ei
2978 3419 3270 3490 contigerit
3326 3418 3564 3484 adversi,
3599 3418 3669 3472 ab
3698 3418 3808 3473 alio

2193 3509 2434 3580 quidem,
2466 3524 2575 3564 non
2604 3525 2701 3580 per
2729 3517 2781 3563 te
2803 3507 3029 3577 illatum,
3062 3515 3119 3561 tu
3155 3522 3374 3578 quoque
3421 3506 3546 3561 inde
3575 3506 3800 3573 laetaris,

2191 3598 2450 3653 audenter
2477 3597 2708 3653 dicimus
2752 3596 2877 3668 quia
2932 3611 3044 3651 non
3073 3595 3319 3650 dimittis.
3352 3595 3468 3650 Nec
3520 3594 3801 3650 fructuose

2192 3686 2431 3758 quandiu
2453 3686 2533 3741 sic
2553 3686 2696 3740 intra
2726 3692 2779 3741 te
2819 3684 3029 3741 actitari
3059 3684 3247 3750 sentis,
3300 3683 3369 3738 ad
3406 3682 3669 3738 orandum
3703 3698 3800 3739 ac-

2192 3775 2391 3831 cedere
2420 3782 2596 3845 potes.
2630 3776 2711 3830 De
2749 3781 2933 3829 mente
2961 3788 3196 3844 namque
3226 3780 3316 3827 tua
3343 3771 3398 3826 id
3444 3772 3591 3843 quod
3618 3779 3800 3827 actum

2191 3864 2278 3919 vel
2307 3863 2509 3918 dictum
2557 3870 2641 3917 est
2696 3862 2810 3928 tibi,
2869 3862 3105 3917 necdum
3157 3860 3406 3927 emisisti,
3463 3859 3564 3915 sed
3618 3860 3798 3915 adhuc

2191 3951 2472 4007 mortifero
2520 3966 2731 4007 veneno
2779 3950 2999 4021 plenam
3038 3950 3224 4018 habes,
3258 3964 3365 4021 quo
3404 3963 3524 4003 eam
3572 3955 3627 4003 tu
3681 3948 3801 4019 ipse

2192 4040 2447 4111 implesti.
2480 4039 2639 4109 Quod
2660 4039 2706 4094 si
2735 4040 2838 4094 hoc
2868 4037 3047 4094 facere
3076 4038 3164 4095 vel
3192 4053 3301 4094 non
3334 4037 3503 4092 audes
3533 4036 3620 4093 vel
3675 4052 3797 4091 eru-

2193 4129 2393 4199 bescis,
2418 4145 2515 4183 seu
2546 4137 2695 4184 certe
2714 4144 2822 4183 non
2853 4135 3028 4198 potes,
3062 4127 3161 4182 sed
3190 4143 3316 4182 eum
3372 4134 3555 4180 tamen
3598 4125 3796 4180 adver-

2193 4235 2288 4273 sus
2319 4234 2479 4289 quem
2508 4226 2812 4273 commotus
2841 4233 2921 4283 es,
2970 4216 3156 4272 saucio
3185 4223 3239 4271 et
3270 4224 3426 4271 torvo
3481 4214 3660 4279 oculo,
3692 4214 3793 4269 de-

2192 4306 2373 4362 missis
2403 4306 2705 4377 superciliis
2734 4305 2953 4377 aspicis,
3005 4305 3164 4377 eique
3193 4304 3373 4361 vultus
3422 4303 3497 4357 tui
3524 4302 3793 4357 serenita-

2193 4405 2302 4452 tem
2322 4395 2485 4464 tollis,
2519 4404 2573 4451 et
2594 4396 2678 4451 vel
2708 4410 2833 4451 cum
2862 4410 2926 4450 eo
2957 4393 3109 4465 loqui
3146 4409 3256 4449 non
3308 4391 3571 4466 dignaris,
3602 4391 3690 4447 vel
3717 4392 3788 4462 (si

2193 4482 2332 4541 forte
2362 4484 2624 4555 loqueris)
2674 4484 2845 4540 verba
2872 4483 2929 4538 in
2972 4499 3096 4538 eum
3147 4497 3337 4537 amara
3377 4482 3478 4536 hac
3505 4480 3576 4536 de
3623 4494 3789 4535 causa

473 4568 623 4624 nullo
649 4585 836 4627 amara
875 4588 1008 4629 voce
1050 4572 1291 4644 litigans,
1327 4588 1386 4625 se
1416 4562 1660 4641 'semper
1708 4585 1998 4635 excusans,
2031 4562 2155 4623 etD
2178 4573 2453 4643 jacularis,
2489 4580 2543 4627 et
2571 4572 2748 4628 dulcis
2777 4572 2848 4638 ei,
2877 4572 3019 4627 sicut
3061 4570 3233 4625 debes
3264 4586 3386 4625 esse
3416 4567 3568 4623 fratri
3615 4575 3704 4624 tuo
3730 4568 3785 4622 in

472 4656 629 4719 illum
657 4660 922 4717 adversus
954 4677 1115 4733 quem
1172 4667 1473 4716 commotus
1522 4666 1621 4725 est,
1673 4658 1877 4714 acriter
1921 4673 2084 4713 accu-

472 4768 603 4808 sans
627 4770 642 4818 ;
676 4750 900 4805 silenter
928 4750 1136 4822 (utpote
1168 4764 1202 4804 a
1232 4748 1378 4804 nullo
1408 4747 1514 4804 nisi
1544 4764 1576 4803 a
1605 4764 1664 4802 se
1696 4747 1813 4802 solo
1843 4746 2082 4815 auditus)

471 4850 523 4898 et
553 4856 743 4896 amare
773 4839 995 4895 clamat.
1028 4838 1138 4893 Sed
1164 4838 1373 4909 absque
1403 4845 1633 4908 utroque
1656 4837 1760 4892 hoc
1787 4835 1933 4890 malo
1975 4849 2082 4890 no-

469 4939 597 4985 stra:
651 4930 707 4983 in
754 4937 944 4984 nostra
971 4927 1219 4983 oratione
1277 4941 1473 4981 manus
1520 4925 1767 4982 levandae
1813 4932 1976 4991 sunt;
2024 4930 2083 4978 ut

469 5018 679 5075 moveri
710 5018 978 5073 adversus
1005 5016 1241 5087 aliquem
1287 5021 1585 5078 cessantes,
1619 5029 1722 5069 nec
1759 5013 1925 5068 alium
1973 5012 2081 5067 ali-

470 5124 635 5179 quem
653 5107 709 5161 in
741 5107 909 5162 corde
937 5112 1146 5169 nostro,
1179 5103 1421 5158 clamose
1451 5101 1615 5167 taciti,
1660 5109 1713 5156 et
1762 5101 1920 5158 tacite
1961 5100 2080 5156 cla-

469 5196 628 5264 mosi,
662 5210 763 5251 nos
794 5201 1122 5249 excusantes
1152 5206 1512 5255 accusemus;
1547 5205 1648 5245 nec
1686 5190 1854 5244 alium
1912 5204 2079 5245 accu-

470 5294 673 5353 santes,
707 5300 810 5338 nos
840 5296 1187 5346 excusemus,
1228 5278 1332 5349 ipsi
1370 5278 1427 5332 in
1469 5277 1553 5332 his
1610 5287 1664 5333 et
1705 5266 1887 5333 nullus
1941 5277 2081 5331 alius

469 5374 784 5437 existentes,
820 5370 982 5441 quiet
1012 5384 1111 5424 nos
1145 5367 1311 5423 alium
1367 5368 1679 5423 accusando
1722 5382 2075 5432 excusamus,

468 5471 521 5517 et
548 5478 649 5516 nos
685 5458 999 5514 excusando
1042 5458 1211 5512 alium
1259 5474 1600 5512 accusamus.
1663 5457 1791 5511 Sine
1845 5463 2078 5525 utroque

465 5550 572 5611 hoc
592 5546 835 5604 horribili
865 5547 1009 5602 malo
1065 5546 1185 5618 (tibi
1215 5547 1359 5613 dico,
1395 5546 1487 5618 qui
1526 5545 1794 5599 habitator
1820 5543 1972 5599 cellae
1994 5544 2076 5615 es)

464 5637 644 5705 levare
665 5636 835 5692 debes
875 5652 1068 5692 manus
1090 5637 1146 5692 in
1169 5636 1452 5702 oratione;
1487 5642 1544 5689 ut
1581 5642 1635 5689 et
1663 5634 1780 5689 Deo
1827 5640 2073 5703 accepta,

467 5734 522 5783 et
546 5726 642 5786 tibi
671 5726 845 5799 possit
875 5742 999 5785 esse
1056 5725 1354 5785 fructuosa.
1405 5724 1475 5781 Et
1504 5722 1575 5780 ad
1624 5724 1729 5781 hoc
1785 5729 2077 5793 utrumque

2185 4669 2367 4717 mente
2398 4678 2507 4717 non
2553 4661 2758 4728 existis,
2792 4661 2929 4716 scito
2960 4676 3061 4731 pro
3109 4668 3262 4715 certo
3288 4658 3415 4731 quia
3445 4656 3677 4713 necdum
3704 4656 3787 4711 di-

2183 4749 2370 4817 mittis,
2407 4758 2458 4805 et
2489 4750 2634 4822 quod
2683 4750 2865 4805 adhuc
2891 4749 2960 4815 ad
3014 4748 3318 4803 orationem
3352 4746 3617 4803 accedere
3662 4745 3785 4801 ido-

2182 4855 2319 4894 neus
2347 4854 2456 4894 non
2486 4839 2582 4893 sis.
2615 4839 2700 4894 Ad
2727 4839 2844 4893 haec
2887 4838 3130 4893 fortassis
3151 4845 3204 4891 tu
3233 4838 3339 4893 hoc
3365 4835 3529 4891 modo
3562 4850 3575 4889 :
3608 4835 3786 4889 Durus

2184 4936 2266 4982 est
2293 4926 2381 4982 hic
2413 4943 2595 4983 sermo
2636 4936 2759 4982 tuus
2790 4945 2803 4993 ;
2833 4926 2954 4998 quis
2981 4935 3035 4981 te
3076 4933 3258 4996 potest
3285 4924 3472 4980 audire
3501 4924 3529 4977 ?
3557 4923 3784 4992 Quando

2183 5032 2319 5087 ergo
2343 5016 2573 5086 dimitto,
2609 5016 2653 5070 si
2684 5016 2872 5070 tandiu
2902 5031 3013 5070 non
3043 5014 3274 5082 dimitto,
3336 5012 3574 5085 quandiu
3603 5011 3680 5067 sic
3708 5010 3784 5065 in-

2182 5113 2263 5159 tra
2293 5121 2380 5161 me
2440 5105 2530 5176 agi
2587 5104 2811 5160 sentio?
2838 5105 2908 5159 Et
2956 5118 3056 5158 nos
3092 5102 3191 5157 tibi
3245 5103 3351 5158 hoc
3402 5100 3565 5156 modo
3597 5118 3611 5154 :
3642 5098 3783 5155 Scito

2181 5193 2313 5247 nihil
2342 5193 2558 5265 placere
2590 5194 2706 5248 Deo
2734 5193 3005 5264 impurum
3043 5190 3138 5263 qui
3180 5205 3393 5246 summa
3420 5188 3625 5260 puritas
3679 5195 3777 5253 est,

2181 5281 2315 5337 nihil
2346 5282 2655 5337 simulatum
2705 5280 2796 5353 qui
2826 5295 2961 5336 vera
3004 5278 3231 5351 aequitas
3274 5286 3376 5333 est.
3417 5277 3472 5332 Si
3518 5276 3779 5348 patienter

2180 5386 2282 5425 nos
2311 5371 2487 5437 audis,
2520 5371 2767 5425 dicemus
2797 5369 2894 5423 tibi
2933 5368 3153 5440 quando
3206 5366 3453 5422 dimittis.
3486 5367 3647 5433 Ecce,
3679 5364 3775 5419 ad-

2179 5467 2332 5515 verte
2366 5478 2379 5514 :
2414 5460 2461 5515 si
2492 5460 2637 5532 quod
2666 5459 2763 5514 tibi
2793 5459 2997 5514 dictum
3025 5457 3112 5513 vel
3140 5465 3322 5511 actum
3351 5463 3452 5521 est,
3485 5455 3559 5509 ita
3580 5471 3644 5509 ex
3673 5461 3777 5508 toto

2178 5549 2247 5604 de
2267 5556 2450 5604 mente
2481 5548 2697 5615 emittis,
2751 5548 2897 5620 quod
2948 5546 3083 5602 illud
3114 5546 3357 5601 funditus
3399 5541 3729 5600 Oblivisceris
3758 5559 3772 5595 :

2179 5646 2233 5694 et
2252 5637 2406 5693 illum
2435 5637 2528 5708 qui
2558 5637 2653 5691 tibi
2683 5635 2943 5693 contrarii
2969 5635 3177 5707 aliquid
3209 5635 3295 5690 vel
3326 5633 3493 5689 verbo
3522 5631 3609 5688 vel
3644 5630 3775 5686 facto

2176 5722 2378 5792 intulit,
2438 5722 2645 5793 absque
2702 5721 2851 5778 omni
2907 5736 3099 5779 eorum
3145 5716 3529 5777 recordatione
3586 5730 3773 5775 sereno
