3938 6400
167 368 269 421 873

1305 369 1507 425 LIBER
1543 367 1637 423 DE
1676 366 2058 424 EXERCITIO
2096 368 2351 423 CELLrE.

3372 366 3475 420 8⁵74

173 489 339 546 oculo
369 490 588 561 aspicis,
619 499 670 546 et
702 507 825 547 eum
854 493 1095 563 perfecta
1124 492 1503 549 illum'mentis
1535 493 1779 547 benevo-
1808 494 1864 553 Α
1884 491 2016 546 dum
2045 500 2145 558 est,
2179 492 2306 563 quia
2339 507 2446 546 non
2477 492 2654 545 minus
2692 491 2864 547 debes
2910 489 3240 545 discordiam
3273 490 3477 561 pellere

170 577 341 633 lentia
373 588 427 634 et
456 579 743 635 dulcedine
774 580 1088 653 alloqueris,
1121 582 1431 654 nullamque
1462 598 1645 636 eorum
1660 596 1780 651 qua:

173 665 272 720 tibi
300 666 450 721 illata
481 675 605 722 sunt
634 683 881 723 amaram
913 669 997 723 vel
1026 669 1081 723 in
1120 670 1407 740 praesentia
1438 670 1576 739 ejus,
1609 668 1697 724 vel
1724 667 1781 722 in

174 754 446 822 absentia,
480 756 558 810 illi
590 756 682 827 qui
722 757 818 811 tibi
848 756 1046 825 intulit,
1080 766 1173 812 aut
1201 758 1499 829 loquendo,
1533 774 1631 812 seu
1672 755 1779 811 alio

174 859 504 916 quocunque
559 845 722 900 modo
767 845 1098 901 mentionem
1154 846 1305 917 facis,
1361 846 1575 902 videtur
1622 844 1780 900 nobis

177 931 322 1003 quod
353 939 483 988 tunc
513 932 784 987 dimisisti.
818 934 960 989 Nam
1011 942 1135 989 tunc
1183 933 1410 988 dimittis
1452 949 1563 989 non
1608 933 1780 987 verbo

175 1028 231 1075 et
259 1019 466 1094 lingua,
502 1021 599 1076 sed
629 1036 796 1093 opere
827 1030 880 1078 et
899 1022 1139 1092 veritate,
1190 1023 1425 1094 implens
1465 1021 1597 1076 illud
1636 1021 1779 1092 quod

183 1109 449 1164 Dominus
477 1109 605 1164 dicit
640 1127 654 1164 :
684 1110 743 1167 Si
771 1128 889 1167 non
910 1102 1249 1167 remiseritis
1267 1111 1647 1184 unusquisque
1661 1113 1781 1181 fra-

180 1197 259 1252 tri
280 1212 380 1253 suo
408 1198 476 1254 de
504 1198 763 1255 cordibus
793 1201 995 1256 vestris
1026 1200 1247 1271 (Matth.
1278 1214 1443 1266 xvm,
1487 1200 1598 1270 35).
1626 1198 1781 1255 Scias

178 1285 388 1357 absque
427 1287 577 1341 omni
614 1286 780 1342 dubio
812 1287 937 1359 quia
967 1303 1129 1343 omne
1166 1287 1312 1359 quod
1343 1287 1617 1343 sincerum
1668 1303 1779 1342 non

178 1381 282 1441 est,
314 1374 393 1430 sic
422 1375 539 1431 Deo
575 1391 687 1431 non
728 1368 908 1447 potest
946 1375 1185 1447 placere,
1219 1375 1359 1432 sicut
1388 1391 1490 1432 nec
1521 1391 1646 1430 eum
1677 1391 1781 1447 po-

175 1469 283 1517 test
311 1461 504 1518 latere.
537 1463 593 1520 Si
625 1464 846 1535 quidem
878 1464 1042 1535 plena
1089 1464 1209 1518 talis
1256 1464 1478 1532 oblivio,
1532 1464 1652 1535 ipsa
1699 1471 1782 1519 est

175 1550 341 1621 plena
370 1551 644 1608 remissio.
677 1553 815 1607 Nam
835 1552 891 1606 in
910 1553 1056 1624 Lege
1078 1552 1339 1624 scriptum
1368 1562 1450 1607 est
1483 1567 1496 1607 :
1530 1554 1637 1609 Nec
1658 1569 1781 1608 me-

175 1654 305 1694 mor
318 1641 431 1695 eris
452 1640 684 1711 injuria:
702 1642 912 1696 civium
932 1645 1159 1697 tuorum
1178 1641 1373 1711 (Levii.
1389 1656 1512 1711 xxx,
1539 1644 1646 1711 18).
1673 1641 1781 1695 Sed

178 1735 233 1783 et
263 1736 475 1784 mortuo
506 1737 559 1784 et
588 1729 798 1800 sepulto
833 1736 986 1801 patre
1033 1745 1222 1785 eorum
1262 1729 1428 1785 Jacob
1460 1728 1654 1784 fratres
1682 1731 1779 1785 Jo-

177 1818 315 1888 seph
339 1817 731 1873 mandaverunt
750 1818 800 1873 ei
825 1836 838 1873 :
866 1821 1038 1874 Pater
1060 1822 1191 1874 tuus
1210 1818 1481 1891 praecepit
1501 1819 1659 1875 nobis
1680 1835 1779 1873 an-
1797 1846 1850 1907 B

181 1909 411 1979 tequam
430 1910 768 1974 moreretur,
800 1911 867 1963 ut
896 1906 1012 1962 htec
1043 1908 1144 1963 tibi
1173 1909 1350 1963 verbis
1367 1908 1529 1963 illius
1558 1908 1776 1963 dicere-

176 2010 309 2051 mus
357 2014 376 2050 :
426 1995 653 2052 Obsecro
708 1999 773 2051 ut
825 1995 1176 2052 obliviscaris
1230 1997 1458 2052 sceleris
1525 1999 1780 2067 fratrum

182 2089 430 2148 tuorum,
465 2088 523 2139 et
556 2079 795 2156 peccati,
826 2088 995 2156 atque
1024 2084 1267 2139 malitia:
1300 2101 1470 2157 quam
1502 2100 1779 2140 exercue-

176 2179 323 2227 runt
344 2174 406 2227 in
433 2175 487 2227 te
513 2172 672 2241 (Gen.
705 2187 754 2239 L,
785 2174 894 2242 17).
928 2173 997 2228 Ut
1029 2179 1210 2227 autem
1242 2172 1478 2227 sciamus
1507 2171 1635 2243 quia
1663 2172 1782 2226 talis

176 2260 384 2315 oblivio
405 2259 651 2316 dimissio
680 2260 765 2325 sit,
788 2260 1113 2315 addiderunt
1146 2278 1159 2315 :
1193 2263 1301 2317 Nos
1323 2277 1533 2333 quoque
1554 2277 1783 2316 oramus

177 2352 248 2404 ut
276 2349 497 2421 famulo
514 2350 612 2404 Dei
642 2350 795 2421 patri
814 2353 909 2404 tuo
930 2349 1194 2404 dimittas
1223 2350 1588 2421 iniquitatem
1611 2349 1778 2405 hanc.

182 2437 349 2505 Ecce,
383 2437 512 2508 quia
540 2437 685 2508 quod
714 2437 864 2508 prius
883 2437 1147 2493 vocabant
1166 2437 1515 2505 oblivionem,
1542 2438 1651 2507 jam
1681 2454 1783 2493 vo-

176 2534 303 2581 cant
330 2524 725 2580 dimissionem.
775 2524 934 2594 Quod
965 2526 1011 2580 si
1059 2525 1195 2581 forte
1242 2526 1634 2593 reminisceris,
1685 2526 1783 2580 sed

175 2613 329 2668 nullo
356 2630 583 2685 prorsus
611 2613 799 2669 dolore
839 2614 1104 2685 tangeris,
1139 2614 1372 2670 dicimus
1413 2614 1511 2668 tibi
1550 2614 1672 2686 quia
1709 2613 1784 2669 di-

174 2702 366 2757 mittis.
409 2702 550 2757 Nam
597 2703 921 2774 plerumque
950 2703 1185 2758 tristium
1216 2703 1325 2757 laeti
1358 2703 1779 2766 reminiscimur,

179 2798 233 2846 et
258 2791 373 2859 jam
421 2791 665 2862 perfecte
713 2791 850 2859 sani,
900 2807 1078 2864 aegros
1125 2808 1225 2846 nos
1274 2791 1564 2863 aliquando
1617 2790 1785 2845 fuisse

177 2879 390 2951 absque
419 2879 606 2934 dolore
637 2880 816 2951 aliquo
847 2880 1198 2935 recordamur
1229 2897 1241 2936 :
1276 2887 1327 2934 et
1358 2879 1412 2933 in
1443 2888 1641 2947 mente,
1667 2880 1785 2933 sine

180 2968 331 3024 omni
362 2984 580 3040 quoque
629 2967 866 3041 caligine
896 2968 1039 3023 illius
1068 2968 1283 3040 priores
1323 2985 1444 3039 qum
1467 2968 1582 3037 jam
1610 2985 1785 3039 quan—

181 3065 297 3112 tum
324 3056 390 3111 ad
421 3073 480 3112 se
510 3057 860 3127 transierunt,
885 3057 1141 3112 tenebras
1170 3057 1466 3112 intuemur.
1506 3058 1573 3113 Ut
1604 3066 1786 3112 autem

182 3144 348 3200 finem
381 3146 495 3214 jam
524 3144 866 3216 imponamus
894 3145 1000 3213 his,
1041 3153 1168 3199 tunc
1198 3145 1355 3201 nobis
1384 3146 1599 3201 videtur
1638 3145 1784 3216 quod

183 3233 430 3299 dimittis,
465 3234 684 3305 quando
701 3234 1059 3290 reminiscens
1082 3234 1210 3289 talia
1237 3242 1289 3289 te
1319 3234 1631 3305 pertulisse,
1657 3250 1786 3304 gau-

182 3322 287 3377 des
313 3330 367 3378 et
393 3321 632 3389 laetaris;
664 3322 818 3377 illum
856 3323 913 3377 in
942 3323 1046 3379 hoc
1078 3322 1314 3389 imitans,
1350 3322 1442 3394 qui
1473 3338 1532 3377 se
1562 3323 1691 3377 dicit
1720 3323 1785 3376 li-

183 3412 377 3466 bentcr
404 3410 629 3483 gloriari
659 3411 714 3465 in
743 3409 1146 3466 inﬁrmitatibus
1192 3412 1305 3466 suis
1337 3420 1394 3465 ut
1426 3411 1691 3466 inhabitet
1729 3411 1785 3465 in

181 3516 250 3556 eo
273 3499 446 3555 virtus
475 3499 669 3553 Christi
703 3515 715 3553 :
751 3499 844 3571 qui
874 3500 1037 3555 etiam
1067 3500 1313 3572 adjungit
1342 3517 1354 3556 :
1388 3502 1625 3573 Pr0pter
1643 3500 1785 3573 quod

176 3590 373 3661 placeo
393 3589 536 3643 mihi
564 3587 626 3643 in
660 3588 1092 3657 inﬁrmitatibus
1117 3590 1273 3656 meis,
1298 3589 1362 3643 in
1393 3590 1779 3657 contumeliis,
1800 3642 1813 3659 ,

180 3679 245 3732 in
274 3675 723 3743 necessitatibus,
756 3676 819 3730 in
853 3677 1353 3748 persecutionibus,
1387 3679 1450 3732 in
1481 3677 1778 3749 angustiis,

180 3781 286 3838 pro
318 3764 535 3822 Christo
565 3764 639 3835 (ll
664 3764 785 3821 Cor.
817 3780 911 3829 xu,
948 3765 1055 3835 10).
1088 3765 1145 3820 Si
1173 3773 1351 3820 autem
1380 3773 1543 3820 tantae
1572 3765 1782 3835 perfec-

182 3853 346 3909 tionis
377 3852 618 3908 nondum
648 3869 727 3922 es,
760 3860 818 3907 ut
848 3853 1086 3926 gaudere
1115 3861 1168 3909 et
1197 3853 1364 3909 laetari
1414 3854 1613 3925 possis,
1661 3870 1783 3908 cum

185 3941 374 3998 talium
400 3941 727 4007 recordaris,
760 3942 857 3996 sed
888 3957 955 3996 ea
983 3950 1166 3997 tamen
1194 3941 1251 3997 in
1272 3943 1375 3999 hac
1403 3942 1783 3998 recordatione

182 4039 279 4086 tua
304 4030 422 4085 sine
448 4030 629 4101 aliqua
656 4029 799 4084 intra
827 4037 880 4084 te
919 4031 1283 4087 commotione
1322 4030 1557 4087 revolvis
1591 4049 1603 4085 :
1638 4039 1690 4086 et
1720 4047 1782 4086 ea

179 4135 282 4191 pro
310 4118 481 4173 nihilo
511 4118 735 4189 penitus
763 4119 992 4185 habens,
1027 4135 1151 4173 eum
1182 4119 1275 4190 qui
1306 4119 1400 4173 tibi
1429 4119 1645 4174 adversi
1676 4118 1782 4174 ali-

182 4207 314 4280 quid
343 4206 521 4261 intulit
550 4223 659 4262 non
701 4206 882 4261 minus
929 4207 1113 4279 diligis
1158 4223 1321 4279 quam
1369 4215 1494 4261 ante
1526 4207 1777 4274 dilexisti,

181 4295 273 4352 vel
302 4295 562 4373 diligeres
606 4295 651 4348 si
696 4312 970 4367 nunquam
1011 4296 1297 4363 intulisset,
1329 4304 1478 4351 certe
1507 4295 1779 4351 dimisisti.

1883 581 1955 634 ab
1984 580 2166 635 animo
2195 580 2377 634 fratris
2407 580 2500 646 tui,
2557 580 2650 651 qui
2688 581 2957 635 adversus
3005 587 3057 634 te
3106 579 3268 634 habet
3313 595 3477 651 quem

1882 668 2086 735 lzesisti,
2122 683 2285 739 quam
2325 684 2447 722 eam
2476 668 2707 738 depellis
2752 683 2785 723 a
2833 675 2941 733 tuo,
2983 667 3075 739 qui
3105 683 3230 723 eum
3268 667 3477 736 laesisti,

1884 760 2176 829 Relinque,
2212 758 2304 823 ait,
2328 760 2383 812 et
2404 757 2538 812 vade
2564 760 2727 829 prius
2756 757 3119 813 reconciliari
3145 757 3326 828 fratri
3357 761 3474 814 tuo.

1882 846 2025 915 Quid
2055 855 2139 902 est
2166 863 2364 901 munus
2396 846 2717 917 relinquere,
2750 853 2803 900 et
2828 853 2886 899 ut
2916 852 2968 900 te
2999 843 3151 899 fratri
3171 852 3264 900 tuo
3294 860 3483 900 recon-

1882 935 2034 990 cilies
2062 936 2162 1004 ire,
2197 935 2301 988 nisi
2331 935 2602 989 humiliter
2621 933 2834 988 interim
2860 933 2930 987 ab
2951 933 3194 988 oratione
3233 948 3475 1001 cessare,

1882 1039 2165 1095 quousque
2184 1022 2339 1078 fratri
2369 1031 2460 1078 tuo
2476 1022 2643 1077 fueris
2675 1021 3057 1077 reconciliatus
3076 1021 3104 1075 ?
3123 1022 3191 1076 Et
3212 1021 3258 1076 si
3279 1021 3347 1076 ita
3371 1030 3473 1089 est,

1881 1125 1979 1166 cur
2007 1110 2223 1166 interim
2252 1118 2334 1165 est
2363 1110 2431 1165 ab
2460 1110 2708 1165 oratione
2726 1109 3073 1176 cessandum,
3095 1108 3201 1163 nisi
3222 1109 3348 1180 quia
3375 1124 3479 1165 nec

1882 1200 1999 1255 Deo
2028 1208 2329 1271 acceptam,
2362 1215 2464 1254 nec
2511 1199 2607 1253 tibi
2655 1198 2990 1254 fructuosam
3040 1196 3240 1253 offerre
3267 1197 3476 1253 oratio-

1881 1304 2008 1343 nem
2035 1289 2260 1360 poteris,
2294 1288 2399 1342 nisi
2442 1288 2590 1359 prius
2620 1287 2769 1342 fratri
2806 1294 2901 1341 tuo
2937 1286 3323 1342 reconciliatus
3351 1286 3475 1343 fue-

1882 1377 1960 1431 ris
1985 1382 2007 1433 ?
2034 1378 2102 1432 Et
2134 1377 2352 1448 quidem
2383 1378 2488 1432 hoc
2517 1375 2699 1432 facere
2746 1383 2904 1447 potes
2951 1382 3005 1430 et
3031 1375 3221 1441 debes,
3258 1374 3306 1429 si
3331 1391 3477 1446 pra:-

1883 1482 2010 1521 sens
2052 1465 2210 1521 fuerit
2254 1466 2423 1521 frater
2451 1473 2592 1531 tuus,
2628 1480 2790 1536 quem
2815 1463 3125 1519 recordaris
3154 1463 3281 1536 quia
3312 1464 3478 1519 habet

1880 1554 2084 1623 aliquid
2109 1554 2371 1609 adversus
2401 1562 2471 1609 te.
2506 1554 2562 1609 Si
2591 1561 2767 1608 autem
2798 1560 2905 1607 tam
2931 1552 3094 1623 longe
3123 1567 3156 1606 a
3193 1559 3246 1608 te
3275 1552 3479 1608 absens

1881 1643 1935 1698 in
1984 1644 2086 1699 hac
2128 1652 2221 1697 tua
2266 1642 2643 1698 recordatione
2700 1641 2878 1711 fuerit,
2935 1648 2994 1695 ut
3030 1641 3205 1695 statim
3252 1642 3320 1696 ad
3351 1657 3475 1697 eum

1882 1748 2076 1805 gressu
2104 1730 2374 1803 corporali
2402 1730 2715 1803 pertingere
2740 1745 2850 1784 non
2878 1729 3077 1800 possis,
3108 1728 3193 1786 fac
3222 1729 3276 1784 in
3310 1731 3479 1786 corde

1882 1828 1994 1887 tuo,
2030 1835 2216 1876 coram
2260 1836 2326 1874 eo
2382 1819 2475 1891 qui
2521 1819 2767 1887 ejusdem
2815 1817 2998 1873 cordis
3048 1817 3326 1888 inspector
3368 1828 3471 1885 est,

1881 1908 2031 1964 fratri
2058 1916 2150 1963 tuo
2177 1907 2325 1977 (licet
2352 1908 2514 1979 longe
2562 1909 2631 1961 sit
2677 1906 2901 1977 absens)
2930 1906 3075 1977 quod
3122 1905 3173 1962 ei
3202 1922 3367 1977 opere
3398 1906 3478 1962 fa-

1881 2012 2005 2053 cere
2034 1997 2287 2061 deberes,
2321 1996 2368 2050 si
2398 1996 2616 2050 adesset
2638 2011 2903 2065 praesens.
2939 1995 3004 2049 Et
3037 1995 3140 2049 hoc
3172 1994 3383 2049 interim
3406 1993 3480 2049 fa-

1882 2086 2031 2152 cias,
2085 2100 2369 2156 quousque
2413 2084 2638 2139 fratrem
2692 2091 2846 2138 tuum
2890 2082 3094 2138 habere
3151 2091 3479 2154 praesentem

1884 2191 2074 2247 queas,
2101 2182 2157 2228 ut
2178 2173 2228 2228 ei
2257 2173 2435 2229 facias
2455 2181 2583 2227 tunc
2598 2172 2852 2243 praesenti
2872 2172 2926 2225 in
2946 2178 3152 2242 aperto,
3175 2173 3321 2244 quod
3339 2187 3483 2228 nunc

1884 2263 1934 2318 ei
1965 2279 2149 2319 coram
2177 2263 2293 2316 Deo
2323 2262 2490 2317 facias
2512 2260 2725 2316 absenti
2743 2261 2799 2314 in
2827 2261 3068 2316 occulto.
3096 2261 3167 2315 Et
3184 2262 3480 2332 quomodo,

1883 2352 1982 2419 ais,
2016 2350 2106 2406 fiet
2136 2351 2277 2405 istud
2297 2350 2324 2404 Ὺ
2348 2351 2511 2415 Ecce,
2546 2350 2771 2405 adverte
2802 2366 2911 2420 quo
2941 2349 3105 2405 modo
3132 2348 3224 2405 fiet
3249 2364 3262 2403 :
3286 2350 3482 2405 Munus

1884 2449 2057 2506 tuum,
2091 2441 2194 2495 hoc
2222 2447 2324 2505 est,
2358 2438 2621 2494 orationis
2637 2446 2743 2494 tuae
2770 2437 3117 2494 devotionem
3145 2437 3345 2495 offerre
3366 2440 3482 2495 Deo

1884 2544 2223 2600 preponens,
2259 2536 2310 2582 et
2337 2529 2475 2582 hora
2499 2527 2612 2594 illa,
2651 2526 2780 2598 quia
2809 2525 2978 2581 frater
3021 2534 3143 2581 tuus
3173 2527 3339 2582 habet
3378 2528 3485 2583 ali-

1884 2617 2015 2689 quid
2033 2617 2298 2671 adversus
2328 2623 2398 2681 te,
2432 2614 2813 2681 reminiscens,
2859 2615 3160 2670 orationem
3202 2623 3352 2669 tuam
3391 2616 3480 2671 in-

1886 2706 2046 2761 terim
2072 2704 2271 2761 offerre
2299 2703 2537 2773 differas,
2572 2719 2857 2775 quousque
2886 2704 3033 2774 quod
3059 2704 3291 2760 dicimus
3320 2705 3484 2760 modo

1887 2794 1983 2847 tibi
2012 2793 2201 2849 facias.
2238 2793 2387 2849 Vade
2417 2792 2471 2846 in
2503 2792 2623 2862 ipso
2653 2792 2820 2847 corde
2851 2799 2942 2846 tuo
2970 2792 3039 2846 ad
3068 2791 3291 2847 fratrem
3314 2800 3487 2860 tuum,

1886 2882 2014 2938 licet
2044 2882 2209 2953 longe
2236 2897 2266 2935 a
2296 2889 2348 2936 te
2384 2880 2744 2952 corporaliter
2773 2880 3025 2951 positum,
3074 2888 3128 2936 et
3168 2881 3226 2935 in
3271 2881 3489 2936 humili-

1887 2978 1995 3025 tate
2026 2969 2316 3041 profunda,
2360 2969 2415 3023 in
2446 2968 2765 3040 paenitentia
2808 2984 2959 3035 vera,
3001 2976 3055 3023 te
3101 2969 3152 3024 ei
3191 2969 3248 3024 in
3282 2978 3484 3038 mente,

1888 3067 2026 3115 teste
2063 3061 2180 3113 Deo
2220 3058 2313 3129 qui
2339 3074 2585 3129 praesens
2625 3066 2724 3123 est,
2776 3065 3083 3128 prosterne,
3137 3065 3188 3113 et
3222 3058 3292 3113 ad
3320 3059 3490 3129 pedes

1891 3149 2007 3216 ejus
2052 3147 2327 3203 humiliter
2363 3147 2571 3214 jacens,
2615 3153 2668 3201 et
2696 3153 2748 3201 te
2802 3146 3003 3201 acriter
3045 3148 3487 3217 reprehendens,

1886 3236 2097 3291 veniam
2130 3236 2198 3291 ab
2228 3251 2293 3290 eo
2323 3251 2447 3291 cum
2477 3234 2624 3290 omni
2655 3233 2910 3288 instantia
2954 3242 3099 3304 pete,
3150 3235 3488 3291 emendatio-

1886 3341 2012 3379 nem
2042 3325 2093 3380 ei
2136 3324 2206 3379 de
2236 3332 2437 3379 caetero
2475 3322 2748 3393 promitte,
2783 3331 2836 3378 et
2866 3324 2945 3378 sic
2975 3322 3130 3377 fratri
3158 3331 3251 3379 tuo
3282 3339 3483 3380 recon-

1887 3415 2118 3483 ciliatus,
2152 3413 2223 3468 ad
2252 3412 2594 3467 offerendum
2622 3427 2821 3467 munus
2866 3419 3017 3466 tuum
3064 3412 3317 3467 accedas.
3366 3414 3483 3468 Hoc

1887 3502 2105 3560 videtur
2133 3501 2364 3556 innuere
2394 3501 2622 3555 verbum
2644 3499 2808 3565 istud,
2842 3500 2989 3571 quod
3018 3507 3102 3554 est
3133 3505 3297 3556 tunc.
3345 3500 3486 3555 Nam

1886 3591 2019 3663 quid
2063 3598 2145 3645 est
2174 3589 2378 3658 dicere,
2417 3595 2555 3644 tunc
2601 3589 2817 3660 offeres,
2869 3588 2973 3642 nisi
3017 3589 3349 3660 priusquam
3390 3588 3490 3644 hoc

1884 3682 2088 3751 facias,
2115 3680 2318 3749 offerre
2348 3695 2464 3734 non
2493 3678 2693 3744 debes;
2734 3677 2862 3748 quia
2889 3693 3088 3731 munus
3116 3677 3355 3731 oblatum
3387 3691 3491 3733 nec

1885 3770 2002 3823 Deo
2028 3768 2289 3838 placeret,
2330 3783 2431 3822 nec
2466 3766 2564 3820 tibi
2593 3766 2899 3837 prodesset,
2955 3765 3001 3820 si
3046 3765 3202 3820 aliter
3256 3766 3484 3821 faceres.

1887 3857 1993 3913 Sed
2025 3864 2108 3911 est
2137 3856 2191 3909 in
2220 3857 2323 3911 hoc
2344 3854 2558 3910 Domini
2586 3862 2862 3925 praecepto
2880 3869 3078 3926 magna
3106 3854 3356 3909 habenda
3384 3854 3491 3909 dis-

1885 3945 2077 4010 cretio,
2112 3952 2194 3999 est
2224 3952 2275 3998 et
2294 3944 2474 4015 aliqua
2498 3943 2552 3997 in
2583 3958 2650 3999 eo
2676 3942 3033 4015 intelligenda
3062 3942 3334 4013 exceptio.
3364 3943 3488 3999 Non

1885 4034 2031 4089 enim
2061 4032 2316 4103 compelli
2365 4032 2632 4087 debemus
2672 4040 2730 4086 ut
2772 4033 2878 4088 hoc
2911 4030 3191 4098 faciamus,
3241 4031 3488 4102 quoties-

1884 4138 2098 4193 cunque
2131 4121 2491 4176 recordamur
2521 4121 2665 4191 quod
2716 4119 2883 4175 frater
2920 4129 3109 4175 noster
3165 4135 3489 4192 quocunque

1884 4210 2052 4265 modo
2080 4217 2228 4281 putat
2250 4226 2309 4264 se
2338 4209 2545 4263 habere
2575 4208 2781 4279 aliquid
2804 4209 3070 4264 adversus
3102 4224 3221 4263 nos.
3254 4208 3311 4263 Si
3341 4209 3488 4277 (ver-

1885 4299 1939 4353 bi
1969 4301 2152 4367 cau-a)
2184 4298 2406 4351 fratrem
2440 4304 2588 4350 tuum
2612 4312 2710 4366 pro
2745 4296 2921 4351 salute
2960 4296 3157 4351 animm
3179 4313 3310 4365 suae,
3344 4304 3476 4350 tem-

181 4384 357 4457 Igitur
388 4391 514 4439 tunc
544 4382 819 4440 fructuosa
869 4384 1088 4440 accedis
1127 4384 1197 4440 ad
1227 4384 1515 4450 orandum,
1551 4400 1673 4439 cum
1705 4385 1783 4439 sic
1884 4404 2019 4458 pore
2049 4395 2101 4441 et
2132 4386 2253 4440 loco
2283 4384 2531 4455 corripis.
2567 4384 2621 4439 Si
2651 4384 3136 4455 proclamationem
3169 4401 3332 4455 super
3361 4400 3484 4438 eum

182 4472 496 4537 remittens,
556 4472 900 4528 Dominicum
938 4473 1205 4543 adimples
1251 4481 1608 4543 praiceptum.
1673 4473 1782 4527 Sed
1880 4476 2085 4545 justam
2116 4474 2428 4529 charitative
2468 4473 2524 4526 in
2554 4472 2793 4542 capitulo
2828 4472 2976 4538 facis,
3012 4480 3066 4527 et
3094 4488 3159 4527 eo
3180 4488 3278 4542 per
3307 4472 3488 4528 omnia

182 4560 325 4615 sicut
354 4576 466 4615 non
504 4560 586 4615 vis
614 4560 875 4617 adversus
905 4560 1070 4615 alium
1120 4561 1321 4616 habere
1353 4561 1673 4633 quidquam,
1707 4561 1785 4616 sic
1806 4557 1859 4615 D
1888 4563 2052 4619 modo
2082 4578 2188 4634 quo
2236 4560 2536 4617 secundum
2565 4560 2814 4615 ordinem
2855 4561 3037 4616 facere
3076 4560 3284 4627 debes;
3320 4569 3373 4615 et
3417 4560 3488 4615 ob

185 4664 406 4720 quoque
436 4664 661 4703 necesse
683 4656 764 4703 est
792 4656 850 4704 ut
879 4665 988 4704 non
1032 4650 1317 4721 permittas
1348 4649 1555 4720 aliquid
1584 4650 1789 4704 habere

184 4738 448 4793 adversus
480 4745 549 4807 te,
581 4744 839 4809 quantum
883 4736 997 4793 fieri
1035 4746 1234 4809 potest,
1268 4747 1321 4792 et
1351 4745 1611 4810 quantum
1642 4738 1695 4792 in
1740 4746 1790 4793 te

184 4834 289 4893 est,
325 4842 650 4897 quemquam
683 4842 695 4879 :
730 4834 790 4880 ut
817 4827 981 4882 etiam
1006 4826 1139 4880 illud
1163 4820 1637 4897 Domini'impleas
1656 4843 1791 4897 prae-

184 4921 423 4985 ceptum,
450 4914 595 4985 quod
627 4914 877 4984 superius
910 4915 1149 4971 secundo
1170 4915 1293 4971 loco
1320 4914 1621 4985 posuimus,
1644 4914 1790 4986 quod

182 5011 240 5060 et
270 5003 377 5058 tale
408 5010 490 5057 est
516 5020 529 5056 :
568 5004 626 5059 Si
654 5003 819 5073 offers
849 5020 1060 5059 munus
1084 5008 1247 5059 tuum
1271 5004 1343 5059 ad
1372 5005 1576 5071 altare,
1619 5008 1677 5059 et
1714 5004 1792 5058 ibi

182 5092 518 5148 recerdatus
549 5093 731 5162 fueris
771 5094 904 5163 quia
953 5096 1139 5163 frater
1185 5097 1324 5147 tuus
1372 5092 1538 5147 habet
1575 5090 1792 5163 aliquid

185 5179 457 5235 adversus
489 5184 563 5244 te,
598 5180 857 5251 relinque
884 5180 961 5235 ibi
992 5197 1203 5235 munus
1235 5184 1400 5235 tuum
1417 5185 1552 5235 ante
1575 5181 1786 5246 altare,

184 5270 245 5324 et
269 5268 404 5323 vade
442 5268 604 5340 prius
636 5269 997 5324 reconciliari
1024 5268 1201 5339 fratri
1242 5273 1359 5335 tuo,
1412 5273 1467 5324 et
1516 5272 1653 5323 tunc
1696 5284 1789 5323 ve-

183 5345 353 5413 nie'ns
414 5357 613 5427 offeres
672 5373 879 5412 munus
935 5360 1099 5412 tuum
1143 5357 1366 5426 (Matth.
1428 5373 1483 5410 v.
1543 5360 1631 5422 23,
1674 5356 1787 5425 24).

185 5445 334 5500 Ecce
380 5444 529 5516 quia,
579 5448 638 5496 ut
691 5441 884 5498 beatus
941 5443 1244 5516 Gregorius
1282 5444 1413 5500 dicit
1451 5445 1635 5513 (Hom.
1676 5447 1706 5496 8
1738 5442 1794 5495 in

183 5533 416 5601 Ezech.)
448 5549 461 5585 :
502 5552 525 5579 «ί
562 5530 759 5584 Munus
780 5547 892 5586 non
914 5531 1200 5602 accipitur,
1220 5531 1325 5586 nisi
1347 5532 1496 5602 prius
1511 5532 1579 5585 ab
1610 5529 1793 5584 animo

182 5619 468 5678 discordia
510 5611 764 5690 pellatur.
816 5641 837 5668 ιο
886 5619 991 5676 Ubi
1037 5619 1291 5675 nimirum
1337 5619 1433 5674 tibi
1478 5617 1793 5688 intelligen-

402 5763 649 5823 PA'I'IIOL.
690 5759 871 5817 CLIII.

1889 4653 1994 4707 hoc
2023 4651 2262 4705 turbatus
2291 4657 2346 4705 et
2374 4657 2694 4714 commotus,
2731 4657 2878 4720 putat
2907 4665 2965 4703 se
2987 4648 3192 4721 aliquid
3223 4649 3488 4703 adversus

1890 4749 1941 4796 te
1974 4740 2206 4805 habere;
2236 4755 2346 4793 non
2375 4738 2533 4794 nobis
2569 4737 2780 4793 videtur
2826 4738 2969 4809 quod
3018 4736 3255 4792 tenearis
3306 4736 3388 4792 ire
3417 4736 3485 4790 ad

1891 4828 2373 4884 reconciliandam.
2408 4827 2555 4882 Nihil
2584 4826 2746 4891 enim,
2782 4834 3041 4897 quantum
3063 4825 3119 4880 in
3145 4834 3196 4880 te
3220 4834 3323 4892 est,
3356 4824 3488 4880 mali

1891 4918 1945 4972 in
1977 4917 2127 4970 illum
2154 4915 2492 4983 commisisti,
2524 4915 2635 4970 imo
2665 4915 2867 4969 bonum
2906 4914 2957 4970 ei
2995 4930 3251 4986 magnum
3305 4912 3488 4969 facere

1893 5005 2126 5061 voluisti.
2163 5006 2365 5060 Verum
2396 5004 2511 5075 ipse
2542 5020 2804 5075 magnum
2836 5011 2983 5058 tuum
3019 5004 3241 5069 bonum,
3272 5003 3489 5056 animo-

1892 5090 2051 5144 sitate
2079 5098 2131 5143 et
2160 5088 2498 5157 impatientia
2528 5103 2628 5141 suit
2656 5088 2816 5143 vertit
2846 5087 2949 5142 sibi
2992 5087 3048 5141 in
3077 5102 3337 5159 magnum
3367 5103 3489 5141 ma-

1892 5178 2024 5243 lum,
2056 5178 2339 5247 magisque
2367 5175 2565 5230 infirmi
2592 5183 2675 5231 est
2700 5192 2862 5247 quam
2909 5176 3105 5230 medici
3145 5175 3305 5245 culpa
3343 5175 3491 5247 quod

1890 5266 2008 5337 ipse
2036 5264 2283 5319 infirmus
2312 5272 2555 5337 aegrotat,
2589 5264 2747 5318 etiam
2771 5265 2839 5320 de
2856 5264 3140 5320 medicina.
3176 5265 3313 5319 Hinc
3348 5264 3485 5319 bea-

1891 5361 1978 5408 tus
2024 5353 2360 5424 Augustinus
2400 5353 2478 5408 sic
2522 5353 2575 5406 in
2626 5352 2836 5424 Regula
2882 5353 3212 5408 clericorum
3255 5352 3399 5423 (cap.
3438 5354 3492 5422 8)

1894 5442 2083 5497 scribit
2113 5443 2182 5496 de
2208 5442 2330 5495 hoc.
2368 5464 2387 5488 ‹‹
2419 5442 2532 5496 Nec
2561 5456 2677 5506 vos,
2713 5440 2904 5510 inquit,
2935 5441 3187 5509 judicetis
3219 5455 3341 5495 esse
3372 5455 3494 5494 ma-

1896 5529 2105 5584 levolos
2137 5529 2356 5600 quando
2385 5530 2487 5583 hoc
2533 5527 2813 5582 indicatis.
2855 5529 3032 5601 Magis
3072 5529 3294 5602 quippe,
3333 5534 3494 5587 inno-

1895 5624 2084 5673 centes
2115 5632 2224 5673 non
2254 5616 2406 5683 estis,
2455 5615 2503 5671 si
2544 5615 2740 5672 fratres
2773 5623 2986 5674 vestros
3028 5634 3168 5690 quos
3206 5620 3497 5677 indicando

3216 5764 3287 5818 28
