3938 6408
519 360 623 412 8⁸75

1390 357 1733 414 GUIGONIS
1780 359 1830 413 II
1871 353 2281 413 CARTHUSIJE
2328 353 2623 411 MAIORIS
2667 356 2966 412 PRIORIS.

3720 358 3829 411 876

515 480 799 553 corrigere
856 480 1100 551 potestis,
1148 481 1373 537 tacendo
1422 482 1603 553 perire
1663 482 1991 554 permittitis.
2052 480 2107 535 Si
2128 484 2182 539 A
2211 477 2492 535 revolvere
2522 480 2748 546 debeas,
2781 496 2881 551 pro
2912 480 3049 536 scire
3081 487 3134 536 et
3170 494 3334 551 posse
3365 487 3552 536 nostro
3583 481 3827 538 instrua-

516 570 680 636 enim,
712 568 880 625 frater
915 579 1038 625 tuus
1067 569 1261 625 vulnus
1309 571 1534 627 haberet
1581 573 1637 626 in
1684 588 1915 642 corpore
1960 570 2106 643 quod

516 658 679 713 vellet
712 657 989 725 occultari,
1022 658 1149 712 dum
1180 658 1393 713 timeret
1425 660 1619 725 secari,
1653 676 1835 715 nonne
1865 659 2105 715 crudeli-

514 754 593 802 ter
639 760 674 801 a
720 753 773 801 te
830 746 1106 813 sileretur,
1158 755 1211 801 et
1241 746 1669 803 misericorditer
1725 747 2107 803 indicaretur?

512 834 729 903 Quanto
762 849 898 906 ergo
926 835 1103 905 potius
1131 835 1300 890 debes
1339 836 1706 903 manifestare,
1754 853 1822 891 ne
1870 836 2105 891 deterius

507 930 786 995 putrescat
812 924 869 977 in
897 923 1063 979 corde
1082 923 1110 977 7
1145 947 1167 972 ι»
1199 924 1363 989 Ecce,
1397 925 1524 996 quia
1554 924 1804 980 crudeles
1834 932 1976 991 sunt,
2012 923 2104 995 qui

508 1012 809 1083 spiritualia
827 1010 1049 1066 fratrum
1083 1028 1303 1067 suorum
1336 1012 1565 1068 vulnera
1604 1013 1818 1079 celant;
1852 1020 1903 1068 et
1931 1012 2102 1067 mise-

505 1099 747 1157 ricordes
776 1108 921 1168 sunt,
955 1100 1048 1172 qui
1076 1116 1139 1155 ea
1172 1109 1229 1155 ut
1259 1108 1519 1157 sanentur
1563 1101 1819 1157 indicant.
1864 1102 1998 1155 [tem
2056 1101 2103 1154 si

506 1189 766 1261 praelatus
809 1188 1008 1259 aliquis
1037 1189 1404 1258 subjectorum
1454 1206 1675 1245 suorum
1719 1189 1955 1261 aliquem
2003 1204 2100 1259 pro

503 1277 662 1349 culpa
707 1291 808 1332 sua
848 1276 999 1347 (quia
1041 1285 1092 1331 et
1131 1278 1236 1333 hoc
1276 1285 1490 1332 tenetur
1528 1295 1593 1333 ex
1630 1276 1807 1333 ofﬁcio
1845 1285 2099 1347 suscepto

502 1365 706 1435 facere)
751 1365 839 1436 pie
894 1380 959 1420 ac
1007 1372 1233 1435 paterae
1279 1374 1337 1419 ut
1391 1366 1712 1420 emendetur
1749 1366 2094 1436 corripuerit,

500 1470 631 1509 num
656 1463 815 1525 putas
841 1461 898 1508 tu
928 1454 1165 1508 eundum
1197 1453 1247 1508 ei
1278 1462 1335 1508 ut
1365 1454 1677 1510 reconciliet
1703 1471 1763 1509 se
1794 1453 1943 1509 fratri
1974 1470 2093 1520 suo,

497 1542 547 1597 si
568 1541 732 1597 frater
759 1542 850 1597 ille
878 1542 1075 1611 injuste
1097 1551 1419 1609 commotus,
1457 1551 1608 1613 putat
1640 1560 1699 1597 se
1721 1551 1945 1613 propter
1993 1543 2097 1598 hoc

493 1626 700 1698 aliquid
728 1626 934 1681 habere
975 1625 1237 1680 adversus
1285 1631 1457 1682 eum?
1503 1627 1624 1681 Non
1664 1635 1813 1697 puto,
1860 1626 1957 1692 ais,
1992 1626 2096 1680 nisi

494 1714 719 1770 modum
748 1714 804 1769 in
818 1714 1165 1784 correptione
1194 1729 1294 1768 sua
1311 1715 1621 1770 excesserit.
1654 1716 1769 1770 Nos
1798 1723 1976 1769 autem
2006 1714 2094 1769 di-

494 1803 690 1870 cimus,
731 1802 860 1874 quia
887 1818 990 1858 nec
1017 1810 1162 1857 tunc.
1211 1802 1486 1874 Contingit
1527 1819 1763 1874 namque
1792 1804 2085 1874 multoties,
2109 1832 2160 1892 Β

493 1892 640 1963 quod
659 1891 777 1962 ipse
800 1907 909 1963 quo
943 1890 1222 1945 ardentius
1253 1890 1446 1961 diligit,
1480 1908 1546 1946 eo
1576 1900 1628 1946 et
1654 1892 1813 1947 citius
1840 1892 1895 1945 in
1911 1893 2086 1947 corri-

494 1978 698 2050 piendo
727 1978 950 2033 modum
979 1978 1208 2032 excedit.
1242 1979 1383 2033 Nam
1423 1979 1545 2050 quia
1590 1996 1746 2033 mens
1785 1980 2086 2050 prmsiden-

493 2068 580 2133 tis,
617 2074 778 2138 prout
816 2066 981 2121 debet
1019 2074 1072 2121 et
1107 2074 1368 2138 quantum
1397 2068 1558 2123 debet
1582 2076 1741 2135 amat,
1776 2086 1925 2123 suam
1964 2070 2085 2140 ple-

494 2171 727 2227 rumque
762 2156 1164 2226 correptionem
1206 2156 1492 2227 plusquam
1538 2157 1700 2212 debet
1743 2167 2035 2230 exaggerat
2069 2174 2082 2213 :

490 2260 594 2301 nec
613 2245 683 2300 de
710 2244 888 2315 aliqua
919 2260 978 2299 se
1006 2244 1169 2299 debet
1203 2244 1292 2300 hic
1324 2245 1767 2301 reconciliatione
1810 2246 2083 2302 intromit-

488 2341 626 2399 tere,
660 2332 786 2404 quia
832 2333 938 2387 hoc
981 2332 1086 2403 ipsi
1135 2332 1403 2403 discipulo
1459 2334 1638 2405 magis
1657 2336 1855 2389 obesse
1896 2344 2085 2406 posset

487 2437 650 2495 quam
680 2420 972 2492 prodesse.
1014 2420 1167 2476 Unde
1198 2428 1252 2476 et
1296 2421 1376 2477 sic
1420 2422 1607 2477 beatus
1644 2424 1980 2496 Augustinus
2027 2424 2082 2479 in

483 2509 711 2582 praefata
739 2509 931 2580 regula
974 2510 1120 2579 (cap.
1172 2510 1298 2580 54.)
1337 2510 1524 2565 scribit
1568 2511 1637 2566 de
1676 2512 1799 2577 hoc,
1852 2511 2081 2584 loquens

482 2598 617 2670 ipsis
637 2597 875 2668 praelatis
910 2615 923 2651 :
961 2618 983 2648 ι
1011 2596 1243 2666 Quando
1258 2606 1439 2653 autem
1461 2599 1758 2655 necessitas
1779 2600 2081 2671 disciplina:

480 2686 537 2742 in
566 2687 811 2742 moribus
841 2686 1161 2741 coercendis
1194 2686 1376 2742 dicere
1406 2702 1503 2742 vos
1547 2688 1680 2743 dura
1717 2689 1885 2744 verba
1922 2704 2078 2745 com-

482 2774 653 2846 pellit,
683 2775 730 2829 si
760 2775 925 2830 etiam
955 2790 1053 2830 vos
1099 2775 1319 2829 modum
1352 2776 1654 2831 excessisse
1686 2777 1917 2845 sentitis,
1968 2793 2078 2833 non

481 2878 517 2919 a
543 2862 697 2919 vobis
728 2863 961 2935 exigitur
988 2870 1043 2918 ut
1070 2879 1102 2917 a
1134 2864 1288 2918 vobis
1318 2863 1545 2918 subditis
1589 2865 1799 2919 veniam
1832 2866 2077 2936 postule-

481 2951 551 3006 tis
581 2971 595 3019 ;
630 2968 698 3007 ne
729 2952 872 3022 apud
894 2967 1011 3015 eos,
1044 2968 1182 3022 quos
1213 2960 1427 3021 Oportet
1454 2969 1577 3009 esse
1608 2954 1902 3024 subjectos,
1948 2955 2077 3009 dum

477 3040 704 3095 nimium
739 3048 985 3094 servatur
1032 3039 1324 3105 humilitas,
1377 3041 1602 3112 regendi
1650 3041 1936 3113 frangatur
1982 3059 2078 3098 au-

480 3128 727 3183 ctoritas.
769 3128 877 3183 Sed
912 3136 1095 3182 tamen
1131 3128 1362 3198 petenda
1400 3137 1482 3183 est
1528 3130 1687 3185 venia
1725 3131 1796 3185 ab
1833 3132 2074 3186 omnium

478 3216 732 3281 Domino,
768 3216 858 3287 qui
887 3215 1034 3270 novit
1064 3216 1224 3270 etiam
1273 3232 1368 3271 eos
1398 3233 1534 3289 quos
1579 3218 1701 3289 plus
1742 3219 1887 3288 justo
1936 3220 2075 3276 forte

480 3304 768 3375 corripitis,
814 3312 1009 3376 quanta
1054 3305 1435 3360 benevolentia
1466 3307 1732 3380 diligatis.
1778 3309 1901 3363 Non
1930 3309 2073 3365 enim

479 3392 735 3459 carnalis,
760 3393 857 3447 sed
890 3393 1184 3463 spiritualis
1213 3394 1356 3449 inter
1385 3409 1483 3451 vos
1536 3396 1700 3450 debet
1740 3413 1862 3453 esse
1913 3397 2077 3452 dilec-

480 3482 575 3537 tio.
615 3505 637 3530 π
672 3482 832 3537 Certe
872 3481 1009 3536 side
1049 3483 1338 3537 manubrio
1385 3483 1440 3537 in
1488 3484 1722 3541 cmsione
1771 3486 2070 3557 lignorum,

477 3570 683 3626 ferrum
723 3570 1009 3636 exsiliens,
1042 3570 1275 3625 amicum
1318 3573 1652 3641 percusserit
1700 3582 1753 3629 et
1792 3574 2070 3640 occiderit,

478 3659 688 3715 amicus
718 3659 827 3727 ille,
861 3667 915 3715 et
945 3666 1127 3715 tamen
1156 3660 1369 3715 occisor
1400 3661 1586 3730 amici,
1630 3662 1818 3718 vivere
1850 3664 2068 3733 poterit,

477 3747 524 3802 si
554 3747 627 3802 ad
672 3763 832 3802 unam
862 3747 1027 3801 trium
1063 3748 1277 3803 urbium
1326 3748 1525 3819 fugerit
1556 3750 1742 3820 (Deut.
1774 3754 1926 3822 xxx).
1992 3754 2073 3807 Ita

474 3836 728 3902 dicimus,
760 3837 808 3890 si
835 3835 1156 3906 simpliciter
1175 3837 1247 3891 ad
1268 3836 1457 3891 silvam
1484 3838 1695 3894 abierit.
1719 3841 1786 3895 Et
1806 3842 1921 3896 haec
1948 3841 2071 3898 ideo

475 3923 732 3992 diximus,
762 3930 821 3978 ut
849 3923 1087 3978 sciamus
1116 3924 1303 3995 quales
1350 3925 1419 3981 ad
1466 3927 1768 3983 orationem
1813 3930 2071 3989 accedere

477 4011 773 4067 debeamus
786 4052 799 4067 .

900 4140 1299 4237 CAPITULUM
1362 4182 1598 4239 xxxv.

473 4324 552 4381 De
581 4327 822 4401 quatuor
848 4326 1261 4401 cogitationum
1289 4328 1584 4401 generibus
1613 4344 1736 4401 qua
1775 4331 1933 4388 nobis
1960 4348 2066 4389 ne-

544 4396 851 4470 cessarium
871 4401 955 4451 est
983 4397 1046 4450 in
1074 4401 1268 4470 mente
1291 4396 1509 4467 habere,
1543 4401 1591 4454 si
1611 4396 1755 4470 imre
1785 4406 1842 4457 et
1872 4403 2067 4459 devote

541 4472 709 4539 atqtte
736 4469 1027 4537 fructuosa
1048 4469 1351 4525 Dominum
1380 4469 1635 4527 volumus
1668 4488 1849 4528 orare.

540 4609 705 4675 Ecce,
749 4624 821 4664 ex
849 4616 1001 4681 parte
1044 4609 1220 4683 aliqua
1268 4612 1351 4682 (ut
1394 4611 1746 4684 arbitramur)
1797 4613 1985 4682 habes,
2008 4622 2065 4671 tu

470 4697 562 4769 qui
609 4697 825 4753 habitor
884 4698 1037 4754 cellae
1077 4716 1156 4767 es,
1189 4700 1409 4771 qualem
1454 4709 1505 4756 te
1553 4701 1758 4757 debeas
1807 4719 1909 4774 per
1945 4719 2065 4777 gra-

465 4785 596 4841 tiam
624 4785 720 4841 Dei
751 4802 1082 4857 praeparare,
1133 4803 1256 4843 cum
1285 4789 1352 4843 ad
1383 4790 1649 4845 orandum
1693 4792 1867 4846 Deum
1915 4801 2063 4849 tuum

464 4873 726 4946 preponis
761 4875 1023 4929 accedere
1067 4877 1208 4946 (cap.
1239 4877 1357 4943 35).
1412 4876 1687 4951 Quidquid
1715 4879 1783 4935 de
1813 4881 2061 4938 oratione

463 4961 719 5028 diximus,
753 4968 804 5016 et
847 4961 1026 5016 adhuc
1059 4961 1288 5017 fortasse
1330 4964 1591 5033 dicemus,
1641 4966 1711 5021 ad
1747 4968 1901 5025 illum
1950 4970 2057 5025 flu-

460 5049 611 5104 vium
644 5048 861 5103 tertium
904 5047 1208 5116 referimus,
1260 5051 1352 5122 qui
1390 5061 1443 5107 et
1485 5054 1554 5110 de
1596 5055 1719 5111 loco
1763 5057 2056 5129 voluptatis

461 5136 758 5209 egreditur,
792 5143 842 5190 et
871 5136 1046 5208 Tigris
1077 5146 1331 5207 vocatur;
1364 5140 1433 5197 de
1465 5159 1571 5213 quo
1602 5152 1654 5198 et
1672 5144 1902 5215 legimus
1931 5147 2055 5219 quia

458 5225 606 5279 vadit
635 5230 822 5278 contra
852 5224 1126 5294 Assyrios.
1160 5227 1262 5282 Diti
1299 5228 1354 5283 in
1384 5246 1450 5285 eo
1478 5232 1673 5286 morati
1710 5249 1895 5288 sumus
1926 5236 2054 5306 quia

457 5308 527 5365 ob
548 5326 807 5381 magnam
844 5312 1097 5368 nimirum
1130 5316 1246 5385 ejus
1289 5325 1397 5373 tam
1426 5318 1850 5389 profunditatem
1889 5339 2051 5394 quam

456 5397 811 5467 latitudinem,
872 5401 978 5457 cito
1036 5420 1156 5459 eum
1212 5406 1546 5476 pertransire
1600 5424 1709 5464 non
1752 5410 2045 5480 potuimus.

2208 583 2348 621 mus.
2383 569 2499 623 Hoc
2540 577 2720 624 autem
2764 568 3135 624 indubitanter
3166 568 3306 623 scire
3336 568 3507 624 debes
3549 572 3732 642 (quod
3762 581 3820 626 et

2206 655 2345 726 ipse,
2386 657 2439 710 ni
2470 656 2727 725 fallimur,
2780 657 3098 729 frequenter
3144 666 3402 728 expertus
3441 659 3524 729 es)
3572 660 3709 731 quia
3760 659 3820 713 in

2206 745 2354 799 nullo
2385 745 2653 815 spirituali
2683 746 2940 801 exercitio
2978 746 3227 801 laborem
3258 754 3406 802 certe
3435 748 3725 817 majorem,
3758 758 3818 804 et

2204 832 2405 889 luctam
2435 834 2744 905 graviorem
2774 834 3056 899 sentimus,
3111 850 3275 906 quam
3304 850 3429 890 cum
3457 834 3514 889 in
3557 836 3823 892 oratione

2203 921 2561 991 persistimus,
2595 922 2641 976 si
2671 939 2790 977 eam
2822 930 3005 978 tamen
3027 922 3188 978 talem
3218 922 3439 990 habere,
3473 924 3654 996 qualis
3684 924 3818 995 ipsa

2201 1009 2360 1063 nobis
2406 1018 2489 1064 est
2520 1010 2826 1066 necessaria
2856 1011 3164 1066 studemus.
3205 1012 3343 1065 Nam
3373 1027 3541 1083 supra
3572 1013 3813 1068 modum

2202 1104 2329 1152 tunc
2356 1098 2699 1168 potissimum
2730 1098 2922 1170 fatigat
2948 1107 3213 1171 vexatque
3239 1116 3361 1165 nos,
3386 1108 3439 1155 et
3476 1116 3682 1172 magna
3712 1101 3812 1156 in-

2201 1184 2463 1241 stabilitas
2518 1187 2701 1243 cordis
2746 1187 2943 1253 nostri,
2997 1196 3051 1242 et
3096 1187 3297 1243 malitia
3342 1188 3516 1243 hostis
3562 1189 3807 1260 antiqui.

2200 1274 2389 1329 Sciens
2418 1282 2594 1331 autem
2628 1276 2933 1346 versipellis
2960 1283 3014 1331 et
3041 1275 3347 1331 malitiosns
3376 1276 3487 1343 ille,
3513 1277 3605 1348 qui
3644 1278 3810 1333 mille
3860 1342 3865 1347 ἢ

2200 1362 2361 1417 habet
2416 1371 2562 1417 artes
2606 1364 2859 1433 nocendi,
2916 1381 3016 1434 per
3051 1364 3305 1419 devotam
3351 1381 3512 1436 quam
3558 1365 3813 1421 maxime

2198 1451 2523 1521 orationem,
2554 1468 2682 1506 suas
2712 1460 2765 1507 et
2795 1452 3035 1508 occultas
3066 1451 3288 1507 fraudes
3308 1453 3511 1526 detegi,
3544 1462 3598 1509 et
3626 1469 3810 1524 aper-

2196 1547 2281 1593 tas
2313 1540 2457 1594 vires
2488 1540 2787 1606 debellari;
2836 1548 3100 1612 quatenus
3131 1540 3365 1596 fructum
3403 1541 3517 1610 ejus
3550 1541 3807 1597 funditus

2197 1635 2439 1696 evacuet,
2490 1628 2879 1683 modestiorem
2927 1644 2987 1683 se
3025 1628 3204 1696 nobis,
3256 1628 3613 1702 cogitationes
3666 1639 3803 1685 tunc

2194 1716 2344 1771 cordi
2372 1725 2560 1771 nostro
2586 1716 2905 1772 immitendo
2952 1716 3183 1783 illicitas,
3217 1716 3434 1773 efficere
3474 1718 3639 1774 solet.
3683 1719 3801 1774 Sed

2193 1810 2246 1857 et
2273 1803 2393 1874 ipsa
2422 1804 2763 1871 instabilitas,
2810 1812 2862 1860 et
2905 1805 3154 1877 evagatio
3186 1805 3381 1861 mentis
3423 1814 3625 1862 nostrae
3663 1822 3797 1862 ma-

2188 1891 2274 1962 gis
2301 1891 2357 1946 in
2386 1893 2630 1948 oratione
2661 1893 2742 1963 (ut
2770 1893 2933 1964 longe
2963 1893 3216 1964 superius
3260 1910 3384 1949 cum
3426 1910 3627 1968 magno
3682 1913 3796 1969 ge-

2188 1980 2323 2034 mitu
2351 1980 2633 2052 conquesti
2665 1982 2875 2053 sumus)
2907 1998 3072 2053 quam
3102 1981 3156 2036 in
3184 1981 3366 2053 aliquo
3395 1982 3503 2038 alio
3532 1984 3800 2040 exercitio

2185 2084 2296 2123 non
2324 2069 2568 2123 devastat
2600 2086 2614 2125 :
2649 2068 2704 2123 in
2760 2077 2965 2124 tantum
2996 2078 3053 2124 ut
3099 2078 3229 2127 tunc
3256 2070 3437 2126 animo
3468 2079 3654 2127 nostro
3686 2088 3793 2129 co-

2186 2157 2516 2227 gitationum
2556 2158 2873 2224 otiosarum,
2920 2158 3323 2213 immundarum
3366 2168 3420 2215 et
3463 2160 3792 2216 nocivarum

2185 2244 2493 2311 multitudo,
2549 2245 2711 2299 etiam
2767 2245 2925 2303 nobis
2972 2246 3280 2301 nolentibus
3323 2255 3377 2302 et
3424 2254 3532 2304 tota
3579 2249 3791 2307 virtute

2184 2328 2703 2399 contradicentibus,
2734 2345 2799 2384 ex
2827 2329 3058 2401 abrupto
3080 2338 3133 2385 et
3160 2338 3453 2402 antequam
3473 2333 3790 2403 prmvidere

2182 2418 2477 2487 possimus,
2514 2434 2574 2473 se
2617 2418 2870 2490 ingerat;
2906 2434 2939 2473 a
2968 2419 3164 2490 quibus
3209 2418 3421 2475 alienus
3465 2429 3519 2476 et
3565 2422 3789 2493 quietus

2181 2505 2302 2561 aliis
2333 2522 2550 2577 quoque
2579 2506 2912 2576 temporibus
2936 2514 3071 2562 erat.
3107 2507 3261 2563 Unde
3288 2509 3663 2564 necessarium
3686 2527 3785 2567 no-

2178 2592 2263 2647 bis
2292 2594 2586 2649 admodum
2612 2610 2735 2649 esse
2768 2594 3025 2661 sciamus,
3077 2602 3136 2649 ut
3183 2611 3306 2651 cum
3356 2596 3456 2651 ista
3500 2597 3639 2653 intra
3675 2615 3784 2655 nos

2179 2682 2460 2748 sentimus,
2493 2682 2669 2753 ipsum
2699 2682 2963 2737 miserum
3005 2698 3102 2738 cor
3149 2692 3392 2739 nostrum
3427 2692 3540 2741 toto
3579 2696 3785 2743 conatu

2180 2770 2518 2825 stabiliamus
2545 2779 2633 2837 ;et
2664 2771 3041 2842 ingerentibus
3071 2788 3131 2827 se
3161 2772 3581 2843 cogitationibus
3610 2776 3776 2849 vagis

2179 2867 2229 2913 et
2260 2859 2435 2913 stultis
2457 2858 2723 2914 inhaerere
2750 2859 2904 2926 illud,
2926 2875 3028 2931 pro
3058 2876 3222 2931 posse
3243 2877 3349 2917 non
3372 2862 3776 2932 permittamus.

2178 2948 2233 3001 Si
2263 2955 2440 3002 autem
2471 2955 2548 3016 tu,
2583 2947 2676 3019 qui
2704 2947 2977 3003 habitator
3017 2948 3170 3004 cella:
3195 2965 3274 3017 es,
3321 2950 3459 3006 scire
3488 2950 3782 3008 desideras

2176 3035 2448 3107 quomodo
2504 3052 2639 3107 pure
2697 3051 2856 3091 orare
2885 3036 3087 3103 valeas,
3141 3036 3251 3093 imo
3294 3038 3423 3110 quia
3468 3038 3633 3108 (sicut
3664 3040 3776 3113 ipsi

2175 3124 2481 3179 certissime
2526 3124 2752 3195 scimus)
2801 3133 2855 3179 et
2907 3125 3163 3182 ardenter
3213 3126 3517 3194 desideras,
3575 3144 3780 3187 conare

2177 3212 2302 3267 totis
2339 3212 2548 3267 viribus
2595 3220 2653 3267 ut
2684 3213 2802 3268 haec
2848 3220 3079 3284 quatuor
3122 3215 3382 3271 orationis
3426 3225 3670 3289 tempore
3714 3220 3774 3275 in

2173 3300 2499 3371 cogitatione
2528 3308 2622 3355 tua
2650 3300 2899 3356 revolvas
2919 3309 2973 3357 et
2992 3302 3140 3357 illum
3160 3302 3413 3359 videlicet
3434 3321 3596 3377 quem
3622 3323 3773 3377 oras,

2173 3397 2223 3443 et
2251 3388 2401 3442 illum
2431 3404 2529 3459 per
2556 3405 2719 3459 quem
2749 3404 2896 3458 oras,
2927 3398 2981 3445 et
3008 3390 3140 3445 illud
3171 3392 3317 3463 quod
3346 3408 3492 3459 oras,
3526 3402 3579 3449 et
3606 3402 3659 3451 te
3679 3395 3772 3467 ip-

2173 3493 2289 3531 sum
2322 3476 2415 3547 qui
2462 3492 2606 3532 oras.
2642 3476 2869 3548 Oportet
2897 3485 2955 3532 ut
2984 3493 3081 3533 cor
3109 3486 3259 3535 tuum
3289 3480 3448 3536 valde
3477 3481 3643 3537 latum
3673 3485 3765 3554 sit,

2173 3573 2437 3637 quatenus
2468 3566 2586 3620 haec
2627 3564 2683 3620 in
2734 3582 2793 3621 se
2824 3573 3057 3637 quatuor
3084 3566 3246 3622 simul
3300 3571 3770 3641 comprehendere

2171 3653 2373 3723 possit.
2414 3651 2461 3708 Ο
2494 3668 2658 3724 quam
2687 3652 2842 3710 laetus
2890 3661 3006 3710 erat
3037 3655 3184 3711 beati
3216 3657 3494 3714 Benedicti
3522 3659 3766 3730 animus,

2171 3740 2260 3796 cui
2307 3740 2487 3796 oranti
2531 3748 2586 3796 et
2621 3740 2826 3797 videnti
2853 3742 2923 3797 ad
2956 3743 3157 3799 coelum
3195 3744 3328 3800 ferri
3356 3746 3589 3802 animam
3636 3764 3765 3804 san-

2170 3835 2315 3884 ctam
2345 3828 2523 3883 visum
2553 3836 2635 3884 est
2688 3830 2844 3901 quasi
2873 3838 3015 3886 totus
3044 3840 3190 3888 esset
3218 3833 3320 3888 sub
3348 3850 3457 3891 uno
3505 3836 3636 3892 solis
3667 3853 3763 3893 ra-

2168 3916 2260 3972 dio
2288 3917 2520 3972 mundus
2545 3916 2804 3974 collectus
2837 3935 2852 3976 :
2884 3927 2943 3974 ut
2972 3919 3253 3977 evidenter
3272 3933 3596 3995 agnosceret
3633 3926 3764 3998 quia

2167 4004 2244 4059 illi
2273 4020 2308 4060 a
2336 4021 2442 4077 quo
2471 4005 2837 4063 universitatis
2886 4007 3096 4065 videtur
3131 4017 3363 4079 creator,
3415 4021 3650 4086 angusta
3678 4024 3761 4071 est

2168 4093 2346 4149 omnis
2376 4101 2640 4150 creatura.
2670 4096 2860 4167 Itaque
2906 4104 2966 4151 tu
3012 4097 3231 4169 quando
3276 4115 3419 4167 oras,
3472 4101 3618 4156 illum
3647 4119 3761 4175 prae

2167 4181 2339 4238 oculis
2367 4183 2551 4239 cordis
2571 4183 2647 4238 tui
2675 4184 2899 4253 habeas,
2924 4202 3087 4257 quem
3117 4203 3267 4243 oras.
3303 4188 3373 4244 Et
3389 4189 3512 4261 quis
3532 4189 3623 4247 ille
3652 4193 3757 4248 nisi

2166 4270 2283 4341 ipse
2314 4272 2508 4327 Deus?
2552 4270 2715 4341 Quid,
2759 4272 2841 4328 ais
2887 4274 3142 4346 cogitabo
3184 4292 3310 4333 cum
3354 4278 3530 4334 Deum
3576 4296 3755 4337 meum

2165 4358 2458 4430 cogitabo?
2484 4360 2599 4415 Nos
2625 4368 2804 4417 autem
2833 4364 3225 4434 respondemus
3255 4364 3371 4433 tibi,
3405 4368 3528 4439 quia
3574 4368 3675 4426 hoc
3706 4379 3760 4428 te

2163 4447 2342 4520 magis
2370 4447 2590 4505 docebit
2618 4450 2885 4523 magistra
2914 4468 3035 4524 qua:
3064 4452 3222 4509 docet
3260 4454 3331 4511 de
3357 4457 3610 4512 omnibus
3646 4474 3752 4513 un-

2084 4539 2138 4600 D
2167 4535 2299 4604 ctio,
2331 4552 2494 4609 quam
2541 4537 2725 4609 aliqua
2754 4539 2993 4596 humana
3021 4541 3275 4599 eruditio.
3307 4544 3431 4615 Ipsa
3458 4553 3511 4601 te
3539 4545 3756 4603 docebit

2164 4624 2347 4681 unctio
2393 4624 2637 4698 cogitare
2667 4627 2843 4683 Deum
2872 4636 3023 4685 tuum
3054 4632 3326 4703 quandam
3355 4634 3751 4706 sempitemita-

2165 4720 2294 4779 tem,
2321 4713 2451 4785 quia
2471 4729 2574 4770 nec
2603 4714 2815 4771 initium
2843 4733 2945 4773 nec
2976 4716 3128 4786 finis;
3163 4720 3439 4791 quandam
3465 4721 3749 4780 immensi-

2161 4808 2351 4868 tatem,
2382 4802 2511 4873 quia
2538 4802 2720 4858 nullus
2747 4803 2903 4860 locus
2934 4823 2949 4873 ;
2999 4808 3289 4879 quamdam
3332 4809 3749 4868 incommutabi-

2157 4888 2383 4960 litatem,
2416 4890 2544 4962 quia
2572 4891 2782 4947 nullum
2802 4902 3053 4966 tempus;
3086 4898 3379 4969 quamdam
3406 4900 3747 4971 omnipoten-

2158 4977 2309 5046 tiam,
2344 4979 2634 5050 quamdam
2665 4981 2989 5039 charitatem
3005 5024 3023 5053 ,
3067 5000 3265 5056 pacem
3315 5004 3435 5060 quae
3464 4999 3748 5061 exsuperat

2154 5080 2375 5122 omnem
2430 5083 2671 5136 sensum,
2730 5070 2931 5143 ubique
2987 5074 3350 5131 essentialiter
3400 5085 3741 5148 praesentem,

2153 5170 2317 5225 quem
2345 5162 2399 5210 et
2426 5156 2790 5214 desiderando
2818 5176 3080 5229 amamus,
3115 5170 3171 5218 et
3198 5165 3431 5221 amando
3461 5165 3744 5223 desidera-

2151 5258 2307 5311 mus,
2357 5245 2783 5316 complectentes
2836 5265 2961 5304 eum
3009 5250 3164 5322 quasi
3221 5253 3542 5324 quibusdam
3605 5255 3742 5311 ulnis

2150 5331 2352 5387 sinceri
2400 5333 2619 5402 amoris,
2684 5335 2753 5391 de
2811 5353 2919 5409 quo
2967 5338 3170 5395 scimus
3213 5342 3358 5413 quod
3411 5342 3740 5415 magnitudi-

2145 5418 2233 5473 nis
2290 5420 2406 5490 ejus
2460 5438 2570 5478 non
2628 5432 2712 5479 est
2769 5423 2909 5480 finis.
2944 5427 3100 5483 Hunc
3149 5429 3354 5502 cogitet
3410 5422 3479 5485 in‘
3503 5432 3740 5490 oratione

450 5486 610 5591 hunc
630 5495 809 5588 autem
838 5498 893 5545 tu
924 5493 1143 5562 quaeris,
1177 5502 1236 5549 ut
1267 5501 1320 5549 te
1349 5495 1494 5566 quod
1525 5496 1775 5567 superius
1804 5501 2047 5557 secundo
2144 5486 2333 5563 mensi
2357 5518 2467 5577 tua,
2525 5511 2690 5567 dilata
2736 5512 2792 5567 in
2847 5531 3034 5572 amore
3076 5486 3253 5588 illius:
3298 5526 3357 5574 ut
3409 5536 3545 5591 pure
3600 5486 3734 5590 oret,

449 5573 591 5676 loco.
629 5577 923 5650 posuimus,
972 5582 1205 5653 qualiter
1250 5582 1505 5639 videlicet
1534 5584 1588 5639 in
1636 5585 1756 5658 ipsa
1798 5588 2045 5647 oratione
2144 5612 2378 5669 eumque
2406 5573 2509 5654 sibi
2538 5600 2639 5656 soli
2669 5601 2849 5657 solum
2863 5573 3243 5676 repraesentet:

446 5665 759 5735 persistere,
818 5676 870 5726 et
910 5670 1041 5741 quid
1062 5670 1205 5728 intra
1235 5678 1287 5728 te
1317 5672 1447 5728 liora
1486 5673 1577 5729 illa
1622 5675 1678 5730 in
1713 5676 2043 5749 cogitatione
2140 5692 2194 5740 et
2224 5665 2493 5743 te'coram
2522 5682 2615 5745 illo
2661 5697 2880 5761 statue;
2914 5665 2967 5750 et
3004 5710 3122 5766 pre
3162 5711 3363 5769 magno
3383 5712 3592 5769 amore,
3636 5665 3737 5772 que
