3938 6418
145 343 250 396 877

1282 337 1485 395 LIBER
1520 336 1616 392 DE
1652 332 2036 392 EXERCITIO
2074 336 2331 392 CELLxE.

3351 340 3453 393 878

149 480 278 521 eum
335 482 504 537 super
566 465 750 520 omnia
795 463 998 536 diligis,
1051 464 1107 518 in
1153 463 1442 519 dulcedine
1488 458 1747 516 ineffabili
1770 458 1824 518 Α
1853 466 1911 512 ut
1940 458 2089 515 fieret
2120 461 2288 517 sudor
2309 462 2426 529 ejus
2454 461 2591 517 sicut
2610 469 2775 535 gutta;
2797 462 3080 535 sanguinis
3108 462 3453 518 decurrentis

148 569 317 626 quam
346 553 443 609 tibi
471 554 543 609 ab
562 569 630 610 eo
657 551 895 609 infusam
924 552 1113 620 sentis,
1137 552 1194 606 in
1223 552 1347 609 laeto
1367 567 1430 607 ac
1449 548 1755 605 laetificante

152 644 390 714 quodam
429 642 625 713 juhilo,
656 650 709 698 te
739 641 837 697 tibi
884 641 1085 706 furare,
1119 648 1170 696 te
1218 640 1338 711 ipso
1383 640 1644 711 privatus,
1679 635 1756 691 illi

153 731 380 801 iubere,
406 730 461 786 in
489 731 610 803 ipso
640 729 1029 805 agglutinatus.
1056 729 1299 799 Qualiter
1317 744 1449 785 vero
1478 744 1600 784 cum
1622 741 1756 797 pure

156 835 304 885 oras,
335 820 427 876 ille
458 837 517 876 se
549 820 643 874 tibi
670 818 981 875 manifestet
1025 835 1188 890 quem
1218 834 1367 885 oras,
1399 832 1509 872 non
1537 832 1570 870 a
1597 814 1756 869 nobis

154 908 427 980 requiras,
460 908 587 981 quia
611 924 712 964 nos
757 908 814 962 in
841 907 926 962 his
956 907 1172 979 penitus
1201 906 1515 977 ignorantes
1546 920 1752 959 sumus.

152 998 225 1051 Et
253 997 378 1052 ideo
419 996 759 1070 ignorantes,
792 995 921 1068 quia
947 996 1036 1051 vel
1065 995 1119 1050 id
1161 994 1461 1060 rarissime,
1494 993 1581 1049 vel
1610 1007 1755 1046 nun-

154 1099 319 1156 quam
349 1101 537 1141 sumus
580 1084 809 1156 experti.
844 1085 960 1140 Hoc
988 1091 1168 1139 autem
1212 1082 1435 1147 scimus,
1470 1081 1597 1153 quia
1634 1095 1756 1135 cum

154 1190 313 1229 mens
343 1182 530 1229 sancta
557 1181 611 1229 et
639 1173 872 1240 sincera,
891 1189 1047 1227 mens
1076 1172 1296 1242 munda,
1322 1179 1373 1226 et
1402 1169 1668 1235 defecata,
1704 1176 1758 1223 et

153 1278 312 1333 pura,
344 1261 401 1317 in
427 1262 590 1335 pleno
637 1278 705 1319 ac
732 1260 979 1334 perfecto
1020 1276 1205 1317 amore
1234 1268 1287 1315 et
1315 1258 1585 1314 desiderio
1615 1265 1754 1325 orat,

158 1359 289 1407 tunc
317 1351 496 1407 eidem
522 1350 692 1407 menti
738 1366 901 1423 quam
928 1350 1162 1405 maxime
1208 1349 1422 1403 interna
1450 1362 1550 1403 sua
1577 1355 1630 1402 et
1658 1362 1756 1402 oc-

154 1439 321 1507 culta,
354 1439 541 1495 suavia
567 1448 621 1495 et
657 1439 860 1507 dulcia,
890 1455 990 1510 per
1017 1446 1288 1494 secretam
1336 1451 1492 1491 suam
1523 1434 1756 1491 infusio-

153 1544 285 1584 nem
330 1526 662 1584 manifestat.
716 1528 968 1584 Secundo
1013 1527 1134 1583 loco
1175 1525 1477 1598 posuimus,
1509 1532 1570 1579 ut
1606 1524 1757 1579 illum

150 1617 515 1673 attentissime
561 1616 972 1673 consideremus
1002 1632 1100 1687 per
1141 1630 1302 1687 quem
1350 1629 1592 1670 oramus.
1625 1612 1758 1682 Quis

152 1705 261 1761 iste
288 1712 389 1770 est,
424 1704 527 1759 nisi
556 1705 821 1761 mediator
847 1702 950 1760 Dei
978 1712 1032 1760 et
1059 1703 1358 1768 hominum,
1390 1703 1538 1757 Deus
1568 1708 1621 1756 et
1652 1701 1757 1757 ho-

1856 547 1912 601 in
1942 556 2162 603 terram.
2196 551 2467 619 Appareat
2504 550 2599 604 tibi
2630 558 2682 605 et
2710 567 2870 622 quam
2899 551 3154 618 maxime,
3188 550 3453 623 quidquid

1856 653 1959 706 pro
1999 645 2051 691 te
2098 638 2315 707 durum,
2345 646 2398 693 et
2426 639 2622 704 dirum,
2657 647 2709 693 et
2738 639 3182 711 ignominiosum,
3219 648 3272 694 et
3321 657 3453 695 cru-

1856 724 1980 781 dele
2026 726 2293 796 pertulit;
2344 727 2488 798 quod
2533 728 2784 782 venditus
2830 736 2950 794 est,
3002 728 3148 800 quod
3197 728 3449 798 traditus,

1856 822 2065 885 captus,
2117 814 2337 885 ligatus,
2398 816 2681 881 adductus,
2728 816 3111 889 interrOgatus,
3159 817 3451 886 judicatus,

1855 902 2162 969 damnatus,
2199 903 2371 973 sputis
2420 903 2607 970 illitus,
2640 904 2871 971 velatus,
2905 905 3298 975 colaphizatus,
3331 906 3453 961 ala-

1855 1007 1956 1062 pas
1985 1007 2201 1062 passus,
2235 991 2561 1064 flagellatus,
2594 992 2882 1065 chlamyde
2928 994 3181 1049 coccinea
3208 994 3451 1062 indutus,

1856 1079 1912 1134 in
1941 1080 2127 1134 derisu
2154 1080 2428 1149 adoratus,
2461 1080 2516 1134 in
2550 1089 2702 1135 veste
2741 1081 2865 1137 alba
2892 1080 3103 1152 illusus,
3135 1083 3455 1139 arundinem

1856 1167 1911 1221 in
1940 1168 2168 1223 dextera
2206 1177 2414 1234 tenens,
2448 1185 2668 1225 crucem
2711 1185 2865 1224 suam
2898 1170 3161 1239 bajulans,
3194 1187 3318 1227 cum
3345 1171 3454 1227 ini-

1856 1256 1977 1328 quis
2024 1264 2318 1327 reputatus.
2366 1257 2513 1312 Felle
2559 1258 2779 1312 inistum
2825 1266 3034 1314 acetum
3079 1259 3129 1314 ei
3174 1260 3453 1326 oblatum;

1855 1344 2087 1414 piissimi
2116 1345 2397 1417 sanguinis
2427 1362 2537 1401 non
2560 1353 2789 1419 guttam,
2810 1347 2907 1401 sed
2936 1347 3139 1402 undam
3165 1365 3264 1420 per
3291 1349 3455 1421 quin-

1858 1449 1963 1504 que
1992 1434 2220 1489 vulnera
2258 1434 2611 1490 sacratissimi
2642 1435 2724 1491 sui
2770 1436 3015 1507 corporis
3045 1435 3279 1493 fundens
3311 1454 3325 1493 :
3356 1455 3454 1509 pro

1856 1521 2352 1594 transgressoribus
2396 1539 2579 1590 orans,
2620 1524 2877 1580 dilectam
2922 1525 3073 1579 illam
3114 1525 3355 1581 animam
3400 1527 3456 1582 in

1855 1626 2020 1665 manu
2050 1611 2224 1666 Patris
2253 1612 2661 1679 commendans,
2694 1620 2857 1683 caput
2885 1613 3190 1681 inclinans;
3208 1614 3457 1686 spiritum

1856 1699 2127 1754 emittens.
2178 1702 2454 1771 Appareat
2499 1700 2594 1755 tibi
2653 1701 2916 1771 sepultus,
2965 1704 3339 1770 resuscitatus,
3399 1704 3456 1759 in

152 1809 248 1849 mo
278 1792 526 1849 Christus
552 1795 711 1849 Jesus
733 1794 760 1848 ἱ)
791 1792 883 1865 qui
913 1800 996 1848 est
1025 1792 1080 1846 in
1114 1808 1214 1863 eo,
1249 1790 1397 1863 quod
1443 1791 1607 1845 homo
1651 1798 1752 1859 est,
1775 1817 1827 1877 Β
1856 1788 2038 1842 multis
2068 1788 2405 1859 argumentis
2451 1805 2549 1859 per
2595 1789 2713 1844 dies
2762 1791 3127 1863 quadraginta
3173 1792 3455 1863 discipulis

153 1898 266 1937 una
306 1880 611 1948 nobiscum,
643 1889 696 1938 et
732 1881 897 1953 longe
938 1880 1163 1936 meliore
1212 1880 1376 1935 modo
1424 1895 1584 1951 quam
1630 1894 1750 1944 nos,

154 1987 259 2042 pro
288 1970 449 2027 nobis
478 1970 624 2025 Patri
652 1969 965 2041 supplicans
992 1985 1003 2023 :
1035 1977 1088 2024 et
1115 1968 1172 2023 in
1202 1984 1267 2023 eo
1297 1968 1443 2040 quod
1472 1975 1555 2023 est
1585 1968 1753 2036 Deus,

150 2058 316 2114 nobis
347 2066 433 2114 est
469 2074 594 2115 cum
644 2059 803 2114 Patre
831 2066 883 2113 et
914 2056 1117 2129 Spiritu
1163 2064 1349 2113 sancto
1391 2072 1516 2111 cum
1562 2055 1757 2127 quibus

151 2164 299 2203 unus
325 2147 581 2219 idemque
626 2155 708 2202 est
738 2148 906 2214 Deus,
938 2144 1262 2217 propitians.
1306 2145 1427 2215 Ipse
1459 2144 1505 2199 si
1536 2144 1757 2216 quidem

152 2244 241 2292 est
286 2236 581 2293 advocatus
627 2244 813 2291 noster
853 2234 999 2305 apud
1046 2235 1263 2289 Patrem
1301 2234 1499 2303 justus,
1546 2240 1599 2288 et
1639 2232 1757 2303 ipse

151 2340 266 2380 non
298 2323 473 2380 solum
504 2324 719 2379 divinus
746 2322 1086 2395 propitiator,
1111 2322 1210 2378 sed
1239 2329 1293 2377 et
1320 2321 1627 2393 propitiatio
1655 2337 1757 2392 pro

148 2413 396 2485 peccatis
443 2412 662 2468 nostris.
705 2413 850 2467 Ecce
892 2411 1064 2467 altare
1110 2426 1358 2476 aureum,
1410 2409 1757 2464 humanitatis

154 2502 411 2559 videlicet
437 2501 493 2555 in
522 2501 735 2556 Christo
776 2507 992 2567 natura,
1026 2500 1081 2554 in
1108 2516 1215 2571 qua
1242 2499 1378 2553 nihil
1422 2514 1646 2570 prorsus
1675 2506 1758 2553 est

155 2589 309 2661 quod
336 2606 447 2645 non
468 2589 538 2644 sit
556 2589 625 2644 ab
646 2589 794 2644 Omni
814 2588 973 2660 culpa
992 2604 1189 2659 purum
1220 2597 1273 2643 et
1288 2586 1523 2642 alienum
1548 2605 1562 2653 ;
1596 2603 1760 2657 super

154 2678 307 2752 quod
336 2678 611 2735 orationes
656 2685 871 2733 nostras
900 2676 1179 2733 oﬂ'erimus
1226 2678 1341 2731 Deo
1373 2675 1514 2730 Patri
1545 2691 1557 2730 :
1594 2682 1652 2729 ut
1681 2674 1759 2729 illi

156 2767 505 2839 omnipotens
536 2774 590 2823 et
616 2766 932 2823 misericors
957 2767 1121 2821 Pater
1150 2766 1315 2832 Deus,
1348 2780 1457 2820 non
1487 2763 1757 2819 immerito

153 2854 477 2928 propitietur
503 2862 733 2924 naturae,
765 2854 821 2909 in
848 2854 1068 2910 homine
1099 2853 1259 2909 etiam
1283 2869 1441 2925 puro,
1475 2869 1635 2923 quam
1660 2867 1759 2923 pro

158 2944 406 3011 homine,
435 2943 711 3015 personali
754 2943 996 2999 intuetur
1028 2942 1230 2998 unione
1274 2941 1578 3013 copulatam
1625 2941 1759 2997 Filio

157 3049 262 3089 suo
293 3034 428 3089 Deo.
460 3031 633 3104 Igitur
667 3038 929 3103 appareat
958 3031 1073 3101 tibi,
1105 3039 1161 3086 tu
1190 3030 1279 3103 qui
1308 3030 1579 3086 habitator
1608 3030 1760 3085 cellae

159 3138 244 3190 es,
276 3137 398 3177 cum
426 3136 572 3190 oras,
603 3120 829 3176 internis
859 3128 965 3176 tuae
997 3119 1449 3176 considerationis
1476 3118 1651 3175 oculis
1682 3119 1762 3173 Fi-

158 3210 271 3266 lius
299 3210 419 3277 Dei,
442 3209 583 3264 Patri
612 3226 713 3281 per
741 3208 924 3265 omnia
944 3217 1244 3280 sanctoque
1266 3207 1489 3279 Spiritui
1511 3222 1764 3279 coaequa-

156 3299 228 3354 lis
251 3306 305 3355 et
320 3306 643 3368 coaeternus,
663 3306 714 3353 et
735 3289 1209 3354 consizbstantialis
1231 3314 1244 3351 :
1264 3305 1525 3368 appareat
1540 3296 1762 3367 inquam

159 3387 261 3442 tibi
291 3401 415 3443 cum
438 3386 500 3440 in
526 3385 771 3442 oratione
800 3385 1073 3454 consistis,
1106 3385 1159 3439 in
1190 3401 1388 3458 magna
1417 3385 1620 3454 laetitia,
1654 3386 1763 3439 Pa-

156 3475 263 3531 tris
288 3482 629 3546 przesentans
655 3474 891 3531 vultibus
920 3473 1159 3530 victricis
1190 3473 1369 3529 carnis
1391 3473 1641 3544 gloriam.
1677 3473 1763 3544 Ip-

160 3580 225 3620 se
256 3579 493 3635 namque
523 3562 694 3618 altare
741 3578 969 3618 aureum
996 3570 1098 3628 est,
1132 3561 1379 3617 Christus
1428 3561 1683 3617 videlicet
1709 3562 1766 3615 in

160 3659 358 3708 natura
402 3667 675 3723 apparens
702 3652 942 3706 humana
992 3666 1113 3722 qua;
1140 3650 1209 3704 ab
1238 3650 1386 3705 omni
1412 3658 1637 3721 peccato
1668 3649 1767 3704 fuit

160 3740 364 3806 aliena,
398 3748 451 3795 et
492 3739 617 3795 ideo
662 3755 868 3794 aurea:
901 3754 1068 3809 super
1116 3739 1263 3809 quod
1310 3738 1477 3793 altare
1518 3753 1762 3804 aureum,

163 3827 475 3883 orationum
519 3833 826 3882 nostrarum
872 3825 1081 3881 hostias
1126 3825 1488 3891 immolamus,
1521 3832 1577 3879 ut
1616 3825 1671 3878 in
1699 3840 1765 3879 eo

163 3915 325 3971 nobis
366 3914 739 3986 peccatoribus
787 3930 1032 3969 summus
1081 3914 1173 3969 ille
1220 3915 1379 3968 Pater
1424 3912 1763 3985 propitietur,

159 4004 219 4059 in
250 4019 358 4075 quo
388 4011 638 4058 naturam
666 4011 910 4059 nostram
939 4002 1117 4058 eidem
1137 4002 1272 4057 Filio
1303 4018 1423 4069 suo,
1444 4018 1556 4057 non
1584 4010 1768 4057 autem

164 4092 529 4164 culpabiliter,
561 4093 660 4148 sed
707 4091 1050 4148 solummodo
1096 4090 1429 4154 naturaliter,
1460 4090 1517 4144 in
1562 4090 1769 4146 unitate

162 4196 420 4252 personas
463 4180 768 4251 copulatam
813 4180 1069 4235 intuetur.
1102 4181 1286 4252 Itaque
1337 4186 1599 4250 appareat
1623 4179 1767 4234 inte-

164 4268 284 4324 rius
313 4278 417 4324 tute
445 4268 897 4325 considerationis
945 4268 1119 4325 oculis
1167 4267 1433 4334 Christus,
1466 4267 1534 4323 de
1565 4267 1769 4339 Spiritu

165 4366 359 4415 sancto
380 4366 678 4430 conceptus
703 4375 716 4412 :
740 4358 1054 4414 incarnatus
1084 4357 1200 4413 sine
1223 4356 1589 4427 corruptione,
1610 4364 1769 4411 natus

168 4447 379 4519 absque
425 4446 650 4502 laesione
683 4463 696 4500 :
728 4462 999 4518 apparens
1028 4446 1205 4519 Magis
1232 4447 1377 4501 Deus
1407 4445 1769 4516 sempiternus

1857 1892 2149 1948 apparens,
2179 1877 2270 1931 ubi
2300 1884 2417 1932 erat
2447 1876 2599 1947 prius
2628 1878 2950 1945 ascendens,
2974 1879 3043 1933 ad
3069 1880 3242 1935 Patris
3271 1881 3457 1936 dexte-

1858 1980 1976 2021 ram
2005 1966 2241 2031 sedens;
2276 1973 2537 2021 venturus
2566 1982 2688 2021 cum
2726 1974 2995 2037 potestate
3024 1983 3226 2041 magna
3253 1976 3307 2024 et
3336 1985 3456 2024 ma-

1850 2053 2049 2122 jestate
2085 2053 2444 2123 judicaturus,
2476 2053 2569 2125 qui
2596 2054 2653 2109 in
2690 2054 2986 2111 humilitate
3032 2056 3177 2111 venit
3198 2057 3457 2126 judican-

1856 2142 1997 2210 dus;
2031 2142 2087 2196 in
2116 2150 2382 2197 aeternum
2410 2143 2465 2197 in
2496 2142 2685 2199 electis
2713 2143 2827 2198 suis
2872 2152 3216 2217 regnaturus,
3250 2146 3458 2203 faciens

1857 2229 1981 2286 illos
2030 2230 2395 2296 discumbere,
2449 2239 2500 2287 et
2546 2232 2837 2298 transiens,
2885 2233 3073 2305 eisque
3119 2234 3451 2293 ministrans.

1857 2320 2002 2376 Ecce
2030 2336 2131 2390 per
2158 2337 2340 2391 quem,
2373 2320 2582 2375 Patrem
2628 2336 2790 2376 orare
2836 2321 3025 2391 debes,
3058 2323 3155 2377 tibi
3202 2324 3453 2396 dicimus,

1858 2408 1951 2480 qui
1981 2407 2253 2463 habitator
2272 2408 2425 2464 cellae
2455 2424 2534 2463 es.
2568 2410 2752 2480 Itaque
2782 2410 3105 2481 quibusdam
3126 2412 3321 2467 mentis
3354 2420 3459 2468 tuae

1858 2496 2109 2561 brachiis,
2143 2496 2361 2568 quando
2408 2512 2553 2566 oras,
2587 2498 2918 2568 amplectere
2949 2499 3093 2555 hunc
3136 2500 3458 2556 advocatum

1858 2592 2029 2652 tuum,
2059 2592 2113 2639 et
2143 2584 2309 2639 talem
2340 2601 2465 2640 eum
2493 2601 2618 2641 cum
2639 2601 2763 2640 oras
2782 2595 3057 2657 praesenta
3082 2587 3139 2641 in
3164 2588 3282 2660 ipsa
3301 2606 3456 2646 men-

1859 2674 1927 2728 tis
1958 2681 2063 2728 tuze
2091 2673 2346 2744 puritate,
2379 2674 2548 2728 vultui
2602 2674 2793 2729 Patris.
2827 2675 3014 2730 Talem
3058 2676 3210 2731 illum
3256 2677 3456 2735 offerre

1859 2762 1908 2816 ei
1939 2778 2062 2817 cum
2106 2761 2458 2817 exsultatione
2489 2769 2541 2817 et
2570 2761 2674 2817 tide
2722 2763 2895 2831 stude,
2940 2764 3155 2835 qualem
3204 2782 3330 2822 eum
3360 2767 3460 2822 tibi

1859 2851 2023 2905 modo
2064 2851 2507 2907 monstravimus.
2542 2850 2683 2919 Quid
2730 2852 2800 2906 ad
2833 2859 2979 2907 tuam
3010 2853 3240 2910 salutem
3287 2857 3457 2926 perti-

1858 2956 2015 3007 nens,
2067 2939 2122 2993 in
2146 2940 2247 2995 hac
2291 2940 2708 3010 praasentatione
2738 2948 2790 2995 et
2818 2940 3092 2997 oblatione
3122 2958 3151 2995 a
3180 2943 3269 3014 pio
3302 2945 3459 2999 Patre

1860 3028 2107 3083 obtinere
2146 3044 2256 3083 non
2299 3028 2497 3098 possis,
2527 3044 2691 3084 orans
2722 3036 2774 3084 et
2802 3036 2993 3101 petens
3033 3029 3087 3085 in
3120 3032 3339 3088 nomine
3368 3033 3456 3088 di—

1860 3115 1984 3172 lecti
2012 3116 2131 3171 Filii
2160 3116 2263 3182 sui,
2295 3116 2342 3171 si
2370 3115 2508 3171 fides
2537 3115 2592 3171 in
2623 3125 2673 3171 te
2703 3133 2812 3172 non
2843 3119 3082 3188 fluctuat,
3116 3120 3161 3174 si
3193 3136 3319 3191 spes
3348 3138 3461 3177 non

1863 3204 2076 3271 diﬁidit,
2107 3204 2151 3262 si
2182 3206 2416 3261 charitas
2445 3221 2556 3261 non
2583 3207 2858 3276 tepescit?
2889 3207 3114 3263 Intende
3157 3225 3375 3282 quoque
3406 3211 3463 3265 in

1862 3294 1948 3348 his
1977 3301 2030 3349 et
2058 3293 2190 3365 ipsis
2221 3294 2400 3348 verbis
2428 3302 2533 3349 tum
2579 3295 2874 3365 petitionis,
2909 3303 2962 3351 et
2990 3304 3116 3352 ante
3147 3298 3321 3353 Deum
3355 3301 3460 3354 Pa-

1862 3389 2005 3437 trem
2051 3382 2478 3453 omnipotentem
2527 3398 2716 3437 coram
2763 3391 2872 3439 tota
2917 3383 3010 3439 illa
3057 3386 3266 3441 cmlesti
3313 3387 3461 3443 curia

1864 3481 2033 3537 stans,
2068 3479 2118 3525 et
2147 3471 2470 3527 advocatum
2518 3479 2667 3525 tuum
2718 3471 2864 3526 Patri
2912 3481 3273 3545 praesentans,
3316 3477 3463 3547 quod

1864 3560 2003 3615 dicis
2049 3575 2163 3625 ore,
2200 3560 2446 3615 revolvas
2477 3560 2531 3613 in
2578 3560 2782 3626 corde;
2816 3568 2872 3615 ut
2900 3562 3197 3617 concordet
3236 3579 3339 3619 vox
3369 3571 3463 3619 tua

1863 3665 1988 3704 cum
2018 3656 2198 3702 mente
2247 3655 2359 3713 tua,
2391 3655 2445 3703 et
2474 3648 2578 3704 hoc
2608 3649 2810 3721 cogitet
2840 3649 2933 3703 illa
2962 3650 3107 3721 quod
3138 3659 3292 3706 sonat
3324 3652 3452 3707 ista.

1864 3739 1981 3792 Hoc
2011 3745 2093 3792 est
2122 3737 2267 3808 quod
2299 3736 2550 3807 superius
2580 3737 2737 3792 tertio
2768 3736 2890 3793 loco
2932 3738 3230 3809 posuimus,
3264 3748 3460 3811 quate-

1864 3840 1967 3879 nus
1997 3824 2076 3880 sic
2103 3824 2255 3879 illum
2280 3825 2525 3880 attendas
2557 3842 2719 3897 quem
2765 3841 2913 3891 oras,
2948 3833 3005 3880 ut
3033 3828 3308 3883 attendere
3355 3844 3466 3883 non

1866 3912 2082 3968 omittas
2114 3914 2243 3984 quid
2267 3914 2397 3968 illud
2426 3914 2513 3981 sit,
2547 3915 2693 3986 quod
2722 3930 2866 3983 oras,
2899 3922 2957 3969 ut
2988 3916 3132 3988 quod
3160 3917 3347 3988 lingua
3378 3934 3467 3973 so-

1866 4009 1980 4068 nat,
2013 4001 2227 4056 animus
2273 4002 2559 4075 intelligat.
2609 4004 2745 4069 Hoc,
2779 4003 2879 4066 ais,
2929 4004 2997 4057 ab
3042 4005 3296 4060 omnibus
3345 4005 3466 4062 fieri

1866 4105 1976 4145 non
2002 4098 2202 4160 potest,
2237 4098 2294 4144 ut
2324 4091 2470 4161 quod
2502 4107 2689 4146 eorum
2717 4091 2906 4164 lingua
2934 4101 3110 4162 sonat,
3142 4094 3246 4149 hoc
3274 4110 3467 4150 eorum

1867 4178 2083 4233 animus
2110 4178 2376 4249 intelligat
2411 4195 2423 4234 :
2457 4196 2558 4235 nec
2586 4180 2710 4235 dico
2739 4181 3085 4253 solummodo
3123 4191 3347 4254 propter
3376 4184 3467 4239 in-

1868 4267 2213 4322 stabilitatem
2258 4284 2377 4339 quas
2406 4267 2462 4322 in
2501 4283 2690 4323 eorum
2734 4277 2917 4325 mente
2967 4277 3067 4335 est,
3102 4271 3200 4326 sed
3241 4280 3469 4343 propter

1866 4355 2229 4429 ignorantiam
2261 4372 2384 4427 quae
2412 4356 2467 4410 in
2497 4356 2601 4411 illis
2632 4365 2734 4411 est.
2764 4358 2906 4412 Nam
2952 4365 3079 4412 sunt
3115 4359 3467 4430 quamplures

1868 4444 1959 4516 qui
1988 4444 2103 4499 fere
2133 4444 2266 4497 nihil
2310 4460 2497 4499 eorum
2546 4461 2665 4516 qua:
2710 4445 2895 4501 dicunt
2925 4445 3230 4518 intelligere
3264 4447 3463 4516 valent,

161 4536 223 4591 in
253 4537 426 4603 thure,
477 4552 573 4591 rex
625 4535 969 4607 omnipotens
1013 4535 1068 4590 in
1114 4550 1268 4605 auro,
1318 4534 1482 4590 homo
1524 4550 1684 4590 verus
1715 4529 1841 4589 etD
1872 4532 1999 4605 quia
2027 4532 2229 4587 nullam
2274 4549 2433 4603 pene,
2467 4541 2722 4606 quantum
2774 4533 2844 4588 ad
2873 4534 3227 4602 intellectum,
3260 4536 3468 4591 littera-

164 4625 345 4679 adhuc
395 4622 639 4679 mortalis
696 4622 754 4678 in
799 4624 1037 4696 myrrha.
1098 4626 1372 4694 Appareat
1414 4621 1526 4688 tibi,
1579 4622 1772 4679 matris

166 4711 403 4785 virginis
430 4711 602 4767 ubera
650 4727 875 4784 sugens,
906 4710 1104 4783 pannis
1131 4710 1425 4781 involutus,
1456 4710 1511 4765 in
1542 4710 1771 4782 praesepi

163 4800 397 4873 positus,
444 4800 846 4857 circumcisioni
874 4801 1167 4870 subjectus,
1200 4799 1254 4854 in
1285 4800 1489 4871 templo
1535 4800 1769 4865 oblatus,

166 4888 388 4962 fugiens
417 4888 682 4960 obsequio
709 4896 996 4960 parentum
1023 4888 1080 4942 in
1107 4889 1419 4960 Egyptum,
1453 4896 1503 4944 et
1530 4888 1656 4944 inde
1685 4904 1775 4944 re-

167 4977 365 5044 diens;
394 4976 641 5031 subditus
690 4977 1030 5048 parentibus,
1064 4976 1345 5051 sapientia,
1377 4984 1532 5033 aetate
1563 4984 1615 5032 et
1643 4992 1772 5047 gra-

166 5066 242 5121 tia
288 5064 602 5136 proﬁciens.
649 5066 919 5136 Appareat
972 5065 1067 5120 tibi
1131 5066 1452 5136 baptizatus,
1495 5066 1770 5135 jejunans,

168 5153 440 5221 esuriens,
491 5161 746 5222 tentatus,
780 5169 905 5210 cum
946 5153 1257 5209 hominibus
1304 5153 1777 5213 conversatuszin

170 5242 327 5298 factis
372 5241 678 5297 malitiosos
736 5240 1018 5296 sustinens
1068 5242 1468 5310 observatores,
1518 5242 1573 5295 in
1616 5242 1776 5298 dictis

168 5330 483 5403 pertinaces
513 5329 964 5385 contradictores.
1011 5332 1288 5400 Appareat
1315 5329 1412 5385 tibi
1440 5346 1566 5385 vera
1597 5338 1651 5385 et
1681 5346 1775 5384 sa-

167 5420 344 5476 lubria
389 5418 622 5484 docens,
652 5434 791 5474 nova
841 5426 894 5472 et
922 5417 1061 5472 mira
1106 5417 1335 5487 faciens,
1384 5418 1778 5489 discipulorum

166 5524 395 5567 suorum
442 5506 617 5577 pedes
662 5505 910 5574 abluens,
941 5514 1281 5562 sacramenta
1308 5506 1388 5561 eis
1415 5506 1665 5577 corporis
1694 5506 1779 5561 sui

164 5610 232 5652 ac
263 5589 558 5664 sanguinis
603 5590 841 5659 tradens,
872 5589 929 5645 in
954 5588 1154 5663 agonia
1195 5589 1461 5660 prolixius
1488 5605 1673 5658 orans,
1706 5589 1779 5644 ita

1868 4638 1988 4676 rum
2018 4621 2259 4676 notitiam
2296 4621 2518 4676 habent.
2552 4620 2810 4690 Quamvis
2860 4622 3005 4676 enim
3034 4623 3270 4679 habeant
3296 4641 3468 4696 quau-

1871 4719 1984 4765 tum
2011 4709 2082 4765 ad
2111 4710 2439 4766 exteriorem
2469 4710 2759 4767 verborum
2803 4710 3163 4782 prolationem
3187 4730 3203 4780 ;
3234 4713 3333 4768 sed
3358 4729 3469 4769 non

1870 4799 2071 4854 habent
2111 4806 2371 4872 quantum
2402 4799 2471 4855 ad
2500 4798 2813 4855 interiorem
2859 4800 2951 4871 qui
2979 4800 3035 4855 in
3082 4801 3293 4857 eisdem
3339 4818 3467 4858 ver-

1871 4888 1957 4942 bis
2011 4888 2174 4955 latet,
2235 4905 2431 4944 sensus
2497 4888 2884 4960 cognitionem.
2955 4890 3213 4961 Nunquid
3275 4891 3469 4946 horum

1869 4976 2007 5033 dicis
2037 4977 2335 5033 orationem
2365 4977 2513 5033 omni
2541 4992 2725 5033 coram
2757 4979 2871 5033 Deo
2900 4977 3073 5035 fructu
3103 4994 3309 5046 carere,
3343 4980 3472 5052 quia

1874 5065 2021 5137 quod
2048 5082 2148 5136 per
2194 5082 2384 5122 vocem
2433 5066 2713 5137 proferunt
2761 5083 2877 5135 ora,
2918 5083 3018 5139 per
3059 5067 3471 5139 intelligentiam

1873 5170 1984 5208 non
2032 5154 2252 5225 capiunt
2280 5155 2334 5209 in
2374 5156 2601 5211 mente?
2631 5156 2744 5210 Nos
2790 5164 2969 5211 autem
3017 5157 3121 5213 hoc
3164 5158 3328 5214 modo
3374 5158 3473 5213 tibi

1874 5242 1942 5296 ad
1972 5241 2107 5299 haec.
2142 5243 2295 5298 Absit
2325 5259 2356 5298 a
2384 5244 2542 5299 nobis
2572 5252 2628 5300 ut
2654 5245 2760 5300 hoc
2790 5245 3053 5301 dicamus.
3076 5248 3200 5301 Non
3229 5247 3374 5302 enim
3403 5247 3473 5302 de

1874 5330 1982 5385 illis
2066 5331 2397 5387 arbitramur
2463 5333 2667 5389 dictum
2720 5349 2731 5388 :
2777 5334 3050 5404 Ignorans
3118 5336 3475 5406 ignorabitur

1876 5418 1928 5488 (Ι
1956 5420 2078 5475 Cor.
2110 5434 2229 5485 XIV,
2266 5424 2376 5491 38).
2409 5423 2549 5475 Nam
2597 5421 2721 5477 licet
2752 5422 2892 5477 hanc
2921 5422 3331 5493 intelligentiam
3360 5439 3472 5479 non

1878 5506 2225 5575 habeant;si
2268 5510 2435 5564 corde
2482 5509 2700 5575 devoto,
2755 5518 2809 5564 et
2859 5510 3155 5567 intentione
3203 5513 3367 5579 bona,
3422 5519 3475 5566 et

1877 5602 2027 5650 recto
2056 5596 2221 5652 modo
2267 5612 2427 5652 sacra
2456 5599 2623 5654 verba
2651 5596 2948 5669 proferant,
2982 5614 3106 5656 cum
3138 5599 3263 5671 tide,
3296 5616 3394 5672 spe
3423 5607 3480 5657 et
