3938 6412
540 366 642 421 879

1402 366 1747 425 GUIGONIS
1784 369 1833 424 Il
1870 367 2279 425 CARTHUSLE
2316 366 2613 425 MAIORIS
2648 367 2947 427 PRIORIS.

3736 371 3829 424 880

534 489 830 559 charitate;
864 487 1080 545 confido
1109 489 1177 543 de
1207 489 1348 544 illius
1377 490 1577 561 pietate
1608 509 1770 562 quem
1800 500 1976 558 orant,
2004 491 2131 563 quia
2150 494 2205 552 Α
2234 507 2334 561 per
2364 508 2522 556 quem
2554 508 2697 561 oras,
2732 492 2863 564 quid
2909 490 3038 547 illud
3070 488 3216 563 quod
3246 504 3392 556 oras,
3426 490 3551 562 quis
3596 490 3826 563 denique

530 578 648 649 ipse
678 577 732 631 in
760 577 838 631 eis
868 577 1140 647 supplebit
1162 578 1307 649 quod
1336 578 1440 649 ipsi
1473 580 1524 633 in
1544 597 1602 635 se
1629 597 1737 634 non
1759 581 1955 635 habent
1982 599 1996 647 ;
2028 597 2130 636 nec

530 665 730 721 fructui
789 664 1050 719 orationis
1097 682 1289 720 eorum
1352 668 1729 737 praejudicium
1778 667 1941 724 faciet
2008 669 2128 723 talis

527 753 832 827 ignorantia
862 770 1073 807 eorum.
1105 755 1297 825 Neque
1325 755 1468 809 enim
1509 758 1842 812 oredendum
1874 765 1953 811 est
1983 757 2127 828 quod

524 843 592 898 ab
623 842 703 897 eis
735 842 978 898 districte
1011 842 1208 897 debeat
1238 843 1381 914 exigi
1413 845 1558 915 quod
1576 845 1655 899 eis
1677 846 1862 900 datum
1889 861 1997 900 non
2019 855 2120 912 est,

524 939 579 986 et
621 930 768 1003 quod
827 946 1015 985 eorum
1064 931 1223 985 saluti
1272 948 1528 1003 magnum
1576 934 1679 989 hoc
1738 934 2121 989 detrimentum

524 1019 741 1087 inferat,
773 1019 900 1090 quia
928 1034 1036 1073 non
1069 1019 1298 1074 reddunt
1346 1020 1491 1091 quod
1522 1037 1860 1092 nequaquam
1888 1037 2120 1092 accepe-

524 1114 673 1163 runt.
709 1108 818 1163 Sed
850 1105 988 1162 sicut
1018 1106 1094 1161 illi
1141 1108 1381 1179 aliquam
1412 1108 1638 1163 fortasse
1669 1109 1722 1163 in
1771 1110 1855 1163 his
1895 1118 2122 1181 possunt

523 1195 931 1253 excusationem
962 1196 1183 1261 habere,
1218 1197 1295 1251 sic
1327 1214 1543 1267 quoque
1575 1206 1629 1251 tu
1659 1214 1767 1253 non
1797 1198 2002 1268 poteris
2032 1197 2120 1251 ni-

522 1285 724 1339 mirum
752 1284 1079 1339 excusabilis
1110 1300 1252 1349 esse,
1285 1286 1375 1355 qui
1406 1302 1591 1339 eorum
1623 1303 1743 1356 qum
1773 1285 1985 1356 profers
2016 1301 2119 1341 no-

519 1373 691 1429 titiam
722 1381 772 1428 et
804 1372 1216 1443 intelligentiam
1272 1374 1458 1441 habes,
1495 1374 1591 1427 sed
1623 1376 1702 1428 eis
1735 1374 2017 1429 intendere
2048 1374 2119 1429 ob

521 1476 780 1533 magnam
810 1469 955 1515 tuam
1003 1461 1394 1532 negligentiam
1426 1477 1534 1516 non
1584 1478 1765 1516 curas.
1820 1462 1989 1534 [gitur
2016 1480 2118 1533 ap-

518 1565 660 1620 pone
694 1565 795 1605 cor-
832 1549 899 1603 iis
946 1566 1063 1620 qum
1107 1565 1203 1604 ore
1250 1566 1433 1614 sonas,
1482 1550 1701 1620 quando
1748 1551 1920 1605 Deum
1968 1559 2118 1605 tuum

518 1654 648 1693 oras
682 1654 693 1691 :
728 1653 829 1693 nec
859 1637 1034 1692 solum
1084 1638 1302 1708 quando
1346 1654 1507 1691 sonas
1540 1647 1615 1703 tu,
1651 1639 1748 1693 sed
1800 1646 1853 1693 et
1898 1640 2117 1709 quando

516 1727 675 1793 alios,
710 1726 795 1781 vel
824 1726 1083 1796 psalmos,
1120 1725 1206 1779 vel
1238 1727 1467 1795 hymnos
1497 1726 1651 1781 audis
1700 1743 1797 1781 ore
1842 1727 2107 1797 proferre.

2234 587 2288 633 tu
2320 579 2395 634 sis
2426 580 2517 653 qui
2544 596 2689 636 oras.
2725 581 2783 634 In
2806 579 3138 635 revolutione
3166 577 3359 649 prima,
3384 578 3481 633 Dei
3505 579 3687 634 Patris
3715 596 3826 635 om-

2230 667 2521 739 nipotentis
2568 667 2898 724 ineffabilem
2946 666 3175 722 intueris
3220 668 3595 735 majestatem;
3630 668 3687 722 in
3736 685 3825 724 se-

2229 757 2425 825 cunda,
2461 756 2758 813 Salvatoris
2788 757 2862 812 tui
2901 757 3223 811 immensam
3256 755 3509 827 pietatem
3535 775 3551 823 ;
3582 757 3638 812 in
3671 759 3826 813 tertia

2228 845 2578 917 tranquillam
2607 846 2897 917 quamdam
2928 844 3231 916 puritatem,
3256 852 3305 899 et
3335 860 3528 916 puram
3559 846 3825 918 tranquil-

2225 933 2431 989 litatem
2459 951 2473 988 :
2501 934 2560 988 in
2590 942 2781 1006 quarta
2824 933 3103 1005 propriam
3150 941 3293 987 tuam
3323 949 3429 1005 qua
3476 933 3532 988 in
3574 936 3747 991 corde
3775 943 3825 990 et

2225 1036 2458 1092 corpore
2488 1030 2744 1077 oneratus
2774 1038 2834 1078 es
2863 1021 3249 1077 infimitatem.
3280 1022 3359 1076 De
3396 1037 3462 1077 eo
3482 1022 3631 1094 quod
3661 1039 3826 1094 supe-

2224 1110 2339 1164 rius
2381 1109 2633 1178 diximus,
2685 1110 2809 1182 quia
2861 1110 3001 1166 scire
3059 1110 3219 1164 nobis
3280 1110 3649 1165 necessarium
3714 1119 3818 1179 est,

2224 1197 2413 1267 quales
2444 1214 2543 1253 nos
2593 1206 2715 1269 post
2763 1206 2973 1270 tempus
3018 1197 3280 1255 orationis
3319 1198 3577 1254 exhibere
3607 1199 3823 1255 debea-

2221 1301 2362 1349 mus,
2395 1286 2499 1341 hoc
2536 1286 2773 1342 breviter
2803 1286 2899 1341 tibi
2945 1287 3197 1353 dicimus,
3230 1286 3324 1358 qui
3353 1286 3620 1343 habitator
3666 1288 3822 1344 cella:

2221 1390 2301 1428 es.
2336 1373 2563 1444 Oportet
2593 1383 2649 1429 ut
2677 1377 2917 1430 oratione
2947 1374 3219 1430 celebrata
3264 1375 3503 1447 quandiu
3548 1392 3653 1447 per
3682 1391 3820 1450 gra-

2221 1462 2349 1515 tiam
2383 1463 2480 1516 Dei
2513 1463 2829 1532 poterimus,
2865 1463 2920 1517 in
2950 1462 3143 1518 eadem
3191 1463 3474 1535 gravitate,
3507 1465 3821 1521 maturitate

2220 1558 2273 1603 et
2300 1550 2614 1621 integritate
2642 1567 2743 1606 nos
2776 1558 3079 1606 teneamus.
3112 1549 3251 1620 Quia
3280 1551 3328 1605 si
3356 1550 3532 1607 ﬂuxas
3562 1552 3618 1606 in
3650 1554 3820 1609 corde

2218 1638 2574 1708 cogitationes
2623 1639 2969 1709 suscipimus,
3012 1646 3065 1695 et
3113 1639 3180 1693 ad
3230 1639 3524 1696 cachinnos
3572 1648 3626 1695 et
3651 1641 3817 1710 risus,

2217 1725 2287 1779 ad
2333 1742 2637 1781 venenosas
2694 1727 3062 1782 detractiones
3107 1734 3159 1782 et
3202 1726 3406 1782 otiosas
3454 1726 3819 1784 fabulationes

517 1816 653 1871 Cum
710 1815 765 1869 in
839 1815 1008 1870 choro
1081 1813 1284 1885 aliquid
1364 1814 1449 1868 vel
1526 1815 1596 1869 ad
1672 1815 1914 1885 psalmos
1981 1832 2188 1905 per-B
2220 1814 2400 1868 statim
2425 1815 2685 1881 red.mus,
2709 1815 3008 1869 timendum
3030 1814 3186 1870 nobis
3208 1815 3364 1870 valde
3383 1831 3473 1883 ne,
3492 1817 3625 1872 talia
3645 1832 3817 1890 agen-

518 1904 699 1959 tinens
777 1902 969 1967 audis,
1054 1901 1139 1956 vel
1242 1917 1367 1956 cum
1453 1911 1678 1968 cantas,
1784 1919 1880 1957 seu
1966 1912 2113 1959 certe

519 2008 641 2048 cum
694 1990 854 2063 legis,
914 1991 1018 2044 hoc
1072 1989 1214 2045 intra
1269 1998 1320 2044 te
1372 2006 1471 2060 per
1536 1990 1864 2046 intellectum
1922 2008 2115 2046 verse-

517 2089 605 2135 tur
634 2080 690 2133 in
715 2078 901 2144 corde,
937 2078 1082 2148 quod
1131 2078 1367 2133 exterius
1416 2094 1513 2147 per
1561 2096 1750 2132 sonum
1799 2079 2009 2149 profers
2058 2081 2111 2133 in

518 2184 634 2225 ore.
668 2167 804 2223 Cum
833 2181 961 2221 vero
1003 2166 1138 2219 alios
1187 2165 1273 2220 vel
1320 2166 1501 2221 dicere
1546 2183 1737 2220 versus
1785 2167 2115 2237 psalmorum

516 2256 693 2322 audis,
716 2272 843 2317 .seu
885 2262 1123 2321 cantare,
1158 2262 1247 2308 aut
1290 2262 1437 2309 certe
1468 2254 1691 2325 legere;
1725 2255 1791 2309 iis
1840 2272 1959 2326 quae
2006 2255 2111 2326 ipsi

518 2344 799 2417 proferunt
844 2360 943 2413 per
986 2343 1339 2397 intentionem
1386 2351 1441 2397 tu
1468 2343 1658 2398 adesto
1694 2358 1705 2396 :
1741 2352 1791 2397 et
1821 2360 1919 2399 cor
1960 2352 2113 2397 tuum

519 2450 618 2505 per
660 2431 1072 2503 intelligentiam
1123 2447 1247 2486 cum
1276 2446 1409 2485 aure
1440 2431 1505 2485 iis
1544 2447 1779 2502 appone,
1815 2449 1934 2502 quae
1964 2432 2113 2503 ipsos

517 2522 674 2577 audis
704 2520 966 2592 proferre.
993 2521 1058 2574 Et
1085 2520 1190 2575 hoc
1219 2528 1302 2575 est
1330 2521 1476 2590 quod
1500 2520 1610 2588 jam
1631 2520 1884 2588 diximus,
1910 2521 2113 2576 debere

516 2610 769 2667 videlicet
798 2617 850 2664 te
893 2609 1240 2664 considerare
1288 2616 1340 2663 et
1389 2609 1533 2679 quod
1580 2624 1724 2663 oras.
1776 2608 1934 2678 Quod
1982 2625 2113 2665 vero

515 2705 706 2771 quarto
735 2698 855 2752 loco
886 2696 1183 2767 posuimus,
1203 2704 1261 2750 ut
1278 2696 1522 2751 attendas
1545 2696 1749 2751 scilicet
1772 2705 1823 2752 et
1857 2705 1905 2751 te
1935 2697 2113 2767 ipsum

518 2787 610 2859 qui
639 2802 784 2853 oras,
815 2794 941 2840 tunc
971 2793 1028 2839 tu
1070 2784 1355 2855 adimples,
1408 2785 1625 2855 quando
1675 2786 1848 2839 Deum
1898 2785 2113 2839 Patrem

516 2892 615 2947 per
646 2875 837 2930 Filium
869 2890 1026 2928 suum
1050 2873 1319 2927 Christum
1348 2874 1552 2938 Jesum,
1588 2872 1911 2928 advocatum
1942 2881 2109 2941 tuum,

514 2964 684 3022 corde
713 2971 766 3018 et
794 2978 886 3018 ore
917 2962 1235 3031 deprecans,
1270 2968 1497 3030 peccata
1528 2968 1618 3014 tua
1648 2969 1700 3015 et
1729 2960 1948 3025 delicta,
1983 2960 2113 3016 faci-

510 3070 647 3109 nora
690 3060 742 3108 et
773 3050 992 3122 ﬂagitia,
1025 3057 1080 3104 et
1127 3048 1445 3121 fragilitates
1489 3049 1703 3113 multas,
1756 3057 1811 3103 et
1856 3064 2109 3121 magnas,

506 3142 705 3214 quibus
736 3146 787 3194 et
817 3140 873 3192 in
919 3144 1099 3191 mente
1130 3145 1179 3191 et
1220 3136 1276 3190 in
1304 3152 1536 3206 corpore
1584 3136 1921 3207 deprimeris,
1973 3146 2095 3192 ante

2222 1910 2322 1967 tes,
2359 1903 2618 1957 orationis
2648 1911 2849 1958 nostra:
2893 1901 3123 1958 fructum
3171 1904 3482 1974 perdamus.
3533 1905 3818 1960 Imitemur

2223 2006 2386 2061 quam
2420 1991 2647 2045 sollicite
2678 1990 2825 2045 illam
2850 1991 3138 2047 mulierem
3167 1991 3235 2046 de
3266 2007 3374 2063 qua
3389 1992 3643 2063 legimus,
3670 1994 3815 2065 quod

2220 2078 2389 2133 oravit
2410 2079 2697 2133 Dominum
2717 2081 2861 2147 ﬂens
2883 2080 3138 2150 largiter,
3156 2080 3383 2153 loquens
3403 2082 3467 2136 in
3487 2081 3655 2138 corde
3673 2099 3778 2139 suo
3798 2102 3816 2138 :

2219 2171 2276 2222 et
2307 2168 2452 2221 labia
2482 2168 2604 2238 ejus
2637 2168 3031 2223 tantummodo
3070 2169 3457 2234 movebantur,
3487 2172 3543 2226 et
3574 2186 3688 2226 vox
3715 2187 3816 2242 pe-

2218 2256 2381 2310 nitus
2426 2272 2541 2310 non
2585 2255 2922 2310 audiebatur
2952 2273 2971 2311 :
3002 2256 3299 2327 vultusque
3341 2258 3464 2328 ejus
3508 2273 3627 2313 non
3677 2264 3815 2314 sunt

2217 2344 2463 2414 amplius
2491 2345 2554 2398 in
2582 2343 2799 2399 diversa
2829 2345 3045 2399 mutati
3075 2344 3128 2414 (I
3151 2346 3275 2415 Reg.
3308 2359 3348 2411 ι,
3383 2348 3468 2413 13,
3503 2346 3615 2416 18).

2679 2546 3075 2603 CAPITULUM
3099 2546 3354 2605 XXXVI.

2215 2713 2289 2766 De
2315 2726 2477 2781 opere
2506 2727 2802 2779 manuum,
2836 2713 2931 2766 cui
2960 2711 3118 2767 debet
3152 2712 3311 2767 cella:
3337 2712 3698 2771 inhabitator
3722 2717 3814 2771 in-

2288 2781 2537 2845 tendere,
2562 2786 2618 2837 et
2656 2784 2853 2851 quibus
2889 2783 3041 2853 horis
3078 2782 3471 2853 spiritualibus
3490 2787 3810 2849 exercitiis,

2285 2856 2341 2907 et
2379 2853 2575 2922 quibus
2606 2854 2872 2907 insistere
2905 2851 3395 2908 debeat'manuum
3420 2856 3683 2922 operibus
3703 2877 3725 2922 ς
3755 2863 3811 2912 et

2285 2923 2350 2977 de
2381 2922 2639 2992 pluribus
2667 2924 2800 2978 aliis
2830 2939 2952 2993 qua:
2981 2922 3053 2978 ad
3081 2923 3340 2980 eumdem
3366 2922 3527 2981 cellae
3555 2927 3812 2983 incolam

2280 2993 2597 3064 pertinent.

2284 3132 2386 3187 Diu
2417 3149 2607 3188 sumus
2635 3133 2690 3188 in
2719 3134 2822 3189 hoc
2851 3133 3017 3190 ﬂuvio
3047 3134 3205 3190 tertio
3244 3135 3335 3207 qui
3378 3134 3559 3208 Tigris
3607 3136 3813 3194 dicitur

507 3195 561 3285 tie
608 3230 746 3283 hora
777 3226 873 3281 illa
922 3240 1231 3297 congregas
1278 3233 1328 3278 et
1373 3240 1682 3291 coacervas,
1730 3234 1779 3280 et
1810 3226 2101 3296 praeterita
2129 3195 2177 3258 Ο
2206 3220 2499 3287 demorati;
2522 3230 2571 3277 et
2593 3222 2842 3278 fortassis
2871 3238 2981 3278 non
3007 3224 3078 3280 ad
3106 3223 3471 3294 insipientiam
3499 3225 3682 3282 nobis.
3706 3228 3809 3282 Est

504 3326 611 3381 tua,
645 3314 937 3386 praesentia
965 3330 1201 3384 quoque,
1229 3321 1391 3383 atque
1423 3311 1622 3377 futura,
1657 3329 1754 3383 pro
1785 3330 1947 3384 posse
1977 3323 2100 3369 ante

502 3402 956 3462 considerationis
990 3410 1093 3456 tuae
1122 3401 1307 3457 oculos
1353 3401 1530 3471 ponis,
1563 3409 1619 3455 ut
1650 3410 1701 3457 et
1748 3401 1892 3457 circa
1920 3402 2096 3457 infru-

498 3502 743 3551 ctuosam
774 3492 1024 3545 arborem
1068 3489 1297 3555 fodiens,
1332 3497 1385 3544 et
1414 3498 1656 3544 stercora
1706 3490 1944 3555 mittens,
1980 3490 2097 3545 fru-

495 3591 641 3639 ctum
670 3597 793 3636 eam
821 3578 1004 3636 facere
1054 3578 1370 3649 compellas,
1405 3586 1456 3633 et
1498 3594 1698 3649 agnum
1745 3595 1925 3633 assum
1975 3594 2099 3634 cum

494 3670 720 3726 lactucis
778 3667 1088 3741 agrestibus
1133 3667 1409 3722 comedas.
1461 3667 1550 3721 Sic
1594 3667 1895 3722 orationem
1948 3675 2097 3721 tuam

492 3761 609 3815 Deo
640 3757 834 3813 reddes
863 3756 1138 3827 placitam,
1194 3755 1274 3809 sic
1322 3755 1539 3826 signata
1586 3754 1740 3825 quasi
1772 3754 1827 3809 in
1875 3755 2096 3810 sacculo

494 3848 706 3901 habens
733 3844 948 3908 delicta,
979 3843 1155 3913 gaude
1189 3851 1240 3897 et
1269 3842 1453 3897 laetare
1484 3858 1583 3912 pro
1613 3858 1678 3897 eo
1709 3843 1855 3914 quod
1896 3852 1984 3898 tua
2013 3851 2096 3898 est

493 3933 748 4006 iniquitas
795 3938 1001 3987 curata.
1053 3931 1142 3986 Sic
1191 3946 1405 4002 quoque
1453 3947 1573 3986 cum
1620 3932 1913 4001 publicano
1942 3932 2095 4003 quia

494 4021 661 4095 longe
690 4020 858 4088 stetit,
893 4027 947 4074 et
977 4019 1046 4074 ad
1093 4018 1287 4074 coelum
1339 4018 1526 4074 oculos
1567 4019 1747 4075 levare
1777 4020 1965 4089 noluit,
1996 4022 2093 4076 sed

492 4119 688 4183 pectus
736 4125 893 4163 suum
934 4107 1224 4179 percussit,
1276 4107 1578 4163 descendes
1630 4109 1977 4178 postmodum
2028 4125 2094 4166 ac

493 4207 619 4271 post
648 4196 922 4253 modicum
947 4194 1268 4267 justiﬁcatus
1299 4195 1351 4249 in
1382 4196 1604 4250 domum
1624 4204 1786 4251 tuam.
1814 4197 1868 4251 Si
1890 4205 2088 4266 autem,

496 4296 553 4343 ut
582 4284 971 4357 nonnunquam
1001 4285 1321 4357 contingere
1368 4283 1527 4347 solet,
1558 4293 1890 4356 suggerente
1936 4287 2091 4341 hoste

492 4375 734 4446 maligno
767 4373 1022 4446 (quicum
1054 4389 1273 4444 semper
1293 4372 1450 4427 nobis
1467 4388 1666 4428 nocere
1689 4373 1961 4441 moliatur,
1993 4374 2090 4428 sed

493 4464 547 4519 in
578 4463 824 4519 oratione
841 4478 1005 4534 quam
1033 4461 1285 4529 maxime,
1313 4469 1369 4515 ut
1396 4477 1613 4516 omnem
1645 4462 1762 4530 ejus
1793 4461 1950 4516 nobis
1982 4460 2092 4516 fru-

2202 3310 2346 3364 enim
2387 3309 2676 3365 admodum
2723 3311 2853 3366 utile
2899 3310 3016 3375 tibi,
3068 3312 3160 3383 qui
3206 3312 3472 3368 habitator
3515 3314 3672 3369 cellae
3720 3332 3807 3382 es,

2199 3398 2429 3469 qualiter
2457 3398 2690 3453 orationi
2711 3398 2965 3453 insistere
2984 3399 3189 3454 debeas
3213 3399 3371 3466 scire,
3396 3416 3558 3471 quem
3587 3410 3808 3458 constat

2199 3485 2323 3540 huic
2352 3486 2619 3556 spirituali
2648 3494 2944 3558 sanctoque
2965 3487 3224 3543 exercitio
3245 3496 3354 3543 tam
3375 3488 3692 3560 frequenter
3720 3491 3807 3546 in-

2200 3574 2446 3629 tendere.
2482 3575 2591 3630 Sed
2625 3575 2742 3643 jam
2771 3574 2839 3629 de
2870 3574 3032 3631 ﬂuvio
3081 3575 3185 3631 hoc
3232 3576 3392 3631 tertio
3436 3592 3715 3646 exeamus,
3751 3589 3805 3634 et

2197 3660 2349 3715 illum
2381 3662 2450 3727 (si
2479 3662 2575 3715 tibi
2622 3662 2824 3733 placet)
2872 3670 3122 3734 quartum
3170 3663 3454 3719 intremus.
3504 3666 3629 3736 Ipse
3676 3667 3805 3738 qui-

2198 3750 2344 3812 dem,
2381 3751 2685 3820 Euphrates
2715 3759 2951 3817 vocatur,
2982 3750 3075 3822 qui
3124 3750 3287 3806 etiam
3336 3760 3389 3807 et
3418 3751 3535 3823 ipse
3577 3753 3649 3809 de
3677 3754 3806 3811 loco

2196 3838 2488 3909 voluptatis
2518 3839 2818 3910 egreditur.
2870 3840 2953 3895 De
2998 3854 3107 3910 quo
3157 3854 3314 3896 sacra
3361 3840 3643 3911 Scriptura
3689 3858 3802 3898 non

2195 3935 2379 3981 narrat
2428 3927 2574 3998 quod
2640 3927 2875 3999 aliquam
2920 3934 3120 3982 terram
3179 3928 3492 3994 circumeat,
3541 3930 3682 3986 sicut
3729 3932 3803 3987 de

2196 4014 2432 4085 Physon,
2463 4015 2555 4086 qui
2588 4030 2806 4070 omnem
2845 4022 3048 4070 terram
3076 4015 3292 4071 Evilath
3338 4016 3625 4083 circumit;
3658 4018 3802 4074 sicut

2195 4103 2263 4157 de
2294 4103 2471 4173 Gyen,
2498 4103 2591 4174 qui
2619 4103 2866 4159 circumit
2887 4118 3107 4158 omnem
3129 4111 3324 4159 terram
3347 4104 3632 4176 Ethiopiae
3657 4123 3671 4160 :
3694 4123 3800 4163 nec

2195 4191 2342 4262 quod
2373 4191 2534 4247 vadat
2563 4199 2752 4246 contra
2783 4192 2997 4263 aliquos
3025 4192 3279 4263 populos,
3314 4192 3456 4249 sicut
3482 4193 3552 4248 de
3578 4193 3677 4250 illo
3704 4196 3801 4267 qui

2193 4279 2373 4350 Tigris
2402 4279 2620 4346 dicitur,
2654 4280 2743 4350 qui
2773 4280 2918 4335 vadit
2965 4288 3159 4336 contra
3203 4281 3481 4352 Assyrios.
3529 4281 3640 4337 Sed
3670 4290 3787 4338 tan-

2192 4367 2474 4422 tummodo
2497 4367 2818 4438 simpliciter
2845 4377 2899 4423 et
2928 4368 3170 4424 breviter
3193 4370 3474 4435 :Fluvius,
3498 4369 3589 4436 ait,
3622 4386 3798 4442 quar—

2194 4459 2302 4521 tus,
2336 4458 2458 4527 ipse
2486 4460 2573 4511 est
2599 4455 2913 4527 Euphrates
2933 4457 3092 4528 (Gen.
3117 4472 3176 4522 ιι,
3202 4458 3307 4527 14).
3330 4457 3400 4511 Et
3415 4458 3519 4513 hoc
3533 4457 3659 4513 ideo
3680 4457 3799 4514 for-

493 4561 639 4609 ctum
670 4551 953 4622 subripiat,
1003 4550 1162 4606 nobis
1190 4550 1452 4605 molestus
1498 4551 1601 4619 est)
1634 4550 1813 4635 aliqua
1843 4566 1965 4605 cum
1997 4550 2085 4605 in-
2120 4543 2353 4606 DtaSSiS
2383 4542 2511 4615 quia
2558 4543 2688 4598 utile
2710 4552 2791 4635 ‘8‘!
2831 4543 3168 4635 fructuosum
3213 4560 3471 4635 manuum
3515 4561 3656 4635 opus
3684 4547 3800 4635 A(ad

492 4641 708 4698 cumbis
736 4639 967 4696 orationi
999 4639 1256 4711 cogitatio
1298 4638 1505 4701 illicita,
1540 4638 1757 4710 qualem
1803 4639 2094 4710 aliquando

493 4731 581 4787 vel
611 4730 711 4797 ira,
744 4729 830 4783 vel
877 4728 1191 4794 commotio,
1244 4745 1339 4782 seu
1381 4727 1612 4793 vanitas,
1646 4727 1733 4782 vel
1779 4726 2089 4795 curiositas,

495 4825 587 4873 aut
617 4825 763 4872 certe
792 4817 1038 4888 voluptas
1068 4832 1395 4887 quocunque
1434 4816 1599 4871 modo
1630 4815 1846 4881 format,
1879 4816 2093 4871 violen-

495 4914 573 4962 ter
605 4921 666 4960 se
694 4906 972 4978 ingerens,
1005 4906 1357 4959 vehementer
1387 4912 1438 4958 te
1459 4905 1768 4972 vastaverit,
1796 4904 1852 4958 in
1882 4912 2093 4959 tantum

492 5002 549 5049 ut
581 4993 779 5049 mentis
807 4993 877 5047 ab
904 5009 967 5046 ea
998 5007 1107 5045 non
1136 4990 1317 5060 possis
1347 4990 1563 5046 oculum
1592 5000 1842 5047 avertere
1867 5011 1880 5058 ;
1913 4990 2113 5048 consi-'

494 5081 627 5135 lium
656 5088 737 5136 est
768 5088 845 5145 ut,
895 5077 1215 5132 intermissis
1243 5078 1362 5131 aliis
1392 5078 1741 5147 petitionibus
1789 5080 1982 5150 quibus
2011 5079 2094 5133 in-

496 5170 780 5233 tendebas,
816 5173 1005 5222 contra
1033 5164 1337 5218 molestiam
1367 5167 1509 5220 hanc
1538 5166 1740 5220 orando
1784 5166 2013 5221 viriliter
2040 5176 2093 5222 te

497 5257 702 5329 erigas,
736 5263 787 5309 et
817 5255 885 5308 ab
923 5254 1027 5308 hac
1055 5252 1325 5308 erectione
1356 5261 1443 5307 tua
1489 5252 1637 5308 nullo
1682 5255 1843 5310 modo
1888 5271 2088 5324 cesses,

497 5359 802 5417 quousque,
832 5340 1125 5396 miserente
1146 5340 1280 5408 Deo,
1306 5340 1423 5412 ipsa
1447 5350 1700 5412 superata
1715 5358 1906 5415 pacem
1936 5344 2092 5400 inve-

498 5432 639 5487 nias.

568 5520 714 5574 Ecce
746 5517 864 5573 haec
895 5517 986 5573 illa
1015 5526 1245 5591 quatuor
1276 5527 1399 5574 sunt
1446 5536 1567 5591 quae
1598 5528 1647 5575 te
1677 5536 1962 5576 monemus
2002 5520 2093 5592 qui

496 5606 767 5661 habitator
809 5606 960 5662 cellae
990 5624 1068 5675 es,
1102 5608 1157 5662 in
1184 5615 1363 5664 mente
1410 5616 1496 5664 tua
1542 5609 1803 5665 orationis
1846 5615 2091 5679 tempore

497 5692 805 5761 revolvere,
838 5696 1089 5754 videlicet
1115 5697 1237 5769 quis
1266 5697 1355 5753 ille
1386 5698 1455 5752 sit
1485 5713 1644 5770 quem
1675 5712 1823 5761 oras,
1849 5695 1969 5766 quis
1998 5696 2092 5752 ille

2198 4631 2345 4702 quod
2387 4632 2537 4699 juxta
2577 4630 2813 4686 nominis
2878 4631 2962 4687 sui
3008 4632 3530 4702 interpretationem,
3568 4633 3796 4690 ﬂuvium

2197 4719 2288 4790 qui
2319 4728 2400 4774 est
2428 4719 2732 4790 Euphrates
2762 4719 3071 4791 referimus)
3113 4720 3287 4792 magis
3334 4728 3419 4776 est
3448 4720 3797 4793 quampluri-

2196 4806 2299 4861 bus
2357 4822 2665 4877 commune,
2735 4823 2899 4879 quam
2961 4808 3181 4879 aliquod
3229 4808 3385 4862 trium
3429 4809 3797 4879 probabilium

2196 4895 2595 4961 exercitiorum,
2627 4896 2696 4950 de
2728 4895 2926 4967 quibus
2955 4896 3251 4966 hucusque,
3277 4897 3432 4965 juxta
3478 4896 3627 4951 illum
3657 4914 3794 4953 sen-

2196 4999 2316 5037 sum
2346 4983 2768 5055 tropologicum,
2810 4984 3112 5039 secundum
3157 4999 3321 5055 quem
3350 4983 3674 5053 incedimus,
3702 4987 3796 5042 vel

2194 5071 2433 5126 studium
2463 5071 2716 5128 videlicet
2744 5071 3012 5139 lectionis,
3044 5071 3132 5127 vel
3172 5072 3376 5143 puritas
3402 5073 3789 5141 meditationis,

2194 5160 2281 5215 vel
2310 5159 2525 5215 devotio
2561 5159 2838 5214 orationis.
2870 5162 2993 5215 Non
3041 5158 3186 5215 enim
3229 5175 3420 5216 omnes
3468 5176 3604 5232 quos
3651 5162 3792 5217 reli-

2192 5247 2372 5320 gionis
2400 5247 2588 5302 habitu
2618 5247 2865 5303 videmus
2905 5248 3144 5316 indutos,
3178 5249 3248 5303 ad
3295 5248 3389 5303 illa
3431 5265 3648 5320 semper
3688 5250 3792 5304 tria

2192 5336 2442 5391 videmus
2495 5335 2825 5391 sufficienter
2886 5336 3151 5405 idoneos,
3209 5343 3267 5391 ut
3312 5336 3445 5391 satis
3516 5353 3792 5410 superque

2192 5423 2403 5495 possint
2444 5423 2707 5491 universi,
2757 5424 2845 5479 vel
2891 5424 3069 5481 studio
3112 5423 3361 5480 lectionis
3397 5424 3669 5495 insistere,
3700 5426 3790 5482 vel

2191 5511 2248 5566 in
2291 5512 2427 5582 ipsis
2473 5513 2672 5568 mentis
2714 5511 2938 5568 internis
2981 5529 3130 5583 purae
3170 5511 3507 5568 meditationi
3553 5513 3785 5583 instare,

2191 5600 2279 5656 vel
2333 5599 2544 5656 devota:
2595 5616 2813 5673 quoque
2856 5601 3085 5657 orationi
3127 5600 3446 5657 incumbere
3488 5600 3646 5673 [Ραν.
3695 5602 3785 5658 vel

2190 5687 2467 5743 devotioni
2496 5705 2551 5760 q.
2584 5688 2846 5745 orationis
2873 5688 2936 5761 i.]
2966 5688 3075 5747 Sed
3105 5688 3197 5762 qui
3225 5696 3328 5759 est,
3352 5688 3443 5761 qui
3472 5689 3522 5746 si
3559 5689 3620 5745 in
3662 5706 3789 5747 om-
