3938 6418
111 351 212 402 881

1245 344 1445 400 LIBER
1484 343 1578 398 DE
1615 339 2000 398 EXERCITIO
2040 340 2296 398 CELL.E.

3336 345 3439 397 882

115 469 284 524 nibus
315 469 577 525 membris
635 468 884 540 corporis
945 485 1109 524 sanus
1158 469 1337 535 fuerit,
1371 485 1479 524 non
1527 467 1954 540 aliquidAdico
1985 468 2216 538 aptum?
2272 468 2557 539 pulchrum
2617 477 2669 523 et
2725 468 3093 532 conveniens;
3129 466 3284 538 quasi
3333 467 3438 520 hoc

113 559 269 630 quod
306 559 507 614 bonum
527 558 614 624 sit,
639 574 740 629 pro
761 557 1089 613 necessitate
1119 566 1170 613 et
1204 566 1449 630 tempore
1480 558 1737 612 manibus

115 646 237 701 suis
269 646 445 717 possit
476 646 747 716 operari?
776 647 950 718 Igitur
979 646 1108 718 quia
1129 648 1312 718 pietas
1335 647 1413 717 (ut
1443 645 1736 716 Apostolus

119 734 278 806 dicit)
299 736 371 790 ad
401 736 593 791 omnia
625 736 790 790 utilis
831 739 934 800 est,
958 737 1396 806 promissionem
1427 735 1634 790 habens
1658 736 1738 790 vi-

125 827 202 878 tae
229 841 352 895 quae
372 839 527 879 nune
558 827 659 887 est,
686 827 744 878 et
772 825 990 892 [αἰαῖ-(ε
1038 825 1088 893 (I
1127 825 1266 878 Tim.
1310 839 1386 892 xv,
1425 823 1500 892 8),
1540 823 1736 878 merito

122 911 375 966 fortassis
411 919 463 966 et
493 911 561 966 de
592 911 806 966 duobus
852 910 1033 965 ﬂuviis
1095 911 1309 977 dicitur,
1360 911 1508 982 quod
1561 920 1735 966 terras

124 1000 486 1066 circumeunt,
521 1008 573 1054 et
604 999 674 1054 de
705 999 865 1054 tertio
901 999 1047 1070 quod
1069 999 1218 1054 vadit
1245 1007 1438 1055 contra
1457 1000 1731 1072 Assyrios.

125 1087 302 1158 Quam
331 1088 618 1144 utilitatem
650 1087 930 1142 retulimus
962 1087 1035 1143 ad
1067 1087 1262 1142 ﬂuvios
1291 1088 1413 1143 illos
1449 1103 1461 1142 :
1496 1088 1564 1142 ad
1589 1089 1735 1160 Phy-

123 1193 228 1231 son
248 1193 464 1249 quoque
485 1184 711 1247 propter
734 1176 972 1231 studium
991 1191 1162 1232 sacra:
1185 1175 1458 1246 lectionis,
1483 1177 1552 1231 ad
1577 1176 1735 1248 Gyon

124 1272 354 1335 propter
407 1264 693 1336 puritatem
761 1264 988 1319 internae
1029 1263 1419 1326 meditationis,
1455 1265 1524 1319 ad
1582 1265 1736 1319 illum

127 1353 224 1424 qui
252 1353 451 1425 Tygris
479 1361 719 1420 vocatur,
751 1361 974 1424 propter
994 1352 1361 1409 sinceritatem
1383 1353 1593 1408 devotae
1621 1369 1740 1409 ora-

127 1440 315 1497 tionis.
351 1441 492 1511 Quia
509 1457 644 1498 vero
673 1441 981 1512 corporalis
1012 1441 1328 1497 exercitatio
1359 1441 1430 1497 ad
1459 1441 1734 1498 modicum

129 1529 280 1584 utilis
311 1538 411 1596 est,
437 1532 626 1603 (quam
657 1531 726 1585 ad
757 1530 1116 1602 Euphratem,
1157 1531 1246 1602 qui
1280 1539 1508 1602 quartus
1538 1531 1735 1586 ﬂuvius

127 1627 233 1684 est,
295 1618 630 1689 referimus),
664 1619 721 1672 in
769 1633 835 1673 eo
892 1619 1038 1690 quod
1093 1619 1242 1673 utilis
1301 1629 1402 1686 est,
1462 1620 1618 1692 quasi
1665 1619 1734 1674 de

124 1706 254 1763 loco
283 1707 578 1778 voluptatis
599 1707 899 1778 egreditur.
927 1707 1034 1762 Sed
1063 1707 1191 1778 quia
1230 1723 1340 1762 non
1371 1708 1441 1762 ad
1468 1708 1648 1762 omnia
1677 1715 1734 1762 ut

122 1795 326 1867 pietas,
345 1795 440 1850 sed
466 1796 536 1850 ad
550 1795 823 1851 modicum
842 1795 990 1850 utilis
1013 1803 1114 1862 est,
1135 1795 1202 1850 de
1227 1795 1390 1851 ﬂuvio
1406 1795 1498 1850 illo
1522 1805 1730 1868 quarto,

139 1900 243 1954 per
271 1900 433 1956 quem
465 1883 731 1940 actionem
749 1883 1063 1954 accipimus,
1098 1899 1206 1939 non
1231 1883 1446 1952 dicitur,
1467 1884 1552 1940 vel
1586 1885 1730 1956 quod

121 1979 330 2027 terram
362 1971 596 2044 aliquam
645 1973 957 2038 circumeat,
1003 1972 1090 2028 vel
1120 1972 1268 2044 quod
1298 1980 1490 2029 contra
1519 1972 1731 2045 aliquos

123 2061 364 2132 populos
394 2061 574 2126 vadat,
609 2061 706 2116 sed
748 2060 1094 2115 solummodo
1141 2061 1304 2131 (sicut
1327 2061 1438 2130 jam
1469 2061 1728 2131 diximus)

123 2148 449 2220 simpliciter
495 2157 548 2203 et
596 2149 831 2204 breviter
863 2167 875 2202 :
908 2151 1140 2205 Flavius
1171 2165 1297 2206 vero
1327 2154 1586 2222 quartus,
1610 2151 1729 2222 ipse

124 2241 214 2293 est
246 2237 564 2309 Euphrates
596 2238 758 2306 (Gen.
793 2253 852 2303 ιι,
889 2239 998 2306 ti).
1023 2237 1093 2291 Et
1119 2237 1164 2291 si
1188 2238 1304 2292 haec
1324 2237 1396 2292 ita
1429 2245 1575 2292 stare
1593 2254 1727 2309 pos-

123 2333 271 2393 sunt,
297 2332 349 2380 et
380 2325 426 2379 si
447 2324 584 2381 forte
611 2341 722 2380 non
761 2333 1009 2396 possunt,
1043 2341 1369 2398 quocunque
1408 2327 1572 2381 modo
1605 2343 1726 2381 rec-

125 2413 236 2468 tius
267 2421 320 2468 et
371 2414 762 2487 congruentius
802 2413 1158 2486 intelligenda
1188 2422 1332 2480 sunt,
1373 2415 1475 2469 hoc
1509 2415 1728 2486 quidem

119 2502 268 2558 scire
299 2502 487 2568 debes,
521 2510 578 2557 tu
601 2503 692 2572 qui
721 2502 987 2558 habitator
1008 2501 1160 2558 cellae
1185 2519 1264 2573 es,
1290 2503 1435 2575 quod
1456 2503 1727 2558 valdetibi

118 2591 368 2662 pluribus
398 2591 465 2646 de
507 2591 689 2647 causis
739 2591 1124 2657 necessarium,
1161 2600 1218 2646 ut
1267 2592 1418 2662 operi
1467 2607 1725 2646 manuum

116 2679 271 2735 horis
299 2687 350 2734 et
380 2679 721 2750 temporibus
763 2680 1090 2747 constitutis,
1143 2687 1305 2751 prout
1361 2679 1509 2746 licet,
1560 2681 1722 2751 dicet,

115 2776 172 2824 et
203 2768 441 2838 expedit,
467 2768 706 2822 insistas.
760 2768 898 2821 Nam
955 2767 1230 2823 fastidium
1263 2768 1423 2835 tollit,
1475 2767 1723 2824 oblecta-

113 2865 362 2912 mentum
401 2856 560 2928 parit,
603 2855 815 2912 confert
853 2856 1133 2912 utilitatem
1181 2872 1457 2928 magnam,
1491 2865 1543 2912 et
1575 2858 1722 2913 otio-

115 2945 354 3012 sitatem,
389 2961 510 3016 quin
539 2944 759 3000 inimica
788 2952 869 3000 est
897 2945 1112 3011 animm,
1148 2945 1250 2999 sibi
1280 2946 1577 3016 praevalere
1614 2961 1724 3002 non

116 3033 270 3088 sinit.
301 3033 368 3088 Et
388 3048 454 3088 eo
494 3033 914 3088 desiderabilius
978 3042 1028 3088 et
1063 3034 1356 3103 jucundius
1402 3033 1468 3088 ad
1507 3034 1594 3088 illa
1626 3035 1723 3088 tria

115 3121 418 3193 spiritualia
464 3122 792 3188 exercenda,
840 3121 1129 3178 lectionem
1157 3122 1431 3188 videlicet,
1485 3123 1720 3177 medita-

1755 1827 1806 1886 B

1846 554 2096 610 sufficere
2128 555 2316 626 possit.
2351 557 2509 612 Certe
2548 556 2690 625 dico,
2725 566 2773 612 et
2805 558 2883 612 sic
2914 563 3126 627 oportet
3181 562 3238 609 ut
3274 552 3438 609 facia-

1843 661 1983 698 mus.
2029 643 2162 711 Quis
2185 645 2330 699 cnim
2363 661 2580 716 semper
2595 645 2802 717 absque
2821 645 3113 716 aliquando
3134 642 3437 706 intervallo,

1839 740 1930 786 aut
1963 733 2198 801 lectioni,
2233 740 2323 787 aut
2362 734 2716 800 meditationi,
2752 742 2843 788 aut
2873 733 3106 788 orationi
3136 729 3443 786 indefessus

1838 820 2123 877 intendere
2181 823 2372 877 valet?
2401 823 2469 876 Et
2525 822 2732 877 idcirco
2791 823 3037 894 quamvis
3094 819 3210 876 fere
3266 819 3444 874 nullus

1839 908 1907 962 de
1964 925 2128 980 opere
2189 926 2446 964 manuum
2488 910 2689 964 fructus
2746 911 3077 981 rrovcnirct,
3119 915 3203 964 est
3258 915 3444 962 tamen

1839 997 2064 1063 bonum,
2115 1006 2170 1051 ut
2216 999 2267 1054 ei
2327 1014 2716 1070 nonnunquam
2774 999 3010 1070 diligens
3054 1005 3238 1053 nostra
3291 995 3442 1052 solli-

1841 1085 2062 1154 citudo,
2128 1093 2179 1142 et
2242 1087 2470 1142 sollicita
2545 1087 2820 1158 diligentia
2908 1103 3006 1158 pro
3090 1095 3338 1157 tempore
3394 1091 3448 1140 et

1841 1175 2006 1229 modo
2089 1175 2354 1231 intendat.
2431 1176 2714 1244 Quatenus
2799 1192 2832 1232 a
2913 1176 3072 1232 nobis
3118 1173 3448 1246 repellamus

1843 1262 2121 1318 fastidium
2154 1266 2244 1332 (ne
2283 1264 2447 1319 nimis
2474 1265 2720 1336 pondere
2749 1264 3209 1335 pusillanimitatis
3238 1262 3446 1320 onerati

1841 1351 2035 1422 simus)
2066 1361 2118 1408 et
2165 1353 2509 1420 otiositatem,
2540 1369 2660 1425 quae
2704 1353 2925 1410 inimica
2954 1361 3035 1409 est
3081 1352 3298 1419 animae,
3322 1366 3444 1423 quae

1844 1439 1922 1510 (ut
1958 1440 2181 1510 quidam
2213 1441 2434 1513 sapiens
2463 1441 2636 1511 dicit),
2660 1443 2846 1498 multa
2863 1443 3015 1497 mala
3034 1441 3224 1498 docuit
3246 1440 3442 1510 (Eeeli.

1841 1543 2042 1594 χχχιιι,
2078 1529 2168 1600 29)
2206 1545 2217 1582 :
2250 1546 2319 1584 ne
2349 1545 2516 1601 supra
2545 1531 2766 1585 modum
2798 1530 2867 1586 ab
2888 1530 3034 1587 omni
3064 1545 3221 1585 mens
3257 1535 3448 1584 nostra

1839 1616 1955 1670 utili
2015 1617 2274 1673 exercitio
2324 1626 2642 1674 marcescat.
2695 1620 2929 1674 Sanctus
2985 1633 3198 1690 quoque
3246 1617 3448 1672 Paulus

1838 1721 1938 1758 nos
1982 1705 2198 1760 instruit
2259 1722 2422 1778 quam
2490 1707 2866 1762 necessarium
2923 1723 3196 1778 quamque
3226 1706 3444 1760 salubre

1839 1793 1996 1846 nobis
2028 1810 2166 1864 opus
2212 1810 2472 1849 manuum
2506 1795 2592 1850 sit.
2648 1795 2844 1850 Scribit
2873 1809 3111 1866 namque
3160 1795 3257 1860 sic,
3306 1793 3445 1849 sicut

1837 1881 1954 1952 ip.-e
1977 1882 2086 1937 scis
2112 1898 2123 1936 :
2149 1886 2425 1954 Rogamus
2448 1900 2557 1949 vos,
2583 1885 2817 1954 fratres,
2842 1888 2906 1938 ut
2930 1883 3438 1954 abundetismagis,

1835 1975 1890 2025 et
1913 1986 2137 2042 operam
2157 1972 2301 2026 detis
2319 1975 2384 2026 ut
2407 1973 2585 2044 quieti
2633 1973 2777 2037 sitis,
2805 1976 2948 2028 etut
2987 1976 3236 2028 uestrum
3265 1986 3440 2042 nego-

1837 2059 2002 2123 tium,
2019 2061 2286 2131 agatis,et
2302 2062 2614 2133 operamini
2631 2061 2898 2116 manibus
2911 2063 3130 2130 vestris,
3147 2061 3442 2132 sicutpraz-

1834 2149 2281 2219 cepimusvobis;
2305 2153 2361 2204 et
2383 2153 2447 2204 ut
2471 2149 2700 2204 honeste
2721 2149 3028 2205 ambuletis
3049 2150 3122 2204 ad
3139 2164 3230 2204 eos
3247 2150 3341 2220 qui
3361 2151 3442 2220 fo-

1833 2237 1914 2290 ris
1933 2240 2088 2301 sunt,
2111 2241 2168 2291 ct
2185 2238 2406 2291 nullius
2420 2238 2637 2309 aliquid
2652 2237 2982 2292 desideratis
2996 2239 3046 2306 (I
3060 2236 3212 2293 Thes.
3228 2253 3304 2304 iv,
3326 2239 3436 2308 11).

1833 2323 2082 2378 Sciamus
2113 2332 2293 2378 autem
2327 2325 2452 2397 quia
2487 2333 2539 2380 et
2570 2326 2713 2396 quod
2738 2325 2920 2381 docuit
2941 2327 3045 2380 hoc
3065 2333 3116 2379 et
3138 2325 3254 2397 ipse
3276 2324 3435 2390 fecit;

1833 2411 1958 2483 ipsi,
1982 2412 2171 2483 inquit,
2193 2413 2350 2468 scitis
2372 2415 2842 2486 quemadmodum
2865 2431 2957 2470 vos
2981 2418 3199 2486 oportet
3212 2414 3436 2469 imitari

1829 2516 1952 2555 nos.
1982 2502 2256 2568 Quoniam
2278 2517 2392 2556 non
2435 2503 2679 2575 inquieti
2697 2503 2916 2573 fuimus
2938 2504 3096 2557 inter
3116 2518 3230 2567 vos,
3253 2517 3431 2573 neque

1829 2590 2010 2660 gratis
2026 2606 2230 2660 panem
2255 2589 2722 2646 manducavimus
2751 2591 2821 2645 ab
2844 2591 3066 2663 aliquo;
3089 2591 3184 2647 sed
3201 2591 3264 2645 in
3288 2591 3434 2646 labo-

1829 2694 1889 2732 re
1911 2681 1966 2732 εἰ
2004 2678 2366 2748 fatigatione,
2396 2683 2561 2735 nocte
2608 2683 2664 2734 et
2689 2679 2777 2734 die
2821 2683 3139 2752 aperantes,
3167 2696 3238 2734 ne
3269 2695 3433 2751 quem

1826 2770 2074 2820 vestrum
2095 2783 2461 2837 gravaremus
2482 2767 2556 2836 (II
2587 2767 2768 2822 Thess.
2796 2783 2876 2833 ιιι,
2900 2771 2953 2833 7,
2980 2769 3054 2837 8).
3079 2768 3147 2822 Et
3165 2775 3222 2821 ut
3243 2775 3432 2822 osten-

1827 2853 1914 2906 dat
1931 2854 2088 2908 nobis
2115 2854 2240 2925 quia
2265 2854 2427 2909 aliter
2438 2862 2624 2926 posset
2642 2855 2824 2912 facere
2847 2856 2890 2909 si
2915 2857 3098 2922 vellet,
3123 2855 3252 2912 dicit
3279 2857 3428 2912 :Non

1827 2944 1987 3014 quasi
2011 2960 2126 2996 non
2161 2943 2523 3000 habuerimus
2538 2949 2908 3017 potestatem;
2930 2945 3027 3000 sed
3048 2949 3113 3000 ut
3134 2947 3433 3018 nosmetip-

1829 3047 1914 3086 sas
1937 3033 2183 3100 formam
2209 3030 2475 3088 daremus
2501 3033 2649 3088 vobis
2669 3033 2740 3088 ad
2761 3033 3110 3090 imitandum
3129 3051 3230 3090 nos
3249 3034 3427 3102 (ibid,

1826 3123 1899 3190 9).
1929 3120 1995 3173 Et
2016 3120 2144 3174 item
2173 3134 2184 3174 :
2212 3120 2347 3175 Cum
2384 3137 2651 3192 essemus,
2672 3122 2865 3193 inquit,
2890 3122 3040 3195 apud
3059 3139 3171 3190 vos,
3191 3123 3307 3178 haec
3329 3123 3426 3178 de-

112 3211 322 3266 tionem
355 3218 406 3266 et
436 3211 739 3266 orationem
769 3211 936 3278 redis,
973 3226 1080 3282 quo
1111 3210 1364 3266 libentius
1389 3227 1452 3266 ea
1493 3219 1718 3283 prOpter
1743 3184 1789 3246 Ο
1818 3208 2232 3264 nuntiabamus
2246 3209 2700 3283 vobis,quoniam
2716 3213 2900 3284 siquis
2913 3228 3028 3268 non
3042 3213 3420 3283 vultoperari,

115 3300 275 3356 bona
307 3298 534 3355 actionis
577 3298 814 3355 fructum
862 3299 1158 3370 aliquando
1188 3299 1518 3356 intermittis.
1554 3299 1715 3368 Quod

111 3389 158 3443 si
189 3387 390 3460 queris
406 3388 493 3443 cui
515 3387 717 3444 debeas
739 3387 994 3442 insistere
1015 3388 1191 3459 operi,
1227 3388 1468 3444 breviter
1487 3405 1716 3459 respon-

111 3477 310 3532 demus
338 3476 530 3542 tibi,ut
558 3476 636 3531 illi
691 3476 946 3532 videlicet
986 3476 1228 3543 insistas,
1281 3478 1426 3548 quod
1456 3484 1515 3532 ut
1544 3479 1592 3532 ei
1626 3478 1712 3532 in-

111 3566 300 3634 sistas,
324 3582 354 3620 a
393 3573 487 3621 tuo
513 3565 608 3620 tibi
643 3564 805 3622 fuerit
839 3565 1024 3636 priore
1070 3565 1389 3634 iniunctum.
1449 3567 1642 3632 Porro,
1668 3567 1712 3621 si

108 3653 181 3709 ita
211 3653 516 3726 providerit
545 3653 714 3725 prior,
747 3669 914 3708 unum
937 3661 1021 3708 est
1050 3653 1135 3709 cui
1156 3653 1212 3708 in
1243 3654 1560 3725 operatione
1581 3671 1710 3726 spe-

108 3742 324 3800 cialiter
376 3742 659 3798 intendere
717 3743 906 3813 debes,
963 3750 1023 3797 ut
1066 3742 1319 3799 videlicet
1372 3751 1422 3798 et
1471 3743 1712 3799 scribere

106 3831 292 3887 discas
347 3830 418 3902 (si
470 3837 652 3886 tamen
705 3830 991 3886 addiscere
1045 3833 1246 3902 potes),
1279 3839 1332 3886 et
1365 3832 1410 3886 si
1457 3839 1613 3902 potes
1659 3840 1712 3886 et

109 3920 235 3987 scis,
270 3928 328 3976 ut
366 3919 598 3975 scribas.
654 3920 770 3976 Hoc
817 3919 1220 3992 quodammodo
1252 3935 1410 3992 Opus,
1443 3936 1582 3991 Opus
1611 3921 1712 3975 im-

109 4008 340 4064 mortale
370 4016 489 4076 est;
522 4024 660 4079 opus
689 4007 759 4078 (si
789 4007 972 4064 dicere
999 4007 1149 4079 licet)
1177 4024 1286 4064 non
1307 4009 1579 4065 transiens
1611 4009 1709 4064 sed

107 4111 340 4152 manens
367 4116 381 4164 ;
415 4112 554 4168 opus
583 4096 789 4169 utique,
822 4105 879 4151 ut
909 4097 987 4152 sic
1016 4097 1284 4163 dicamus,
1317 4105 1370 4152 et
1399 4113 1504 4153 non
1545 4113 1704 4168 Opus,

107 4200 247 4257 Opus
277 4185 516 4258 denique
547 4185 691 4257 quod
721 4185 864 4241 inter
893 4187 1077 4242 omnia
1103 4185 1206 4240 alia
1234 4201 1402 4258 opera
1423 4185 1598 4258 magis
1620 4187 1709 4242 dc-

105 4283 191 4330 cet
221 4275 373 4332 viros
403 4273 689 4345 religiosas
721 4273 1005 4330 litteratos.
1048 4275 1278 4346 Semper
1307 4273 1449 4330 enirn
1482 4274 1584 4328 viri
1616 4290 1705 4329 re-

106 4362 310 4435 ligiosi,
371 4362 463 4436 qui
514 4371 695 4418 tamen
739 4363 958 4418 litterati
1015 4371 1159 4429 sunt,
1209 4371 1369 4435 prout
1414 4363 1494 4418 eis
1541 4379 1705 4435 posse

107 4447 411 4519 corporalis
470 4446 674 4502 sanitas
719 4447 1102 4514 administrat;
1137 4463 1260 4504 cum
1320 4447 1390 4502 ab
1438 4448 1700 4512 oratione,

104 4534 360 4602 lectione,
401 4535 782 4604 meditatione,
829 4545 883 4591 et
929 4536 1346 4592 necessitatibus
1394 4536 1562 4608 (quod
1601 4552 1704 4592 ne-

107 4638 384 4696 quaquam
416 4623 706 4679 tacendum
728 4625 833 4695 est)
864 4624 1260 4695 corporalibus,
1293 4631 1347 4679 et
1376 4625 1703 4680 necessariis

105 4712 531 4768 substentaculis
559 4713 810 4783 corporis
853 4721 1080 4780 vacant;
1113 4713 1165 4768 in
1199 4721 1459 4786 quantum
1488 4721 1702 4784 tempus

106 4807 159 4855 et
187 4803 326 4858 ratio
365 4801 646 4875 exegerit;
677 4817 787 4857 non
832 4803 1051 4874 quidem
1083 4811 1239 4874 prout
1281 4819 1474 4857 eorum
1504 4802 1700 4858 volun-

103 4893 186 4942 tas
224 4890 482 4960 elegerit,
542 4890 718 4962 magis
747 4898 924 4945 autem
967 4891 1106 4947 sicut
1134 4891 1478 4963 praesidentis
1507 4900 1700 4946 aucto-

105 4974 237 5032 ritas
296 4979 566 5044 discreta,
620 4986 673 5034 et
711 4978 963 5035 discretio
1011 4980 1323 5035 authentica
1371 4979 1697 5046 dictaverit;

103 5061 258 5119 libris
286 5067 473 5139 utique
519 5067 606 5123 vel
662 5067 1052 5138 praeparandis,
1085 5067 1172 5122 vel
1202 5067 1578 5132 conﬁciendis,
1611 5070 1697 5123 vel

106 5149 360 5224 ligandis,
394 5156 481 5211 vel
514 5156 890 5222 emendandis,
941 5157 1030 5211 vel
1075 5157 1359 5225 ornandis,
1388 5157 1470 5212 vel
1500 5157 1701 5212 illumi-

105 5242 318 5309 nandis,
345 5244 433 5300 vel
461 5244 818 5310 intitulandis,
841 5245 927 5300 vel
956 5245 1022 5299 iis
1044 5262 1164 5316 quae
1194 5246 1260 5299 ad
1292 5245 1395 5299 ista
1424 5246 1698 5316 pertinent

107 5329 444 5399 ordinandis,
479 5332 746 5388 faciendis
778 5341 831 5388 et
857 5333 1227 5404 perficiendis,
1261 5334 1492 5390 sollicite
1522 5335 1697 5390 inten-

103 5414 229 5472 dere
259 5420 484 5476 debent.
516 5421 585 5475 Et
614 5437 738 5476 cum
769 5422 874 5476 hoc
910 5422 964 5476 in
1011 5423 1158 5476 omni
1189 5422 1380 5478 ordine
1409 5423 1612 5477 decens
1645 5431 1698 5478 et

105 5517 405 5578 congruum
433 5509 521 5575 sit,
573 5508 672 5563 sed
710 5509 886 5581 magis
921 5509 977 5564 in
1033 5510 1223 5566 ordine
1253 5518 1440 5565 nostro
1470 5511 1696 5564 Carthu-

103 5589 285 5664 siensi,
319 5605 508 5671 aptum
536 5596 721 5669 utique
746 5597 850 5653 hoc
880 5605 980 5663 est,
1014 5606 1068 5653 et
1095 5597 1406 5669 pulchrum.
1469 5599 1538 5654 Ut
1566 5599 1694 5670 quid

1818 3313 1922 3351 nec
1947 3297 2257 3354 manducet
2296 3299 2478 3368 (ibid,
2514 3299 2624 3369 10).
2661 3300 2729 3353 Et
2769 3299 2928 3370 paulo
2966 3308 3089 3371 post
3111 3300 3419 3374 subjungit:

1822 3385 1965 3438 Audi
1975 3387 2155 3441 vimus
2178 3387 2332 3442 enim
2357 3389 2514 3442 inter
2537 3404 2628 3442 vos
2653 3387 2918 3460 quosdam
2941 3389 3301 3444 ambulantes
3326 3391 3423 3444 in-

1814 3476 2002 3545 quiete
2025 3493 2042 3540 ;
2074 3476 2224 3530 nihil
2242 3479 2564 3548 operantes,
2589 3477 2687 3530 sed
2706 3477 2924 3533 curiose
2944 3485 3192 3547 agentes.
3222 3479 3296 3533 Iis
3313 3495 3422 3533 au-

1817 3565 1926 3616 tem
1956 3563 2051 3634 qui
2071 3563 2346 3633 ejusmodi
2367 3568 2505 3618 sunt
2541 3563 2972 3628 denuntiamus.
2993 3570 3048 3621 et
3069 3565 3424 3623 obsecramus

1814 3652 1878 3705 in
1907 3652 2143 3706 Domino
2175 3657 2371 3707 nostra
2393 3655 2525 3708 Jesu
2550 3653 2788 3718 Christo,
2809 3657 2875 3709 ut
2903 3671 3030 3710 eum
3052 3655 3281 3710 silentio
3301 3671 3422 3726 ope-

1818 3743 2033 3804 rantes,
2079 3757 2290 3812 panem
2312 3757 2480 3797 suum
2511 3741 2860 3798 manducent
2885 3743 2958 3812 (II
2983 3741 3162 3798 Thess.
3187 3758 3270 3810 ιιι,
3295 3746 3410 3812 12).

1819 3825 2001 3895 Quare
2041 3837 2295 3899 putamus
2335 3837 2542 3885 tantum
2565 3831 2848 3886 doctorem
2866 3838 2976 3886 tam
2997 3831 3224 3887 sollicite
3241 3839 3293 3887 et
3312 3839 3422 3886 tam

1813 3916 2108 3988 diligenter
2129 3933 2259 3973 suos
2281 3934 2442 3989 super
2467 3920 2571 3974 hoc
2596 3919 2835 3974 voluisse
2860 3920 3154 3992 discipulos
3171 3936 3417 3977 commo-

1811 4021 1946 4060 nere
1973 4024 1986 4070 ;
2013 4005 2118 4060 nisi
2143 4006 2271 4077 quia
2291 4015 2347 4062 ut
2368 4008 2474 4063 hoc
2494 4007 2758 4074 facerent,
2784 4009 2917 4064 utile
2941 4009 3145 4065 sciebat
3173 4025 3296 4065 esse
3318 4011 3418 4077 eis,

1811 4101 1862 4150 et
1886 4093 2041 4148 valde
2063 4094 2281 4149 salubre
2305 4110 2316 4148 :
2344 4096 2495 4150 Vade
2513 4103 2567 4150 tu
2592 4097 2683 4168 qui
2705 4098 2973 4152 habitator
2988 4098 3140 4154 cella:
3156 4115 3235 4166 es,
3261 4106 3314 4154 et
3336 4098 3421 4154 fac

1810 4181 2060 4237 similiter
2090 4191 2141 4238 et
2174 4183 2321 4238 omni
2353 4183 2440 4239 die
2458 4200 2566 4256 quo
2596 4184 2721 4240 licet
2742 4187 2958 4257 operari
2983 4205 2998 4252 ;
3029 4186 3234 4259 aliquid
3263 4188 3415 4252 utile,

1814 4278 1869 4324 et
1903 4270 1974 4325 ad
1995 4271 2225 4327 fructum
2257 4272 2537 4344 pertinens
2558 4288 2904 4328 communem
2925 4274 2992 4343 (si
3009 4291 3237 4346 corpore
3258 4276 3418 4347 plene

1815 4374 1982 4413 sanus
2005 4359 2199 4431 lueris)
2223 4376 2333 4415 non
2355 4360 2576 4432 quidem
2595 4362 2741 4432 quod
2763 4370 2820 4416 tu
2849 4363 2946 4417 tibi
2965 4363 3191 4435 propria
3225 4364 3418 4420 volun-

1806 4455 1920 4502 tate
1943 4447 2201 4520 elegeris,
2227 4450 2324 4504 sed
2348 4449 2492 4520 quod
2510 4450 2606 4503 tibi
2629 4464 2659 4505 a
2680 4451 2784 4505 tuis
2803 4450 2964 4506 fuerit
2983 4452 3220 4522 praelatis
3241 4453 3418 4521 injun-

1727 4545 1780 4604 1)
1819 4545 1986 4606 ctum,
2021 4537 2264 4592 hilariter
2305 4545 2358 4593 et
2412 4537 2690 4606 ordinate,
2722 4555 2824 4610 pro
2855 4547 2947 4594 tuo
2978 4541 3118 4596 scire
3147 4548 3200 4596 et
3227 4557 3411 4614 posse,

1811 4626 2064 4681 manibus
2117 4627 2223 4681 tuis
2286 4627 2553 4698 opereris.
2587 4629 2862 4684 Memento
2904 4630 3047 4700 quod
3096 4631 3420 4686 venerabilis

1805 4715 1922 4780 Ivo,
1960 4715 2227 4771 Ecclesia:
2262 4715 2616 4772 Carnotensis
2640 4717 2930 4789 episcOpus
2951 4718 3131 4789 (epist.
3166 4721 3276 4790 10),
3300 4720 3413 4775 vir-

1805 4803 2025 4874 ginibus
2070 4804 2126 4858 in
2199 4805 2444 4860 Dunensi
2502 4805 2836 4862 monasterio
2891 4807 3237 4862 manentibus
3272 4849 3287 4872 ,
3345 4809 3414 4863 de

1803 4893 1908 4948 hoc
1949 4893 2090 4948 inter
2125 4903 2322 4949 caetera
2372 4894 2452 4950 sic
2500 4895 2689 4950 scribit
2723 4913 2735 4949 :
2772 4917 2793 4945 «
2830 4896 2897 4952 Ut
2944 4912 3180 4968 semper,
3213 4896 3408 4969 inquit,

1803 4981 2026 5036 intenta:
2056 4982 2176 5037 sitis
2209 4982 2468 5050 orationi,
2503 4991 2596 5038 aut
2618 4983 2857 5050 lectioni,
2892 4992 2984 5040 aut
3002 4985 3176 5056 operi,
3218 4993 3274 5040 ut
3295 4986 3406 5042 dia-

1802 5070 1961 5125 bolus
1994 5086 2096 5125 nec
2126 5086 2224 5126 vos
2275 5070 2515 5126 inveniat
2547 5073 2756 5128 otiosas
2812 5088 2916 5129 nec
2963 5081 3172 5128 mentes
3199 5082 3412 5130 vestras

1801 5159 2010 5213 nocivis
2039 5166 2091 5212 et
2115 5159 2268 5232 vagis
2295 5159 2716 5232 cogitationibus
2739 5162 3034 5232 expositas.
3076 5187 3098 5211 ι
3132 5163 3201 5217 Ει
3229 5164 3409 5232 adjun-

1800 5247 1878 5320 git
1914 5261 1925 5299 :
1967 5271 1988 5292 «
2026 5249 2130 5301 lste
2161 5262 2279 5302 mos
2303 5247 2473 5303 fuisse
2503 5248 2704 5321 legitur
2732 5249 2785 5304 in
2821 5251 3170 5305 monasteriis
3199 5253 3406 5324 Egyp-

1801 5335 2018 5398 tiorum,
2046 5344 2101 5389 ut
2128 5336 2402 5390 neminem
2449 5337 2756 5407 reciperent
2786 5339 2875 5410 qui
2907 5339 3074 5394 nollet
3097 5341 3247 5410 Operi
3277 5356 3408 5411 0pc-

1800 5439 1916 5478 ram
1949 5424 2102 5487 dare,
2138 5440 2248 5478 non
2279 5433 2501 5494 propter
2522 5426 2922 5493 necessitatem,
2957 5427 3054 5481 sed
3077 5436 3298 5498 pr0pter
3319 5429 3404 5483 vi-

1797 5512 2018 5566 tandam
2051 5512 2398 5580 otiositatem,
2419 5531 2538 5584 qua:
2562 5513 2778 5569 inimica
2821 5523 2903 5568 est
2936 5515 3150 5570 anima).
3177 5537 3197 5565 ι
3226 5517 3332 5572 Sed
3355 5527 3407 5571 et

1797 5599 1986 5656 beatus
2026 5600 2345 5655 Benedictus
2377 5601 2444 5655 de
2497 5601 2601 5656 hoc
2651 5601 2705 5656 in
2763 5602 2975 5674 Regula
3005 5605 3397 5660 monachorum
