  <div class='ocr_page' id='page_1' title='image "/cluster/home/n/w/nwhite01/storage/ocr_20150623/153-154/uc1.31175019678096/447.png"; bbox 0 0 3938 6416; ppageno 0'>
   <div class='ocr_carea' id='block_1_1' title="bbox 558 387 659 438">
    <p class='ocr_par' dir='ltr' id='par_1_1' title="bbox 558 387 659 438">
     <span class='ocr_line' id='line_1_1' title="bbox 558 387 659 438; baseline 0.01 -1"><span class='ocrx_word' id='word_1_1' title='bbox 558 387 659 438; x_wconf 87' lang='grc'><strong>883</strong></span> 
     </span>
    </p>
   </div>
   <div class='ocr_carea' id='block_1_2' title="bbox 561 597 2153 672">
    <p class='ocr_par' dir='ltr' id='par_1_2' title="bbox 561 597 2153 672">
     <span class='ocr_line' id='line_1_2' title="bbox 561 597 2153 672; baseline -0.003 -18"><span class='ocrx_word' id='word_1_2' title='bbox 561 607 613 654; x_wconf 92' lang='lat' dir='ltr'><strong>et</strong></span> <span class='ocrx_word' id='word_1_3' title='bbox 641 599 765 653; x_wconf 90' lang='lat' dir='ltr'><strong>ideo</strong></span> <span class='ocrx_word' id='word_1_4' title='bbox 794 600 959 654; x_wconf 99' lang='lat' dir='ltr'><strong>certis</strong></span> <span class='ocrx_word' id='word_1_5' title='bbox 990 601 1325 672; x_wconf 85' lang='lat' dir='ltr'><strong>temporibus</strong></span> <span class='ocrx_word' id='word_1_6' title='bbox 1355 601 1610 672; x_wconf 91' lang='lat' dir='ltr'><strong>occupari</strong></span> <span class='ocrx_word' id='word_1_7' title='bbox 1640 601 1841 654; x_wconf 86' lang='lat' dir='ltr'><strong>debent</strong></span> <span class='ocrx_word' id='word_1_8' title='bbox 1871 599 2065 653; x_wconf 88' lang='lat' dir='ltr'><strong>fratres</strong></span> <span class='ocrx_word' id='word_1_9' title='bbox 2100 597 2153 651; x_wconf 91' lang='lat' dir='ltr'><strong>in</strong></span> 
     </span>
    </p>
   </div>
   <div class='ocr_carea' id='block_1_3' title="bbox 557 685 2156 758">
    <p class='ocr_par' dir='ltr' id='par_1_3' title="bbox 557 685 2156 758">
     <span class='ocr_line' id='line_1_3' title="bbox 557 685 2156 758; baseline -0.001 -17"><span class='ocrx_word' id='word_1_10' title='bbox 557 688 745 743; x_wconf 90' lang='lat' dir='ltr'><strong>labore</strong></span> <span class='ocrx_word' id='word_1_11' title='bbox 768 705 1046 758; x_wconf 90' lang='lat' dir='ltr'><strong>manuum,</strong></span> <span class='ocrx_word' id='word_1_12' title='bbox 1080 690 1243 745; x_wconf 91' lang='lat' dir='ltr'><strong>certis</strong></span> <span class='ocrx_word' id='word_1_13' title='bbox 1276 690 1470 743; x_wconf 83' lang='lat' dir='ltr'><strong>iterum</strong></span> <span class='ocrx_word' id='word_1_14' title='bbox 1495 690 1642 744; x_wconf 89' lang='lat' dir='ltr'><strong>horis</strong></span> <span class='ocrx_word' id='word_1_15' title='bbox 1672 690 1726 743; x_wconf 93' lang='lat' dir='ltr'><strong>in</strong></span> <span class='ocrx_word' id='word_1_16' title='bbox 1757 688 1989 744; x_wconf 82' lang='lat' dir='ltr'><strong>lectione</strong></span> <span class='ocrx_word' id='word_1_17' title='bbox 2018 685 2156 740; x_wconf 90' lang='lat' dir='ltr'><strong>divi-</strong></span> 
     </span>
    </p>
   </div>
   <div class='ocr_carea' id='block_1_4' title="bbox 560 774 2156 848">
    <p class='ocr_par' dir='ltr' id='par_1_4' title="bbox 560 774 2156 848">
     <span class='ocr_line' id='line_1_4' title="bbox 560 774 2156 848; baseline -0.003 -18"><span class='ocrx_word' id='word_1_18' title='bbox 560 792 649 830; x_wconf 93' lang='lat' dir='ltr'><strong>na.</strong></span> <span class='ocrx_word' id='word_1_19' title='bbox 688 798 710 826; x_wconf 70' lang='grc' dir='ltr'><strong><em>ι</em></strong></span> <span class='ocrx_word' id='word_1_20' title='bbox 747 778 889 832; x_wconf 87' lang='lat' dir='ltr'><strong>Ecce</strong></span> <span class='ocrx_word' id='word_1_21' title='bbox 946 778 1181 848; x_wconf 89' lang='lat' dir='ltr'><strong>qualiter</strong></span> <span class='ocrx_word' id='word_1_22' title='bbox 1232 779 1300 833; x_wconf 91' lang='lat' dir='ltr'><strong>de</strong></span> <span class='ocrx_word' id='word_1_23' title='bbox 1359 794 1526 848; x_wconf 91' lang='lat' dir='ltr'><strong>opere</strong></span> <span class='ocrx_word' id='word_1_24' title='bbox 1574 793 1831 832; x_wconf 91' lang='lat' dir='ltr'><strong>manuum</strong></span> <span class='ocrx_word' id='word_1_25' title='bbox 1889 774 2071 845; x_wconf 83' lang='lat' dir='ltr'><strong>magni</strong></span> <span class='ocrx_word' id='word_1_26' title='bbox 2104 781 2156 827; x_wconf 93' lang='lat' dir='ltr'><strong>et</strong></span> 
     </span>
    </p>
   </div>
   <div class='ocr_carea' id='block_1_5' title="bbox 559 861 2155 938">
    <p class='ocr_par' dir='ltr' id='par_1_5' title="bbox 559 861 2155 938">
     <span class='ocr_line' id='line_1_5' title="bbox 559 861 2155 938; baseline -0.002 -20"><span class='ocrx_word' id='word_1_27' title='bbox 559 865 756 918; x_wconf 91' lang='lat' dir='ltr'><strong>summi</strong></span> <span class='ocrx_word' id='word_1_28' title='bbox 785 865 886 919; x_wconf 87' lang='lat' dir='ltr'><strong>viri</strong></span> <span class='ocrx_word' id='word_1_29' title='bbox 946 867 1179 920; x_wconf 87' lang='lat' dir='ltr'><strong>sentiunt</strong></span> <span class='ocrx_word' id='word_1_30' title='bbox 1213 882 1224 920; x_wconf 93' lang='lat'><strong>:</strong></span> <span class='ocrx_word' id='word_1_31' title='bbox 1259 883 1387 922; x_wconf 92' lang='lat' dir='ltr'><strong>ecce</strong></span> <span class='ocrx_word' id='word_1_32' title='bbox 1428 883 1549 938; x_wconf 77' lang='lat' dir='ltr'><strong>quae</strong></span> <span class='ocrx_word' id='word_1_33' title='bbox 1588 866 1655 920; x_wconf 89' lang='lat' dir='ltr'><strong>de</strong></span> <span class='ocrx_word' id='word_1_34' title='bbox 1689 882 1755 920; x_wconf 94' lang='lat' dir='ltr'><strong>eo</strong></span> <span class='ocrx_word' id='word_1_35' title='bbox 1784 865 1837 919; x_wconf 89' lang='lat' dir='ltr'><strong>in</strong></span> <span class='ocrx_word' id='word_1_36' title='bbox 1869 864 1981 918; x_wconf 86' lang='lat' dir='ltr'><strong>suis</strong></span> <span class='ocrx_word' id='word_1_37' title='bbox 2012 861 2155 917; x_wconf 90' lang='lat' dir='ltr'><strong>scri-</strong></span> 
     </span>
    </p>
   </div>
   <div class='ocr_carea' id='block_1_6' title="bbox 558 950 2157 1026">
    <p class='ocr_par' dir='ltr' id='par_1_6' title="bbox 558 950 2157 1026">
     <span class='ocr_line' id='line_1_6' title="bbox 558 950 2157 1026; baseline -0.002 -20"><span class='ocrx_word' id='word_1_38' title='bbox 558 952 664 1023; x_wconf 83' lang='lat' dir='ltr'><strong>ptis</strong></span> <span class='ocrx_word' id='word_1_39' title='bbox 721 952 1076 1025; x_wconf 89' lang='lat' dir='ltr'><strong>reliquerunt,</strong></span> <span class='ocrx_word' id='word_1_40' title='bbox 1116 954 1261 1026; x_wconf 93' lang='lat' dir='ltr'><strong>quod</strong></span> <span class='ocrx_word' id='word_1_41' title='bbox 1292 971 1391 1009; x_wconf 90' lang='lat' dir='ltr'><strong>nos</strong></span> <span class='ocrx_word' id='word_1_42' title='bbox 1445 972 1545 1025; x_wconf 89' lang='lat' dir='ltr'><strong>per</strong></span> <span class='ocrx_word' id='word_1_43' title='bbox 1599 962 1850 1025; x_wconf 90' lang='lat' dir='ltr'><strong>quartum</strong></span> <span class='ocrx_word' id='word_1_44' title='bbox 1880 952 2031 1006; x_wconf 92' lang='lat' dir='ltr'><strong>illum</strong></span> <span class='ocrx_word' id='word_1_45' title='bbox 2059 950 2157 1004; x_wconf 84' lang='lat' dir='ltr'><strong>flu-</strong></span> 
     </span>
    </p>
   </div>
   <div class='ocr_carea' id='block_1_7' title="bbox 558 1038 2155 1115">
    <p class='ocr_par' dir='ltr' id='par_1_7' title="bbox 558 1038 2155 1115">
     <span class='ocr_line' id='line_1_7' title="bbox 558 1038 2155 1115; baseline -0.003 -19"><span class='ocrx_word' id='word_1_46' title='bbox 558 1040 726 1111; x_wconf 87' lang='lat' dir='ltr'><strong>vium,</strong></span> <span class='ocrx_word' id='word_1_47' title='bbox 762 1041 855 1112; x_wconf 92' lang='lat' dir='ltr'><strong>qui</strong></span> <span class='ocrx_word' id='word_1_48' title='bbox 892 1042 960 1096; x_wconf 90' lang='lat' dir='ltr'><strong>de</strong></span> <span class='ocrx_word' id='word_1_49' title='bbox 1009 1042 1133 1099; x_wconf 94' lang='lat' dir='ltr'><strong>loco</strong></span> <span class='ocrx_word' id='word_1_50' title='bbox 1185 1042 1474 1113; x_wconf 81' lang='lat' dir='ltr'><strong>voluptatis</strong></span> <span class='ocrx_word' id='word_1_51' title='bbox 1521 1043 1819 1115; x_wconf 82' lang='lat' dir='ltr'><strong>egreditur,</strong></span> <span class='ocrx_word' id='word_1_52' title='bbox 1854 1038 2155 1095; x_wconf 90' lang='lat' dir='ltr'><strong>secundum</strong></span> 
     </span>
    </p>
   </div>
   <div class='ocr_carea' id='block_1_8' title="bbox 558 1128 2151 1201">
    <p class='ocr_par' dir='ltr' id='par_1_8' title="bbox 558 1128 2151 1201">
     <span class='ocr_line' id='line_1_8' title="bbox 558 1128 2151 1201; baseline -0.002 -19"><span class='ocrx_word' id='word_1_53' title='bbox 558 1146 782 1183; x_wconf 89' lang='lat' dir='ltr'><strong>sensum</strong></span> <span class='ocrx_word' id='word_1_54' title='bbox 811 1131 1076 1184; x_wconf 83' lang='lat' dir='ltr'><strong>moralem</strong></span> <span class='ocrx_word' id='word_1_55' title='bbox 1095 1131 1412 1201; x_wconf 84' lang='lat' dir='ltr'><strong>accipimus,</strong></span> <span class='ocrx_word' id='word_1_56' title='bbox 1439 1131 1508 1185; x_wconf 90' lang='lat' dir='ltr'><strong>de</strong></span> <span class='ocrx_word' id='word_1_57' title='bbox 1542 1146 1649 1201; x_wconf 89' lang='lat' dir='ltr'><strong>quo</strong></span> <span class='ocrx_word' id='word_1_58' title='bbox 1672 1130 1801 1185; x_wconf 88' lang='lat' dir='ltr'><strong>dicit</strong></span> <span class='ocrx_word' id='word_1_59' title='bbox 1832 1128 2112 1197; x_wconf 83' lang='lat' dir='ltr'><strong>Scriptura</strong></span> <span class='ocrx_word' id='word_1_60' title='bbox 2138 1142 2151 1179; x_wconf 90' lang='lat'><strong>:</strong></span> 
     </span>
    </p>
   </div>
   <div class='ocr_carea' id='block_1_9' title="bbox 555 1215 2155 1292">
    <p class='ocr_par' dir='ltr' id='par_1_9' title="bbox 555 1215 2155 1292">
     <span class='ocr_line' id='line_1_9' title="bbox 555 1215 2155 1292; baseline -0.002 -20"><span class='ocrx_word' id='word_1_61' title='bbox 555 1220 788 1275; x_wconf 78' lang='lat' dir='ltr'><strong>Flavius</strong></span> <span class='ocrx_word' id='word_1_62' title='bbox 819 1224 1076 1290; x_wconf 81' lang='lat' dir='ltr'><strong>quartus,</strong></span> <span class='ocrx_word' id='word_1_63' title='bbox 1114 1222 1231 1292; x_wconf 78' lang='lat' dir='ltr'><strong>ipse</strong></span> <span class='ocrx_word' id='word_1_64' title='bbox 1262 1224 1345 1275; x_wconf 82' lang='lat' dir='ltr'><strong>est</strong></span> <span class='ocrx_word' id='word_1_65' title='bbox 1380 1218 1720 1292; x_wconf 81' lang='lat' dir='ltr'><strong>Euphrates.</strong></span> <span class='ocrx_word' id='word_1_66' title='bbox 1756 1219 1824 1272; x_wconf 88' lang='lat' dir='ltr'><strong>Et</strong></span> <span class='ocrx_word' id='word_1_67' title='bbox 1851 1215 2155 1272; x_wconf 89' lang='lat' dir='ltr'><strong>certissime</strong></span> 
     </span>
    </p>
   </div>
   <div class='ocr_carea' id='block_1_10' title="bbox 560 1306 2155 1379">
    <p class='ocr_par' dir='ltr' id='par_1_10' title="bbox 560 1306 2155 1379">
     <span class='ocr_line' id='line_1_10' title="bbox 560 1306 2155 1379; baseline -0.002 -20"><span class='ocrx_word' id='word_1_68' title='bbox 560 1306 760 1361; x_wconf 91' lang='lat' dir='ltr'><strong>scimus</strong></span> <span class='ocrx_word' id='word_1_69' title='bbox 784 1322 904 1373; x_wconf 90' lang='lat' dir='ltr'><strong>nos,</strong></span> <span class='ocrx_word' id='word_1_70' title='bbox 922 1308 1065 1379; x_wconf 91' lang='lat' dir='ltr'><strong>quod</strong></span> <span class='ocrx_word' id='word_1_71' title='bbox 1088 1308 1192 1362; x_wconf 93' lang='lat' dir='ltr'><strong>nisi</strong></span> <span class='ocrx_word' id='word_1_72' title='bbox 1207 1308 1364 1364; x_wconf 90' lang='lat' dir='ltr'><strong>valde</strong></span> <span class='ocrx_word' id='word_1_73' title='bbox 1389 1307 1746 1373; x_wconf 90' lang='lat' dir='ltr'><strong>fructuosum,</strong></span> <span class='ocrx_word' id='word_1_74' title='bbox 1768 1306 2036 1375; x_wconf 86' lang='lat' dir='ltr'><strong>valdeque</strong></span> <span class='ocrx_word' id='word_1_75' title='bbox 2060 1318 2155 1357; x_wconf 90' lang='lat' dir='ltr'><strong>sa-</strong></span> 
     </span>
    </p>
   </div>
   <div class='ocr_carea' id='block_1_11' title="bbox 558 1390 2156 1461">
    <p class='ocr_par' dir='ltr' id='par_1_11' title="bbox 558 1390 2156 1461">
     <span class='ocr_line' id='line_1_11' title="bbox 558 1390 2156 1461; baseline -0.006 -9"><span class='ocrx_word' id='word_1_76' title='bbox 558 1393 714 1453; x_wconf 91' lang='lat' dir='ltr'><strong>lubre</strong></span> <span class='ocrx_word' id='word_1_77' title='bbox 731 1394 863 1449; x_wconf 91' lang='lat' dir='ltr'><strong>illud</strong></span> <span class='ocrx_word' id='word_1_78' title='bbox 885 1412 1007 1449; x_wconf 91' lang='lat' dir='ltr'><strong>esse</strong></span> <span class='ocrx_word' id='word_1_79' title='bbox 1025 1396 1341 1451; x_wconf 82' lang='lat' dir='ltr'><strong>exercitium</strong></span> <span class='ocrx_word' id='word_1_80' title='bbox 1373 1395 1597 1461; x_wconf 88' lang='lat' dir='ltr'><strong>scirent,</strong></span> <span class='ocrx_word' id='word_1_81' title='bbox 1630 1393 1778 1449; x_wconf 92' lang='lat' dir='ltr'><strong>nullo</strong></span> <span class='ocrx_word' id='word_1_82' title='bbox 1804 1392 1969 1447; x_wconf 90' lang='lat' dir='ltr'><strong>modo</strong></span> <span class='ocrx_word' id='word_1_83' title='bbox 1990 1390 2059 1445; x_wconf 90' lang='lat' dir='ltr'><strong>de</strong></span> <span class='ocrx_word' id='word_1_84' title='bbox 2089 1405 2156 1444; x_wconf 93' lang='lat' dir='ltr'><strong>eo</strong></span> 
     </span>
    </p>
   </div>
   <div class='ocr_carea' id='block_1_12' title="bbox 558 1479 2159 1555">
    <p class='ocr_par' dir='ltr' id='par_1_12' title="bbox 558 1479 2159 1555">
     <span class='ocr_line' id='line_1_12' title="bbox 558 1479 2159 1555; baseline -0.002 -18"><span class='ocrx_word' id='word_1_85' title='bbox 558 1483 853 1549; x_wconf 90' lang='lat' dir='ltr'><strong>monendo,</strong></span> <span class='ocrx_word' id='word_1_86' title='bbox 894 1483 1282 1555; x_wconf 72' lang='lat' dir='ltr'><strong>praecipiendo,</strong></span> <span class='ocrx_word' id='word_1_87' title='bbox 1333 1484 1647 1548; x_wconf 90' lang='lat' dir='ltr'><strong>scribendo,</strong></span> <span class='ocrx_word' id='word_1_88' title='bbox 1674 1491 1782 1537; x_wconf 91' lang='lat' dir='ltr'><strong>tam</strong></span> <span class='ocrx_word' id='word_1_89' title='bbox 1814 1479 2159 1537; x_wconf 86' lang='lat' dir='ltr'><strong>concorditer</strong></span> 
     </span>
    </p>
   </div>
   <div class='ocr_carea' id='block_1_13' title="bbox 559 1566 2157 1644">
    <p class='ocr_par' dir='ltr' id='par_1_13' title="bbox 559 1566 2157 1644">
     <span class='ocr_line' id='line_1_13' title="bbox 559 1566 2157 1644; baseline -0.003 -19"><span class='ocrx_word' id='word_1_90' title='bbox 559 1573 842 1627; x_wconf 87' lang='lat' dir='ltr'><strong>sentirent.</strong></span> <span class='ocrx_word' id='word_1_91' title='bbox 866 1573 992 1628; x_wconf 68' lang='lat' dir='ltr'><strong>Haec</strong></span> <span class='ocrx_word' id='word_1_92' title='bbox 1012 1573 1274 1628; x_wconf 89' lang='lat' dir='ltr'><strong>meditare</strong></span> <span class='ocrx_word' id='word_1_93' title='bbox 1294 1581 1369 1637; x_wconf 93' lang='lat' dir='ltr'><strong>tu,</strong></span> <span class='ocrx_word' id='word_1_94' title='bbox 1396 1572 1488 1644; x_wconf 89' lang='lat' dir='ltr'><strong>qui</strong></span> <span class='ocrx_word' id='word_1_95' title='bbox 1503 1572 1776 1627; x_wconf 85' lang='lat' dir='ltr'><strong>habitator</strong></span> <span class='ocrx_word' id='word_1_96' title='bbox 1796 1570 1950 1627; x_wconf 61' lang='lat' dir='ltr'><strong>cella</strong></span> <span class='ocrx_word' id='word_1_97' title='bbox 1972 1586 2032 1624; x_wconf 92' lang='lat' dir='ltr'><strong>es</strong></span> <span class='ocrx_word' id='word_1_98' title='bbox 2053 1586 2067 1635; x_wconf 90' lang='lat'><strong>;</strong></span> <span class='ocrx_word' id='word_1_99' title='bbox 2099 1566 2157 1621; x_wconf 91' lang='lat' dir='ltr'><strong>in</strong></span> 
     </span>
    </p>
   </div>
   <div class='ocr_carea' id='block_1_14' title="bbox 559 1660 2151 1732">
    <p class='ocr_par' dir='ltr' id='par_1_14' title="bbox 559 1660 2151 1732">
     <span class='ocr_line' id='line_1_14' title="bbox 559 1660 2151 1732; baseline -0.003 -18"><span class='ocrx_word' id='word_1_100' title='bbox 559 1660 645 1714; x_wconf 90' lang='lat' dir='ltr'><strong>his</strong></span> <span class='ocrx_word' id='word_1_101' title='bbox 702 1668 840 1715; x_wconf 91' lang='lat' dir='ltr'><strong>esto.</strong></span> <span class='ocrx_word' id='word_1_102' title='bbox 881 1662 1113 1716; x_wconf 82' lang='lat' dir='ltr'><strong>Attende</strong></span> <span class='ocrx_word' id='word_1_103' title='bbox 1157 1661 1275 1729; x_wconf 92' lang='lat' dir='ltr'><strong>tibi,</strong></span> <span class='ocrx_word' id='word_1_104' title='bbox 1297 1670 1349 1716; x_wconf 92' lang='lat' dir='ltr'><strong>et</strong></span> <span class='ocrx_word' id='word_1_105' title='bbox 1412 1660 1564 1732; x_wconf 85' lang='lat' dir='ltr'><strong>Operi</strong></span> <span class='ocrx_word' id='word_1_106' title='bbox 1605 1675 1863 1715; x_wconf 89' lang='lat' dir='ltr'><strong>manuum</strong></span> <span class='ocrx_word' id='word_1_107' title='bbox 1915 1665 2151 1711; x_wconf 91' lang='lat' dir='ltr'><strong>tuarum.</strong></span> 
     </span>
    </p>
   </div>
   <div class='ocr_carea' id='block_1_15' title="bbox 560 1747 2155 1819">
    <p class='ocr_par' dir='ltr' id='par_1_15' title="bbox 560 1747 2155 1819">
     <span class='ocr_line' id='line_1_15' title="bbox 560 1747 2155 1819; baseline -0.003 -17"><span class='ocrx_word' id='word_1_108' title='bbox 560 1750 708 1803; x_wconf 86' lang='lat' dir='ltr'><strong>Iusta</strong></span> <span class='ocrx_word' id='word_1_109' title='bbox 737 1749 793 1803; x_wconf 94' lang='lat' dir='ltr'><strong>in</strong></span> <span class='ocrx_word' id='word_1_110' title='bbox 821 1749 935 1804; x_wconf 92' lang='lat' dir='ltr'><strong>illo.</strong></span> <span class='ocrx_word' id='word_1_111' title='bbox 975 1750 1090 1805; x_wconf 82' lang='lat' dir='ltr'><strong>Hoc</strong></span> <span class='ocrx_word' id='word_1_112' title='bbox 1121 1758 1303 1805; x_wconf 91' lang='lat' dir='ltr'><strong>autem</strong></span> <span class='ocrx_word' id='word_1_113' title='bbox 1333 1766 1455 1804; x_wconf 90' lang='lat' dir='ltr'><strong>esse</strong></span> <span class='ocrx_word' id='word_1_114' title='bbox 1487 1750 1649 1803; x_wconf 89' lang='lat' dir='ltr'><strong>debet</strong></span> <span class='ocrx_word' id='word_1_115' title='bbox 1679 1747 1988 1819; x_wconf 88' lang='lat' dir='ltr'><strong>specialiter</strong></span> <span class='ocrx_word' id='word_1_116' title='bbox 2016 1761 2155 1816; x_wconf 91' lang='lat' dir='ltr'><strong>opus</strong></span> 
     </span>
    </p>
   </div>
   <div class='ocr_carea' id='block_1_16' title="bbox 562 1832 2225 1926">
    <p class='ocr_par' dir='ltr' id='par_1_16' title="bbox 562 1832 2225 1926">
     <span class='ocr_line' id='line_1_16' title="bbox 562 1832 2225 1926; baseline -0.002 -35"><span class='ocrx_word' id='word_1_117' title='bbox 562 1845 710 1891; x_wconf 92' lang='lat' dir='ltr'><strong>tuum</strong></span> <span class='ocrx_word' id='word_1_118' title='bbox 738 1846 796 1891; x_wconf 94' lang='lat' dir='ltr'><strong>ut</strong></span> <span class='ocrx_word' id='word_1_119' title='bbox 826 1838 988 1909; x_wconf 91' lang='lat' dir='ltr'><strong>(sicut</strong></span> <span class='ocrx_word' id='word_1_120' title='bbox 1016 1837 1111 1892; x_wconf 88' lang='lat' dir='ltr'><strong>tibi</strong></span> <span class='ocrx_word' id='word_1_121' title='bbox 1142 1838 1395 1909; x_wconf 87' lang='lat' dir='ltr'><strong>superius</strong></span> <span class='ocrx_word' id='word_1_122' title='bbox 1428 1837 1817 1905; x_wconf 83' lang='lat' dir='ltr'><strong>intimavimus)</strong></span> <span class='ocrx_word' id='word_1_123' title='bbox 1835 1835 1989 1889; x_wconf 89' lang='lat' dir='ltr'><strong>libris</strong></span> <span class='ocrx_word' id='word_1_124' title='bbox 2021 1832 2153 1889; x_wconf 87' lang='lat' dir='ltr'><strong>scri-</strong></span> <span class='ocrx_word' id='word_1_125' title='bbox 2172 1863 2225 1926; x_wconf 78' lang='grc' dir='ltr'>Β</span> 
     </span>
    </p>
   </div>
   <div class='ocr_carea' id='block_1_17' title="bbox 560 1923 2152 1997">
    <p class='ocr_par' dir='ltr' id='par_1_17' title="bbox 560 1923 2152 1997">
     <span class='ocr_line' id='line_1_17' title="bbox 560 1923 2152 1997; baseline -0.001 -19"><span class='ocrx_word' id='word_1_126' title='bbox 560 1925 755 1980; x_wconf 88' lang='lat' dir='ltr'><strong>hendis</strong></span> <span class='ocrx_word' id='word_1_127' title='bbox 804 1942 1028 1996; x_wconf 90' lang='lat' dir='ltr'><strong>operam</strong></span> <span class='ocrx_word' id='word_1_128' title='bbox 1057 1927 1346 1997; x_wconf 82' lang='lat' dir='ltr'><strong>diligenter</strong></span> <span class='ocrx_word' id='word_1_129' title='bbox 1374 1926 1679 1997; x_wconf 83' lang='lat' dir='ltr'><strong>impendas.</strong></span> <span class='ocrx_word' id='word_1_130' title='bbox 1724 1927 1840 1980; x_wconf 85' lang='lat' dir='ltr'><strong>Hoc</strong></span> <span class='ocrx_word' id='word_1_131' title='bbox 1884 1923 2152 1996; x_wconf 88' lang='lat' dir='ltr'><strong>siquidem</strong></span> 
     </span>
    </p>
   </div>
   <div class='ocr_carea' id='block_1_18' title="bbox 562 2012 2151 2085">
    <p class='ocr_par' dir='ltr' id='par_1_18' title="bbox 562 2012 2151 2085">
     <span class='ocr_line' id='line_1_18' title="bbox 562 2012 2151 2085; baseline -0.001 -18"><span class='ocrx_word' id='word_1_132' title='bbox 562 2014 798 2084; x_wconf 88' lang='lat' dir='ltr'><strong>speciale</strong></span> <span class='ocrx_word' id='word_1_133' title='bbox 830 2032 954 2069; x_wconf 91' lang='lat' dir='ltr'><strong>esse</strong></span> <span class='ocrx_word' id='word_1_134' title='bbox 1010 2015 1173 2069; x_wconf 86' lang='lat' dir='ltr'><strong>debet</strong></span> <span class='ocrx_word' id='word_1_135' title='bbox 1219 2031 1357 2085; x_wconf 90' lang='lat' dir='ltr'><strong>opus</strong></span> <span class='ocrx_word' id='word_1_136' title='bbox 1397 2014 1865 2070; x_wconf 88' lang='lat' dir='ltr'><strong>Carthusiensium</strong></span> <span class='ocrx_word' id='word_1_137' title='bbox 1906 2012 2151 2067; x_wconf 90' lang='lat' dir='ltr'><strong>incluso-</strong></span> 
     </span>
    </p>
   </div>
   <div class='ocr_carea' id='block_1_19' title="bbox 561 2099 2151 2173">
    <p class='ocr_par' dir='ltr' id='par_1_19' title="bbox 561 2099 2151 2173">
     <span class='ocr_line' id='line_1_19' title="bbox 561 2099 2151 2173; baseline -0.002 -16"><span class='ocrx_word' id='word_1_138' title='bbox 561 2120 703 2158; x_wconf 92' lang='lat' dir='ltr'><strong>rum.</strong></span> <span class='ocrx_word' id='word_1_139' title='bbox 735 2103 873 2159; x_wconf 87' lang='lat' dir='ltr'><strong>Hinc</strong></span> <span class='ocrx_word' id='word_1_140' title='bbox 900 2104 1057 2159; x_wconf 67' lang='lat' dir='ltr'><strong>bona:</strong></span> <span class='ocrx_word' id='word_1_141' title='bbox 1112 2104 1412 2173; x_wconf 56' lang='lat' dir='ltr'><strong>memoriae,</strong></span> <span class='ocrx_word' id='word_1_142' title='bbox 1443 2112 1495 2159; x_wconf 91' lang='lat' dir='ltr'><strong>et</strong></span> <span class='ocrx_word' id='word_1_143' title='bbox 1542 2119 1665 2159; x_wconf 92' lang='lat' dir='ltr'><strong>cum</strong></span> <span class='ocrx_word' id='word_1_144' title='bbox 1712 2101 1860 2158; x_wconf 91' lang='lat' dir='ltr'><strong>omni</strong></span> <span class='ocrx_word' id='word_1_145' title='bbox 1889 2099 2151 2156; x_wconf 83' lang='lat' dir='ltr'><strong>honorifi-</strong></span> 
     </span>
    </p>
   </div>
   <div class='ocr_carea' id='block_1_20' title="bbox 558 2189 2153 2264">
    <p class='ocr_par' dir='ltr' id='par_1_20' title="bbox 558 2189 2153 2264">
     <span class='ocr_line' id='line_1_20' title="bbox 558 2189 2153 2264; baseline -0.003 -17"><span class='ocrx_word' id='word_1_146' title='bbox 558 2191 738 2247; x_wconf 91' lang='lat' dir='ltr'><strong>centia</strong></span> <span class='ocrx_word' id='word_1_147' title='bbox 763 2192 1129 2247; x_wconf 89' lang='lat' dir='ltr'><strong>nominandus</strong></span> <span class='ocrx_word' id='word_1_148' title='bbox 1158 2193 1487 2247; x_wconf 88' lang='lat' dir='ltr'><strong>venerabilis</strong></span> <span class='ocrx_word' id='word_1_149' title='bbox 1518 2192 1718 2264; x_wconf 90' lang='lat' dir='ltr'><strong>Guigo,</strong></span> <span class='ocrx_word' id='word_1_150' title='bbox 1752 2189 1973 2263; x_wconf 90' lang='lat' dir='ltr'><strong>quintus</strong></span> <span class='ocrx_word' id='word_1_151' title='bbox 2029 2190 2153 2243; x_wconf 88' lang='lat' dir='ltr'><strong>Car-</strong></span> 
     </span>
    </p>
   </div>
   <div class='ocr_carea' id='block_1_21' title="bbox 560 2277 2142 2352">
    <p class='ocr_par' dir='ltr' id='par_1_21' title="bbox 560 2277 2142 2352">
     <span class='ocr_line' id='line_1_21' title="bbox 560 2277 2142 2352; baseline -0.001 -18"><span class='ocrx_word' id='word_1_152' title='bbox 560 2280 854 2336; x_wconf 91' lang='lat' dir='ltr'><strong>thusiensis</strong></span> <span class='ocrx_word' id='word_1_153' title='bbox 876 2282 1043 2336; x_wconf 90' lang='lat' dir='ltr'><strong>eremi</strong></span> <span class='ocrx_word' id='word_1_154' title='bbox 1072 2281 1244 2352; x_wconf 90' lang='lat' dir='ltr'><strong>prior,</strong></span> <span class='ocrx_word' id='word_1_155' title='bbox 1280 2280 1473 2336; x_wconf 89' lang='lat' dir='ltr'><strong>litteris</strong></span> <span class='ocrx_word' id='word_1_156' title='bbox 1495 2288 1575 2351; x_wconf 85' lang='lat' dir='ltr'><strong>(ut</strong></span> <span class='ocrx_word' id='word_1_157' title='bbox 1594 2281 1853 2351; x_wconf 88' lang='lat' dir='ltr'><strong>legimus)</strong></span> <span class='ocrx_word' id='word_1_158' title='bbox 1874 2277 2142 2334; x_wconf 58' lang='lat' dir='ltr'><strong>saeculari-</strong></span> 
     </span>
    </p>
   </div>
   <div class='ocr_carea' id='block_1_22' title="bbox 556 2368 2150 2440">
    <p class='ocr_par' dir='ltr' id='par_1_22' title="bbox 556 2368 2150 2440">
     <span class='ocr_line' id='line_1_22' title="bbox 556 2368 2150 2440; baseline -0.001 -18"><span class='ocrx_word' id='word_1_159' title='bbox 556 2369 659 2423; x_wconf 92' lang='lat' dir='ltr'><strong>bus</strong></span> <span class='ocrx_word' id='word_1_160' title='bbox 680 2379 731 2425; x_wconf 90' lang='lat' dir='ltr'><strong>et</strong></span> <span class='ocrx_word' id='word_1_161' title='bbox 756 2369 953 2425; x_wconf 90' lang='lat' dir='ltr'><strong>divinis</strong></span> <span class='ocrx_word' id='word_1_162' title='bbox 991 2370 1282 2425; x_wconf 88' lang='lat' dir='ltr'><strong>admodum</strong></span> <span class='ocrx_word' id='word_1_163' title='bbox 1307 2369 1565 2435; x_wconf 88' lang='lat' dir='ltr'><strong>eruditus,</strong></span> <span class='ocrx_word' id='word_1_164' title='bbox 1600 2385 1728 2424; x_wconf 89' lang='lat' dir='ltr'><strong>acer</strong></span> <span class='ocrx_word' id='word_1_165' title='bbox 1753 2368 1995 2440; x_wconf 91' lang='lat' dir='ltr'><strong>ingenio,</strong></span> <span class='ocrx_word' id='word_1_166' title='bbox 2027 2382 2150 2421; x_wconf 90' lang='lat' dir='ltr'><strong>me-</strong></span> 
     </span>
    </p>
   </div>
   <div class='ocr_carea' id='block_1_23' title="bbox 556 2454 2145 2525">
    <p class='ocr_par' dir='ltr' id='par_1_23' title="bbox 556 2454 2145 2525">
     <span class='ocr_line' id='line_1_23' title="bbox 556 2454 2145 2525; baseline -0.002 -13"><span class='ocrx_word' id='word_1_167' title='bbox 556 2458 733 2513; x_wconf 86' lang='lat' dir='ltr'><strong>moria</strong></span> <span class='ocrx_word' id='word_1_168' title='bbox 762 2466 943 2525; x_wconf 82' lang='lat' dir='ltr'><strong>tenax,</strong></span> <span class='ocrx_word' id='word_1_169' title='bbox 992 2458 1259 2515; x_wconf 76' lang='lat' dir='ltr'><strong>facundize</strong></span> <span class='ocrx_word' id='word_1_170' title='bbox 1288 2458 1647 2522; x_wconf 87' lang='lat' dir='ltr'><strong>admirabilis,</strong></span> <span class='ocrx_word' id='word_1_171' title='bbox 1682 2458 1995 2512; x_wconf 85' lang='lat' dir='ltr'><strong>exhortator</strong></span> <span class='ocrx_word' id='word_1_172' title='bbox 2026 2454 2145 2510; x_wconf 75' lang='lat' dir='ltr'><strong>eili-</strong></span> 
     </span>
    </p>
   </div>
   <div class='ocr_carea' id='block_1_24' title="bbox 556 2542 2151 2619">
    <p class='ocr_par' dir='ltr' id='par_1_24' title="bbox 556 2542 2151 2619">
     <span class='ocr_line' id='line_1_24' title="bbox 556 2542 2151 2619; baseline -0.004 -16"><span class='ocrx_word' id='word_1_173' title='bbox 556 2547 907 2613; x_wconf 89' lang='lat' dir='ltr'><strong>cacissimus;</strong></span> <span class='ocrx_word' id='word_1_174' title='bbox 986 2548 1107 2614; x_wconf 89' lang='lat' dir='ltr'><strong>hic,</strong></span> <span class='ocrx_word' id='word_1_175' title='bbox 1157 2547 1398 2619; x_wconf 90' lang='lat' dir='ltr'><strong>inquam,</strong></span> <span class='ocrx_word' id='word_1_176' title='bbox 1433 2554 1610 2602; x_wconf 91' lang='lat' dir='ltr'><strong>tantus</strong></span> <span class='ocrx_word' id='word_1_177' title='bbox 1665 2561 1731 2601; x_wconf 89' lang='lat' dir='ltr'><strong>ac</strong></span> <span class='ocrx_word' id='word_1_178' title='bbox 1775 2544 1901 2600; x_wconf 91' lang='lat' dir='ltr'><strong>talis</strong></span> <span class='ocrx_word' id='word_1_179' title='bbox 1932 2544 2033 2610; x_wconf 92' lang='lat' dir='ltr'><strong>vir,</strong></span> <span class='ocrx_word' id='word_1_180' title='bbox 2095 2542 2151 2598; x_wconf 94' lang='lat' dir='ltr'><strong>in</strong></span> 
     </span>
    </p>
   </div>
   <div class='ocr_carea' id='block_1_25' title="bbox 554 2632 2149 2706">
    <p class='ocr_par' dir='ltr' id='par_1_25' title="bbox 554 2632 2149 2706">
     <span class='ocr_line' id='line_1_25' title="bbox 554 2632 2149 2706; baseline -0.003 -17"><span class='ocrx_word' id='word_1_181' title='bbox 554 2636 696 2690; x_wconf 93' lang='lat' dir='ltr'><strong>libro</strong></span> <span class='ocrx_word' id='word_1_182' title='bbox 759 2636 1163 2692; x_wconf 90' lang='lat' dir='ltr'><strong>Institutionum</strong></span> <span class='ocrx_word' id='word_1_183' title='bbox 1219 2636 1619 2691; x_wconf 87' lang='lat' dir='ltr'><strong>Carthusiensis</strong></span> <span class='ocrx_word' id='word_1_184' title='bbox 1667 2632 1953 2706; x_wconf 88' lang='lat' dir='ltr'><strong>propositi,</strong></span> <span class='ocrx_word' id='word_1_185' title='bbox 1988 2648 2149 2703; x_wconf 91' lang='lat' dir='ltr'><strong>quem</strong></span> 
     </span>
    </p>
   </div>
   <div class='ocr_carea' id='block_1_26' title="bbox 554 2719 2150 2796">
    <p class='ocr_par' dir='ltr' id='par_1_26' title="bbox 554 2719 2150 2796">
     <span class='ocr_line' id='line_1_26' title="bbox 554 2719 2150 2796; baseline -0.003 -18"><span class='ocrx_word' id='word_1_186' title='bbox 554 2725 671 2794; x_wconf 90' lang='lat' dir='ltr'><strong>ipse</strong></span> <span class='ocrx_word' id='word_1_187' title='bbox 702 2723 936 2796; x_wconf 91' lang='lat' dir='ltr'><strong>scripsit,</strong></span> <span class='ocrx_word' id='word_1_188' title='bbox 971 2724 1045 2779; x_wconf 89' lang='lat' dir='ltr'><strong>ita</strong></span> <span class='ocrx_word' id='word_1_189' title='bbox 1074 2725 1144 2780; x_wconf 90' lang='lat' dir='ltr'><strong>de</strong></span> <span class='ocrx_word' id='word_1_190' title='bbox 1175 2724 1279 2781; x_wconf 90' lang='lat' dir='ltr'><strong>hoc</strong></span> <span class='ocrx_word' id='word_1_191' title='bbox 1307 2724 1454 2791; x_wconf 90' lang='lat' dir='ltr'><strong>dicit,</strong></span> <span class='ocrx_word' id='word_1_192' title='bbox 1489 2723 1725 2795; x_wconf 91' lang='lat' dir='ltr'><strong>capitulo</strong></span> <span class='ocrx_word' id='word_1_193' title='bbox 1755 2721 1999 2792; x_wconf 88' lang='lat' dir='ltr'><strong>ejusdem</strong></span> <span class='ocrx_word' id='word_1_194' title='bbox 2027 2719 2150 2775; x_wconf 89' lang='lat' dir='ltr'><strong>libri</strong></span> 
     </span>
    </p>
   </div>
   <div class='ocr_carea' id='block_1_27' title="bbox 553 2809 2145 2885">
    <p class='ocr_par' dir='ltr' id='par_1_27' title="bbox 553 2809 2145 2885">
     <span class='ocr_line' id='line_1_27' title="bbox 553 2809 2145 2885; baseline -0.003 -18"><span class='ocrx_word' id='word_1_195' title='bbox 553 2812 822 2885; x_wconf 88' lang='lat' dir='ltr'><strong>vigesimo</strong></span> <span class='ocrx_word' id='word_1_196' title='bbox 849 2821 1043 2870; x_wconf 92' lang='lat' dir='ltr'><strong>octavo</strong></span> <span class='ocrx_word' id='word_1_197' title='bbox 1076 2831 1089 2868; x_wconf 89' lang='lat'><strong>:</strong></span> <span class='ocrx_word' id='word_1_198' title='bbox 1123 2833 1145 2864; x_wconf 75' lang='grc' dir='ltr'>ι</span> <span class='ocrx_word' id='word_1_199' title='bbox 1198 2812 1404 2869; x_wconf 91' lang='lat' dir='ltr'><strong>Omnes</strong></span> <span class='ocrx_word' id='word_1_200' title='bbox 1432 2829 1572 2885; x_wconf 90' lang='lat' dir='ltr'><strong>pene</strong></span> <span class='ocrx_word' id='word_1_201' title='bbox 1629 2828 1767 2883; x_wconf 91' lang='lat' dir='ltr'><strong>quos</strong></span> <span class='ocrx_word' id='word_1_202' title='bbox 1798 2809 2145 2879; x_wconf 89' lang='lat' dir='ltr'><strong>suscipimus,</strong></span> 
     </span>
    </p>
   </div>
   <div class='ocr_carea' id='block_1_28' title="bbox 552 2900 2144 2972">
    <p class='ocr_par' dir='ltr' id='par_1_28' title="bbox 552 2900 2144 2972">
     <span class='ocr_line' id='line_1_28' title="bbox 552 2900 2144 2972; baseline -0.002 -18"><span class='ocrx_word' id='word_1_203' title='bbox 552 2901 597 2955; x_wconf 92' lang='lat' dir='ltr'><strong>si</strong></span> <span class='ocrx_word' id='word_1_204' title='bbox 629 2900 748 2956; x_wconf 83' lang='lat' dir='ltr'><strong>fieri</strong></span> <span class='ocrx_word' id='word_1_205' title='bbox 776 2909 974 2972; x_wconf 90' lang='lat' dir='ltr'><strong>potest,</strong></span> <span class='ocrx_word' id='word_1_206' title='bbox 1009 2902 1249 2958; x_wconf 89' lang='lat' dir='ltr'><strong>scribere</strong></span> <span class='ocrx_word' id='word_1_207' title='bbox 1280 2902 1559 2958; x_wconf 89' lang='lat' dir='ltr'><strong>docemus.</strong></span> <span class='ocrx_word' id='word_1_208' title='bbox 1600 2925 1622 2948; x_wconf 85' lang='lat'><strong>»</strong></span> <span class='ocrx_word' id='word_1_209' title='bbox 1664 2901 1732 2954; x_wconf 93' lang='lat' dir='ltr'><strong>Et</strong></span> <span class='ocrx_word' id='word_1_210' title='bbox 1786 2906 1909 2969; x_wconf 91' lang='lat' dir='ltr'><strong>post</strong></span> <span class='ocrx_word' id='word_1_211' title='bbox 1954 2911 2144 2968; x_wconf 90' lang='lat' dir='ltr'><strong>pauca.</strong></span> 
     </span>
    </p>
   </div>
   <div class='ocr_carea' id='block_1_29' title="bbox 558 2986 2149 3062">
    <p class='ocr_par' dir='ltr' id='par_1_29' title="bbox 558 2986 2149 3062">
     <span class='ocr_line' id='line_1_29' title="bbox 558 2986 2149 3062; baseline -0.001 -22"><span class='ocrx_word' id='word_1_212' title='bbox 558 3012 580 3040; x_wconf 73' lang='grc' dir='ltr'>ι</span> <span class='ocrx_word' id='word_1_213' title='bbox 615 2989 807 3046; x_wconf 90' lang='lat' dir='ltr'><strong>Libros</strong></span> <span class='ocrx_word' id='word_1_214' title='bbox 836 2990 1058 3062; x_wconf 88' lang='lat' dir='ltr'><strong>quippe,</strong></span> <span class='ocrx_word' id='word_1_215' title='bbox 1101 2999 1361 3061; x_wconf 91' lang='lat' dir='ltr'><strong>tanquam</strong></span> <span class='ocrx_word' id='word_1_216' title='bbox 1417 2989 1812 3061; x_wconf 90' lang='lat' dir='ltr'><strong>sempiternum</strong></span> <span class='ocrx_word' id='word_1_217' title='bbox 1841 2986 2149 3041; x_wconf 88' lang='lat' dir='ltr'><strong>animarum</strong></span> 
     </span>
    </p>
   </div>
   <div class='ocr_carea' id='block_1_30' title="bbox 558 3074 2147 3142">
    <p class='ocr_par' dir='ltr' id='par_1_30' title="bbox 558 3074 2147 3142">
     <span class='ocr_line' id='line_1_30' title="bbox 558 3074 2147 3142; baseline -0.003 -10"><span class='ocrx_word' id='word_1_218' title='bbox 558 3086 866 3133; x_wconf 89' lang='lat' dir='ltr'><strong>nostrarum</strong></span> <span class='ocrx_word' id='word_1_219' title='bbox 905 3078 1085 3133; x_wconf 91' lang='lat' dir='ltr'><strong>cibum</strong></span> <span class='ocrx_word' id='word_1_220' title='bbox 1123 3078 1435 3133; x_wconf 89' lang='lat' dir='ltr'><strong>cautissime</strong></span> <span class='ocrx_word' id='word_1_221' title='bbox 1491 3076 1767 3142; x_wconf 89' lang='lat' dir='ltr'><strong>custodiri,</strong></span> <span class='ocrx_word' id='word_1_222' title='bbox 1804 3083 1857 3130; x_wconf 92' lang='lat' dir='ltr'><strong>et</strong></span> <span class='ocrx_word' id='word_1_223' title='bbox 1905 3074 2147 3130; x_wconf 88' lang='lat' dir='ltr'><strong>studiose</strong></span> 
     </span>
    </p>
   </div>
   <div class='ocr_carea' id='block_1_31' title="bbox 552 3163 2149 3239">
    <p class='ocr_par' dir='ltr' id='par_1_31' title="bbox 552 3163 2149 3239">
     <span class='ocr_line' id='line_1_31' title="bbox 552 3163 2149 3239; baseline -0.004 -17"><span class='ocrx_word' id='word_1_224' title='bbox 552 3166 808 3222; x_wconf 90' lang='lat' dir='ltr'><strong>volumus</strong></span> <span class='ocrx_word' id='word_1_225' title='bbox 838 3164 973 3222; x_wconf 81' lang='lat' dir='ltr'><strong>fieri.</strong></span> <span class='ocrx_word' id='word_1_226' title='bbox 1008 3168 1077 3224; x_wconf 91' lang='lat' dir='ltr'><strong>Ut</strong></span> <span class='ocrx_word' id='word_1_227' title='bbox 1112 3166 1240 3239; x_wconf 87' lang='lat' dir='ltr'><strong>quia</strong></span> <span class='ocrx_word' id='word_1_228' title='bbox 1274 3182 1369 3222; x_wconf 91' lang='lat' dir='ltr'><strong>ore</strong></span> <span class='ocrx_word' id='word_1_229' title='bbox 1400 3181 1507 3222; x_wconf 93' lang='lat' dir='ltr'><strong>non</strong></span> <span class='ocrx_word' id='word_1_230' title='bbox 1567 3180 1860 3237; x_wconf 85' lang='lat' dir='ltr'><strong>possumus</strong></span> <span class='ocrx_word' id='word_1_231' title='bbox 1888 3163 1989 3218; x_wconf 91' lang='lat' dir='ltr'><strong>Dei</strong></span> <span class='ocrx_word' id='word_1_232' title='bbox 2016 3178 2149 3217; x_wconf 89' lang='lat' dir='ltr'><strong>ver-</strong></span> 
     </span>
    </p>
   </div>
   <div class='ocr_carea' id='block_1_32' title="bbox 558 3252 2219 3325">
    <p class='ocr_par' dir='ltr' id='par_1_32' title="bbox 558 3252 2219 3325">
     <span class='ocr_line' id='line_1_32' title="bbox 558 3252 2219 3325; baseline -0.002 -16"><span class='ocrx_word' id='word_1_233' title='bbox 558 3254 687 3309; x_wconf 89' lang='lat' dir='ltr'><strong>bum</strong></span> <span class='ocrx_word' id='word_1_234' title='bbox 734 3254 984 3309; x_wconf 90' lang='lat' dir='ltr'><strong>manibus</strong></span> <span class='ocrx_word' id='word_1_235' title='bbox 1022 3254 1403 3325; x_wconf 67' lang='lat' dir='ltr'><strong>praedicemus.</strong></span> <span class='ocrx_word' id='word_1_236' title='bbox 1443 3279 1464 3304; x_wconf 72' lang='grc' dir='ltr'><strong><em>η</em></strong></span> <span class='ocrx_word' id='word_1_237' title='bbox 1518 3254 1651 3323; x_wconf 68' lang='lat' dir='ltr'><strong>Quae</strong></span> <span class='ocrx_word' id='word_1_238' title='bbox 1700 3261 1883 3309; x_wconf 89' lang='lat' dir='ltr'><strong>autem</strong></span> <span class='ocrx_word' id='word_1_239' title='bbox 1940 3269 2006 3307; x_wconf 85' lang='lat' dir='ltr'><strong>ex</strong></span> <span class='ocrx_word' id='word_1_240' title='bbox 2043 3252 2149 3306; x_wconf 91' lang='lat' dir='ltr'><strong>hoc</strong></span> <span class='ocrx_word' id='word_1_241' title='bbox 2173 3252 2219 3281; x_wconf 62' lang='grc' dir='ltr'><strong>ἐλ</strong></span> 
     </span>
    </p>
   </div>
   <div class='ocr_carea' id='block_1_33' title="bbox 556 3340 2148 3413">
    <p class='ocr_par' dir='ltr' id='par_1_33' title="bbox 556 3340 2148 3413">
     <span class='ocr_line' id='line_1_33' title="bbox 556 3340 2148 3413; baseline -0.004 -14"><span class='ocrx_word' id='word_1_242' title='bbox 556 3343 759 3399; x_wconf 85' lang='lat' dir='ltr'><strong>utilitas</strong></span> <span class='ocrx_word' id='word_1_243' title='bbox 814 3344 1115 3413; x_wconf 86' lang='lat' dir='ltr'><strong>proveniat,</strong></span> <span class='ocrx_word' id='word_1_244' title='bbox 1159 3344 1397 3399; x_wconf 90' lang='lat' dir='ltr'><strong>ostendit</strong></span> <span class='ocrx_word' id='word_1_245' title='bbox 1445 3342 1685 3398; x_wconf 89' lang='lat' dir='ltr'><strong>subdens</strong></span> <span class='ocrx_word' id='word_1_246' title='bbox 1718 3357 1731 3397; x_wconf 92' lang='lat'><strong>:</strong></span> <span class='ocrx_word' id='word_1_247' title='bbox 1769 3364 1791 3390; x_wconf 76' lang='grc' dir='ltr'>ι</span> <span class='ocrx_word' id='word_1_248' title='bbox 1827 3340 1972 3410; x_wconf 87' lang='lat' dir='ltr'><strong>Quot</strong></span> <span class='ocrx_word' id='word_1_249' title='bbox 2001 3340 2148 3395; x_wconf 89' lang='lat' dir='ltr'><strong>enim</strong></span> 
     </span>
    </p>
   </div>
   <div class='ocr_carea' id='block_1_34' title="bbox 551 3427 2147 3503">
    <p class='ocr_par' dir='ltr' id='par_1_34' title="bbox 551 3427 2147 3503">
     <span class='ocr_line' id='line_1_34' title="bbox 551 3427 2147 3503; baseline -0.003 -17"><span class='ocrx_word' id='word_1_250' title='bbox 551 3432 722 3488; x_wconf 93' lang='lat' dir='ltr'><strong>libros</strong></span> <span class='ocrx_word' id='word_1_251' title='bbox 754 3432 1063 3497; x_wconf 87' lang='lat' dir='ltr'><strong>scribimus,</strong></span> <span class='ocrx_word' id='word_1_252' title='bbox 1099 3440 1174 3487; x_wconf 93' lang='lat' dir='ltr'><strong>tot</strong></span> <span class='ocrx_word' id='word_1_253' title='bbox 1202 3432 1361 3487; x_wconf 92' lang='lat' dir='ltr'><strong>nobis</strong></span> <span class='ocrx_word' id='word_1_254' title='bbox 1390 3432 1633 3488; x_wconf 86' lang='lat' dir='ltr'><strong>veritatis</strong></span> <span class='ocrx_word' id='word_1_255' title='bbox 1663 3445 1947 3503; x_wconf 70' lang='lat' dir='ltr'><strong>praecones</strong></span> <span class='ocrx_word' id='word_1_256' title='bbox 1968 3427 2147 3484; x_wconf 89' lang='lat' dir='ltr'><strong>facere</strong></span> 
     </span>
    </p>
   </div>
   <div class='ocr_carea' id='block_1_35' title="bbox 550 3519 2139 3591">
    <p class='ocr_par' dir='ltr' id='par_1_35' title="bbox 550 3519 2139 3591">
     <span class='ocr_line' id='line_1_35' title="bbox 550 3519 2139 3591; baseline -0.004 -15"><span class='ocrx_word' id='word_1_257' title='bbox 550 3521 814 3589; x_wconf 87' lang='lat' dir='ltr'><strong>videmur,</strong></span> <span class='ocrx_word' id='word_1_258' title='bbox 851 3529 1136 3591; x_wconf 89' lang='lat' dir='ltr'><strong>sperantes</strong></span> <span class='ocrx_word' id='word_1_259' title='bbox 1166 3536 1200 3576; x_wconf 92' lang='lat' dir='ltr'><strong>a</strong></span> <span class='ocrx_word' id='word_1_260' title='bbox 1230 3521 1464 3576; x_wconf 90' lang='lat' dir='ltr'><strong>Domino</strong></span> <span class='ocrx_word' id='word_1_261' title='bbox 1517 3519 1853 3584; x_wconf 89' lang='lat' dir='ltr'><strong>mercedem,</strong></span> <span class='ocrx_word' id='word_1_262' title='bbox 1897 3533 1996 3588; x_wconf 93' lang='lat' dir='ltr'><strong>pro</strong></span> <span class='ocrx_word' id='word_1_263' title='bbox 2024 3532 2139 3571; x_wconf 80' lang='lat' dir='ltr'><strong>om-</strong></span> 
     </span>
    </p>
   </div>
   <div class='ocr_carea' id='block_1_36' title="bbox 550 3605 2148 3680">
    <p class='ocr_par' dir='ltr' id='par_1_36' title="bbox 550 3605 2148 3680">
     <span class='ocr_line' id='line_1_36' title="bbox 550 3605 2148 3680; baseline -0.004 -16"><span class='ocrx_word' id='word_1_264' title='bbox 550 3610 709 3665; x_wconf 90' lang='lat' dir='ltr'><strong>nibus</strong></span> <span class='ocrx_word' id='word_1_265' title='bbox 739 3608 833 3680; x_wconf 87' lang='lat' dir='ltr'><strong>qui</strong></span> <span class='ocrx_word' id='word_1_266' title='bbox 859 3626 957 3680; x_wconf 89' lang='lat' dir='ltr'><strong>per</strong></span> <span class='ocrx_word' id='word_1_267' title='bbox 988 3626 1083 3665; x_wconf 91' lang='lat' dir='ltr'><strong>eos</strong></span> <span class='ocrx_word' id='word_1_268' title='bbox 1114 3609 1196 3664; x_wconf 93' lang='lat' dir='ltr'><strong>vel</strong></span> <span class='ocrx_word' id='word_1_269' title='bbox 1228 3610 1299 3664; x_wconf 88' lang='lat' dir='ltr'><strong>ab</strong></span> <span class='ocrx_word' id='word_1_270' title='bbox 1328 3625 1511 3665; x_wconf 90' lang='lat' dir='ltr'><strong>errore</strong></span> <span class='ocrx_word' id='word_1_271' title='bbox 1549 3608 1782 3665; x_wconf 90' lang='lat' dir='ltr'><strong>correcti</strong></span> <span class='ocrx_word' id='word_1_272' title='bbox 1808 3606 2028 3672; x_wconf 85' lang='lat' dir='ltr'><strong>fuerint,</strong></span> <span class='ocrx_word' id='word_1_273' title='bbox 2060 3605 2148 3660; x_wconf 90' lang='lat' dir='ltr'><strong>vel</strong></span> 
     </span>
    </p>
   </div>
   <div class='ocr_carea' id='block_1_37' title="bbox 549 3693 2144 3770">
    <p class='ocr_par' dir='ltr' id='par_1_37' title="bbox 549 3693 2144 3770">
     <span class='ocr_line' id='line_1_37' title="bbox 549 3693 2144 3770; baseline -0.004 -18"><span class='ocrx_word' id='word_1_274' title='bbox 549 3697 607 3752; x_wconf 91' lang='lat' dir='ltr'><strong>in</strong></span> <span class='ocrx_word' id='word_1_275' title='bbox 644 3697 912 3754; x_wconf 88' lang='lat' dir='ltr'><strong>catholica</strong></span> <span class='ocrx_word' id='word_1_276' title='bbox 940 3697 1168 3753; x_wconf 86' lang='lat' dir='ltr'><strong>veritate</strong></span> <span class='ocrx_word' id='word_1_277' title='bbox 1210 3697 1559 3770; x_wconf 85' lang='lat' dir='ltr'><strong>profecerint.</strong></span> <span class='ocrx_word' id='word_1_278' title='bbox 1592 3698 1696 3752; x_wconf 89' lang='lat' dir='ltr'><strong>Pro</strong></span> <span class='ocrx_word' id='word_1_279' title='bbox 1726 3695 1935 3751; x_wconf 90' lang='lat' dir='ltr'><strong>cunctis</strong></span> <span class='ocrx_word' id='word_1_280' title='bbox 1965 3693 2144 3759; x_wconf 90' lang='lat' dir='ltr'><strong>etiam,</strong></span> 
     </span>
    </p>
   </div>
   <div class='ocr_carea' id='block_1_38' title="bbox 553 3781 2149 3857">
    <p class='ocr_par' dir='ltr' id='par_1_38' title="bbox 553 3781 2149 3857">
     <span class='ocr_line' id='line_1_38' title="bbox 553 3781 2149 3857; baseline -0.003 -16"><span class='ocrx_word' id='word_1_281' title='bbox 553 3787 646 3857; x_wconf 89' lang='lat' dir='ltr'><strong>qui</strong></span> <span class='ocrx_word' id='word_1_282' title='bbox 677 3786 764 3840; x_wconf 91' lang='lat' dir='ltr'><strong>vel</strong></span> <span class='ocrx_word' id='word_1_283' title='bbox 794 3800 828 3841; x_wconf 91' lang='lat' dir='ltr'><strong>a</strong></span> <span class='ocrx_word' id='word_1_284' title='bbox 858 3786 971 3841; x_wconf 87' lang='lat' dir='ltr'><strong>suis</strong></span> <span class='ocrx_word' id='word_1_285' title='bbox 999 3786 1243 3857; x_wconf 88' lang='lat' dir='ltr'><strong>peccatis</strong></span> <span class='ocrx_word' id='word_1_286' title='bbox 1300 3795 1353 3840; x_wconf 90' lang='lat' dir='ltr'><strong>et</strong></span> <span class='ocrx_word' id='word_1_287' title='bbox 1390 3785 1535 3841; x_wconf 79' lang='lat' dir='ltr'><strong>vitiis</strong></span> <span class='ocrx_word' id='word_1_288' title='bbox 1590 3782 1919 3856; x_wconf 89' lang='lat' dir='ltr'><strong>compuncti,</strong></span> <span class='ocrx_word' id='word_1_289' title='bbox 1961 3781 2048 3838; x_wconf 89' lang='lat' dir='ltr'><strong>vel</strong></span> <span class='ocrx_word' id='word_1_290' title='bbox 2081 3781 2149 3837; x_wconf 91' lang='lat' dir='ltr'><strong>ad</strong></span> 
     </span>
    </p>
   </div>
   <div class='ocr_carea' id='block_1_39' title="bbox 551 3870 2150 3944">
    <p class='ocr_par' dir='ltr' id='par_1_39' title="bbox 551 3870 2150 3944">
     <span class='ocr_line' id='line_1_39' title="bbox 551 3870 2150 3944; baseline -0.003 -15"><span class='ocrx_word' id='word_1_291' title='bbox 551 3873 885 3929; x_wconf 89' lang='lat' dir='ltr'><strong>desiderium</strong></span> <span class='ocrx_word' id='word_1_292' title='bbox 957 3874 1158 3928; x_wconf 83' lang='lat' dir='ltr'><strong>fuerint</strong></span> <span class='ocrx_word' id='word_1_293' title='bbox 1209 3873 1402 3944; x_wconf 69' lang='lat' dir='ltr'><strong>patriae</strong></span> <span class='ocrx_word' id='word_1_294' title='bbox 1458 3872 1698 3930; x_wconf 78' lang='lat' dir='ltr'><strong>caelestis</strong></span> <span class='ocrx_word' id='word_1_295' title='bbox 1749 3870 1986 3928; x_wconf 83' lang='lat' dir='ltr'><strong>accensi.</strong></span> <span class='ocrx_word' id='word_1_296' title='bbox 2025 3893 2048 3920; x_wconf 76' lang='grc' dir='ltr'><strong>ι</strong></span> <span class='ocrx_word' id='word_1_297' title='bbox 2088 3870 2150 3925; x_wconf 89' lang='lat' dir='ltr'><strong>In</strong></span> 
     </span>
    </p>
   </div>
   <div class='ocr_carea' id='block_1_40' title="bbox 550 3958 2149 4035">
    <p class='ocr_par' dir='ltr' id='par_1_40' title="bbox 550 3958 2149 4035">
     <span class='ocr_line' id='line_1_40' title="bbox 550 3958 2149 4035; baseline -0.003 -18"><span class='ocrx_word' id='word_1_298' title='bbox 550 3962 689 4018; x_wconf 91' lang='lat' dir='ltr'><strong>libro</strong></span> <span class='ocrx_word' id='word_1_299' title='bbox 719 3977 936 4034; x_wconf 86' lang='lat' dir='ltr'><strong>quoque</strong></span> <span class='ocrx_word' id='word_1_300' title='bbox 962 3962 1101 4017; x_wconf 73' lang='lat' dir='ltr'><strong>Vitae</strong></span> <span class='ocrx_word' id='word_1_301' title='bbox 1132 3962 1280 4017; x_wconf 90' lang='lat' dir='ltr'><strong>beati</strong></span> <span class='ocrx_word' id='word_1_302' title='bbox 1310 3962 1532 4017; x_wconf 86' lang='lat' dir='ltr'><strong>Martini</strong></span> <span class='ocrx_word' id='word_1_303' title='bbox 1556 3961 1810 4035; x_wconf 84' lang='lat' dir='ltr'><strong>legimus,</strong></span> <span class='ocrx_word' id='word_1_304' title='bbox 1834 3958 1982 4033; x_wconf 88' lang='lat' dir='ltr'><strong>quod</strong></span> <span class='ocrx_word' id='word_1_305' title='bbox 2005 3982 2026 4006; x_wconf 82' lang='lat'><em>«</em></span> <span class='ocrx_word' id='word_1_306' title='bbox 2058 3974 2149 4014; x_wconf 86' lang='lat' dir='ltr'><strong>ars</strong></span> 
     </span>
    </p>
   </div>
   <div class='ocr_carea' id='block_1_41' title="bbox 550 4047 2151 4122">
    <p class='ocr_par' dir='ltr' id='par_1_41' title="bbox 550 4047 2151 4122">
     <span class='ocr_line' id='line_1_41' title="bbox 550 4047 2151 4122; baseline -0.002 -16"><span class='ocrx_word' id='word_1_307' title='bbox 550 4051 647 4115; x_wconf 91' lang='lat' dir='ltr'><strong>ibi,</strong></span> <span class='ocrx_word' id='word_1_308' title='bbox 678 4050 920 4121; x_wconf 90' lang='lat' dir='ltr'><strong>exceptis</strong></span> <span class='ocrx_word' id='word_1_309' title='bbox 941 4050 1314 4122; x_wconf 88' lang='lat' dir='ltr'><strong>scriptoribus,</strong></span> <span class='ocrx_word' id='word_1_310' title='bbox 1337 4051 1486 4106; x_wconf 88' lang='lat' dir='ltr'><strong>nulla</strong></span> <span class='ocrx_word' id='word_1_311' title='bbox 1516 4051 1839 4107; x_wconf 86' lang='lat' dir='ltr'><strong>habebatur.</strong></span> <span class='ocrx_word' id='word_1_312' title='bbox 1884 4073 1905 4099; x_wconf 74' lang='grc' dir='ltr'>ιι</span> <span class='ocrx_word' id='word_1_313' title='bbox 1939 4050 2006 4105; x_wconf 88' lang='lat' dir='ltr'><strong>Et</strong></span> <span class='ocrx_word' id='word_1_314' title='bbox 2026 4047 2151 4103; x_wconf 89' lang='lat' dir='ltr'><strong>sub-</strong></span> 
     </span>
    </p>
   </div>
   <div class='ocr_carea' id='block_1_42' title="bbox 553 4136 2147 4211">
    <p class='ocr_par' dir='ltr' id='par_1_42' title="bbox 553 4136 2147 4211">
     <span class='ocr_line' id='line_1_42' title="bbox 553 4136 2147 4211; baseline -0.003 -16"><span class='ocrx_word' id='word_1_315' title='bbox 553 4140 729 4195; x_wconf 90' lang='lat' dir='ltr'><strong>ditur:</strong></span> <span class='ocrx_word' id='word_1_316' title='bbox 755 4161 777 4190; x_wconf 76' lang='grc' dir='ltr'><strong><em>ι</em></strong></span> <span class='ocrx_word' id='word_1_317' title='bbox 816 4139 911 4194; x_wconf 87' lang='lat' dir='ltr'><strong>Cui</strong></span> <span class='ocrx_word' id='word_1_318' title='bbox 942 4148 1124 4194; x_wconf 89' lang='lat' dir='ltr'><strong>tamen</strong></span> <span class='ocrx_word' id='word_1_319' title='bbox 1145 4140 1296 4211; x_wconf 91' lang='lat' dir='ltr'><strong>operi</strong></span> <span class='ocrx_word' id='word_1_320' title='bbox 1324 4140 1505 4196; x_wconf 90' lang='lat' dir='ltr'><strong>minor</strong></span> <span class='ocrx_word' id='word_1_321' title='bbox 1538 4148 1668 4195; x_wconf 64' lang='lat' dir='ltr'><strong>aetas</strong></span> <span class='ocrx_word' id='word_1_322' title='bbox 1699 4140 2006 4210; x_wconf 90' lang='lat' dir='ltr'><strong>deputatur.</strong></span> <span class='ocrx_word' id='word_1_323' title='bbox 2031 4136 2147 4190; x_wconf 84' lang='lat' dir='ltr'><strong>Ma-</strong></span> 
     </span>
    </p>
   </div>
   <div class='ocr_carea' id='block_1_43' title="bbox 545 4226 2148 4299">
    <p class='ocr_par' dir='ltr' id='par_1_43' title="bbox 545 4226 2148 4299">
     <span class='ocr_line' id='line_1_43' title="bbox 545 4226 2148 4299; baseline -0.003 -15"><span class='ocrx_word' id='word_1_324' title='bbox 545 4230 697 4299; x_wconf 91' lang='lat' dir='ltr'><strong>jores</strong></span> <span class='ocrx_word' id='word_1_325' title='bbox 733 4228 968 4284; x_wconf 87' lang='lat' dir='ltr'><strong>orationi</strong></span> <span class='ocrx_word' id='word_1_326' title='bbox 1010 4229 1276 4285; x_wconf 89' lang='lat' dir='ltr'><strong>vacabant</strong></span> <span class='ocrx_word' id='word_1_327' title='bbox 1316 4229 1501 4299; x_wconf 81' lang='lat' dir='ltr'><strong>(SULP.</strong></span> <span class='ocrx_word' id='word_1_328' title='bbox 1551 4228 1634 4297; x_wconf 91' lang='lat' dir='ltr'><strong>S.,</strong></span> <span class='ocrx_word' id='word_1_329' title='bbox 1666 4228 1721 4283; x_wconf 92' lang='lat' dir='ltr'><strong>in</strong></span> <span class='ocrx_word' id='word_1_330' title='bbox 1775 4230 1877 4284; x_wconf 72' lang='grc' dir='ltr'><strong>νει.</strong></span> <span class='ocrx_word' id='word_1_331' title='bbox 1908 4228 1964 4283; x_wconf 88' lang='lat' dir='ltr'><strong>S.</strong></span> <span class='ocrx_word' id='word_1_332' title='bbox 2000 4226 2148 4281; x_wconf 80' lang='lat' dir='ltr'><strong>Mar-</strong></span> 
     </span>
    </p>
   </div>
   <div class='ocr_carea' id='block_1_44' title="bbox 552 4316 2149 4391">
    <p class='ocr_par' dir='ltr' id='par_1_44' title="bbox 552 4316 2149 4391">
     <span class='ocr_line' id='line_1_44' title="bbox 552 4316 2149 4391; baseline -0.003 -19"><span class='ocrx_word' id='word_1_333' title='bbox 552 4319 683 4387; x_wconf 83' lang='lat' dir='ltr'><strong>tini,</strong></span> <span class='ocrx_word' id='word_1_334' title='bbox 717 4333 767 4373; x_wconf 90' lang='lat' dir='ltr'><strong>c.</strong></span> <span class='ocrx_word' id='word_1_335' title='bbox 801 4320 877 4384; x_wconf 88' lang='lat'><strong>7).</strong></span> <span class='ocrx_word' id='word_1_336' title='bbox 937 4316 1145 4387; x_wconf 87' lang='lat' dir='ltr'><strong>Quibus</strong></span> <span class='ocrx_word' id='word_1_337' title='bbox 1188 4326 1369 4374; x_wconf 89' lang='lat' dir='ltr'><strong>autem</strong></span> <span class='ocrx_word' id='word_1_338' title='bbox 1416 4318 1751 4391; x_wconf 91' lang='lat' dir='ltr'><strong>temporibus</strong></span> <span class='ocrx_word' id='word_1_339' title='bbox 1779 4316 1905 4372; x_wconf 87' lang='lat' dir='ltr'><strong>huic</strong></span> <span class='ocrx_word' id='word_1_340' title='bbox 1960 4320 2149 4369; x_wconf 90' lang='lat' dir='ltr'><strong>sancto</strong></span> 
     </span>
    </p>
   </div>
   <div class='ocr_carea' id='block_1_45' title="bbox 551 4402 2151 4478">
    <p class='ocr_par' dir='ltr' id='par_1_45' title="bbox 551 4402 2151 4478">
     <span class='ocr_line' id='line_1_45' title="bbox 551 4402 2151 4478; baseline -0.003 -17"><span class='ocrx_word' id='word_1_341' title='bbox 551 4422 807 4461; x_wconf 88' lang='lat' dir='ltr'><strong>manuum</strong></span> <span class='ocrx_word' id='word_1_342' title='bbox 829 4407 980 4477; x_wconf 91' lang='lat' dir='ltr'><strong>operi</strong></span> <span class='ocrx_word' id='word_1_343' title='bbox 1010 4406 1366 4462; x_wconf 87' lang='lat' dir='ltr'><strong>insistendum</strong></span> <span class='ocrx_word' id='word_1_344' title='bbox 1398 4407 1487 4473; x_wconf 92' lang='lat' dir='ltr'><strong>sit,</strong></span> <span class='ocrx_word' id='word_1_345' title='bbox 1518 4406 1774 4478; x_wconf 68' lang='lat' dir='ltr'><strong>praefatus</strong></span> <span class='ocrx_word' id='word_1_346' title='bbox 1805 4402 2151 4462; x_wconf 87' lang='lat' dir='ltr'><strong>venerandus</strong></span> 
     </span>
    </p>
   </div>
   <div class='ocr_carea' id='block_1_46' title="bbox 552 4486 2146 4567">
    <p class='ocr_par' dir='ltr' id='par_1_46' title="bbox 552 4486 2146 4567">
     <span class='ocr_line' id='line_1_46' title="bbox 552 4486 2146 4567; baseline -0.004 -17"><span class='ocrx_word' id='word_1_347' title='bbox 552 4494 756 4567; x_wconf 88' lang='lat' dir='ltr'><strong>Guigo,</strong></span> <span class='ocrx_word' id='word_1_348' title='bbox 806 4495 861 4550; x_wconf 92' lang='lat' dir='ltr'><strong>in</strong></span> <span class='ocrx_word' id='word_1_349' title='bbox 893 4494 1155 4566; x_wconf 69' lang='lat' dir='ltr'><strong>praedicto</strong></span> <span class='ocrx_word' id='word_1_350' title='bbox 1210 4495 1368 4563; x_wconf 91' lang='lat' dir='ltr'><strong>libro,</strong></span> <span class='ocrx_word' id='word_1_351' title='bbox 1398 4486 1635 4567; x_wconf 83' lang='lat' dir='ltr'><strong>capitulo</strong></span> <span class='ocrx_word' id='word_1_352' title='bbox 1690 4493 1950 4550; x_wconf 90' lang='lat' dir='ltr'><strong>vicesimo</strong></span> <span class='ocrx_word' id='word_1_353' title='bbox 1980 4504 2146 4557; x_wconf 88' lang='lat' dir='ltr'><strong>nono,</strong></span> 
     </span>
    </p>
   </div>
   <div class='ocr_carea' id='block_1_47' title="bbox 986 379 3824 444">
    <p class='ocr_par' dir='ltr' id='par_1_47' title="bbox 986 379 3824 444">
     <span class='ocr_line' id='line_1_47' title="bbox 986 379 3824 444; baseline 0.001 -4"><span class='ocrx_word' id='word_1_354' title='bbox 986 384 1328 441; x_wconf 88' lang='lat' dir='ltr'><strong>GUIGONIS</strong></span> <span class='ocrx_word' id='word_1_355' title='bbox 1367 386 1413 439; x_wconf 95' lang='lat' dir='ltr'><strong>II</strong></span> <span class='ocrx_word' id='word_1_356' title='bbox 1451 384 1860 441; x_wconf 74' lang='lat' dir='ltr'><strong>CARTHUSIE</strong></span> <span class='ocrx_word' id='word_1_357' title='bbox 1899 379 2193 438; x_wconf 69' lang='lat' dir='ltr'><strong>MAIORIS</strong></span> <span class='ocrx_word' id='word_1_358' title='bbox 2231 380 2510 439; x_wconf 83' lang='lat' dir='ltr'><strong>PRIORIS</strong></span> <span class='ocrx_word' id='word_1_359' title='bbox 2548 382 2676 439; x_wconf 89' lang='lat' dir='ltr'><strong>LIB.</strong></span> <span class='ocrx_word' id='word_1_360' title='bbox 2719 384 2813 440; x_wconf 89' lang='lat' dir='ltr'><strong>DE</strong></span> <span class='ocrx_word' id='word_1_361' title='bbox 2850 384 3107 442; x_wconf 80' lang='lat' dir='ltr'><strong>EXERC.</strong></span> <span class='ocrx_word' id='word_1_362' title='bbox 3151 385 3407 442; x_wconf 72' lang='lat' dir='ltr'><strong>CELLE.</strong></span> <span class='ocrx_word' id='word_1_363' title='bbox 3747 393 3824 444; x_wconf 72' lang='grc'><strong>884</strong></span> 
     </span>
    </p>
   </div>
   <div class='ocr_carea' id='block_1_48' title="bbox 561 508 3283 582">
    <p class='ocr_par' dir='ltr' id='par_1_48' title="bbox 561 508 3283 582">
     <span class='ocr_line' id='line_1_48' title="bbox 561 508 3283 582; baseline 0.001 -17"><span class='ocrx_word' id='word_1_364' title='bbox 561 512 707 582; x_wconf 90' lang='lat' dir='ltr'><strong>(cap.</strong></span> <span class='ocrx_word' id='word_1_365' title='bbox 742 513 831 580; x_wconf 81' lang='grc'><strong>48)</strong></span> <span class='ocrx_word' id='word_1_366' title='bbox 862 513 938 566; x_wconf 91' lang='lat' dir='ltr'><strong>sic</strong></span> <span class='ocrx_word' id='word_1_367' title='bbox 967 512 1095 567; x_wconf 90' lang='lat' dir='ltr'><strong>dicit</strong></span> <span class='ocrx_word' id='word_1_368' title='bbox 1129 530 1143 565; x_wconf 91' lang='lat'>:</span> <span class='ocrx_word' id='word_1_369' title='bbox 1172 534 1193 562; x_wconf 84' lang='grc'><strong>«</strong></span> <span class='ocrx_word' id='word_1_370' title='bbox 1231 511 1491 567; x_wconf 89' lang='lat' dir='ltr'><strong>Otiositas</strong></span> <span class='ocrx_word' id='word_1_371' title='bbox 1522 512 1741 567; x_wconf 93' lang='lat' dir='ltr'><strong>inimica</strong></span> <span class='ocrx_word' id='word_1_372' title='bbox 1791 519 1873 566; x_wconf 91' lang='lat' dir='ltr'><strong>est</strong></span> <span class='ocrx_word' id='word_1_373' title='bbox 1930 508 2145 577; x_wconf 63' lang='lat' dir='ltr'><strong>animae,</strong></span> <span class='ocrx_word' id='word_1_374' title='bbox 2170 509 2224 568; x_wconf 78' lang='grc' dir='ltr'><strong>Α</strong></span> <span class='ocrx_word' id='word_1_375' title='bbox 2254 525 2406 563; x_wconf 90' lang='lat' dir='ltr'><strong>suam</strong></span> <span class='ocrx_word' id='word_1_376' title='bbox 2435 526 2661 581; x_wconf 90' lang='lat' dir='ltr'><strong>operam</strong></span> <span class='ocrx_word' id='word_1_377' title='bbox 2699 512 2852 579; x_wconf 91' lang='lat' dir='ltr'><strong>dare,</strong></span> <span class='ocrx_word' id='word_1_378' title='bbox 2887 512 2958 566; x_wconf 89' lang='lat' dir='ltr'><strong>ita</strong></span> <span class='ocrx_word' id='word_1_379' title='bbox 2989 512 3178 569; x_wconf 89' lang='lat' dir='ltr'><strong>scribit</strong></span> <span class='ocrx_word' id='word_1_380' title='bbox 3210 531 3224 568; x_wconf 89' lang='lat'><strong>:</strong></span> <span class='ocrx_word' id='word_1_381' title='bbox 3262 537 3283 561; x_wconf 79' lang='grc' dir='ltr'>α</span> 
     </span>
    </p>
   </div>
   <div class='ocr_carea' id='block_1_49' title="bbox 3340 513 3821 585">
    <p class='ocr_par' dir='ltr' id='par_1_49' title="bbox 3340 513 3821 585">
     <span class='ocr_line' id='line_1_49' title="bbox 3340 513 3821 585; baseline 0.004 -18"><span class='ocrx_word' id='word_1_382' title='bbox 3340 513 3590 585; x_wconf 90' lang='lat' dir='ltr'><strong>Spatium</strong></span> <span class='ocrx_word' id='word_1_383' title='bbox 3632 522 3793 569; x_wconf 88' lang='lat' dir='ltr'><strong>autem</strong></span> <span class='ocrx_word' id='word_1_384' title='bbox 3810 535 3821 581; x_wconf 84' lang='lat'><strong>;</strong></span> 
     </span>
    </p>
   </div>
   <div class='ocr_carea' id='block_1_50' title="bbox 2254 598 3827 675">
    <p class='ocr_par' dir='ltr' id='par_1_50' title="bbox 2254 598 3827 675">
     <span class='ocr_line' id='line_1_50' title="bbox 2254 598 3827 675; baseline 0.004 -24"><span class='ocrx_word' id='word_1_385' title='bbox 2254 598 2339 652; x_wconf 90' lang='lat' dir='ltr'><strong>vel</strong></span> <span class='ocrx_word' id='word_1_386' title='bbox 2372 614 2404 653; x_wconf 91' lang='lat' dir='ltr'><strong>a</strong></span> <span class='ocrx_word' id='word_1_387' title='bbox 2436 599 2615 654; x_wconf 89' lang='lat' dir='ltr'><strong>Prima</strong></span> <span class='ocrx_word' id='word_1_388' title='bbox 2645 617 2817 671; x_wconf 87' lang='lat' dir='ltr'><strong>usque</strong></span> <span class='ocrx_word' id='word_1_389' title='bbox 2846 601 2914 654; x_wconf 92' lang='lat' dir='ltr'><strong>ad</strong></span> <span class='ocrx_word' id='word_1_390' title='bbox 2944 600 3177 656; x_wconf 90' lang='lat' dir='ltr'><strong>Tertiam</strong></span> <span class='ocrx_word' id='word_1_391' title='bbox 3198 644 3212 669; x_wconf 95' lang='lat'><strong>,</strong></span> <span class='ocrx_word' id='word_1_392' title='bbox 3244 602 3439 658; x_wconf 90' lang='lat' dir='ltr'><strong>hiemis</strong></span> <span class='ocrx_word' id='word_1_393' title='bbox 3469 610 3733 675; x_wconf 90' lang='lat' dir='ltr'><strong>tempore,</strong></span> <span class='ocrx_word' id='word_1_394' title='bbox 3759 606 3827 658; x_wconf 81' lang='lat' dir='ltr'><strong>vel</strong></span> 
     </span>
    </p>
   </div>
   <div class='ocr_carea' id='block_1_51' title="bbox 2254 688 3825 763">
    <p class='ocr_par' dir='ltr' id='par_1_51' title="bbox 2254 688 3825 763">
     <span class='ocr_line' id='line_1_51' title="bbox 2254 688 3825 763; baseline 0.004 -24"><span class='ocrx_word' id='word_1_395' title='bbox 2254 702 2287 740; x_wconf 92' lang='lat' dir='ltr'><strong>a</strong></span> <span class='ocrx_word' id='word_1_396' title='bbox 2314 688 2585 742; x_wconf 85' lang='lat' dir='ltr'><strong>Matutinis</strong></span> <span class='ocrx_word' id='word_1_397' title='bbox 2616 706 2789 760; x_wconf 89' lang='lat' dir='ltr'><strong>usque</strong></span> <span class='ocrx_word' id='word_1_398' title='bbox 2820 690 2889 744; x_wconf 92' lang='lat' dir='ltr'><strong>ad</strong></span> <span class='ocrx_word' id='word_1_399' title='bbox 2915 689 3150 744; x_wconf 86' lang='lat' dir='ltr'><strong>Primam</strong></span> <span class='ocrx_word' id='word_1_400' title='bbox 3189 699 3395 757; x_wconf 69' lang='lat' dir='ltr'><strong>aestate,</strong></span> <span class='ocrx_word' id='word_1_401' title='bbox 3428 692 3704 747; x_wconf 82' lang='lat' dir='ltr'><strong>exercitiis</strong></span> <span class='ocrx_word' id='word_1_402' title='bbox 3732 692 3825 763; x_wconf 85' lang='lat' dir='ltr'><strong>spi-</strong></span> 
     </span>
    </p>
   </div>
   <div class='ocr_carea' id='block_1_52' title="bbox 2255 774 3827 851">
    <p class='ocr_par' dir='ltr' id='par_1_52' title="bbox 2255 774 3827 851">
     <span class='ocr_line' id='line_1_52' title="bbox 2255 774 3827 851; baseline 0.003 -23"><span class='ocrx_word' id='word_1_403' title='bbox 2255 774 2541 830; x_wconf 90' lang='lat' dir='ltr'><strong>ritualibus</strong></span> <span class='ocrx_word' id='word_1_404' title='bbox 2589 778 2944 849; x_wconf 89' lang='lat' dir='ltr'><strong>mancipatur.</strong></span> <span class='ocrx_word' id='word_1_405' title='bbox 3012 802 3033 827; x_wconf 76' lang='lat' dir='ltr'><strong><em>n</em></strong></span> <span class='ocrx_word' id='word_1_406' title='bbox 3094 779 3230 833; x_wconf 88' lang='lat' dir='ltr'><strong>Item</strong></span> <span class='ocrx_word' id='word_1_407' title='bbox 3284 780 3520 851; x_wconf 92' lang='lat' dir='ltr'><strong>capitulo</strong></span> <span class='ocrx_word' id='word_1_408' title='bbox 3574 780 3827 851; x_wconf 89' lang='lat' dir='ltr'><strong>septimo:</strong></span> 
     </span>
    </p>
   </div>
   <div class='ocr_carea' id='block_1_53' title="bbox 2260 865 3829 938">
    <p class='ocr_par' dir='ltr' id='par_1_53' title="bbox 2260 865 3829 938">
     <span class='ocr_line' id='line_1_53' title="bbox 2260 865 3829 938; baseline 0.003 -20"><span class='ocrx_word' id='word_1_409' title='bbox 2260 886 2281 910; x_wconf 77' lang='grc' dir='ltr'><em>α</em></span> <span class='ocrx_word' id='word_1_410' title='bbox 2319 865 2591 921; x_wconf 85' lang='lat' dir='ltr'><strong>Exeuntes</strong></span> <span class='ocrx_word' id='word_1_411' title='bbox 2642 867 2711 921; x_wconf 89' lang='lat' dir='ltr'><strong>de</strong></span> <span class='ocrx_word' id='word_1_412' title='bbox 2760 866 3067 934; x_wconf 87' lang='lat' dir='ltr'><strong>refectorio,</strong></span> <span class='ocrx_word' id='word_1_413' title='bbox 3115 866 3309 938; x_wconf 89' lang='lat' dir='ltr'><strong>inquit,</strong></span> <span class='ocrx_word' id='word_1_414' title='bbox 3370 868 3697 923; x_wconf 85' lang='lat' dir='ltr'><strong>aKalendis</strong></span> <span class='ocrx_word' id='word_1_415' title='bbox 3740 870 3829 922; x_wconf 78' lang='lat' dir='ltr'><strong>No-</strong></span> 
     </span>
    </p>
   </div>
   <div class='ocr_carea' id='block_1_54' title="bbox 2256 953 3830 1025">
    <p class='ocr_par' dir='ltr' id='par_1_54' title="bbox 2256 953 3830 1025">
     <span class='ocr_line' id='line_1_54' title="bbox 2256 953 3830 1025; baseline 0.003 -21"><span class='ocrx_word' id='word_1_416' title='bbox 2256 953 2493 1006; x_wconf 82' lang='lat' dir='ltr'><strong>vembris</strong></span> <span class='ocrx_word' id='word_1_417' title='bbox 2522 970 2696 1025; x_wconf 90' lang='lat' dir='ltr'><strong>usque</strong></span> <span class='ocrx_word' id='word_1_418' title='bbox 2747 955 2815 1008; x_wconf 91' lang='lat' dir='ltr'><strong>ad</strong></span> <span class='ocrx_word' id='word_1_419' title='bbox 2847 953 3281 1010; x_wconf 81' lang='lat' dir='ltr'><strong>Purificationem</strong></span> <span class='ocrx_word' id='word_1_420' title='bbox 3312 956 3371 1010; x_wconf 91' lang='lat' dir='ltr'><strong>B.</strong></span> <span class='ocrx_word' id='word_1_421' title='bbox 3431 957 3643 1021; x_wconf 79' lang='lat' dir='ltr'><strong>Mariae,</strong></span> <span class='ocrx_word' id='word_1_422' title='bbox 3676 958 3830 1010; x_wconf 87' lang='lat' dir='ltr'><strong>statim</strong></span> 
     </span>
    </p>
   </div>
   <div class='ocr_carea' id='block_1_55' title="bbox 2254 1041 3829 1115">
    <p class='ocr_par' dir='ltr' id='par_1_55' title="bbox 2254 1041 3829 1115">
     <span class='ocr_line' id='line_1_55' title="bbox 2254 1041 3829 1115; baseline 0.003 -21"><span class='ocrx_word' id='word_1_423' title='bbox 2254 1041 2468 1095; x_wconf 90' lang='lat' dir='ltr'><strong>Nonam</strong></span> <span class='ocrx_word' id='word_1_424' title='bbox 2522 1049 2828 1097; x_wconf 88' lang='lat' dir='ltr'><strong>cantamus.</strong></span> <span class='ocrx_word' id='word_1_425' title='bbox 2882 1044 2965 1097; x_wconf 86' lang='lat' dir='ltr'><strong>Ex</strong></span> <span class='ocrx_word' id='word_1_426' title='bbox 3004 1059 3112 1114; x_wconf 92' lang='lat' dir='ltr'><strong>quo</strong></span> <span class='ocrx_word' id='word_1_427' title='bbox 3142 1044 3230 1098; x_wconf 91' lang='lat' dir='ltr'><strong>die</strong></span> <span class='ocrx_word' id='word_1_428' title='bbox 3260 1060 3432 1115; x_wconf 92' lang='lat' dir='ltr'><strong>usque</strong></span> <span class='ocrx_word' id='word_1_429' title='bbox 3490 1044 3563 1099; x_wconf 90' lang='lat' dir='ltr'><strong>ad</strong></span> <span class='ocrx_word' id='word_1_430' title='bbox 3621 1045 3829 1113; x_wconf 84' lang='lat' dir='ltr'><strong>Pascha,</strong></span> 
     </span>
    </p>
   </div>
   <div class='ocr_carea' id='block_1_56' title="bbox 2258 1129 3832 1203">
    <p class='ocr_par' dir='ltr' id='par_1_56' title="bbox 2258 1129 3832 1203">
     <span class='ocr_line' id='line_1_56' title="bbox 2258 1129 3832 1203; baseline 0.003 -22"><span class='ocrx_word' id='word_1_431' title='bbox 2258 1129 2490 1199; x_wconf 89' lang='lat' dir='ltr'><strong>spatium</strong></span> <span class='ocrx_word' id='word_1_432' title='bbox 2523 1131 2665 1201; x_wconf 89' lang='lat' dir='ltr'><strong>quod</strong></span> <span class='ocrx_word' id='word_1_433' title='bbox 2698 1131 2774 1200; x_wconf 89' lang='lat' dir='ltr'><strong>(id</strong></span> <span class='ocrx_word' id='word_1_434' title='bbox 2805 1139 2907 1195; x_wconf 90' lang='lat' dir='ltr'><strong>est,</strong></span> <span class='ocrx_word' id='word_1_435' title='bbox 2939 1131 3078 1186; x_wconf 91' lang='lat' dir='ltr'><strong>inter</strong></span> <span class='ocrx_word' id='word_1_436' title='bbox 3112 1132 3397 1203; x_wconf 88' lang='lat' dir='ltr'><strong>prandium</strong></span> <span class='ocrx_word' id='word_1_437' title='bbox 3427 1139 3480 1187; x_wconf 86' lang='lat' dir='ltr'><strong>et</strong></span> <span class='ocrx_word' id='word_1_438' title='bbox 3512 1133 3743 1201; x_wconf 84' lang='lat' dir='ltr'><strong>Nonam)</strong></span> <span class='ocrx_word' id='word_1_439' title='bbox 3773 1132 3832 1185; x_wconf 85' lang='lat' dir='ltr'><strong>fa-</strong></span> 
     </span>
    </p>
   </div>
   <div class='ocr_carea' id='block_1_57' title="bbox 2257 1218 3832 1291">
    <p class='ocr_par' dir='ltr' id='par_1_57' title="bbox 2257 1218 3832 1291">
     <span class='ocr_line' id='line_1_57' title="bbox 2257 1218 3832 1291; baseline 0.001 -18"><span class='ocrx_word' id='word_1_440' title='bbox 2257 1218 2449 1287; x_wconf 87' lang='lat' dir='ltr'><strong>cimus,</strong></span> <span class='ocrx_word' id='word_1_441' title='bbox 2481 1218 2720 1285; x_wconf 87' lang='lat' dir='ltr'><strong>lectioni,</strong></span> <span class='ocrx_word' id='word_1_442' title='bbox 2754 1219 2840 1274; x_wconf 90' lang='lat' dir='ltr'><strong>vel</strong></span> <span class='ocrx_word' id='word_1_443' title='bbox 2861 1219 3131 1291; x_wconf 89' lang='lat' dir='ltr'><strong>aliquibus</strong></span> <span class='ocrx_word' id='word_1_444' title='bbox 3148 1220 3344 1275; x_wconf 89' lang='lat' dir='ltr'><strong>talibus</strong></span> <span class='ocrx_word' id='word_1_445' title='bbox 3373 1221 3651 1277; x_wconf 86' lang='lat' dir='ltr'><strong>exercitiis</strong></span> <span class='ocrx_word' id='word_1_446' title='bbox 3679 1221 3832 1291; x_wconf 86' lang='lat' dir='ltr'><strong>depu-</strong></span> 
     </span>
    </p>
   </div>
   <div class='ocr_carea' id='block_1_58' title="bbox 2258 1308 3830 1381">
    <p class='ocr_par' dir='ltr' id='par_1_58' title="bbox 2258 1308 3830 1381">
     <span class='ocr_line' id='line_1_58' title="bbox 2258 1308 3830 1381; baseline 0.003 -22"><span class='ocrx_word' id='word_1_447' title='bbox 2258 1314 2425 1361; x_wconf 89' lang='lat' dir='ltr'><strong>tatur.</strong></span> <span class='ocrx_word' id='word_1_448' title='bbox 2470 1330 2492 1355; x_wconf 70' lang='grc' dir='ltr'><em>η</em></span> <span class='ocrx_word' id='word_1_449' title='bbox 2528 1308 2660 1361; x_wconf 92' lang='lat' dir='ltr'><strong>Item</strong></span> <span class='ocrx_word' id='word_1_450' title='bbox 2690 1308 2747 1361; x_wconf 92' lang='lat' dir='ltr'><strong>in</strong></span> <span class='ocrx_word' id='word_1_451' title='bbox 2774 1308 2965 1363; x_wconf 91' lang='lat' dir='ltr'><strong>eodem</strong></span> <span class='ocrx_word' id='word_1_452' title='bbox 2997 1308 3170 1376; x_wconf 90' lang='lat' dir='ltr'><strong>libro,</strong></span> <span class='ocrx_word' id='word_1_453' title='bbox 3202 1308 3466 1380; x_wconf 80' lang='lat' dir='ltr'><strong>vigesimo</strong></span> <span class='ocrx_word' id='word_1_454' title='bbox 3520 1324 3672 1365; x_wconf 90' lang='lat' dir='ltr'><strong>nono</strong></span> <span class='ocrx_word' id='word_1_455' title='bbox 3699 1310 3830 1381; x_wconf 89' lang='lat' dir='ltr'><strong>capi-</strong></span> 
     </span>
    </p>
   </div>
   <div class='ocr_carea' id='block_1_59' title="bbox 2256 1394 3830 1468">
    <p class='ocr_par' dir='ltr' id='par_1_59' title="bbox 2256 1394 3830 1468">
     <span class='ocr_line' id='line_1_59' title="bbox 2256 1394 3830 1468; baseline 0.003 -21"><span class='ocrx_word' id='word_1_456' title='bbox 2256 1394 2367 1450; x_wconf 91' lang='lat' dir='ltr'><strong>tulo</strong></span> <span class='ocrx_word' id='word_1_457' title='bbox 2400 1408 2413 1449; x_wconf 91' lang='lat'><strong>:</strong></span> <span class='ocrx_word' id='word_1_458' title='bbox 2450 1415 2473 1445; x_wconf 77' lang='grc' dir='ltr'>ι</span> <span class='ocrx_word' id='word_1_459' title='bbox 2510 1398 2556 1450; x_wconf 80' lang='grc' dir='ltr'>Α</span> <span class='ocrx_word' id='word_1_460' title='bbox 2587 1395 2847 1466; x_wconf 84' lang='lat' dir='ltr'><strong>Vesperis</strong></span> <span class='ocrx_word' id='word_1_461' title='bbox 2890 1412 3061 1468; x_wconf 89' lang='lat' dir='ltr'><strong>usque</strong></span> <span class='ocrx_word' id='word_1_462' title='bbox 3091 1396 3161 1451; x_wconf 92' lang='lat' dir='ltr'><strong>ad</strong></span> <span class='ocrx_word' id='word_1_463' title='bbox 3191 1396 3617 1468; x_wconf 91' lang='lat' dir='ltr'><strong>Completorium</strong></span> <span class='ocrx_word' id='word_1_464' title='bbox 3641 1440 3654 1463; x_wconf 94' lang='lat'><strong>,</strong></span> <span class='ocrx_word' id='word_1_465' title='bbox 3687 1399 3830 1468; x_wconf 83' lang='lat' dir='ltr'><strong>spiri-</strong></span> 
     </span>
    </p>
   </div>
   <div class='ocr_carea' id='block_1_60' title="bbox 2259 1482 3831 1557">
    <p class='ocr_par' dir='ltr' id='par_1_60' title="bbox 2259 1482 3831 1557">
     <span class='ocr_line' id='line_1_60' title="bbox 2259 1482 3831 1557; baseline 0.002 -21"><span class='ocrx_word' id='word_1_466' title='bbox 2259 1482 2496 1538; x_wconf 91' lang='lat' dir='ltr'><strong>tualibus</strong></span> <span class='ocrx_word' id='word_1_467' title='bbox 2528 1499 2694 1554; x_wconf 90' lang='lat' dir='ltr'><strong>opere</strong></span> <span class='ocrx_word' id='word_1_468' title='bbox 2726 1483 2900 1539; x_wconf 91' lang='lat' dir='ltr'><strong>datur.</strong></span> <span class='ocrx_word' id='word_1_469' title='bbox 2932 1504 2953 1534; x_wconf 74' lang='grc' dir='ltr'><strong><em>ι</em></strong></span> <span class='ocrx_word' id='word_1_470' title='bbox 2990 1486 3173 1557; x_wconf 88' lang='lat' dir='ltr'><strong>Itaque</strong></span> <span class='ocrx_word' id='word_1_471' title='bbox 3203 1485 3375 1540; x_wconf 91' lang='lat' dir='ltr'><strong>habes</strong></span> <span class='ocrx_word' id='word_1_472' title='bbox 3427 1485 3513 1540; x_wconf 93' lang='lat' dir='ltr'><strong>cui</strong></span> <span class='ocrx_word' id='word_1_473' title='bbox 3544 1486 3831 1557; x_wconf 84' lang='lat' dir='ltr'><strong>specialiter</strong></span> 
     </span>
    </p>
   </div>
   <div class='ocr_carea' id='block_1_61' title="bbox 2259 1572 3829 1644">
    <p class='ocr_par' dir='ltr' id='par_1_61' title="bbox 2259 1572 3829 1644">
     <span class='ocr_line' id='line_1_61' title="bbox 2259 1572 3829 1644; baseline 0.002 -18"><span class='ocrx_word' id='word_1_474' title='bbox 2259 1572 2412 1641; x_wconf 91' lang='lat' dir='ltr'><strong>operi</strong></span> <span class='ocrx_word' id='word_1_475' title='bbox 2443 1580 2495 1627; x_wconf 93' lang='lat' dir='ltr'><strong>et</strong></span> <span class='ocrx_word' id='word_1_476' title='bbox 2524 1572 2719 1643; x_wconf 90' lang='lat' dir='ltr'><strong>quibus</strong></span> <span class='ocrx_word' id='word_1_477' title='bbox 2749 1572 2796 1627; x_wconf 91' lang='lat' dir='ltr'><strong>ei</strong></span> <span class='ocrx_word' id='word_1_478' title='bbox 2829 1573 3187 1644; x_wconf 90' lang='lat' dir='ltr'><strong>temporibus,</strong></span> <span class='ocrx_word' id='word_1_479' title='bbox 3210 1590 3311 1644; x_wconf 92' lang='lat' dir='ltr'><strong>pro</strong></span> <span class='ocrx_word' id='word_1_480' title='bbox 3328 1574 3465 1630; x_wconf 90' lang='lat' dir='ltr'><strong>scire</strong></span> <span class='ocrx_word' id='word_1_481' title='bbox 3482 1581 3536 1629; x_wconf 90' lang='lat' dir='ltr'><strong>et</strong></span> <span class='ocrx_word' id='word_1_482' title='bbox 3565 1590 3730 1644; x_wconf 88' lang='lat' dir='ltr'><strong>posse</strong></span> <span class='ocrx_word' id='word_1_483' title='bbox 3756 1583 3829 1629; x_wconf 89' lang='lat' dir='ltr'><strong>tuo</strong></span> 
     </span>
    </p>
   </div>
   <div class='ocr_carea' id='block_1_62' title="bbox 2258 1660 3829 1734">
    <p class='ocr_par' dir='ltr' id='par_1_62' title="bbox 2258 1660 3829 1734">
     <span class='ocr_line' id='line_1_62' title="bbox 2258 1660 3829 1734; baseline 0.002 -20"><span class='ocrx_word' id='word_1_484' title='bbox 2258 1660 2545 1715; x_wconf 90' lang='lat' dir='ltr'><strong>intendere</strong></span> <span class='ocrx_word' id='word_1_485' title='bbox 2562 1661 2787 1716; x_wconf 89' lang='lat' dir='ltr'><strong>debeas.</strong></span> <span class='ocrx_word' id='word_1_486' title='bbox 2815 1662 2930 1717; x_wconf 88' lang='lat' dir='ltr'><strong>Hoc</strong></span> <span class='ocrx_word' id='word_1_487' title='bbox 2958 1669 3136 1716; x_wconf 82' lang='lat' dir='ltr'><strong>autem</strong></span> <span class='ocrx_word' id='word_1_488' title='bbox 3171 1662 3327 1729; x_wconf 89' lang='lat' dir='ltr'><strong>scias,</strong></span> <span class='ocrx_word' id='word_1_489' title='bbox 3361 1662 3488 1733; x_wconf 90' lang='lat' dir='ltr'><strong>quia</strong></span> <span class='ocrx_word' id='word_1_490' title='bbox 3517 1679 3645 1734; x_wconf 77' lang='lat' dir='ltr'><strong>qua:</strong></span> <span class='ocrx_word' id='word_1_491' title='bbox 3663 1663 3829 1717; x_wconf 88' lang='lat' dir='ltr'><strong>hausi-</strong></span> 
     </span>
    </p>
   </div>
   <div class='ocr_carea' id='block_1_63' title="bbox 2256 1749 3828 1821">
    <p class='ocr_par' dir='ltr' id='par_1_63' title="bbox 2256 1749 3828 1821">
     <span class='ocr_line' id='line_1_63' title="bbox 2256 1749 3828 1821; baseline 0.003 -20"><span class='ocrx_word' id='word_1_492' title='bbox 2256 1765 2379 1802; x_wconf 91' lang='lat' dir='ltr'><strong>mus</strong></span> <span class='ocrx_word' id='word_1_493' title='bbox 2411 1749 2557 1819; x_wconf 93' lang='lat' dir='ltr'><strong>apud</strong></span> <span class='ocrx_word' id='word_1_494' title='bbox 2579 1756 2650 1818; x_wconf 90' lang='lat' dir='ltr'><strong>te,</strong></span> <span class='ocrx_word' id='word_1_495' title='bbox 2675 1749 3085 1821; x_wconf 90' lang='lat' dir='ltr'><strong>propinavimus</strong></span> <span class='ocrx_word' id='word_1_496' title='bbox 3102 1750 3200 1805; x_wconf 90' lang='lat' dir='ltr'><strong>tibi</strong></span> <span class='ocrx_word' id='word_1_497' title='bbox 3220 1750 3516 1805; x_wconf 91' lang='lat' dir='ltr'><strong>:induimus</strong></span> <span class='ocrx_word' id='word_1_498' title='bbox 3538 1758 3614 1816; x_wconf 91' lang='lat' dir='ltr'><strong>te,</strong></span> <span class='ocrx_word' id='word_1_499' title='bbox 3635 1752 3730 1805; x_wconf 87' lang='lat' dir='ltr'><strong>sed</strong></span> <span class='ocrx_word' id='word_1_500' title='bbox 3756 1768 3828 1806; x_wconf 79' lang='lat' dir='ltr'><strong>ve-</strong></span> 
     </span>
    </p>
   </div>
   <div class='ocr_carea' id='block_1_64' title="bbox 2258 1837 3829 1909">
    <p class='ocr_par' dir='ltr' id='par_1_64' title="bbox 2258 1837 3829 1909">
     <span class='ocr_line' id='line_1_64' title="bbox 2258 1837 3829 1909; baseline 0.001 -18"><span class='ocrx_word' id='word_1_501' title='bbox 2258 1837 2508 1892; x_wconf 90' lang='lat' dir='ltr'><strong>stimento</strong></span> <span class='ocrx_word' id='word_1_502' title='bbox 2537 1838 2789 1909; x_wconf 88' lang='lat' dir='ltr'><strong>pr0prio;</strong></span> <span class='ocrx_word' id='word_1_503' title='bbox 2813 1838 3061 1909; x_wconf 89' lang='lat' dir='ltr'><strong>pavimus</strong></span> <span class='ocrx_word' id='word_1_504' title='bbox 3081 1846 3152 1905; x_wconf 88' lang='lat' dir='ltr'><strong>te,</strong></span> <span class='ocrx_word' id='word_1_505' title='bbox 3170 1839 3266 1893; x_wconf 91' lang='lat' dir='ltr'><strong>sed</strong></span> <span class='ocrx_word' id='word_1_506' title='bbox 3294 1838 3417 1894; x_wconf 92' lang='lat' dir='ltr'><strong>cibo</strong></span> <span class='ocrx_word' id='word_1_507' title='bbox 3447 1847 3540 1894; x_wconf 92' lang='lat' dir='ltr'><strong>tuo</strong></span> <span class='ocrx_word' id='word_1_508' title='bbox 3566 1857 3583 1907; x_wconf 92' lang='lat'><strong>;</strong></span> <span class='ocrx_word' id='word_1_509' title='bbox 3606 1839 3829 1894; x_wconf 90' lang='lat' dir='ltr'><strong>dedimus</strong></span> 
     </span>
    </p>
   </div>
   <div class='ocr_carea' id='block_1_65' title="bbox 2256 1925 3827 1999">
    <p class='ocr_par' dir='ltr' id='par_1_65' title="bbox 2256 1925 3827 1999">
     <span class='ocr_line' id='line_1_65' title="bbox 2256 1925 3827 1999; baseline 0.001 -20"><span class='ocrx_word' id='word_1_510' title='bbox 2256 1925 2370 1995; x_wconf 90' lang='lat' dir='ltr'><strong>tibi,</strong></span> <span class='ocrx_word' id='word_1_511' title='bbox 2396 1927 2495 1981; x_wconf 88' lang='lat' dir='ltr'><strong>sed</strong></span> <span class='ocrx_word' id='word_1_512' title='bbox 2508 1928 2651 1998; x_wconf 88' lang='lat' dir='ltr'><strong>quod</strong></span> <span class='ocrx_word' id='word_1_513' title='bbox 2670 1926 2913 1981; x_wconf 89' lang='lat' dir='ltr'><strong>habebas</strong></span> <span class='ocrx_word' id='word_1_514' title='bbox 2934 1946 2948 1993; x_wconf 93' lang='lat'><strong>;</strong></span> <span class='ocrx_word' id='word_1_515' title='bbox 2965 1926 3253 1983; x_wconf 85' lang='lat' dir='ltr'><strong>ditavimus</strong></span> <span class='ocrx_word' id='word_1_516' title='bbox 3269 1935 3343 1997; x_wconf 90' lang='lat' dir='ltr'><strong>te,</strong></span> <span class='ocrx_word' id='word_1_517' title='bbox 3358 1928 3454 1982; x_wconf 90' lang='lat' dir='ltr'><strong>sed</strong></span> <span class='ocrx_word' id='word_1_518' title='bbox 3470 1943 3537 1983; x_wconf 92' lang='lat' dir='ltr'><strong>eo</strong></span> <span class='ocrx_word' id='word_1_519' title='bbox 3560 1944 3672 1999; x_wconf 93' lang='lat' dir='ltr'><strong>quo</strong></span> <span class='ocrx_word' id='word_1_520' title='bbox 3682 1929 3827 1982; x_wconf 87' lang='lat' dir='ltr'><strong>abun-</strong></span> 
     </span>
    </p>
   </div>
   <div class='ocr_carea' id='block_1_66' title="bbox 2254 2015 3827 2087">
    <p class='ocr_par' dir='ltr' id='par_1_66' title="bbox 2254 2015 3827 2087">
     <span class='ocr_line' id='line_1_66' title="bbox 2254 2015 3827 2087; baseline 0 -18"><span class='ocrx_word' id='word_1_521' title='bbox 2254 2015 2370 2069; x_wconf 86' lang='lat' dir='ltr'><strong>das.</strong></span> <span class='ocrx_word' id='word_1_522' title='bbox 2395 2016 2463 2069; x_wconf 89' lang='lat' dir='ltr'><strong>Et</strong></span> <span class='ocrx_word' id='word_1_523' title='bbox 2483 2016 2599 2070; x_wconf 77' lang='lat' dir='ltr'><strong>haec</strong></span> <span class='ocrx_word' id='word_1_524' title='bbox 2618 2015 2713 2068; x_wconf 89' lang='lat' dir='ltr'><strong>tibi</strong></span> <span class='ocrx_word' id='word_1_525' title='bbox 2725 2015 2792 2070; x_wconf 91' lang='lat' dir='ltr'><strong>de</strong></span> <span class='ocrx_word' id='word_1_526' title='bbox 2805 2031 2973 2085; x_wconf 91' lang='lat' dir='ltr'><strong>opere</strong></span> <span class='ocrx_word' id='word_1_527' title='bbox 2989 2015 3228 2070; x_wconf 90' lang='lat' dir='ltr'><strong>manuali</strong></span> <span class='ocrx_word' id='word_1_528' title='bbox 3240 2015 3293 2069; x_wconf 92' lang='lat' dir='ltr'><strong>in</strong></span> <span class='ocrx_word' id='word_1_529' title='bbox 3304 2016 3561 2087; x_wconf 63' lang='lat' dir='ltr'><strong>praesenti</strong></span> <span class='ocrx_word' id='word_1_530' title='bbox 3573 2015 3718 2071; x_wconf 91' lang='lat' dir='ltr'><strong>dicta</strong></span> <span class='ocrx_word' id='word_1_531' title='bbox 3738 2016 3827 2069; x_wconf 84' lang='lat' dir='ltr'><strong>suf-</strong></span> 
     </span>
    </p>
   </div>
   <div class='ocr_carea' id='block_1_67' title="bbox 2253 2103 3822 2177">
    <p class='ocr_par' dir='ltr' id='par_1_67' title="bbox 2253 2103 3822 2177">
     <span class='ocr_line' id='line_1_67' title="bbox 2253 2103 3822 2177; baseline 0.001 -20"><span class='ocrx_word' id='word_1_532' title='bbox 2253 2104 2453 2171; x_wconf 87' lang='lat' dir='ltr'><strong>ﬁciant,</strong></span> <span class='ocrx_word' id='word_1_533' title='bbox 2476 2104 2624 2174; x_wconf 91' lang='lat' dir='ltr'><strong>quod</strong></span> <span class='ocrx_word' id='word_1_534' title='bbox 2663 2119 2762 2174; x_wconf 92' lang='lat' dir='ltr'><strong>per</strong></span> <span class='ocrx_word' id='word_1_535' title='bbox 2780 2103 2933 2157; x_wconf 93' lang='lat' dir='ltr'><strong>illum</strong></span> <span class='ocrx_word' id='word_1_536' title='bbox 2963 2103 3257 2174; x_wconf 89' lang='lat' dir='ltr'><strong>accipimus</strong></span> <span class='ocrx_word' id='word_1_537' title='bbox 3303 2103 3523 2158; x_wconf 83' lang='lat' dir='ltr'><strong>ﬂuvium</strong></span> <span class='ocrx_word' id='word_1_538' title='bbox 3576 2114 3822 2177; x_wconf 88' lang='lat' dir='ltr'><strong>quartum,</strong></span> 
     </span>
    </p>
   </div>
   <div class='ocr_carea' id='block_1_68' title="bbox 2254 2192 3825 2265">
    <p class='ocr_par' dir='ltr' id='par_1_68' title="bbox 2254 2192 3825 2265">
     <span class='ocr_line' id='line_1_68' title="bbox 2254 2192 3825 2265; baseline -0.001 -19"><span class='ocrx_word' id='word_1_539' title='bbox 2254 2192 2345 2264; x_wconf 89' lang='lat' dir='ltr'><strong>qui</strong></span> <span class='ocrx_word' id='word_1_540' title='bbox 2379 2192 2446 2246; x_wconf 90' lang='lat' dir='ltr'><strong>de</strong></span> <span class='ocrx_word' id='word_1_541' title='bbox 2478 2192 2600 2247; x_wconf 87' lang='lat' dir='ltr'><strong>loco</strong></span> <span class='ocrx_word' id='word_1_542' title='bbox 2638 2192 2929 2262; x_wconf 82' lang='lat' dir='ltr'><strong>voluptatis</strong></span> <span class='ocrx_word' id='word_1_543' title='bbox 2960 2193 3260 2264; x_wconf 84' lang='lat' dir='ltr'><strong>egreditur,</strong></span> <span class='ocrx_word' id='word_1_544' title='bbox 3293 2192 3363 2248; x_wconf 92' lang='lat' dir='ltr'><strong>de</strong></span> <span class='ocrx_word' id='word_1_545' title='bbox 3396 2209 3503 2265; x_wconf 87' lang='lat' dir='ltr'><strong>quo</strong></span> <span class='ocrx_word' id='word_1_546' title='bbox 3523 2209 3694 2248; x_wconf 83' lang='lat' dir='ltr'><strong>verax</strong></span> <span class='ocrx_word' id='word_1_547' title='bbox 3720 2194 3825 2248; x_wconf 87' lang='lat' dir='ltr'><strong>dicit</strong></span> 
     </span>
    </p>
   </div>
   <div class='ocr_carea' id='block_1_69' title="bbox 2253 2281 3823 2353">
    <p class='ocr_par' dir='ltr' id='par_1_69' title="bbox 2253 2281 3823 2353">
     <span class='ocr_line' id='line_1_69' title="bbox 2253 2281 3823 2353; baseline 0.001 -20"><span class='ocrx_word' id='word_1_548' title='bbox 2253 2281 2481 2335; x_wconf 86' lang='lat' dir='ltr'><strong>historia</strong></span> <span class='ocrx_word' id='word_1_549' title='bbox 2497 2296 2509 2335; x_wconf 91' lang='lat'>:</span> <span class='ocrx_word' id='word_1_550' title='bbox 2525 2282 2629 2336; x_wconf 85' lang='lat' dir='ltr'><strong>Flu</strong></span> <span class='ocrx_word' id='word_1_551' title='bbox 2637 2281 2756 2336; x_wconf 79' lang='lat' dir='ltr'><strong>vius</strong></span> <span class='ocrx_word' id='word_1_552' title='bbox 2769 2285 3028 2353; x_wconf 85' lang='lat' dir='ltr'><strong>quartus,</strong></span> <span class='ocrx_word' id='word_1_553' title='bbox 3044 2282 3161 2352; x_wconf 83' lang='lat' dir='ltr'><strong>ipse</strong></span> <span class='ocrx_word' id='word_1_554' title='bbox 3174 2285 3257 2336; x_wconf 76' lang='lat' dir='ltr'><strong>est</strong></span> <span class='ocrx_word' id='word_1_555' title='bbox 3274 2282 3597 2352; x_wconf 79' lang='lat' dir='ltr'><strong>Euphrates</strong></span> <span class='ocrx_word' id='word_1_556' title='bbox 3614 2282 3764 2351; x_wconf 82' lang='lat' dir='ltr'><strong>(Gen.</strong></span> <span class='ocrx_word' id='word_1_557' title='bbox 3778 2298 3823 2346; x_wconf 85' lang='grc' dir='ltr'><strong>ιι,</strong></span> 
     </span>
    </p>
   </div>
   <div class='ocr_carea' id='block_1_70' title="bbox 2255 2368 3826 2441">
    <p class='ocr_par' dir='ltr' id='par_1_70' title="bbox 2255 2368 3826 2441">
     <span class='ocr_line' id='line_1_70' title="bbox 2255 2368 3826 2441; baseline 0.001 -19"><span class='ocrx_word' id='word_1_558' title='bbox 2255 2369 2364 2438; x_wconf 63' lang='lat' dir='ltr'><strong>tl).</strong></span> <span class='ocrx_word' id='word_1_559' title='bbox 2416 2368 2580 2434; x_wconf 90' lang='lat' dir='ltr'><strong>Ecce,</strong></span> <span class='ocrx_word' id='word_1_560' title='bbox 2628 2369 2800 2423; x_wconf 88' lang='lat' dir='ltr'><strong>habes</strong></span> <span class='ocrx_word' id='word_1_561' title='bbox 2832 2369 2978 2440; x_wconf 90' lang='lat' dir='ltr'><strong>quod</strong></span> <span class='ocrx_word' id='word_1_562' title='bbox 3035 2368 3211 2441; x_wconf 89' lang='lat' dir='ltr'><strong>magis</strong></span> <span class='ocrx_word' id='word_1_563' title='bbox 3267 2385 3660 2441; x_wconf 84' lang='lat' dir='ltr'><strong>recognoscas,</strong></span> <span class='ocrx_word' id='word_1_564' title='bbox 3691 2386 3826 2441; x_wconf 86' lang='lat' dir='ltr'><strong>quam</strong></span> 
     </span>
    </p>
   </div>
   <div class='ocr_carea' id='block_1_71' title="bbox 2252 2456 3825 2529">
    <p class='ocr_par' dir='ltr' id='par_1_71' title="bbox 2252 2456 3825 2529">
     <span class='ocr_line' id='line_1_71' title="bbox 2252 2456 3825 2529; baseline -0.001 -17"><span class='ocrx_word' id='word_1_565' title='bbox 2252 2472 2544 2527; x_wconf 88' lang='lat' dir='ltr'><strong>agnoscas,</strong></span> <span class='ocrx_word' id='word_1_566' title='bbox 2580 2456 2815 2528; x_wconf 88' lang='lat' dir='ltr'><strong>qualiter</strong></span> <span class='ocrx_word' id='word_1_567' title='bbox 2859 2456 3110 2512; x_wconf 90' lang='lat' dir='ltr'><strong>videlicet</strong></span> <span class='ocrx_word' id='word_1_568' title='bbox 3140 2464 3215 2524; x_wconf 91' lang='lat' dir='ltr'><strong>tu,</strong></span> <span class='ocrx_word' id='word_1_569' title='bbox 3248 2457 3340 2529; x_wconf 90' lang='lat' dir='ltr'><strong>qui</strong></span> <span class='ocrx_word' id='word_1_570' title='bbox 3395 2458 3673 2513; x_wconf 86' lang='lat' dir='ltr'><strong>habitator</strong></span> <span class='ocrx_word' id='word_1_571' title='bbox 3699 2458 3825 2513; x_wconf 78' lang='lat' dir='ltr'><strong>cellre</strong></span> 
     </span>
    </p>
   </div>
   <div class='ocr_carea' id='block_1_72' title="bbox 2253 2544 3824 2616">
    <p class='ocr_par' dir='ltr' id='par_1_72' title="bbox 2253 2544 3824 2616">
     <span class='ocr_line' id='line_1_72' title="bbox 2253 2544 3824 2616; baseline 0 -16"><span class='ocrx_word' id='word_1_572' title='bbox 2253 2562 2394 2610; x_wconf 90' lang='lat' dir='ltr'><strong>esse,</strong></span> <span class='ocrx_word' id='word_1_573' title='bbox 2428 2545 2535 2599; x_wconf 91' lang='lat' dir='ltr'><strong>illis</strong></span> <span class='ocrx_word' id='word_1_574' title='bbox 2567 2553 2793 2616; x_wconf 90' lang='lat' dir='ltr'><strong>quatuor</strong></span> <span class='ocrx_word' id='word_1_575' title='bbox 2820 2545 3020 2600; x_wconf 83' lang='lat' dir='ltr'><strong>sanctis</strong></span> <span class='ocrx_word' id='word_1_576' title='bbox 3060 2562 3125 2601; x_wconf 92' lang='lat' dir='ltr'><strong>ac</strong></span> <span class='ocrx_word' id='word_1_577' title='bbox 3155 2544 3614 2603; x_wconf 84' lang='lat' dir='ltr'><strong>sanctiﬁcantibus</strong></span> <span class='ocrx_word' id='word_1_578' title='bbox 3635 2546 3824 2602; x_wconf 89' lang='lat' dir='ltr'><strong>exerci-</strong></span> 
     </span>
    </p>
   </div>
   <div class='ocr_carea' id='block_1_73' title="bbox 2254 2633 3822 2706">
    <p class='ocr_par' dir='ltr' id='par_1_73' title="bbox 2254 2633 3822 2706">
     <span class='ocr_line' id='line_1_73' title="bbox 2254 2633 3822 2706; baseline 0 -19"><span class='ocrx_word' id='word_1_579' title='bbox 2254 2634 2341 2688; x_wconf 83' lang='lat' dir='ltr'><strong>tiis</strong></span> <span class='ocrx_word' id='word_1_580' title='bbox 2390 2633 2646 2688; x_wconf 87' lang='lat' dir='ltr'><strong>insistere</strong></span> <span class='ocrx_word' id='word_1_581' title='bbox 2696 2634 2939 2701; x_wconf 85' lang='lat' dir='ltr'><strong>debeas;</strong></span> <span class='ocrx_word' id='word_1_582' title='bbox 2972 2650 3093 2706; x_wconf 70' lang='lat' dir='ltr'><strong>quae</strong></span> <span class='ocrx_word' id='word_1_583' title='bbox 3136 2642 3281 2701; x_wconf 93' lang='lat' dir='ltr'><strong>sunt,</strong></span> <span class='ocrx_word' id='word_1_584' title='bbox 3312 2634 3547 2689; x_wconf 91' lang='lat' dir='ltr'><strong>studium</strong></span> <span class='ocrx_word' id='word_1_585' title='bbox 3579 2635 3822 2699; x_wconf 86' lang='lat' dir='ltr'><strong>lectionis,</strong></span> 
     </span>
    </p>
   </div>
   <div class='ocr_carea' id='block_1_74' title="bbox 2252 2722 3825 2795">
    <p class='ocr_par' dir='ltr' id='par_1_74' title="bbox 2252 2722 3825 2795">
     <span class='ocr_line' id='line_1_74' title="bbox 2252 2722 3825 2795; baseline 0 -18"><span class='ocrx_word' id='word_1_586' title='bbox 2252 2722 2460 2795; x_wconf 86' lang='lat' dir='ltr'><strong>puritas</strong></span> <span class='ocrx_word' id='word_1_587' title='bbox 2488 2722 2878 2789; x_wconf 88' lang='lat' dir='ltr'><strong>meditationis,</strong></span> <span class='ocrx_word' id='word_1_588' title='bbox 2913 2722 3132 2777; x_wconf 91' lang='lat' dir='ltr'><strong>devotio</strong></span> <span class='ocrx_word' id='word_1_589' title='bbox 3154 2722 3429 2789; x_wconf 88' lang='lat' dir='ltr'><strong>orationis,</strong></span> <span class='ocrx_word' id='word_1_590' title='bbox 3454 2723 3663 2778; x_wconf 89' lang='lat' dir='ltr'><strong>utilitas</strong></span> <span class='ocrx_word' id='word_1_591' title='bbox 3683 2723 3825 2779; x_wconf 84' lang='lat' dir='ltr'><strong>actio-</strong></span> 
     </span>
    </p>
   </div>
   <div class='ocr_carea' id='block_1_75' title="bbox 2251 2809 3823 2882">
    <p class='ocr_par' dir='ltr' id='par_1_75' title="bbox 2251 2809 3823 2882">
     <span class='ocr_line' id='line_1_75' title="bbox 2251 2809 3823 2882; baseline 0 -17"><span class='ocrx_word' id='word_1_592' title='bbox 2251 2809 2357 2865; x_wconf 92' lang='lat' dir='ltr'><strong>nis.</strong></span> <span class='ocrx_word' id='word_1_593' title='bbox 2391 2810 2538 2865; x_wconf 88' lang='lat' dir='ltr'><strong>Nihil</strong></span> <span class='ocrx_word' id='word_1_594' title='bbox 2569 2810 2664 2865; x_wconf 92' lang='lat' dir='ltr'><strong>tibi</strong></span> <span class='ocrx_word' id='word_1_595' title='bbox 2695 2810 2748 2865; x_wconf 93' lang='lat' dir='ltr'><strong>in</strong></span> <span class='ocrx_word' id='word_1_596' title='bbox 2776 2811 2961 2866; x_wconf 89' lang='lat' dir='ltr'><strong>libello</strong></span> <span class='ocrx_word' id='word_1_597' title='bbox 2991 2810 3274 2882; x_wconf 90' lang='lat' dir='ltr'><strong>posuimus</strong></span> <span class='ocrx_word' id='word_1_598' title='bbox 3321 2826 3543 2880; x_wconf 89' lang='lat' dir='ltr'><strong>novum,</strong></span> <span class='ocrx_word' id='word_1_599' title='bbox 3578 2812 3678 2867; x_wconf 89' lang='lat' dir='ltr'><strong>sed</strong></span> <span class='ocrx_word' id='word_1_600' title='bbox 3704 2812 3823 2868; x_wconf 90' lang='lat' dir='ltr'><strong>anti-</strong></span> 
     </span>
    </p>
   </div>
   <div class='ocr_carea' id='block_1_76' title="bbox 2252 2899 3823 2972">
    <p class='ocr_par' dir='ltr' id='par_1_76' title="bbox 2252 2899 3823 2972">
     <span class='ocr_line' id='line_1_76' title="bbox 2252 2899 3823 2972; baseline 0.001 -19"><span class='ocrx_word' id='word_1_601' title='bbox 2252 2916 2437 2971; x_wconf 90' lang='lat' dir='ltr'><strong>quum,</strong></span> <span class='ocrx_word' id='word_1_602' title='bbox 2462 2899 2587 2971; x_wconf 90' lang='lat' dir='ltr'><strong>quia</strong></span> <span class='ocrx_word' id='word_1_603' title='bbox 2603 2900 3041 2969; x_wconf 85' lang='lat' dir='ltr'><strong>juxtacomicum</strong></span> <span class='ocrx_word' id='word_1_604' title='bbox 3076 2915 3089 2954; x_wconf 91' lang='lat'>:</span> <span class='ocrx_word' id='word_1_605' title='bbox 3126 2922 3149 2948; x_wconf 75' lang='grc' dir='ltr'>ι</span> <span class='ocrx_word' id='word_1_606' title='bbox 3180 2900 3422 2955; x_wconf 90' lang='lat' dir='ltr'><strong>Nihilest</strong></span> <span class='ocrx_word' id='word_1_607' title='bbox 3443 2900 3678 2969; x_wconf 90' lang='lat' dir='ltr'><strong>dictum,</strong></span> <span class='ocrx_word' id='word_1_608' title='bbox 3701 2902 3823 2972; x_wconf 91' lang='lat' dir='ltr'><strong>quod</strong></span> 
     </span>
    </p>
   </div>
   <div class='ocr_carea' id='block_1_77' title="bbox 2252 2987 3821 3046">
    <p class='ocr_par' dir='ltr' id='par_1_77' title="bbox 2252 2987 3821 3046">
     <span class='ocr_line' id='line_1_77' title="bbox 2252 2987 3821 3046; baseline 0 -3"><span class='ocrx_word' id='word_1_609' title='bbox 2252 2997 2377 3043; x_wconf 88' lang='lat' dir='ltr'><strong>ante</strong></span> <span class='ocrx_word' id='word_1_610' title='bbox 2406 3004 2518 3043; x_wconf 91' lang='lat' dir='ltr'><strong>non</strong></span> <span class='ocrx_word' id='word_1_611' title='bbox 2548 2988 2617 3042; x_wconf 83' lang='lat' dir='ltr'><strong>sit</strong></span> <span class='ocrx_word' id='word_1_612' title='bbox 2674 2989 2899 3044; x_wconf 91' lang='lat' dir='ltr'><strong>dictum.</strong></span> <span class='ocrx_word' id='word_1_613' title='bbox 2939 3012 2961 3037; x_wconf 74' lang='grc' dir='ltr'><strong>ιι</strong></span> <span class='ocrx_word' id='word_1_614' title='bbox 2993 2990 3061 3043; x_wconf 88' lang='lat' dir='ltr'><strong>Et</strong></span> <span class='ocrx_word' id='word_1_615' title='bbox 3089 2987 3449 3045; x_wconf 87' lang='lat' dir='ltr'><strong>Ecclesiastes</strong></span> <span class='ocrx_word' id='word_1_616' title='bbox 3496 2989 3633 3046; x_wconf 88' lang='lat' dir='ltr'><strong>dicit</strong></span> <span class='ocrx_word' id='word_1_617' title='bbox 3656 3009 3670 3045; x_wconf 88' lang='lat'><strong>:</strong></span> <span class='ocrx_word' id='word_1_618' title='bbox 3693 2990 3821 3046; x_wconf 79' lang='lat' dir='ltr'><strong>Nihil</strong></span> 
     </span>
    </p>
   </div>
   <div class='ocr_carea' id='block_1_78' title="bbox 2251 3077 3819 3149">
    <p class='ocr_par' dir='ltr' id='par_1_78' title="bbox 2251 3077 3819 3149">
     <span class='ocr_line' id='line_1_78' title="bbox 2251 3077 3819 3149; baseline 0.001 -17"><span class='ocrx_word' id='word_1_619' title='bbox 2251 3079 2351 3133; x_wconf 83' lang='lat' dir='ltr'><strong>sub</strong></span> <span class='ocrx_word' id='word_1_620' title='bbox 2377 3078 2491 3133; x_wconf 82' lang='lat' dir='ltr'><strong>sole</strong></span> <span class='ocrx_word' id='word_1_621' title='bbox 2529 3094 2737 3133; x_wconf 80' lang='lat' dir='ltr'><strong>novum</strong></span> <span class='ocrx_word' id='word_1_622' title='bbox 2759 3093 2895 3132; x_wconf 84' lang='lat' dir='ltr'><strong>:nec</strong></span> <span class='ocrx_word' id='word_1_623' title='bbox 2928 3078 3080 3133; x_wconf 79' lang='lat' dir='ltr'><strong>valet</strong></span> <span class='ocrx_word' id='word_1_624' title='bbox 3097 3078 3388 3149; x_wconf 74' lang='lat' dir='ltr'><strong>quisquam</strong></span> <span class='ocrx_word' id='word_1_625' title='bbox 3420 3077 3608 3134; x_wconf 77' lang='lat' dir='ltr'><strong>dicere</strong></span> <span class='ocrx_word' id='word_1_626' title='bbox 3638 3099 3657 3135; x_wconf 93' lang='lat'><em>:</em></span> <span class='ocrx_word' id='word_1_627' title='bbox 3686 3080 3819 3143; x_wconf 76' lang='lat' dir='ltr'><strong>Ecce,</strong></span> 
     </span>
    </p>
   </div>
   <div class='ocr_carea' id='block_1_79' title="bbox 2253 3165 3821 3239">
    <p class='ocr_par' dir='ltr' id='par_1_79' title="bbox 2253 3165 3821 3239">
     <span class='ocr_line' id='line_1_79' title="bbox 2253 3165 3821 3239; baseline 0.001 -18"><span class='ocrx_word' id='word_1_628' title='bbox 2253 3167 2352 3222; x_wconf 85' lang='lat' dir='ltr'><strong>hoc</strong></span> <span class='ocrx_word' id='word_1_629' title='bbox 2382 3180 2579 3221; x_wconf 83' lang='lat' dir='ltr'><strong>recens</strong></span> <span class='ocrx_word' id='word_1_630' title='bbox 2607 3169 2713 3221; x_wconf 84' lang='lat' dir='ltr'><strong>est.</strong></span> <span class='ocrx_word' id='word_1_631' title='bbox 2739 3165 2806 3219; x_wconf 87' lang='lat' dir='ltr'><strong>Et</strong></span> <span class='ocrx_word' id='word_1_632' title='bbox 2827 3165 3092 3237; x_wconf 86' lang='lat' dir='ltr'><strong>adjungit,</strong></span> <span class='ocrx_word' id='word_1_633' title='bbox 3115 3168 3241 3238; x_wconf 90' lang='lat' dir='ltr'><strong>jam</strong></span> <span class='ocrx_word' id='word_1_634' title='bbox 3257 3169 3551 3239; x_wconf 68' lang='lat' dir='ltr'><strong>praecessit</strong></span> <span class='ocrx_word' id='word_1_635' title='bbox 3584 3171 3649 3222; x_wconf 85' lang='lat' dir='ltr'><strong>in</strong></span> <span class='ocrx_word' id='word_1_636' title='bbox 3667 3184 3821 3223; x_wconf 69' lang='lat' dir='ltr'><strong>sarcu-</strong></span> 
     </span>
    </p>
   </div>
   <div class='ocr_carea' id='block_1_80' title="bbox 2254 3254 3819 3326">
    <p class='ocr_par' dir='ltr' id='par_1_80' title="bbox 2254 3254 3819 3326">
     <span class='ocr_line' id='line_1_80' title="bbox 2254 3254 3819 3326; baseline -0.001 -16"><span class='ocrx_word' id='word_1_637' title='bbox 2254 3255 2322 3310; x_wconf 83' lang='lat' dir='ltr'><strong>lis</strong></span> <span class='ocrx_word' id='word_1_638' title='bbox 2342 3270 2464 3326; x_wconf 72' lang='lat' dir='ltr'><strong>qua:</strong></span> <span class='ocrx_word' id='word_1_639' title='bbox 2482 3257 2723 3326; x_wconf 83' lang='lat' dir='ltr'><strong>fuerunt</strong></span> <span class='ocrx_word' id='word_1_640' title='bbox 2755 3258 2890 3309; x_wconf 83' lang='lat' dir='ltr'><strong>ante</strong></span> <span class='ocrx_word' id='word_1_641' title='bbox 2909 3270 3011 3311; x_wconf 81' lang='lat' dir='ltr'><strong>nos</strong></span> <span class='ocrx_word' id='word_1_642' title='bbox 3034 3254 3238 3323; x_wconf 86' lang='lat' dir='ltr'><strong>(Eccle.</strong></span> <span class='ocrx_word' id='word_1_643' title='bbox 3265 3270 3304 3321; x_wconf 84' lang='grc' dir='ltr'><strong>ι,</strong></span> <span class='ocrx_word' id='word_1_644' title='bbox 3332 3257 3440 3324; x_wconf 82' lang='grc'><strong>10).</strong></span> <span class='ocrx_word' id='word_1_645' title='bbox 3464 3255 3640 3312; x_wconf 84' lang='lat' dir='ltr'><strong>Nobis</strong></span> <span class='ocrx_word' id='word_1_646' title='bbox 3665 3265 3819 3311; x_wconf 88' lang='lat' dir='ltr'><strong>autem</strong></span> 
     </span>
    </p>
   </div>
   <div class='ocr_carea' id='block_1_81' title="bbox 2252 3341 3820 3415">
    <p class='ocr_par' dir='ltr' id='par_1_81' title="bbox 2252 3341 3820 3415">
     <span class='ocr_line' id='line_1_81' title="bbox 2252 3341 3820 3415; baseline -0.001 -17"><span class='ocrx_word' id='word_1_647' title='bbox 2252 3343 2458 3398; x_wconf 83' lang='lat' dir='ltr'><strong>conscii</strong></span> <span class='ocrx_word' id='word_1_648' title='bbox 2487 3359 2598 3397; x_wconf 91' lang='lat' dir='ltr'><strong>non</strong></span> <span class='ocrx_word' id='word_1_649' title='bbox 2643 3358 2832 3397; x_wconf 91' lang='lat' dir='ltr'><strong>sumus</strong></span> <span class='ocrx_word' id='word_1_650' title='bbox 2882 3341 3089 3415; x_wconf 88' lang='lat' dir='ltr'><strong>aliquid</strong></span> <span class='ocrx_word' id='word_1_651' title='bbox 3119 3342 3333 3399; x_wconf 89' lang='lat' dir='ltr'><strong>veritati</strong></span> <span class='ocrx_word' id='word_1_652' title='bbox 3379 3344 3717 3399; x_wconf 86' lang='lat' dir='ltr'><strong>contrarium</strong></span> <span class='ocrx_word' id='word_1_653' title='bbox 3740 3360 3820 3398; x_wconf 89' lang='lat' dir='ltr'><strong>nos</strong></span> 
     </span>
    </p>
   </div>
   <div class='ocr_carea' id='block_1_82' title="bbox 2252 3431 3820 3503">
    <p class='ocr_par' dir='ltr' id='par_1_82' title="bbox 2252 3431 3820 3503">
     <span class='ocr_line' id='line_1_82' title="bbox 2252 3431 3820 3503; baseline 0.001 -17"><span class='ocrx_word' id='word_1_654' title='bbox 2252 3431 2563 3501; x_wconf 89' lang='lat' dir='ltr'><strong>scripsisse.</strong></span> <span class='ocrx_word' id='word_1_655' title='bbox 2599 3431 2990 3488; x_wconf 79' lang='lat' dir='ltr'><strong>Verumtamen</strong></span> <span class='ocrx_word' id='word_1_656' title='bbox 3023 3431 3169 3503; x_wconf 91' lang='lat' dir='ltr'><strong>quod</strong></span> <span class='ocrx_word' id='word_1_657' title='bbox 3197 3431 3331 3486; x_wconf 89' lang='lat' dir='ltr'><strong>nihil</strong></span> <span class='ocrx_word' id='word_1_658' title='bbox 3352 3432 3578 3488; x_wconf 90' lang='lat' dir='ltr'><strong>omnino</strong></span> <span class='ocrx_word' id='word_1_659' title='bbox 3607 3434 3755 3489; x_wconf 88' lang='lat' dir='ltr'><strong>aliter</strong></span> <span class='ocrx_word' id='word_1_660' title='bbox 3776 3449 3820 3487; x_wconf 88' lang='lat' dir='ltr'><strong>se</strong></span> 
     </span>
    </p>
   </div>
   <div class='ocr_carea' id='block_1_83' title="bbox 2251 3518 3816 3595">
    <p class='ocr_par' dir='ltr' id='par_1_83' title="bbox 2251 3518 3816 3595">
     <span class='ocr_line' id='line_1_83' title="bbox 2251 3518 3816 3595; baseline 0.001 -23"><span class='ocrx_word' id='word_1_661' title='bbox 2251 3520 2460 3573; x_wconf 88' lang='lat' dir='ltr'><strong>habens</strong></span> <span class='ocrx_word' id='word_1_662' title='bbox 2516 3518 2922 3590; x_wconf 89' lang='lat' dir='ltr'><strong>scripserimus,</strong></span> <span class='ocrx_word' id='word_1_663' title='bbox 2990 3519 3335 3591; x_wconf 86' lang='lat' dir='ltr'><strong>pertinaciter</strong></span> <span class='ocrx_word' id='word_1_664' title='bbox 3386 3536 3495 3575; x_wconf 93' lang='lat' dir='ltr'><strong>non</strong></span> <span class='ocrx_word' id='word_1_665' title='bbox 3552 3537 3816 3595; x_wconf 86' lang='lat' dir='ltr'><strong>negamus,</strong></span> 
     </span>
    </p>
   </div>
   <div class='ocr_carea' id='block_1_84' title="bbox 2252 3596 3817 3680">
    <p class='ocr_par' dir='ltr' id='par_1_84' title="bbox 2252 3596 3817 3680">
     <span class='ocr_line' id='line_1_84' title="bbox 2252 3596 3817 3680; baseline 0 -18"><span class='ocrx_word' id='word_1_666' title='bbox 2252 3608 2485 3663; x_wconf 88' lang='lat' dir='ltr'><strong>scientes</strong></span> <span class='ocrx_word' id='word_1_667' title='bbox 2526 3606 2792 3663; x_wconf 91' lang='lat' dir='ltr'><strong>bonorum</strong></span> <span class='ocrx_word' id='word_1_668' title='bbox 2816 3623 2959 3674; x_wconf 90' lang='lat' dir='ltr'><strong>esse,</strong></span> <span class='ocrx_word' id='word_1_669' title='bbox 2992 3607 3066 3661; x_wconf 94' lang='lat' dir='ltr'><strong>ibi</strong></span> <span class='ocrx_word' id='word_1_670' title='bbox 3095 3607 3418 3679; x_wconf 89' lang='lat' dir='ltr'><strong>plerumque</strong></span> <span class='ocrx_word' id='word_1_671' title='bbox 3447 3596 3668 3680; x_wconf 83' lang='lat' dir='ltr'><strong>culpam</strong></span> <span class='ocrx_word' id='word_1_672' title='bbox 3696 3609 3817 3664; x_wconf 63' lang='lat' dir='ltr'><strong>aesti-</strong></span> 
     </span>
    </p>
   </div>
   <div class='ocr_carea' id='block_1_85' title="bbox 2250 3695 3817 3769">
    <p class='ocr_par' dir='ltr' id='par_1_85' title="bbox 2250 3695 3817 3769">
     <span class='ocr_line' id='line_1_85' title="bbox 2250 3695 3817 3769; baseline 0 -19"><span class='ocrx_word' id='word_1_673' title='bbox 2250 3712 2424 3763; x_wconf 90' lang='lat' dir='ltr'><strong>mare,</strong></span> <span class='ocrx_word' id='word_1_674' title='bbox 2458 3695 2553 3750; x_wconf 92' lang='lat' dir='ltr'><strong>ubi</strong></span> <span class='ocrx_word' id='word_1_675' title='bbox 2599 3696 2750 3751; x_wconf 90' lang='lat' dir='ltr'><strong>nulla</strong></span> <span class='ocrx_word' id='word_1_676' title='bbox 2805 3704 2907 3751; x_wconf 91' lang='lat' dir='ltr'><strong>est.</strong></span> <span class='ocrx_word' id='word_1_677' title='bbox 2964 3697 3249 3751; x_wconf 89' lang='lat' dir='ltr'><strong>Portantes</strong></span> <span class='ocrx_word' id='word_1_678' title='bbox 3280 3695 3327 3751; x_wconf 91' lang='lat' dir='ltr'><strong>si</strong></span> <span class='ocrx_word' id='word_1_679' title='bbox 3355 3697 3579 3769; x_wconf 90' lang='lat' dir='ltr'><strong>quidem</strong></span> <span class='ocrx_word' id='word_1_680' title='bbox 3609 3698 3817 3753; x_wconf 69' lang='lat' dir='ltr'><strong>animum</strong></span> 
     </span>
    </p>
   </div>
   <div class='ocr_carea' id='block_1_86' title="bbox 2250 3783 3816 3858">
    <p class='ocr_par' dir='ltr' id='par_1_86' title="bbox 2250 3783 3816 3858">
     <span class='ocr_line' id='line_1_86' title="bbox 2250 3783 3816 3858; baseline 0.001 -20"><span class='ocrx_word' id='word_1_681' title='bbox 2250 3793 2495 3840; x_wconf 88' lang='lat' dir='ltr'><strong>nostram</strong></span> <span class='ocrx_word' id='word_1_682' title='bbox 2525 3784 2582 3839; x_wconf 91' lang='lat' dir='ltr'><strong>in</strong></span> <span class='ocrx_word' id='word_1_683' title='bbox 2631 3783 2883 3840; x_wconf 88' lang='lat' dir='ltr'><strong>manibus</strong></span> <span class='ocrx_word' id='word_1_684' title='bbox 2928 3784 3149 3853; x_wconf 87' lang='lat' dir='ltr'><strong>nostris,</strong></span> <span class='ocrx_word' id='word_1_685' title='bbox 3182 3784 3267 3841; x_wconf 90' lang='lat' dir='ltr'><strong>ori</strong></span> <span class='ocrx_word' id='word_1_686' title='bbox 3296 3792 3482 3841; x_wconf 89' lang='lat' dir='ltr'><strong>nostro</strong></span> <span class='ocrx_word' id='word_1_687' title='bbox 3511 3786 3595 3843; x_wconf 90' lang='lat' dir='ltr'><strong>sic</strong></span> <span class='ocrx_word' id='word_1_688' title='bbox 3619 3802 3816 3858; x_wconf 76' lang='lat' dir='ltr'><strong>parcere</strong></span> 
     </span>
    </p>
   </div>
   <div class='ocr_carea' id='block_1_87' title="bbox 2250 3872 3814 3941">
    <p class='ocr_par' dir='ltr' id='par_1_87' title="bbox 2250 3872 3814 3941">
     <span class='ocr_line' id='line_1_87' title="bbox 2250 3872 3814 3941; baseline 0.001 -13"><span class='ocrx_word' id='word_1_689' title='bbox 2250 3872 2521 3941; x_wconf 90' lang='lat' dir='ltr'><strong>nolumus,</strong></span> <span class='ocrx_word' id='word_1_690' title='bbox 2555 3880 2614 3928; x_wconf 91' lang='lat' dir='ltr'><strong>ut</strong></span> <span class='ocrx_word' id='word_1_691' title='bbox 2642 3888 2753 3929; x_wconf 93' lang='lat' dir='ltr'><strong>non</strong></span> <span class='ocrx_word' id='word_1_692' title='bbox 2782 3887 2976 3930; x_wconf 86' lang='lat' dir='ltr'><strong>carnes</strong></span> <span class='ocrx_word' id='word_1_693' title='bbox 3005 3880 3223 3929; x_wconf 89' lang='lat' dir='ltr'><strong>nostras</strong></span> <span class='ocrx_word' id='word_1_694' title='bbox 3254 3873 3505 3930; x_wconf 91' lang='lat' dir='ltr'><strong>dentibus</strong></span> <span class='ocrx_word' id='word_1_695' title='bbox 3526 3876 3724 3931; x_wconf 90' lang='lat' dir='ltr'><strong>nostris</strong></span> <span class='ocrx_word' id='word_1_696' title='bbox 3749 3875 3814 3929; x_wconf 86' lang='lat' dir='ltr'><strong>la-</strong></span> 
     </span>
    </p>
   </div>
   <div class='ocr_carea' id='block_1_88' title="bbox 2251 3961 3814 4035">
    <p class='ocr_par' dir='ltr' id='par_1_88' title="bbox 2251 3961 3814 4035">
     <span class='ocr_line' id='line_1_88' title="bbox 2251 3961 3814 4035; baseline -0.001 -17"><span class='ocrx_word' id='word_1_697' title='bbox 2251 3977 2519 4030; x_wconf 88' lang='lat' dir='ltr'><strong>ceremus,</strong></span> <span class='ocrx_word' id='word_1_698' title='bbox 2555 3962 2850 4017; x_wconf 90' lang='lat' dir='ltr'><strong>dummodo</strong></span> <span class='ocrx_word' id='word_1_699' title='bbox 2880 3961 3026 4034; x_wconf 90' lang='lat' dir='ltr'><strong>apud</strong></span> <span class='ocrx_word' id='word_1_700' title='bbox 3057 3977 3158 4017; x_wconf 91' lang='lat' dir='ltr'><strong>nos</strong></span> <span class='ocrx_word' id='word_1_701' title='bbox 3188 3977 3285 4017; x_wconf 87' lang='lat' dir='ltr'><strong>eas</strong></span> <span class='ocrx_word' id='word_1_702' title='bbox 3313 3978 3435 4017; x_wconf 89' lang='lat' dir='ltr'><strong>esse</strong></span> <span class='ocrx_word' id='word_1_703' title='bbox 3456 3962 3814 4035; x_wconf 84' lang='lat' dir='ltr'><strong>deprehenda-</strong></span> 
     </span>
    </p>
   </div>
   <div class='ocr_carea' id='block_1_89' title="bbox 2250 4051 3808 4124">
    <p class='ocr_par' dir='ltr' id='par_1_89' title="bbox 2250 4051 3808 4124">
     <span class='ocr_line' id='line_1_89' title="bbox 2250 4051 3808 4124; baseline -0.001 -18"><span class='ocrx_word' id='word_1_704' title='bbox 2250 4067 2399 4106; x_wconf 92' lang='lat' dir='ltr'><strong>mus.</strong></span> <span class='ocrx_word' id='word_1_705' title='bbox 2438 4051 2545 4107; x_wconf 92' lang='lat' dir='ltr'><strong>Sed</strong></span> <span class='ocrx_word' id='word_1_706' title='bbox 2578 4059 2680 4107; x_wconf 76' lang='lat' dir='ltr'><strong>tuze</strong></span> <span class='ocrx_word' id='word_1_707' title='bbox 2709 4060 2764 4107; x_wconf 92' lang='lat' dir='ltr'><strong>et</strong></span> <span class='ocrx_word' id='word_1_708' title='bbox 2809 4051 3123 4124; x_wconf 88' lang='lat' dir='ltr'><strong>sagacitatis</strong></span> <span class='ocrx_word' id='word_1_709' title='bbox 3165 4051 3427 4121; x_wconf 72' lang='lat' dir='ltr'><strong>providae,</strong></span> <span class='ocrx_word' id='word_1_710' title='bbox 3461 4060 3513 4107; x_wconf 91' lang='lat' dir='ltr'><strong>et</strong></span> <span class='ocrx_word' id='word_1_711' title='bbox 3542 4052 3808 4124; x_wconf 85' lang='lat' dir='ltr'><strong>providen-</strong></span> 
     </span>
    </p>
   </div>
   <div class='ocr_carea' id='block_1_90' title="bbox 2251 4138 3813 4212">
    <p class='ocr_par' dir='ltr' id='par_1_90' title="bbox 2251 4138 3813 4212">
     <span class='ocr_line' id='line_1_90' title="bbox 2251 4138 3813 4212; baseline 0 -19"><span class='ocrx_word' id='word_1_712' title='bbox 2251 4140 2338 4196; x_wconf 73' lang='lat' dir='ltr'><strong>tia:</strong></span> <span class='ocrx_word' id='word_1_713' title='bbox 2369 4140 2467 4195; x_wconf 91' lang='lat' dir='ltr'><strong>erit</strong></span> <span class='ocrx_word' id='word_1_714' title='bbox 2497 4138 2737 4212; x_wconf 87' lang='lat' dir='ltr'><strong>sagacis,</strong></span> <span class='ocrx_word' id='word_1_715' title='bbox 2770 4139 2851 4195; x_wconf 92' lang='lat' dir='ltr'><strong>sic</strong></span> <span class='ocrx_word' id='word_1_716' title='bbox 2878 4139 3139 4212; x_wconf 88' lang='lat' dir='ltr'><strong>colligere</strong></span> <span class='ocrx_word' id='word_1_717' title='bbox 3159 4155 3357 4206; x_wconf 89' lang='lat' dir='ltr'><strong>rosam,</strong></span> <span class='ocrx_word' id='word_1_718' title='bbox 3391 4147 3449 4194; x_wconf 94' lang='lat' dir='ltr'><strong>ut</strong></span> <span class='ocrx_word' id='word_1_719' title='bbox 3477 4140 3533 4194; x_wconf 92' lang='lat' dir='ltr'><strong>in</strong></span> <span class='ocrx_word' id='word_1_720' title='bbox 3549 4157 3710 4197; x_wconf 90' lang='lat' dir='ltr'><strong>manu</strong></span> <span class='ocrx_word' id='word_1_721' title='bbox 3729 4156 3813 4195; x_wconf 90' lang='lat' dir='ltr'><strong>non</strong></span> 
     </span>
    </p>
   </div>
   <div class='ocr_carea' id='block_1_91' title="bbox 2252 4227 3813 4301">
    <p class='ocr_par' dir='ltr' id='par_1_91' title="bbox 2252 4227 3813 4301">
     <span class='ocr_line' id='line_1_91' title="bbox 2252 4227 3813 4301; baseline 0.001 -18"><span class='ocrx_word' id='word_1_722' title='bbox 2252 4235 2491 4283; x_wconf 89' lang='lat' dir='ltr'><strong>assumat</strong></span> <span class='ocrx_word' id='word_1_723' title='bbox 2523 4228 2735 4300; x_wconf 88' lang='lat' dir='ltr'><strong>spinam</strong></span> <span class='ocrx_word' id='word_1_724' title='bbox 2769 4243 2782 4283; x_wconf 96' lang='lat'>:</span> <span class='ocrx_word' id='word_1_725' title='bbox 2815 4228 3005 4299; x_wconf 87' lang='lat' dir='ltr'><strong>sicque</strong></span> <span class='ocrx_word' id='word_1_726' title='bbox 3033 4228 3117 4299; x_wconf 92' lang='lat' dir='ltr'><strong>(ut</strong></span> <span class='ocrx_word' id='word_1_727' title='bbox 3145 4228 3387 4299; x_wconf 88' lang='lat' dir='ltr'><strong>apertius</strong></span> <span class='ocrx_word' id='word_1_728' title='bbox 3402 4227 3669 4301; x_wconf 89' lang='lat' dir='ltr'><strong>dicamus)</strong></span> <span class='ocrx_word' id='word_1_729' title='bbox 3696 4228 3813 4301; x_wconf 87' lang='lat' dir='ltr'><strong>quod</strong></span> 
     </span>
    </p>
   </div>
   <div class='ocr_carea' id='block_1_92' title="bbox 2253 4316 3813 4387">
    <p class='ocr_par' dir='ltr' id='par_1_92' title="bbox 2253 4316 3813 4387">
     <span class='ocr_line' id='line_1_92' title="bbox 2253 4316 3813 4387; baseline -0.002 -15"><span class='ocrx_word' id='word_1_730' title='bbox 2253 4317 2455 4372; x_wconf 92' lang='lat' dir='ltr'><strong>bonum</strong></span> <span class='ocrx_word' id='word_1_731' title='bbox 2486 4325 2570 4372; x_wconf 90' lang='lat' dir='ltr'><strong>est</strong></span> <span class='ocrx_word' id='word_1_732' title='bbox 2597 4324 2802 4383; x_wconf 92' lang='lat' dir='ltr'><strong>tenere,</strong></span> <span class='ocrx_word' id='word_1_733' title='bbox 2835 4325 2892 4372; x_wconf 94' lang='lat' dir='ltr'><strong>ut</strong></span> <span class='ocrx_word' id='word_1_734' title='bbox 2938 4316 3007 4370; x_wconf 91' lang='lat' dir='ltr'><strong>ab</strong></span> <span class='ocrx_word' id='word_1_735' title='bbox 3045 4317 3192 4371; x_wconf 89' lang='lat' dir='ltr'><strong>omni</strong></span> <span class='ocrx_word' id='word_1_736' title='bbox 3225 4317 3407 4387; x_wconf 89' lang='lat' dir='ltr'><strong>specie</strong></span> <span class='ocrx_word' id='word_1_737' title='bbox 3454 4317 3604 4373; x_wconf 86' lang='lat' dir='ltr'><strong>mala</strong></span> <span class='ocrx_word' id='word_1_738' title='bbox 3633 4317 3813 4373; x_wconf 82' lang='lat' dir='ltr'><strong>studeat</strong></span> 
     </span>
    </p>
   </div>
   <div class='ocr_carea' id='block_1_93' title="bbox 2253 4404 3812 4477">
    <p class='ocr_par' dir='ltr' id='par_1_93' title="bbox 2253 4404 3812 4477">
     <span class='ocr_line' id='line_1_93' title="bbox 2253 4404 3812 4477; baseline -0.002 -18"><span class='ocrx_word' id='word_1_739' title='bbox 2253 4406 2556 4461; x_wconf 89' lang='lat' dir='ltr'><strong>abstinere.</strong></span> <span class='ocrx_word' id='word_1_740' title='bbox 2593 4405 2795 4460; x_wconf 83' lang='lat' dir='ltr'><strong>Verum</strong></span> <span class='ocrx_word' id='word_1_741' title='bbox 2833 4405 2949 4474; x_wconf 90' lang='lat' dir='ltr'><strong>jam</strong></span> <span class='ocrx_word' id='word_1_742' title='bbox 2977 4404 3143 4461; x_wconf 82' lang='lat' dir='ltr'><strong>finem</strong></span> <span class='ocrx_word' id='word_1_743' title='bbox 3199 4404 3541 4476; x_wconf 88' lang='lat' dir='ltr'><strong>imponamus</strong></span> <span class='ocrx_word' id='word_1_744' title='bbox 3557 4407 3679 4473; x_wconf 91' lang='lat' dir='ltr'><strong>his;</strong></span> <span class='ocrx_word' id='word_1_745' title='bbox 3711 4405 3812 4477; x_wconf 81' lang='lat' dir='ltr'><strong>quia</strong></span> 
     </span>
    </p>
   </div>
   <div class='ocr_carea' id='block_1_94' title="bbox 2253 4492 3813 4568">
    <p class='ocr_par' dir='ltr' id='par_1_94' title="bbox 2253 4492 3813 4568">
     <span class='ocr_line' id='line_1_94' title="bbox 2253 4492 3813 4568; baseline -0.002 -21"><span class='ocrx_word' id='word_1_746' title='bbox 2253 4494 2424 4548; x_wconf 91' lang='lat' dir='ltr'><strong>multa</strong></span> <span class='ocrx_word' id='word_1_747' title='bbox 2471 4493 2688 4565; x_wconf 90' lang='lat' dir='ltr'><strong>quidem</strong></span> <span class='ocrx_word' id='word_1_748' title='bbox 2750 4492 3012 4559; x_wconf 83' lang='lat' dir='ltr'><strong>diximus;</strong></span> <span class='ocrx_word' id='word_1_749' title='bbox 3070 4501 3124 4548; x_wconf 92' lang='lat' dir='ltr'><strong>et</strong></span> <span class='ocrx_word' id='word_1_750' title='bbox 3169 4493 3374 4549; x_wconf 85' lang='lat' dir='ltr'><strong>utinam</strong></span> <span class='ocrx_word' id='word_1_751' title='bbox 3414 4493 3525 4561; x_wconf 92' lang='lat' dir='ltr'><strong>tibi,</strong></span> <span class='ocrx_word' id='word_1_752' title='bbox 3578 4495 3667 4568; x_wconf 88' lang='lat' dir='ltr'><strong>qui</strong></span> <span class='ocrx_word' id='word_1_753' title='bbox 3691 4494 3813 4550; x_wconf 69' lang='lat' dir='ltr'><strong>cella:</strong></span> 
     </span>
    </p>
   </div>
   <div class='ocr_carea' id='block_1_95' title="bbox 549 4575 3810 4655">
    <p class='ocr_par' dir='ltr' id='par_1_95' title="bbox 549 4575 3810 4655">
     <span class='ocr_line' id='line_1_95' title="bbox 549 4575 3810 4655; baseline -0.001 -19"><span class='ocrx_word' id='word_1_754' title='bbox 549 4582 630 4638; x_wconf 91' lang='lat' dir='ltr'><strong>sic</strong></span> <span class='ocrx_word' id='word_1_755' title='bbox 650 4584 911 4639; x_wconf 88' lang='lat' dir='ltr'><strong>ostendit.</strong></span> <span class='ocrx_word' id='word_1_756' title='bbox 954 4607 977 4631; x_wconf 76' lang='grc' dir='ltr'><strong><em>α</em></strong></span> <span class='ocrx_word' id='word_1_757' title='bbox 1010 4587 1056 4639; x_wconf 82' lang='grc' dir='ltr'><strong>Α</strong></span> <span class='ocrx_word' id='word_1_758' title='bbox 1077 4584 1258 4639; x_wconf 88' lang='lat' dir='ltr'><strong>Tertia</strong></span> <span class='ocrx_word' id='word_1_759' title='bbox 1278 4600 1411 4640; x_wconf 87' lang='lat' dir='ltr'><strong>vero</strong></span> <span class='ocrx_word' id='word_1_760' title='bbox 1433 4600 1605 4655; x_wconf 88' lang='lat' dir='ltr'><strong>usque</strong></span> <span class='ocrx_word' id='word_1_761' title='bbox 1624 4583 1693 4638; x_wconf 88' lang='lat' dir='ltr'><strong>ad</strong></span> <span class='ocrx_word' id='word_1_762' title='bbox 1716 4583 1933 4638; x_wconf 80' lang='lat' dir='ltr'><strong>Sextam</strong></span> <span class='ocrx_word' id='word_1_763' title='bbox 1947 4579 2146 4643; x_wconf 88' lang='lat' dir='ltr'><strong>hieme,</strong></span> <span class='ocrx_word' id='word_1_764' title='bbox 2179 4575 2232 4635; x_wconf 92' lang='lat' dir='ltr'>D</span> <span class='ocrx_word' id='word_1_765' title='bbox 2254 4582 2529 4638; x_wconf 88' lang='lat' dir='ltr'><strong>habitator</strong></span> <span class='ocrx_word' id='word_1_766' title='bbox 2558 4598 2638 4650; x_wconf 90' lang='lat' dir='ltr'><strong>es,</strong></span> <span class='ocrx_word' id='word_1_767' title='bbox 2690 4590 2798 4637; x_wconf 88' lang='lat' dir='ltr'><strong>tam</strong></span> <span class='ocrx_word' id='word_1_768' title='bbox 2820 4581 2925 4638; x_wconf 90' lang='lat' dir='ltr'><strong>sint</strong></span> <span class='ocrx_word' id='word_1_769' title='bbox 2954 4581 3231 4638; x_wconf 87' lang='lat' dir='ltr'><strong>fructuosa</strong></span> <span class='ocrx_word' id='word_1_770' title='bbox 3252 4598 3416 4654; x_wconf 88' lang='lat' dir='ltr'><strong>quam</strong></span> <span class='ocrx_word' id='word_1_771' title='bbox 3446 4592 3572 4638; x_wconf 91' lang='lat' dir='ltr'><strong>sunt</strong></span> <span class='ocrx_word' id='word_1_772' title='bbox 3599 4582 3810 4655; x_wconf 78' lang='lat' dir='ltr'><strong>profusa.</strong></span> 
     </span>
    </p>
   </div>
   <div class='ocr_carea' id='block_1_96' title="bbox 549 4667 2147 4746">
    <p class='ocr_par' dir='ltr' id='par_1_96' title="bbox 549 4667 2147 4746">
     <span class='ocr_line' id='line_1_96' title="bbox 549 4667 2147 4746; baseline -0.004 -17"><span class='ocrx_word' id='word_1_773' title='bbox 549 4681 603 4729; x_wconf 88' lang='lat' dir='ltr'><strong>et</strong></span> <span class='ocrx_word' id='word_1_774' title='bbox 647 4688 679 4727; x_wconf 88' lang='lat' dir='ltr'><strong>a</strong></span> <span class='ocrx_word' id='word_1_775' title='bbox 709 4673 890 4729; x_wconf 91' lang='lat' dir='ltr'><strong>Prima</strong></span> <span class='ocrx_word' id='word_1_776' title='bbox 937 4690 1109 4746; x_wconf 90' lang='lat' dir='ltr'><strong>usque</strong></span> <span class='ocrx_word' id='word_1_777' title='bbox 1137 4674 1205 4728; x_wconf 88' lang='lat' dir='ltr'><strong>ad</strong></span> <span class='ocrx_word' id='word_1_778' title='bbox 1234 4674 1472 4729; x_wconf 89' lang='lat' dir='ltr'><strong>Tertiam</strong></span> <span class='ocrx_word' id='word_1_779' title='bbox 1502 4682 1690 4729; x_wconf 65' lang='lat' dir='ltr'><strong>aestate</strong></span> <span class='ocrx_word' id='word_1_780' title='bbox 1710 4716 1722 4739; x_wconf 90' lang='lat'><strong>,</strong></span> <span class='ocrx_word' id='word_1_781' title='bbox 1754 4685 2017 4728; x_wconf 88' lang='lat' dir='ltr'><strong>manuum</strong></span> <span class='ocrx_word' id='word_1_782' title='bbox 2045 4667 2147 4724; x_wconf 87' lang='lat' dir='ltr'><strong>de-</strong></span> 
     </span>
    </p>
   </div>
   <div class='ocr_carea' id='block_1_97' title="bbox 547 4760 2148 4834">
    <p class='ocr_par' dir='ltr' id='par_1_97' title="bbox 547 4760 2148 4834">
     <span class='ocr_line' id='line_1_97' title="bbox 547 4760 2148 4834; baseline -0.001 -18"><span class='ocrx_word' id='word_1_783' title='bbox 547 4769 761 4833; x_wconf 91' lang='lat' dir='ltr'><strong>putatur</strong></span> <span class='ocrx_word' id='word_1_784' title='bbox 787 4762 1062 4834; x_wconf 89' lang='lat' dir='ltr'><strong>operibus.</strong></span> <span class='ocrx_word' id='word_1_785' title='bbox 1095 4762 1229 4832; x_wconf 68' lang='lat' dir='ltr'><strong>Quze</strong></span> <span class='ocrx_word' id='word_1_786' title='bbox 1259 4771 1442 4820; x_wconf 89' lang='lat' dir='ltr'><strong>tamen</strong></span> <span class='ocrx_word' id='word_1_787' title='bbox 1479 4779 1665 4833; x_wconf 90' lang='lat' dir='ltr'><strong>opera,</strong></span> <span class='ocrx_word' id='word_1_788' title='bbox 1699 4762 1958 4818; x_wconf 89' lang='lat' dir='ltr'><strong>brevibus</strong></span> <span class='ocrx_word' id='word_1_789' title='bbox 1988 4760 2148 4817; x_wconf 90' lang='lat' dir='ltr'><strong>volu-</strong></span> 
     </span>
    </p>
   </div>
   <div class='ocr_carea' id='block_1_98' title="bbox 548 4851 2147 4923">
    <p class='ocr_par' dir='ltr' id='par_1_98' title="bbox 548 4851 2147 4923">
     <span class='ocr_line' id='line_1_98' title="bbox 548 4851 2147 4923; baseline 0.001 -18"><span class='ocrx_word' id='word_1_790' title='bbox 548 4867 671 4906; x_wconf 91' lang='lat' dir='ltr'><strong>mus</strong></span> <span class='ocrx_word' id='word_1_791' title='bbox 700 4851 1037 4907; x_wconf 86' lang='lat' dir='ltr'><strong>orationibus</strong></span> <span class='ocrx_word' id='word_1_792' title='bbox 1062 4851 1404 4923; x_wconf 90' lang='lat' dir='ltr'><strong>interrumpi.</strong></span> <span class='ocrx_word' id='word_1_793' title='bbox 1432 4853 1499 4907; x_wconf 89' lang='lat' dir='ltr'><strong>Et</strong></span> <span class='ocrx_word' id='word_1_794' title='bbox 1524 4852 1577 4906; x_wconf 91' lang='lat' dir='ltr'><strong>in</strong></span> <span class='ocrx_word' id='word_1_795' title='bbox 1609 4859 1794 4908; x_wconf 67' lang='lat' dir='ltr'><strong>aestate</strong></span> <span class='ocrx_word' id='word_1_796' title='bbox 1824 4851 1971 4923; x_wconf 91' lang='lat' dir='ltr'><strong>quod</strong></span> <span class='ocrx_word' id='word_1_797' title='bbox 2004 4851 2147 4907; x_wconf 86' lang='lat' dir='ltr'><strong>Ves-</strong></span> 
     </span>
    </p>
   </div>
   <div class='ocr_carea' id='block_1_99' title="bbox 546 4938 2146 5012">
    <p class='ocr_par' dir='ltr' id='par_1_99' title="bbox 546 4938 2146 5012">
     <span class='ocr_line' id='line_1_99' title="bbox 546 4938 2146 5012; baseline 0.001 -18"><span class='ocrx_word' id='word_1_798' title='bbox 546 4954 731 5010; x_wconf 90' lang='lat' dir='ltr'><strong>peram</strong></span> <span class='ocrx_word' id='word_1_799' title='bbox 762 4940 1087 5009; x_wconf 88' lang='lat' dir='ltr'><strong>Nonamque</strong></span> <span class='ocrx_word' id='word_1_800' title='bbox 1142 4938 1509 5006; x_wconf 90' lang='lat' dir='ltr'><strong>disterminat,</strong></span> <span class='ocrx_word' id='word_1_801' title='bbox 1542 4939 1890 4994; x_wconf 87' lang='lat' dir='ltr'><strong>manualibus</strong></span> <span class='ocrx_word' id='word_1_802' title='bbox 1910 4956 2146 5012; x_wconf 89' lang='lat' dir='ltr'><strong>occupa-</strong></span> 
     </span>
    </p>
   </div>
   <div class='ocr_carea' id='block_1_100' title="bbox 547 5027 2147 5098">
    <p class='ocr_par' dir='ltr' id='par_1_100' title="bbox 547 5027 2147 5098">
     <span class='ocr_line' id='line_1_100' title="bbox 547 5027 2147 5098; baseline 0.003 -16"><span class='ocrx_word' id='word_1_803' title='bbox 547 5036 637 5082; x_wconf 91' lang='lat' dir='ltr'><strong>tur</strong></span> <span class='ocrx_word' id='word_1_804' title='bbox 692 5027 972 5098; x_wconf 88' lang='lat' dir='ltr'><strong>operibus,</strong></span> <span class='ocrx_word' id='word_1_805' title='bbox 1021 5041 1346 5098; x_wconf 88' lang='lat' dir='ltr'><strong>semperque</strong></span> <span class='ocrx_word' id='word_1_806' title='bbox 1395 5027 1450 5082; x_wconf 90' lang='lat' dir='ltr'><strong>in</strong></span> <span class='ocrx_word' id='word_1_807' title='bbox 1494 5027 1801 5097; x_wconf 88' lang='lat' dir='ltr'><strong>operando,</strong></span> <span class='ocrx_word' id='word_1_808' title='bbox 1852 5028 1923 5083; x_wconf 90' lang='lat' dir='ltr'><strong>ad</strong></span> <span class='ocrx_word' id='word_1_809' title='bbox 1949 5028 2147 5086; x_wconf 90' lang='lat' dir='ltr'><strong>breves</strong></span> 
     </span>
    </p>
   </div>
   <div class='ocr_carea' id='block_1_101' title="bbox 546 5113 2146 5185">
    <p class='ocr_par' dir='ltr' id='par_1_101' title="bbox 546 5113 2146 5185">
     <span class='ocr_line' id='line_1_101' title="bbox 546 5113 2146 5185; baseline 0.003 -15"><span class='ocrx_word' id='word_1_810' title='bbox 546 5123 600 5171; x_wconf 91' lang='lat' dir='ltr'><strong>et</strong></span> <span class='ocrx_word' id='word_1_811' title='bbox 653 5114 812 5185; x_wconf 88' lang='lat' dir='ltr'><strong>quasi</strong></span> <span class='ocrx_word' id='word_1_812' title='bbox 854 5113 1127 5184; x_wconf 87' lang='lat' dir='ltr'><strong>jaculatas</strong></span> <span class='ocrx_word' id='word_1_813' title='bbox 1165 5114 1292 5170; x_wconf 90' lang='lat' dir='ltr'><strong>licet</strong></span> <span class='ocrx_word' id='word_1_814' title='bbox 1326 5114 1600 5170; x_wconf 89' lang='lat' dir='ltr'><strong>orationes</strong></span> <span class='ocrx_word' id='word_1_815' title='bbox 1647 5130 1948 5170; x_wconf 88' lang='lat' dir='ltr'><strong>recurrere.</strong></span> <span class='ocrx_word' id='word_1_816' title='bbox 1985 5138 2009 5167; x_wconf 77' lang='grc' dir='ltr'><strong><em>ι</em></strong></span> <span class='ocrx_word' id='word_1_817' title='bbox 2066 5118 2146 5173; x_wconf 92' lang='lat' dir='ltr'><strong>De</strong></span> 
     </span>
    </p>
   </div>
   <div class='ocr_carea' id='block_1_102' title="bbox 548 5202 2147 5274">
    <p class='ocr_par' dir='ltr' id='par_1_102' title="bbox 548 5202 2147 5274">
     <span class='ocr_line' id='line_1_102' title="bbox 548 5202 2147 5274; baseline 0.003 -17"><span class='ocrx_word' id='word_1_818' title='bbox 548 5202 917 5273; x_wconf 87' lang='lat' dir='ltr'><strong>spiritualibus</strong></span> <span class='ocrx_word' id='word_1_819' title='bbox 936 5217 1067 5257; x_wconf 86' lang='lat' dir='ltr'><strong>vero</strong></span> <span class='ocrx_word' id='word_1_820' title='bbox 1088 5202 1377 5269; x_wconf 83' lang='lat' dir='ltr'><strong>exercitiis,</strong></span> <span class='ocrx_word' id='word_1_821' title='bbox 1412 5202 1610 5274; x_wconf 92' lang='lat' dir='ltr'><strong>quibus</strong></span> <span class='ocrx_word' id='word_1_822' title='bbox 1639 5203 1791 5259; x_wconf 90' lang='lat' dir='ltr'><strong>horis</strong></span> <span class='ocrx_word' id='word_1_823' title='bbox 1818 5211 1927 5257; x_wconf 90' lang='lat' dir='ltr'><strong>tam</strong></span> <span class='ocrx_word' id='word_1_824' title='bbox 1966 5204 2147 5262; x_wconf 88' lang='lat' dir='ltr'><strong>hieme</strong></span> 
     </span>
    </p>
   </div>
   <div class='ocr_carea' id='block_1_103' title="bbox 551 5289 2148 5362">
    <p class='ocr_par' dir='ltr' id='par_1_103' title="bbox 551 5289 2148 5362">
     <span class='ocr_line' id='line_1_103' title="bbox 551 5289 2148 5362; baseline 0.004 -18"><span class='ocrx_word' id='word_1_825' title='bbox 551 5305 713 5361; x_wconf 88' lang='lat' dir='ltr'><strong>quam</strong></span> <span class='ocrx_word' id='word_1_826' title='bbox 767 5297 975 5356; x_wconf 66' lang='lat' dir='ltr'><strong>aestate,</strong></span> <span class='ocrx_word' id='word_1_827' title='bbox 1018 5289 1330 5362; x_wconf 90' lang='lat' dir='ltr'><strong>specialiter</strong></span> <span class='ocrx_word' id='word_1_828' title='bbox 1387 5290 1466 5345; x_wconf 92' lang='lat' dir='ltr'><strong>eis</strong></span> <span class='ocrx_word' id='word_1_829' title='bbox 1514 5289 1666 5347; x_wconf 70' lang='lat' dir='ltr'><strong>cella:</strong></span> <span class='ocrx_word' id='word_1_830' title='bbox 1727 5291 1925 5347; x_wconf 89' lang='lat' dir='ltr'><strong>debeat</strong></span> <span class='ocrx_word' id='word_1_831' title='bbox 1969 5291 2148 5351; x_wconf 90' lang='lat' dir='ltr'><strong>incola</strong></span> 
     </span>
    </p>
   </div>
   <div class='ocr_carea' id='block_1_104' title="bbox 2256 4670 3813 4743">
    <p class='ocr_par' dir='ltr' id='par_1_104' title="bbox 2256 4670 3813 4743">
     <span class='ocr_line' id='line_1_104' title="bbox 2256 4670 3813 4743; baseline -0.003 -16"><span class='ocrx_word' id='word_1_832' title='bbox 2256 4673 2463 4727; x_wconf 88' lang='lat' dir='ltr'><strong>Devota</strong></span> <span class='ocrx_word' id='word_1_833' title='bbox 2494 4686 2711 4743; x_wconf 87' lang='lat' dir='ltr'><strong>quoque</strong></span> <span class='ocrx_word' id='word_1_834' title='bbox 2754 4678 2807 4726; x_wconf 90' lang='lat' dir='ltr'><strong>te</strong></span> <span class='ocrx_word' id='word_1_835' title='bbox 2837 4670 3158 4737; x_wconf 86' lang='lat' dir='ltr'><strong>humilitate,</strong></span> <span class='ocrx_word' id='word_1_836' title='bbox 3190 4679 3244 4727; x_wconf 89' lang='lat' dir='ltr'><strong>et</strong></span> <span class='ocrx_word' id='word_1_837' title='bbox 3280 4671 3468 4726; x_wconf 90' lang='lat' dir='ltr'><strong>humili</strong></span> <span class='ocrx_word' id='word_1_838' title='bbox 3495 4672 3813 4727; x_wconf 85' lang='lat' dir='ltr'><strong>nihilominus</strong></span> 
     </span>
    </p>
   </div>
   <div class='ocr_carea' id='block_1_105' title="bbox 2251 4759 3812 4832">
    <p class='ocr_par' dir='ltr' id='par_1_105' title="bbox 2251 4759 3812 4832">
     <span class='ocr_line' id='line_1_105' title="bbox 2251 4759 3812 4832; baseline -0.002 -16"><span class='ocrx_word' id='word_1_839' title='bbox 2251 4759 2561 4827; x_wconf 86' lang='lat' dir='ltr'><strong>devotione,</strong></span> <span class='ocrx_word' id='word_1_840' title='bbox 2582 4769 2634 4816; x_wconf 90' lang='lat' dir='ltr'><strong>et</strong></span> <span class='ocrx_word' id='word_1_841' title='bbox 2665 4760 2709 4815; x_wconf 91' lang='lat' dir='ltr'><strong>si</strong></span> <span class='ocrx_word' id='word_1_842' title='bbox 2731 4775 2959 4830; x_wconf 89' lang='lat' dir='ltr'><strong>corpore</strong></span> <span class='ocrx_word' id='word_1_843' title='bbox 2988 4760 3266 4826; x_wconf 89' lang='lat' dir='ltr'><strong>absentes,</strong></span> <span class='ocrx_word' id='word_1_844' title='bbox 3300 4768 3477 4815; x_wconf 84' lang='lat' dir='ltr'><strong>tamen</strong></span> <span class='ocrx_word' id='word_1_845' title='bbox 3499 4761 3685 4832; x_wconf 89' lang='lat' dir='ltr'><strong>spiritu</strong></span> <span class='ocrx_word' id='word_1_846' title='bbox 3701 4776 3812 4832; x_wconf 78' lang='lat' dir='ltr'><strong>pra:-</strong></span> 
     </span>
    </p>
   </div>
   <div class='ocr_carea' id='block_1_106' title="bbox 2250 4847 3810 4922">
    <p class='ocr_par' dir='ltr' id='par_1_106' title="bbox 2250 4847 3810 4922">
     <span class='ocr_line' id='line_1_106' title="bbox 2250 4847 3810 4922; baseline -0.003 -18"><span class='ocrx_word' id='word_1_847' title='bbox 2250 4858 2452 4916; x_wconf 89' lang='lat' dir='ltr'><strong>sentes,</strong></span> <span class='ocrx_word' id='word_1_848' title='bbox 2512 4864 2818 4916; x_wconf 88' lang='lat' dir='ltr'><strong>exoramus,</strong></span> <span class='ocrx_word' id='word_1_849' title='bbox 2865 4855 2922 4902; x_wconf 90' lang='lat' dir='ltr'><strong>ut</strong></span> <span class='ocrx_word' id='word_1_850' title='bbox 2955 4848 2999 4902; x_wconf 89' lang='lat' dir='ltr'><strong>si</strong></span> <span class='ocrx_word' id='word_1_851' title='bbox 3027 4848 3157 4921; x_wconf 89' lang='lat' dir='ltr'><strong>quid</strong></span> <span class='ocrx_word' id='word_1_852' title='bbox 3212 4848 3269 4902; x_wconf 92' lang='lat' dir='ltr'><strong>in</strong></span> <span class='ocrx_word' id='word_1_853' title='bbox 3298 4848 3553 4904; x_wconf 88' lang='lat' dir='ltr'><strong>omnibus</strong></span> <span class='ocrx_word' id='word_1_854' title='bbox 3610 4867 3721 4922; x_wconf 70' lang='lat' dir='ltr'><strong>qua:</strong></span> <span class='ocrx_word' id='word_1_855' title='bbox 3745 4847 3810 4900; x_wconf 89' lang='lat' dir='ltr'><strong>hic</strong></span> 
     </span>
    </p>
   </div>
   <div class='ocr_carea' id='block_1_107' title="bbox 2250 4936 3809 5011">
    <p class='ocr_par' dir='ltr' id='par_1_107' title="bbox 2250 4936 3809 5011">
     <span class='ocr_line' id='line_1_107' title="bbox 2250 4936 3809 5011; baseline -0.003 -17"><span class='ocrx_word' id='word_1_856' title='bbox 2250 4946 2468 4994; x_wconf 89' lang='lat' dir='ltr'><strong>exarata</strong></span> <span class='ocrx_word' id='word_1_857' title='bbox 2514 4945 2657 5006; x_wconf 90' lang='lat' dir='ltr'><strong>sunt,</strong></span> <span class='ocrx_word' id='word_1_858' title='bbox 2691 4946 2782 4993; x_wconf 90' lang='lat' dir='ltr'><strong>tua</strong></span> <span class='ocrx_word' id='word_1_859' title='bbox 2838 4936 3099 4992; x_wconf 88' lang='lat' dir='ltr'><strong>sanctitas</strong></span> <span class='ocrx_word' id='word_1_860' title='bbox 3150 4936 3437 5006; x_wconf 85' lang='lat' dir='ltr'><strong>invenerit,</strong></span> <span class='ocrx_word' id='word_1_861' title='bbox 3468 4954 3535 4993; x_wconf 79' lang='lat' dir='ltr'><strong>ex</strong></span> <span class='ocrx_word' id='word_1_862' title='bbox 3591 4954 3693 5011; x_wconf 88' lang='lat' dir='ltr'><strong>quo</strong></span> <span class='ocrx_word' id='word_1_863' title='bbox 3720 4936 3809 4991; x_wconf 86' lang='lat' dir='ltr'><strong>fru-</strong></span> 
     </span>
    </p>
   </div>
   <div class='ocr_carea' id='block_1_108' title="bbox 2249 5023 3810 5099">
    <p class='ocr_par' dir='ltr' id='par_1_108' title="bbox 2249 5023 3810 5099">
     <span class='ocr_line' id='line_1_108' title="bbox 2249 5023 3810 5099; baseline -0.005 -15"><span class='ocrx_word' id='word_1_864' title='bbox 2249 5035 2396 5084; x_wconf 90' lang='lat' dir='ltr'><strong>ctum</strong></span> <span class='ocrx_word' id='word_1_865' title='bbox 2448 5026 2686 5098; x_wconf 89' lang='lat' dir='ltr'><strong>aliquem</strong></span> <span class='ocrx_word' id='word_1_866' title='bbox 2714 5025 2997 5097; x_wconf 88' lang='lat' dir='ltr'><strong>percipere</strong></span> <span class='ocrx_word' id='word_1_867' title='bbox 3017 5026 3192 5097; x_wconf 89' lang='lat' dir='ltr'><strong>possit</strong></span> <span class='ocrx_word' id='word_1_868' title='bbox 3214 5025 3569 5097; x_wconf 89' lang='lat' dir='ltr'><strong>spiritualem,</strong></span> <span class='ocrx_word' id='word_1_869' title='bbox 3601 5043 3696 5099; x_wconf 91' lang='lat' dir='ltr'><strong>pro</strong></span> <span class='ocrx_word' id='word_1_870' title='bbox 3721 5023 3810 5081; x_wconf 83' lang='lat' dir='ltr'><strong>ani-</strong></span> 
     </span>
    </p>
   </div>
   <div class='ocr_carea' id='block_1_109' title="bbox 2248 5111 3809 5185">
    <p class='ocr_par' dir='ltr' id='par_1_109' title="bbox 2248 5111 3809 5185">
     <span class='ocr_line' id='line_1_109' title="bbox 2248 5111 3809 5185; baseline -0.006 -14"><span class='ocrx_word' id='word_1_871' title='bbox 2248 5132 2339 5171; x_wconf 88' lang='lat' dir='ltr'><strong>ma</strong></span> <span class='ocrx_word' id='word_1_872' title='bbox 2369 5115 2516 5171; x_wconf 89' lang='lat' dir='ltr'><strong>illius</strong></span> <span class='ocrx_word' id='word_1_873' title='bbox 2549 5114 2838 5170; x_wconf 90' lang='lat' dir='ltr'><strong>miserrimi</strong></span> <span class='ocrx_word' id='word_1_874' title='bbox 2869 5115 3171 5185; x_wconf 90' lang='lat' dir='ltr'><strong>peccatoris</strong></span> <span class='ocrx_word' id='word_1_875' title='bbox 3211 5114 3297 5185; x_wconf 90' lang='lat' dir='ltr'><strong>pie</strong></span> <span class='ocrx_word' id='word_1_876' title='bbox 3346 5113 3685 5172; x_wconf 89' lang='lat' dir='ltr'><strong>intercedere</strong></span> <span class='ocrx_word' id='word_1_877' title='bbox 3711 5111 3809 5168; x_wconf 84' lang='lat' dir='ltr'><strong>velit</strong></span> 
     </span>
    </p>
   </div>
   <div class='ocr_carea' id='block_1_110' title="bbox 2252 5203 3808 5276">
    <p class='ocr_par' dir='ltr' id='par_1_110' title="bbox 2252 5203 3808 5276">
     <span class='ocr_line' id='line_1_110' title="bbox 2252 5203 3808 5276; baseline -0.001 -17"><span class='ocrx_word' id='word_1_878' title='bbox 2252 5205 2344 5276; x_wconf 91' lang='lat' dir='ltr'><strong>qui</strong></span> <span class='ocrx_word' id='word_1_879' title='bbox 2374 5205 2493 5259; x_wconf 79' lang='lat' dir='ltr'><strong>haec</strong></span> <span class='ocrx_word' id='word_1_880' title='bbox 2523 5212 2797 5275; x_wconf 89' lang='lat' dir='ltr'><strong>utcunque</strong></span> <span class='ocrx_word' id='word_1_881' title='bbox 2826 5218 2936 5258; x_wconf 89' lang='lat' dir='ltr'><strong>non</strong></span> <span class='ocrx_word' id='word_1_882' title='bbox 2959 5203 3175 5275; x_wconf 90' lang='lat' dir='ltr'><strong>quidem</strong></span> <span class='ocrx_word' id='word_1_883' title='bbox 3207 5211 3262 5259; x_wconf 93' lang='lat' dir='ltr'><strong>ut</strong></span> <span class='ocrx_word' id='word_1_884' title='bbox 3289 5203 3493 5270; x_wconf 90' lang='lat' dir='ltr'><strong>debuit,</strong></span> <span class='ocrx_word' id='word_1_885' title='bbox 3528 5205 3626 5261; x_wconf 92' lang='lat' dir='ltr'><strong>sed</strong></span> <span class='ocrx_word' id='word_1_886' title='bbox 3657 5212 3709 5258; x_wconf 94' lang='lat' dir='ltr'><strong>ut</strong></span> <span class='ocrx_word' id='word_1_887' title='bbox 3731 5215 3808 5273; x_wconf 85' lang='lat' dir='ltr'><strong>p0-</strong></span> 
     </span>
    </p>
   </div>
   <div class='ocr_carea' id='block_1_111' title="bbox 2247 5291 2946 5366">
    <p class='ocr_par' dir='ltr' id='par_1_111' title="bbox 2247 5291 2946 5366">
     <span class='ocr_line' id='line_1_111' title="bbox 2247 5291 2946 5366; baseline -0.003 -19"><span class='ocrx_word' id='word_1_888' title='bbox 2247 5293 2363 5361; x_wconf 92' lang='lat' dir='ltr'><strong>tuit,</strong></span> <span class='ocrx_word' id='word_1_889' title='bbox 2398 5292 2453 5348; x_wconf 89' lang='lat' dir='ltr'><strong>in</strong></span> <span class='ocrx_word' id='word_1_890' title='bbox 2510 5308 2673 5348; x_wconf 91' lang='lat' dir='ltr'><strong>unum</strong></span> <span class='ocrx_word' id='word_1_891' title='bbox 2706 5291 2946 5366; x_wconf 89' lang='lat' dir='ltr'><strong>collegit.</strong></span> 
     </span>
    </p>
   </div>
  </div>
