3938 6432
394 335 499 390 887

1294 327 1653 383 BERNARDI
1692 324 1942 381 CARTH.
1986 322 2369 380 PORTARUM
2408 324 2687 381 PRIORIS
2725 326 2766 380 Ι.

3595 331 3721 383 888

389 458 672 529 imponere
701 455 862 512 tinem
892 454 1050 510 malis
1093 469 1312 518 eorum,
1343 462 1395 507 et
1430 452 1658 506 reddere
1706 449 1850 521 quod
1880 464 1995 503 me-
2014 451 2069 510 A
2097 457 2203 513 tur,
2240 465 2358 519 quae
2385 465 2417 503 a
2445 449 2562 504 Deo
2592 457 2842 519 separant
2872 449 3146 505 hominem
3180 466 3191 504 :
3226 450 3433 507 scilicet
3459 468 3577 524 quae
3609 451 3715 507 vel

389 555 595 615 rentur,
627 546 679 599 id
711 553 792 599 est
821 544 967 599 circa
1022 542 1199 598 obitus
1246 541 1329 595 sui
1375 541 1539 605 diem,
1588 539 1633 593 si
1677 538 1815 593 forte
1861 554 1992 607 per-

389 635 672 689 mittuntur
716 641 941 702 peccata
985 647 1083 685 sua
1130 629 1425 693 confiteri;
1469 629 1621 695 juxta
1672 626 1815 697 quod
1866 625 1995 679 dicit

389 724 580 777 beatus
636 722 1019 791 Augustinus:
1082 720 1413 789 Loquuntur,
1484 732 1590 769 non
1649 714 1988 779 confitentur,

393 812 520 882 quia
549 826 657 864 non
686 816 932 880 acccptat
966 811 1110 862 Deus
1142 807 1541 862 confessionem
1594 804 1725 867 oris,
1762 803 1852 855 ubi
1884 817 1990 855 non

390 908 471 954 est
501 899 715 953 sincera
748 898 1081 967 paenitentia,
1118 905 1166 948 et
1208 894 1531 949 sacrificium
1565 892 1779 947 contriti
1812 891 1992 945 cordis

385 996 437 1043 et
467 986 751 1041 humiliati.
774 987 889 1040 Nec
910 993 1113 1039 tantum
1135 984 1356 1054 ptl‘nllel
1391 998 1484 1036 eos
1514 996 1794 1051 peccasse,
1830 995 1993 1049 quan-

387 1083 496 1130 tum
544 1075 728 1129 dolent
785 1074 888 1128 sibi
935 1072 1197 1144 peccandi
1243 1071 1513 1126 licentiam
1560 1069 1799 1122 ablatam
1846 1084 1988 1120 esse.

387 1164 580 1233 Neque
610 1171 856 1233 possunt,
890 1162 994 1215 nisi
1025 1178 1145 1215 cum
1175 1160 1360 1215 dolore
1394 1159 1702 1228 relinquere
1734 1172 1989 1227 quaecum

387 1251 965 1322 amorepossederunt.
1000 1251 1150 1305 Tunc
1187 1256 1662 1319 quantumcunque
1684 1244 1987 1315 pecuniam,

386 1340 537 1412 quasi
566 1356 668 1411 pro
699 1339 1073 1410 redemptione
1122 1337 1316 1391 animm
1345 1352 1458 1390 suae
1505 1334 1798 1397 effundant,
1835 1332 1985 1394 dura,

386 1428 755 1499 terribilisque
782 1435 864 1482 est
916 1428 1181 1481 adversus
1211 1441 1306 1480 eos
1355 1424 1448 1478 illa
1477 1438 1507 1477 a
1553 1422 1754 1492 Spiritu
1804 1427 1990 1474 sancto

385 1534 486 1589 per
516 1517 858 1572 Salomonem
889 1516 1097 1585 prolata
1148 1513 1414 1568 sententia
1451 1527 1462 1565 :
1511 1513 1630 1567 Non
1676 1510 1993 1581 proderunt

388 1606 608 1663 divitiw
638 1606 702 1659 in
733 1606 822 1660 die
851 1604 1093 1659 ultionis
1113 1645 1126 1671 ,
1160 1602 1396 1673 justitia
1427 1605 1619 1655 autem
1655 1598 1912 1653 liberabit
1954 1612 1991 1651 α

382 1698 564 1749 morte
594 1693 785 1763 (Prov.
827 1707 885 1759 ιι,
922 1693 997 1760 4).
1030 1691 1185 1745 Diem
1215 1688 1432 1743 ultionis
1460 1687 1592 1741 dixit
1632 1695 1844 1755 tempus
1883 1700 1991 1756 quo

378 1782 493 1852 jam
522 1781 807 1853 ingruente
831 1778 1155 1851 {egritudine
1174 1777 1476 1833 necessitas
1505 1775 1693 1830 mortis
1721 1774 1983 1828 imminet.
2005 1801 2059 1861 Β

384 1872 506 1925 Non
532 1869 835 1939 proderunt
862 1875 1063 1932 autem,
1113 1866 1265 1930 dixit,
1319 1864 1426 1919 illis
1475 1864 1564 1935 qui
1587 1863 1851 1932 justitiam
1882 1877 1991 1915 non

382 1966 506 2012 sunt
535 1957 765 2027 operati.
801 1955 995 2011 Audite
1045 1970 1261 2026 quoque
1310 1969 1469 2024 quam
1518 1951 1828 2006 terribiliter
1874 1950 1993 2005 tali-

380 2047 484 2101 bus
510 2044 977 2115 contemptoribus
1018 2042 1381 2099 comminatur
1428 2041 1549 2110 ipsa
1590 2038 1883 2109 Sapientia,
1938 2038 1993 2092 id

383 2142 466 2190 est
501 2133 602 2189 Dei
642 2133 827 2201 Filius,
876 2132 1022 2203 apud
1071 2131 1325 2186 eumdem
1373 2130 1769 2184 Salomonem:
1827 2128 1988 2195 Quia,

384 2222 574 2294 inquit,
610 2223 818 2287 vocavi,
853 2225 911 2276 et
928 2221 1205 2277 renuistis
1225 2240 1243 2285 ;
1266 2219 1504 2275 extendi
1524 2234 1757 2272 manum
1778 2232 1985 2275 meam.

384 2316 443 2368 et
460 2327 576 2366 non
593 2312 708 2381 fuit
720 2312 815 2383 qui
829 2312 1140 2382 aspiceret;
1159 2309 1497 2380 despexistis
1512 2322 1674 2362 omne
1686 2307 1990 2361 consilium

383 2417 593 2466 meum,
612 2403 668 2455 et
684 2400 1100 2471 increpationes
1113 2414 1267 2452 meas
1280 2396 1619 2466 neglexistis
1635 2416 1653 2462 ,-
1672 2411 1766 2465 ego
1779 2410 1989 2466 quoque

383 2491 447 2545 in
475 2489 722 2544 interitu
752 2491 934 2543 vestro
968 2486 1174 2551 ridebo,
1200 2490 1256 2541 et
1276 2485 1649 2549 subsannabo,
1672 2500 1801 2539 cum
1831 2486 1980 2539 vobis

379 2579 521 2651 quod
544 2577 831 2632 timebatis
855 2576 1148 2632 advenerit
1170 2577 1351 2643 (Prov.
1378 2589 1416 2640 ι,
1441 2575 1527 2637 24,
1552 2576 1666 2642 26).
1690 2574 1755 2627 Et
1783 2572 1981 2641 adjecit

378 2666 556 2722 adhuc
584 2666 653 2720 de
684 2665 877 2719 talibus
908 2665 1138 2736 loquens
1174 2680 1187 2717 :
1224 2662 1361 2719 Cum
1394 2663 1628 2717 irruerit
1680 2664 1986 2733 repentina

380 2756 701 2823 calamitas,
738 2758 795 2810 et
821 2755 1091 2810 interitus
1118 2753 1279 2824 quasi
1311 2755 1617 2823 tempestas
1644 2751 1931 2822 ingruerit
1956 2764 1975 2800 :

380 2848 518 2900 tunc
535 2844 877 2899 invocabant
902 2847 1070 2911 me,et
1087 2858 1200 2897 non
1216 2842 1525 2897 exaudiam
1538 2861 1557 2907 ;
1569 2854 1738 2895 mane
1749 2855 1982 2895 consur-

375 2937 530 3005 gent,
549 2936 607 2988 et
624 2948 740 2987 non
760 2932 1054 2987 invenient
1066 2946 1175 2997 me,
1193 2947 1253 2986 eo
1266 2930 1409 3002 quod
1424 2946 1658 2985 exosum
1680 2929 1985 2984 habuerint

377 3021 760 3093 disciplinam,
796 3025 853 3076 et
897 3022 1157 3076 timorem
1197 3020 1426 3074 Domini
1461 3036 1577 3074 non
1602 3018 1976 3088 susceperint,

378 3126 481 3165 nec
505 3109 1134 3181 acquieverintconsilio
1150 3123 1291 3175 meo,
1318 3112 1374 3162 et
1402 3107 1810 3162 dextraxerint
1839 3105 1977 3161 uni-

378 3214 551 3254 versa:
572 3186 918 3269 correptioni
940 3213 1098 3252 mere.
1120 3196 1421 3251 Comedent
1436 3196 1615 3267 igitur
1628 3198 1854 3266 fructus
1879 3197 1983 3250 vice

383 3302 522 3349 sum,
537 3286 759 3357 suisque
772 3286 1028 3341 consiliis
1038 3302 1097 3341 sa
1107 3285 1453 3341 turabuntur
1465 3284 1618 3354 (ibid.
1630 3326 1643 3349 ,
1654 3284 1864 3351 27-32).
1882 3283 1985 3337 Ad-

383 3374 518 3430 didit
547 3389 762 3446 quoque
787 3375 1028 3439 Aversio,
1061 3372 1252 3444 inquit,
1273 3374 1643 3446 parvulorum
1672 3373 1982 3441 interﬁciet

375 3475 484 3525 eos,
507 3463 563 3515 et
580 3460 925 3531 prosperitas
945 3460 1258 3514 stultorum
1269 3459 1465 3530 perdet
1477 3458 1625 3513 illos.
1642 3455 1792 3525 Quos
1813 3456 1982 3529 signi-

369 3546 549 3604 ﬁcavit
562 3547 781 3603 nomine
794 3547 1160 3618 parvulorum,
1182 3547 1407 3602 eosdem
1423 3546 1745 3616 exponendo
1761 3561 1983 3616 expres-

370 3636 439 3692 sit
465 3636 736 3693 vocabulo
763 3635 1072 3691 stultorum.
1094 3637 1210 3692 Nec
1242 3636 1312 3690 de
1332 3650 1561 3690 numero
1580 3634 1767 3689 talium
1784 3650 1981 3705 parvu-

373 3725 552 3782 lorum
582 3725 943 3796 excipiuntur,
977 3725 1046 3780 de
1075 3725 1273 3797 quibus
1304 3741 1403 3794 per
1451 3724 1748 3778 Jeremiam
1778 3723 1980 3779 dictum

371 3821 482 3870 est:
506 3814 802 3886 Sapientes
822 3818 960 3869 sunt
975 3817 1041 3868 ut
1067 3814 1291 3883 faciant
1311 3813 1488 3878 mala,
1510 3812 1647 3868 bene
1668 3816 1882 3879 autem,
1897 3815 1983 3883 fa-

372 3917 498 3958 cere
518 3903 848 3958 nescierunt
871 3902 1097 3970 (Jerem.
1123 3916 1200 3967 ιν,
1214 3904 1328 3971 22),
1353 3901 1481 3955 licet
1502 3900 1794 3971 Apostolus
1812 3901 1977 3967 dicat,

373 3990 518 4062 quod
538 3990 819 4062 sapientia
841 3989 1011 4059 huius
1022 3990 1241 4059 mundi,
1257 3991 1515 4045 stultitia
1528 3993 1613 4044 est
1634 3990 1783 4061 apud
1802 3992 1981 4045 Deum

373 4080 424 4149 (I
442 4077 564 4135 Cor.
602 4093 684 4143 ut,
720 4078 829 4149 19).
862 4078 1043 4133 Nolite
1075 4094 1233 4151 ergo,
1277 4078 1633 4133 obsecramus
1664 4094 1783 4145 vos,
1815 4079 1981 4133 nolite

369 4165 510 4223 eﬁici
552 4166 853 4238 participes
906 4182 1111 4222 eorum.
1147 4167 1271 4221 Illos
1322 4181 1559 4237 namque
1608 4167 1757 4222 solos
1808 4182 1980 4222 sacrae

370 4254 665 4326 Seripturaa
713 4255 782 4310 de
824 4256 924 4310 hac
976 4254 1085 4309 vita
1139 4270 1363 4310 securos
1413 4255 1559 4310 exire
1608 4256 1976 4325 pronuntiant,

372 4343 465 4416 qui
494 4351 587 4397 aut
612 4342 775 4397 nullis
796 4351 919 4413 post
947 4342 1272 4413 baptismum
1321 4343 1650 4412 commissis,
1698 4351 1787 4398 aut
1835 4351 1980 4399 certe

369 4448 471 4504 per
501 4432 699 4505 dignos
746 4431 1076 4502 poenitentiae
1131 4432 1338 4487 fructus
1386 4431 1580 4486 deletis
1637 4432 1975 4498 criminibus,

2003 3158 2055 3221 C

2102 553 2199 606 per
2228 538 2562 608 Decalogum
2580 539 2955 608 prohibentur,
2979 539 3063 593 vel
3086 539 3154 593 de
3186 540 3382 611 quibus
3401 540 3714 610 Apostolus

2096 625 2224 679 dicit
2250 640 2262 678 :
2279 628 2541 696 quoniam
2560 628 2653 698 qui
2669 629 2807 681 talia
2822 632 3017 697 agunt,
3043 644 3277 698 regnum
3298 631 3397 684 Dei
3417 646 3525 684 non
3549 646 3707 684 con-

2095 719 2403 786 sequentur
2437 716 2585 783 (Gal.
2609 731 2662 777 v,
2687 716 2778 785 2t)
2802 715 3041 769 Perlecta
3072 724 3120 769 et
3142 716 3553 789 diligentissime
3575 734 3712 788 per—

2096 812 2333 858 scrutata
2363 803 2609 857 universa
2633 804 2769 857 Novi
2801 819 2864 857 ac
2886 804 3100 858 Veteris
3120 806 3447 863 Testamenti
3466 806 3703 878 pagina,

2095 908 2365 961 nusquam
2398 892 2504 944 illis
2536 892 2770 963 aliquam
2803 892 2975 946 veniae
3006 892 3373 959 securitatem,
3407 894 3491 948 vel
3522 894 3705 948 certi—

2096 981 2334 1033 tudinem
2366 980 2645 1050 promittit,
2683 980 2775 1051 qui
2804 980 2983 1035 carnis
3014 988 3066 1035 et
3112 982 3390 1051 sanguinis
3436 983 3708 1053 operibus

2094 1068 2280 1134 dediti,
2314 1077 2439 1123 ante
2468 1078 2714 1139 tempora
2744 1069 2921 1123 obitus
2950 1069 3088 1123 mala
3118 1086 3211 1123 sua
3234 1086 3341 1125 non
3361 1070 3703 1142 relinquunt.

2095 1157 2241 1211 Tunc
2273 1157 2414 1211 enim
2460 1157 2622 1227 (sicut
2666 1173 2832 1227 supra
2881 1158 3084 1212 dictum
3132 1160 3234 1229 est)
3265 1174 3371 1213 non
3418 1159 3539 1230 ipsi,
3588 1159 3708 1213 sed

2094 1246 2239 1300 Deus
2269 1247 2416 1317 ponit
2442 1245 2604 1300 tinem
2635 1246 2792 1300 malis
2814 1262 3021 1301 eorum.
3047 1244 3206 1315 Quod
3228 1255 3404 1302 autem
3432 1247 3486 1302 in
3514 1248 3707 1304 sacris

2091 1333 2285 1388 littoris
2316 1350 2425 1389 non
2454 1334 2742 1401 invenitur,
2790 1335 3103 1390 stultissime
3142 1336 3484 1406 praedicatur,
3514 1345 3566 1391 et
3594 1336 3705 1390 in-

2090 1422 2401 1477 felicissime
2434 1424 2692 1478 creditur.
2726 1424 2908 1478 Potest
2954 1432 3131 1479 autem
3173 1425 3352 1491 Deus,
3384 1425 3451 1481 de
3489 1426 3704 1497 quibus

2090 1512 2139 1565 ei
2170 1512 2454 1581 placuerit,
2478 1511 2659 1567 facere
2693 1512 2839 1584 quod
2868 1511 2994 1567 fecit
3024 1512 3091 1568 de
3122 1512 3436 1586 evangefico
3454 1513 3699 1568 latrone.

2090 1600 2198 1655 Sed
2245 1601 2463 1655 unicum
2514 1608 2567 1655 et
2607 1600 2887 1673 singulare
2934 1601 3241 1672 exemplum
3286 1602 3339 1656 in
3383 1602 3700 1658 doctrinam

2089 1690 2399 1760 generalem
2432 1689 2598 1760 recipi
2619 1706 2727 1744 non
2749 1689 2929 1743 debet.
2961 1689 3119 1758 Quod
3141 1706 3271 1761 ergo
3297 1690 3557 1745 incertum
3579 1698 3697 1755 est,

2089 1777 2444 1848 relinquatur,
2480 1785 2531 1832 et
2570 1778 2716 1848 quod
2761 1778 3099 1843 certitudinis
3129 1786 3183 1834 et
3225 1779 3519 1834 securitatis
3560 1780 3701 1849 plc-

2094 1882 2223 1919 num
2255 1874 2354 1932 est,
2386 1874 2656 1921 teneatur.
2701 1866 2913 1921 Currite
2953 1866 3137 1940 igitur,
3184 1867 3380 1922 currite
3408 1868 3475 1921 ad
3513 1868 3702 1922 misc-

2096 1955 2389 2021 ricordem,
2426 1972 2493 2009 ne
2525 1955 2766 2009 sentiatis
2785 1964 2970 2026 postea
2997 1956 3259 2022 Judicem,
3292 1956 3484 2012 currite
3512 1957 3701 2011 donec

2094 2043 2212 2098 dies
2242 2052 2351 2111 est,
2385 2051 2441 2097 ut
2471 2061 2579 2098 non
2635 2045 2877 2099 tenebrae
2932 2060 3030 2099 vos
3077 2045 3550 2116 comprehendant.
3584 2044 3700 2099 Di-

2093 2140 2248 2188 cente
2278 2133 2422 2187 enim
2455 2134 2688 2188 Domino
2723 2150 2735 2188 :
2776 2134 2931 2190 Venit
2961 2149 3098 2200 nox,
3138 2134 3360 2206 quando
3390 2150 3550 2189 nemo
3572 2150 3695 2204 po-

2094 2226 2204 2277 test
2235 2225 2457 2294 opcrari
2487 2225 2671 2292 (Joan.
2705 2237 2786 2289 ix,
2819 2223 2907 2291 4);
2940 2222 3349 2294 quidissimulat
3377 2231 3429 2277 et
3456 2222 3699 2294 negligit

2091 2310 2266 2365 donec
2288 2310 2501 2365 dicatur
2519 2310 2567 2364 ei
2586 2327 2596 2365 :
2613 2312 2822 2376 Stulte,
2843 2312 2947 2366 hac
2970 2314 3135 2366 nocte
3155 2314 3411 2382 repetent
3430 2312 3695 2365 animam

2092 2403 2249 2454 tuam
2273 2416 2307 2453 a
2331 2404 2404 2464 te,
2420 2417 2543 2470 quae
2563 2403 2756 2455 autem
2767 2399 3163 2470 parasticujus
3184 2403 3353 2454 erunt
3373 2400 3558 2469 ?(Luc.
3575 2414 3687 2465 xu,

2089 2489 2202 2557 20).
2236 2487 2431 2542 frustra
2461 2497 2588 2544 tunc
2618 2489 2867 2559 implorat
2888 2489 3000 2557 jam
3032 2487 3333 2554 ferientem,
3362 2504 3519 2559 quem
3550 2503 3695 2543 con-

2088 2577 2307 2648 tempsit
2372 2579 2519 2647 prius
2566 2577 3000 2633 misericorditer
3041 2586 3344 2633 vocantem.
3396 2575 3496 2645 Qui
3538 2577 3693 2631 enim

2088 2682 2234 2722 nunc
2282 2665 2613 2722 ineffabilem
2662 2676 2929 2739 prorogat
2968 2665 3416 2732 misericordiam,
3461 2682 3524 2721 ex
3553 2673 3694 2722 tunc

2087 2771 2197 2810 non
2230 2756 2377 2810 novit
2410 2756 2512 2810 nisi
2545 2771 2812 2822 severam,
2857 2756 3264 2826 districtamque
3292 2755 3528 2826 irrogare
3557 2770 3695 2809 sen-

2085 2844 2308 2899 tentiam
2342 2860 2355 2899 :
2390 2845 2558 2900 Exite
2589 2845 2684 2913 (ait
2722 2861 2827 2899 vox
2888 2844 3098 2900 cmlitus
3144 2843 3381 2912 emissa),
3435 2844 3590 2898 exite
3619 2843 3698 2899 de

2085 2933 2385 3003 Babylone,
2412 2935 2657 3005 populus
2675 2950 2855 2999 meus,
2882 2940 2938 2990 et
2958 2950 3030 2989 ne
3043 2933 3353 3005 participes
3387 2932 3511 2987 sitis
3540 2931 3693 2987 deli-

2082 3026 2305 3077 ctorum
2335 3025 2457 3094 ejus
2490 3023 2681 3094 (Apoc.
2714 3039 2871 3089 xvm,
2905 3026 2981 3093 4).
3020 3023 3088 3076 Et
3116 3021 3376 3093 propheta
3409 3037 3422 3073 :
3458 3021 3498 3076 0
3522 3020 3687 3086 Sion,

2084 3112 2236 3181 fuge,
2271 3128 2395 3183 qua:
2425 3113 2645 3167 habitas
2675 3112 2827 3184 apud
2856 3113 3039 3181 ﬁliam
3068 3111 3360 3182 Babylonis
3390 3108 3576 3177 (Zach.
3611 3123 3681 3178 ιι,

2086 3201 2162 3267 '7).
2196 3200 2277 3254 Ne
2308 3216 2443 3271 ergo
2472 3201 2615 3255 inter
2645 3200 2784 3256 filios
2815 3199 3106 3271 Babylonis
3138 3196 3502 3263 inveniamini,
3527 3204 3579 3251 et
3601 3196 3694 3250 in-

2086 3288 2268 3343 volvat
2292 3305 2390 3343 vos
2421 3290 2571 3343 ruina
2601 3291 2738 3359 ejus,
2771 3290 2931 3359 exite,
2982 3289 3171 3362 tugite,
3218 3285 3535 3352 accelerate,
3587 3301 3691 3341 se-

2085 3385 2334 3448 quentes,
2395 3385 2449 3432 et
2517 3378 2642 3433 totis
2691 3379 2996 3434 visceribus
3043 3375 3255 3448 pietatis
3294 3373 3690 3445 amplectentes

2085 3466 2373 3521 consilium
2406 3467 2718 3538 Sapientiae,
2753 3484 2861 3539 quo
2892 3467 3020 3523 dicit
3054 3481 3067 3519 :
3102 3466 3229 3533 Fili,
3252 3481 3322 3519 ne
3340 3462 3524 3519 tardes
3548 3478 3692 3518 con-

2084 3557 2230 3610 verti
2247 3556 2320 3610 ad
2332 3557 2656 3623 Dominum,
2671 3573 2849 3629 neque
2869 3557 3100 3628 differas
3129 3554 3195 3609 de
3215 3553 3302 3608 die
3322 3555 3383 3607 in
3395 3552 3560 3615 diem,
3586 3568 3687 3607 su-

2086 3643 2198 3699 bito
2220 3645 2372 3699 enim
2390 3646 2577 3700 veniet
2602 3646 2690 3700 ira
2713 3648 2856 3717 ejus,
2877 3649 2933 3701 et
2955 3647 3017 3699 in
3031 3648 3278 3715 tempore
3292 3641 3552 3696 vindicta:
3562 3640 3684 3696 dis-

2080 3734 2279 3805 perdat
2311 3738 2365 3789 te
2395 3735 2591 3803 (Eccli.
2625 3750 2682 3804 v,
2714 3738 2766 3801 8,
2801 3734 2876 3805 9).
2904 3735 3064 3789 Juxta
3092 3730 3401 3803 petitionem
3421 3737 3679 3796 vestram,

2082 3822 2322 3893 quotidie
2353 3838 2454 3894 pro
2502 3822 2658 3878 vobis
2715 3823 2861 3893 apud
2916 3821 3209 3877 Dominum
3260 3818 3679 3886 intercedentes,

2085 3926 2230 3966 nunc
2250 3911 2394 3982 apud
2424 3926 2524 3966 vos
2554 3912 2725 3983 ipsos,
2766 3927 2866 3982 pro
2909 3910 3064 3967 vobis
3101 3908 3234 3981 ipsis
3261 3907 3680 3974 intercedimus;

2087 3999 2395 4055 certissime
2452 4000 2689 4055 scientes
2727 3999 3030 4055 obtinuisse
3067 4013 3168 4053 nos
3213 3996 3357 4068 apud
3391 3996 3681 4051 Dominum

2086 4087 2338 4144 eﬂ‘ectum
2367 4089 2643 4160 petitionis
2672 4097 2893 4157 nostra,
2927 4088 2972 4143 si
3001 4103 3100 4144 vos
3127 4102 3237 4141 non
3266 4084 3474 4140 fueritis
3503 4084 3681 4157 magis

2086 4193 2254 4249 quam
2281 4177 2399 4248 ipse
2429 4178 2813 4233 inexorabiles.
2848 4177 2905 4232 Si
2954 4176 3170 4249 agimus
3199 4174 3288 4230 hic
3332 4188 3546 4230 causam
3575 4190 3675 4230 ne-

2082 4266 2217 4338 gotii
2248 4266 2442 4335 nostri,
2475 4266 2646 4321 nolite
2673 4267 2900 4323 credere
2933 4281 2947 4321 :
2980 4265 3027 4320 si
3056 4272 3237 4321 autem
3291 4262 3477 4331 vestri,
3516 4261 3677 4317 nolite

2080 4354 2387 4426 negligere.
2424 4353 2586 4423 Quod
2618 4354 2665 4409 si
2693 4350 2907 4426 aliquis
2928 4361 3172 4410 vestrum
3214 4359 3465 4408 movetur
3493 4351 3561 4406 ad
3590 4350 3674 4405 fa—

2081 4441 2334 4496 ciendum
2365 4444 2510 4515 quod
2542 4459 2640 4513 per
2680 4459 2782 4498 nos
2819 4450 3003 4498 monet
3058 4441 3325 4509 Christus,
3379 4439 3486 4496 alio
3538 4437 3675 4494 forte

368 4520 472 4575 alia
500 4520 557 4574 in
585 4520 731 4576 exitu
761 4536 859 4575 suo
891 4537 1011 4591 quae
1062 4519 1419 4575 conﬁteantur
1460 4527 1682 4590 peccata
1730 4537 1839 4575 non
1870 4522 1973 4576 ha-
2003 4518 2057 4577 D
2084 4544 2191 4585 non
2222 4539 2369 4585 moto
2397 4550 2411 4597 ς
2445 4548 2571 4586 eum
2599 4532 2691 4604 qui
2716 4532 2962 4587 mundum
3004 4538 3256 4587 movetur
3303 4530 3668 4598 obsecramus,

369 4609 517 4674 bent,
550 4608 656 4664 nisi
683 4608 775 4663 illa
814 4610 884 4664 de
926 4608 1122 4680 quibus
1187 4609 1318 4664 dicit
1364 4609 1644 4678 apostolus
1692 4611 1978 4669 Joannes:

367 4698 427 4755 Si
455 4699 775 4754 dixerimus
795 4699 925 4771 quia
941 4701 1243 4770 peccatum
1262 4714 1376 4753 non
1408 4699 1693 4767 habemus,
1713 4714 1815 4753 nos
1837 4701 1983 4769 ipsos

372 4786 715 4856 seducimus,
740 4791 796 4844 et
814 4789 1025 4843 veritas
1046 4788 1109 4841 in
1127 4787 1287 4843 nobis
1320 4803 1435 4842 non
1457 4790 1543 4842 est
1571 4787 1621 4853 (Ι
1644 4789 1807 4843 Joan.
1841 4802 1878 4852 ι,
1903 4789 1979 4857 8).

368 4873 528 4944 Quod
559 4875 814 4942 dicendo,
867 4890 1210 4947 nequaquam
1260 4875 1444 4946 aliqua
1490 4874 1732 4942 crimina,
1767 4876 1864 4930 sed
1892 4876 1983 4931 illa

366 4970 575 5018 tantum
601 4963 917 5035 quotidiana
944 4972 998 5018 et
1026 4963 1167 5019 levia
1196 4963 1365 5018 voluit
1390 4962 1702 5035 significare
1731 4972 1977 5034 peccata,

367 5051 486 5107 sine
517 5052 716 5122 quibus
749 5053 1255 5123 (quantumcunque
1286 5052 1466 5106 sobrie
1495 5059 1548 5106 et
1571 5052 1715 5118 juste
1745 5052 1983 5140 vivatur)

370 5140 490 5194 haec
509 5141 618 5195 vita
645 5155 757 5195 non
805 5140 1112 5196 deducitur.
1173 5138 1350 5195 Omne
1400 5149 1578 5194 autem
1637 5140 1841 5196 crimen
1901 5138 1984 5197 est

372 5233 677 5298 peccatum,
710 5228 810 5282 sed
837 5244 947 5283 non
978 5244 1138 5283 omne
1167 5235 1450 5298 peccatum
1481 5236 1563 5282 est
1594 5228 1817 5283 crimen.
1842 5231 1980 5285 Pec-

372 5322 488 5370 cata
519 5314 663 5369 enim
692 5315 946 5371 dicuntur
998 5332 1081 5384 ea,
1142 5333 1263 5387 qua:
1319 5316 1480 5371 etiam
1537 5316 1831 5388 loquendo,
1891 5325 1979 5373 aut

371 5402 687 5473 cogitando,
724 5403 904 5458 inania
933 5404 1359 5469 committimus;
1420 5405 1600 5476 qualia
1646 5421 1746 5475 per
1796 5408 1980 5477 quoti-

372 5490 593 5545 dianam
621 5490 1042 5558 confessionem,
1076 5500 1129 5547 et
1177 5493 1514 5549 Dominicam
1558 5494 1861 5549 orationem
1889 5496 1978 5550 di-

375 5578 679 5634 mittuntur.
712 5579 951 5635 Crimina
978 5595 1106 5636 vero
1135 5581 1352 5637 nonnisi
1399 5581 1490 5636 illa
1537 5582 1732 5656 gravia
1780 5582 1978 5641 dicun—

2085 4627 2137 4673 et
2163 4619 2211 4674 ei
2240 4620 2607 4675 denuntiando
2637 4636 2825 4676 coram
2855 4620 3087 4676 Domino
3116 4618 3481 4684 testificamnr,
3513 4625 3564 4673 et
3591 4623 3672 4673 te-

2084 4707 2369 4764 stificando
2397 4709 2802 4776 denuntiamus,
2834 4718 2892 4764 ut
2920 4725 3028 4766 non
3062 4717 3357 4780 praesumat
3394 4722 3666 4775 revocare,

2083 4797 2169 4851 vel
2198 4798 2476 4853 retardare
2506 4813 2670 4869 quem
2699 4798 2963 4853 Dominus
3002 4813 3198 4854 vocare
3255 4796 3545 4869 dignatur;
3578 4794 3671 4850 sed

2084 4885 2263 4955 potius
2291 4894 2430 4952 oret,
2462 4894 2522 4939 ut
2549 4894 2601 4941 et
2647 4886 2766 4957 ipse
2797 4887 2934 4942 trahi
2981 4893 3271 4942 mereatur.
3320 4886 3488 4942 Nemo
3530 4883 3670 4939 enim

2085 4972 2244 5042 (sicut
2272 4973 2403 5028 dicit
2434 4974 2665 5044 Veritas)
2684 4978 2835 5031 venit
2856 4976 2929 5031 ad
2949 4991 3040 5031 me
3059 4976 3176 5032 nisi
3193 4977 3382 5040 Pater,
3407 4974 3502 5046 qui
3519 4973 3673 5027 misit

2083 5077 2191 5125 me,
2229 5064 2477 5117 traxerit
2508 5079 2637 5118 eum
2666 5064 2852 5131 (Joan.
2902 5079 2979 5130 γι,
3016 5064 3125 5134 44).
3160 5062 3355 5118 Audiat
3409 5061 3671 5116 dicentem

2084 5149 2188 5204 sibi
2220 5150 2551 5220 Sapientiam
2586 5169 2599 5205 :
2632 5153 2759 5208 Noli
2778 5152 3066 5225 prohibere
3080 5152 3406 5223 benefacere
3436 5167 3565 5206 eum
3584 5150 3675 5222 qui

2077 5242 2305 5309 potest;
2334 5241 2383 5294 si
2411 5241 2582 5304 vales,
2609 5244 2665 5295 et
2687 5242 2804 5312 ipse
2840 5242 3269 5312 benefac(Prov.
3294 5255 3374 5304 tu,
3396 5241 3487 5309 27)
3510 5238 3673 5309 Spiri-

2082 5333 2171 5380 tus
2198 5335 2251 5381 et
2280 5343 2482 5398 sponsa
2509 5329 2695 5385 dicunt
2727 5347 2740 5383 :
2775 5330 2909 5385 Veni
2935 5349 2949 5395 ;
2986 5340 3040 5385 et
3081 5329 3371 5401 quisquam
3400 5328 3561 5383 audet
3587 5327 3670 5381 di-

2082 5429 2206 5470 cere
2246 5431 2259 5469 :
2292 5416 2454 5471 Noli?
2484 5416 2581 5471 Cui
2612 5418 2860 5473 Christus
2889 5434 2996 5473 non
3031 5417 3284 5489 promisit
3326 5417 3472 5472 diem
3500 5416 3676 5471 crasti-

2080 5519 2234 5571 num,
2269 5504 2555 5577 quisquam
2586 5507 2751 5561 audet
2794 5508 3099 5578 supendere
3153 5523 3327 5578 usque
3381 5506 3449 5559 ad
3476 5521 3672 5560 annum

2082 5593 2311 5649 alterum
2324 5593 2352 5646 ?
2364 5593 2613 5649 Christus
2625 5595 2768 5649 enim
2786 5595 2942 5651 dicit:
2961 5597 3129 5652 Orate
3140 5611 3212 5651 ne
3226 5596 3331 5666 ﬁat
3340 5598 3479 5667 fuga
3492 5597 3672 5652 vestra
