3938 6422
169 347 272 400 889
1530 336 1889 395 EPISTOLE
1926 338 2123 394 TRES.
3390 332 3493 391 890

180 469 383 537 hieme,
420 467 513 522 vel
546 465 787 524 Sabbato
831 463 1056 534 (Matth.
1089 478 1251 530 wa,
1283 464 1378 534 20)
1411 480 1424 517 :
1459 470 1511 518 et
1542 463 1792 534 quisnam
1812 465 1866 525 Α
1895 462 1950 517 in
1982 462 2179 534 quibus
2221 461 2530 519 confidebat
2560 462 2860 518 abstulistis
2893 479 2907 518 :
2937 462 3199 535 fugiendo
3227 469 3495 533 opportu-

179 556 347 619 dicit;
380 557 594 609 Mecum
644 552 853 625 poteris
882 551 1078 624 fugere
1110 568 1255 607 anno
1286 552 1527 607 secundo
1558 550 1644 606 vel
1676 559 1789 605 ter—
1890 552 2112 606 nitatem
2141 552 2423 622 peccandi,
2460 568 2623 623 quam
2651 552 2743 607 ille
2771 560 3044 623 praeparat
3072 551 3326 606 omnibus
3357 566 3495 621 quos

178 646 303 700 tio?
332 644 500 712 Cujus
545 651 725 697 autem
774 657 871 696 cor
920 641 1169 695 Christus
1219 641 1387 696 movit
1418 640 1596 695 modis
1623 641 1788 695 omni-

182 734 305 802 bus,
357 732 447 786 det
494 746 741 802 Operam,
792 737 847 783 ut
896 728 987 800 qui
1025 744 1135 783 non
1165 737 1247 783 est
1275 737 1453 784 motus
1486 736 1785 797 moveatur,

186 831 279 877 aut
306 836 501 892 parum
552 827 732 874 motus
779 816 1149 873 confirmetur.
1181 816 1434 888 Alioquin
1462 817 1649 871 audiat
1680 832 1788 870 non

180 911 333 965 illum
380 915 748 973 revocantem,
782 906 880 960 sed
909 905 1181 960 Christum
1211 905 1483 960 dicentem
1517 922 1529 958 :
1562 904 1621 960 Si
1650 919 1786 959 ocu-

186 1000 273 1054 lus
307 1004 440 1053 tuus
461 997 820 1052 scandalizat
852 999 925 1059 te,
957 1010 1091 1050 erue
1113 1010 1263 1075 eum,
1289 998 1345 1049 et
1355 994 1572 1065 projice
1589 994 1683 1047 abs
1708 995 1783 1047 te.

182 1090 295 1143 Bon
304 1104 398 1142 um
418 1086 519 1141 tibi
532 1088 617 1141 est
632 1099 761 1141 cum
773 1099 886 1139 uno
898 1084 1058 1139 oculo
1074 1082 1147 1137 ad
1162 1084 1339 1137 vitam
1355 1084 1597 1146 intrare,
1619 1098 1788 1153 quam

181 1177 318 1232 duos
352 1175 540 1232 oculos
582 1174 876 1229 habentem
916 1171 1076 1225 mitti
1142 1171 1205 1227 in
1270 1169 1585 1241 gehennam
1635 1170 1787 1239 ignis

182 1263 404 1334 (Matth.
440 1276 605 1327 πίνω,
658 1261 734 1330 9).
785 1260 937 1315 Idem
966 1259 1035 1313 de
1063 1274 1225 1313 manu
1258 1257 1409 1326 dixit,
1445 1265 1498 1312 et
1526 1257 1595 1312 de
1623 1257 1782 1328 pede.

183 1351 414 1421 Quidam
445 1350 574 1404 dum
617 1364 733 1418 eos,
754 1363 894 1420 quos
911 1346 1159 1402 Christus
1189 1354 1365 1412 vocat,
1400 1346 1557 1416 quasi
1586 1360 1786 1401 consu-

180 1440 347 1495 lendo
371 1444 650 1503 revocant,
696 1436 782 1492 vel
845 1435 1159 1500 retardant;
1209 1434 1422 1489 incaute
1466 1433 1686 1505 quidem
1734 1441 1788 1488 et

181 1527 523 1599 simpliciter,
567 1526 664 1580 sed
712 1532 890 1579 tamen
918 1540 1029 1578 non
1059 1523 1381 1578 innocenter
1403 1529 1574 1594 agunt
1601 1530 1785 1592 partes

180 1614 383 1671 diaboli
412 1622 606 1671 contra
654 1613 949 1668 Christum.
988 1610 1203 1667 Scimus
1231 1611 1526 1681 plerosque
1554 1610 1663 1681 qui,
1698 1626 1785 1665 re-

177 1705 325 1760 lictis
358 1703 631 1769 omnibus,
674 1702 746 1757 ad
771 1700 1122 1756 serviendum
1153 1700 1269 1754 Deo
1301 1715 1360 1753 se
1392 1699 1734 1755 contulerunt
1770 1714 1783 1753 :

176 1793 471 1849 nonnullos
501 1791 659 1846 etiam
692 1789 782 1862 qui
814 1790 1052 1861 idipsum
1079 1804 1138 1843 se
1178 1787 1235 1842 in
1264 1787 1509 1858 proximo
1540 1786 1784 1842 facturos
1804 1820 1855 1879 B

176 1888 467 1951 voverunt,
511 1881 654 1936 hanc
685 1894 717 1933 a
748 1878 981 1934 Domino
1037 1876 1469 1933 consolationem
1514 1876 1785 1931 ardentis-

177 1972 318 2027 sime
365 1977 702 2041 exspectare,
754 1975 808 2023 et
854 1965 1354 2022 desiderantissime
1401 1964 1672 2035 ﬂagitare,
1725 1973 1784 2019 ut

176 2069 371 2116 nostro
399 2066 454 2114 et
495 2057 842 2112 instituantur
890 2055 1160 2126 exemplo,
1206 2062 1259 2109 et
1306 2054 1624 2110 erudiantur
1669 2053 1781 2109 elo-

177 2149 330 2221 quio,
365 2156 415 2203 et
444 2146 740 2202 fulciantur
769 2144 1017 2201 consilio.
1053 2142 1420 2199 Obsecremus
1449 2158 1568 2209 vos,
1590 2142 1634 2197 si
1652 2141 1784 2197 estis

179 2238 335 2294 obliti
383 2235 570 2303 vestri,
626 2233 962 2289 miseremini
1009 2232 1262 2299 illorum;
1298 2247 1512 2287 necnon
1556 2239 1609 2286 et
1637 2231 1782 2286 mul-

179 2334 381 2392 torum,
418 2324 614 2396 quibus
662 2321 931 2393 exemplo,
965 2328 1018 2376 et
1045 2319 1341 2375 imitatione
1369 2328 1544 2375 vestra
1565 2319 1783 2388 januam

175 2413 396 2485 pietatis
423 2428 539 2467 suae
587 2410 804 2482 aperire
853 2417 1071 2480 paratus
1103 2417 1182 2464 est
1212 2407 1498 2463 Dominus.
1529 2407 1784 2478 Alioquin

177 2518 277 2559 vos
325 2500 573 2557 videritis
622 2514 784 2570 quam
809 2497 1077 2552 rationem
1125 2497 1195 2552 de
1234 2496 1457 2563 talento,
1505 2495 1651 2567 quod
1681 2496 1782 2549 ha-

176 2601 373 2647 ctenus
408 2588 752 2646 reconditum
801 2587 856 2641 in
904 2594 1050 2643 terra
1093 2585 1360 2655 tenuistis,
1404 2584 1520 2639 sitis
1550 2584 1783 2640 Domino

173 2678 464 2745 reddituri,
502 2677 726 2747 jamjam
772 2691 901 2732 ecce
951 2682 1201 2731 venturo.
1244 2675 1374 2730 Haec
1416 2690 1536 2745 qua:
1573 2689 1682 2728 non
1726 2673 1784 2727 in

175 2768 354 2825 doctis
397 2768 650 2822 humanae
698 2764 979 2836 sapientiae
1041 2763 1241 2830 verbis,
1292 2762 1390 2818 sed
1433 2761 1487 2816 in
1533 2761 1783 2817 doctrina

173 2857 431 2929 Spiritus,
463 2861 621 2927 prout
646 2854 855 2909 donare
885 2853 1002 2924 ipse
1018 2852 1277 2925 dignatus
1301 2859 1402 2919 est,
1431 2850 1639 2907 calamo
1655 2867 1784 2921 per-

177 2954 432 3004 currente
467 2943 832 3010 exaravimus,
864 2940 1026 2997 faciat
1054 2940 1319 2997 Dominus
1348 2940 1420 2994 ita
1447 2939 1504 2994 in
1523 2939 1782 2995 cordibus

178 3035 381 3092 vestris
412 3031 627 3105 operari
652 3050 666 3099 ;
697 3040 753 3087 ut
779 3032 835 3086 in
865 3030 1114 3102 proximo
1145 3038 1196 3085 et
1225 3045 1327 3085 nos
1358 3030 1427 3084 de
1466 3027 1661 3084 eﬁ‘ectu
1690 3028 1781 3083 in-

178 3122 437 3180 tentionis
481 3129 681 3177 nostrae
720 3120 925 3193 gratias
973 3119 1022 3174 ei
1049 3134 1297 3190 agamus,
1331 3127 1381 3173 et
1425 3125 1654 3188 uterque
1682 3133 1781 3173 ve-

1891 640 2157 694 seducere
2217 648 2430 710 potest;
2485 648 2536 695 et
2577 640 2803 711 laqueos
2851 656 2989 711 quos
3036 640 3195 695 vol-is
3236 638 3495 694 tendebat

1897 727 2228 798 disrupistis.
2279 730 2400 782 Non
2451 736 2631 783 autem
2680 744 2799 796 vos,
2850 728 2948 782 sed
2992 727 3106 794 ille,
3154 728 3240 782 eui
3284 727 3494 799 gratias

1891 825 2142 887 agentes,
2177 816 2360 871 dicitis
2396 834 2409 871 :
2441 817 2721 889 Dirupisti
2753 818 2981 872 vincula
3002 833 3147 884 mea,
3182 816 3286 871 tibi
3314 816 3492 872 sacri-

1889 906 2063 973 ﬁcabo
2113 906 2357 960 hostiam
2410 906 2595 960 laudis
2644 906 2821 973 (Psal.
2875 921 3008 970 cxv,
3042 904 3150 976 17).
3184 905 3251 959 Et
3281 904 3349 960 de
3380 920 3491 975 quo

1886 992 2086 1047 iterum
2116 993 2296 1048 dicitis
2320 1012 2332 1047 :
2354 993 2655 1049 Abscondit
2684 1011 2773 1049 me
2805 996 2868 1048 in
2900 995 3263 1050 tabernaculo
3284 1009 3403 1061 suo,
3426 995 3491 1048 in

1891 1080 1979 1136 die
1995 1083 2281 1137 malorum
2299 1083 2557 1154 protexit
2571 1098 2681 1149 me,
2708 1082 3057 1137 inabscondi
3066 1086 3117 1136 to
3135 1082 3494 1137 tabernaculi

1888 1170 1980 1224 sui
2011 1169 2188 1241 (Psal.
2223 1185 2385 1235 xxvr,
2421 1172 2496 1240 5).
2529 1171 2656 1240 Ipsa
2703 1185 2920 1241 quoque
2967 1169 3363 1242 gloriosissima
3393 1169 3490 1224 Dei

1888 1257 2123 1328 genitrix
2171 1257 2363 1327 Maria,
2401 1259 2509 1328 jam
2558 1274 2660 1328 pro
2690 1259 2847 1314 vobis
2874 1258 3178 1323 intercedit,
3212 1266 3263 1312 et
3292 1258 3494 1330 gaudet

1889 1362 1989 1401 vos
2026 1346 2083 1400 in
2120 1362 2350 1402 numero
2381 1354 2693 1403 sanctarum
2723 1347 3026 1418 computari
3063 1347 3409 1402 feminarum.
3443 1349 3490 1402 Α

1888 1435 2055 1491 modo
2109 1436 2359 1491 Ecclesia
2408 1436 2625 1501 Christi,
2671 1453 2794 1508 quae
2841 1437 2910 1491 de
2956 1444 3139 1492 vestra
3186 1435 3492 1491 inordinata

1887 1524 2301 1579 conversatione
2357 1524 2510 1594 prius
2559 1524 3036 1591 dehonestabatur,
3104 1523 3303 1580 vestris
3342 1524 3489 1594 apud

1890 1613 2067 1667 Deum
2128 1612 2465 1668 orationibus
2515 1613 2881 1683 adjuvabitur,
2940 1622 2991 1667 et
3035 1620 3296 1684 quantum
3337 1612 3490 1683 prius

1886 1700 2314 1756 contristabatur
2345 1702 2413 1756 de
2442 1709 2625 1757 vestra
2667 1701 3004 1773 irreligione,
3041 1709 3245 1756 tantum
3277 1700 3488 1774 gloria-

1888 1789 2050 1857 bitur,
2105 1798 2157 1845 et
2220 1789 2487 1845 laetabitur
2536 1790 2607 1845 de
2664 1798 2850 1849 vestra
2904 1790 3301 1845 emendatione.
3353 1789 3488 1844 Cum

1888 1894 2024 1949 ergo
2055 1885 2108 1933 et
2136 1878 2347 1950 angelis
2376 1878 2432 1933 in
2461 1877 2620 1945 ccelo,
2672 1887 2726 1933 et
2755 1877 3064 1933 hominibus
3093 1878 3148 1932 in
3178 1886 3319 1933 terra
3347 1894 3488 1951 gau-

1887 1966 2036 2021 dium
2067 1967 2137 2021 sit
2164 1967 2234 2022 de
2282 1973 2462 2022 vestra
2490 1966 2905 2023 conversatione
2930 1986 2944 2034 ;
2977 1976 3236 2039 quantum
3263 1983 3363 2022 vos
3390 1966 3488 2023 de-

1891 2055 2032 2110 betis
2063 2056 2132 2110 de
2180 2055 2403 2127 prepria
2430 2055 2607 2111 solute
2637 2056 2916 2128 gaudere?
2945 2064 3178 2128 quantas
3209 2057 3325 2112 Deo
3355 2071 3488 2129 gra-

1886 2144 1988 2198 tias
2061 2160 2229 2217 agere
2297 2159 2395 2214 pro
2447 2152 2629 2199 vestra
2692 2144 3059 2200 liberatione?
3122 2144 3488 2201 Devotissime

1887 2247 2124 2305 namque
2170 2233 2358 2289 dicere
2397 2232 2608 2289 debetis
2653 2233 2787 2289 illud
2834 2234 2979 2306 quod
3027 2234 3085 2288 in
3124 2234 3339 2305 psalmo
3385 2249 3485 2291 ca-

1886 2322 2032 2376 nitur
2065 2339 2079 2377 :
2115 2322 2427 2391 Conﬁtebor
2472 2323 2590 2387 tibi,
2631 2323 2866 2379 Domine
2893 2324 3043 2379 Deus
3069 2339 3246 2388 meus,
3283 2328 3338 2379 et
3369 2325 3485 2395 glo-

1886 2410 2117 2479 ri/icabo
2172 2426 2381 2467 nomen
2434 2415 2600 2467 tuum
2641 2413 2706 2466 in
2748 2415 3051 2467 aeternum.
3087 2412 3226 2479 Quia
3252 2412 3484 2468 miseri-

1885 2498 2079 2555 cordia
2110 2502 2210 2555 tua
2238 2516 2449 2571 magna
2478 2503 2561 2555 est
2589 2515 2761 2571 super
2786 2517 2898 2565 me,
2921 2505 2977 2555 et
3000 2501 3207 2557 eruisti
3225 2502 3483 2556 animam

1882 2604 2071 2644 meam
2118 2604 2192 2644 ea:
2239 2589 2467 2658 inferno
2507 2589 2770 2659 inferiori
2821 2589 2993 2657 (Psal.
3019 2592 3341 2657 Lxxxv,l2,
3367 2591 3477 2659 13).

1883 2676 2000 2732 Hoc
2023 2684 2200 2732 autem
2223 2675 2436 2743 scitote,
2462 2676 2684 2730 multum
2709 2676 2968 2747 expedire
2982 2677 3157 2746 vobis,
3172 2684 3226 2732 et
3241 2677 3481 2735 salutare

1884 2781 2026 2831 esse,
2060 2773 2119 2819 ut
2147 2765 2352 2821 bonum
2382 2765 2528 2836 quod
2553 2764 2816 2836 coepistis,
2840 2780 2962 2821 cum
2984 2765 3252 2821 hilaritate
3275 2773 3327 2821 et
3345 2781 3482 2837 gau-

1883 2854 1974 2909 dio
2004 2853 2236 2909 faciatis.
2271 2853 2360 2908 Sic
2389 2853 2531 2908 enim
2560 2869 2697 2924 opus
2727 2854 2931 2909 bonum
2959 2853 3159 2909 debere
3179 2851 3297 2909 fieri
3321 2854 3484 2910 docet
3536 2886 3542 2891 ε

1882 2942 2198 3013 Apostolus,
2227 2941 2416 2998 dicens
2441 2959 2454 2995 :
2478 2942 2596 2998 Non
2618 2958 2692 2998 ea:
2719 2943 2979 3009 tristitia,
3015 2947 3117 2998 aut
3149 2959 3223 2998 ex
3242 2945 3483 2999 necessi-

1885 3035 2024 3100 tate,
2050 3032 2293 3086 hilarem
2313 3031 2466 3087 enim
2500 3031 2753 3086 datorem
2782 3031 2970 3103 diligit
2992 3033 3135 3086 Deus
3157 3031 3233 3093 (II
3251 3030 3371 3088 Cor.
3394 3047 3475 3098 ιχ,

1882 3120 1959 3191 7).
1985 3120 2142 3175 Unde
2162 3119 2219 3173 in
2236 3118 2450 3175 Psalmo
2475 3136 2487 3173 :
2516 3120 2733 3176 Servite
2751 3120 2884 3175 Dom
2893 3122 2987 3176 ino
2999 3121 3063 3176 in
3081 3122 3287 3176 laetitia
3299 3120 3479 3191 (Psal.

179 3221 353 3268 strum
384 3210 602 3267 sincera
647 3180 846 3280 pietate
875 3223 1062 3266 coram
1093 3208 1212 3279 ipso
1241 3207 1427 3263 dicere
1456 3214 1729 3261 mereatur
1763 3222 1777 3259 ε
1803 3180 1850 3243 C
1884 3223 2040 3274 xcrx,
2072 3211 2149 3278 2).
2184 3207 2345 3276 Quod
2366 3208 2413 3263 si
2441 3208 2577 3264 forte
2598 3207 2792 3280 aliqua:
2823 3225 2888 3263 ex
2910 3208 3067 3265 vobis
3085 3209 3266 3264 adhuc
3296 3209 3480 3264 tristes

180 3302 432 3372 Cogitavi
447 3300 566 3355 vias
583 3315 633 3354 m
642 3301 818 3366 eas,et
839 3298 1091 3354 converti
1104 3297 1269 3369 pedes
1287 3312 1436 3351 meos
1452 3296 1516 3351 in
1541 3297 1783 3351 testimo-

173 3392 274 3446 nia
316 3394 417 3445 tua
457 3388 632 3458 (Psal.
677 3401 865 3453 cxvm,
909 3387 1021 3456 59),
1053 3393 1106 3441 et
1142 3400 1153 3438 :
1187 3385 1262 3441 Ab
1288 3385 1447 3440 omni
1477 3385 1568 3440 via
1614 3384 1771 3439 mala

175 3478 443 3552 prohibui
471 3475 639 3549 pedes
658 3491 829 3543 meos,
865 3479 931 3531 ut
951 3474 1266 3531 custodiam
1285 3474 1448 3530 verba
1471 3477 1569 3529 tua
1592 3471 1776 3543 (ibid.,

176 3570 321 3634 101).
356 3564 573 3621 Valete.

748 3684 1089 3743 EPISTOLA
1118 3685 1186 3741 II.

571 3841 645 3882 AD
673 3838 952 3881 MONIALES
980 3839 1053 3880 DE
1090 3838 1372 3880 LUGDUNO.

170 3976 455 4031 Hortatur
482 3971 616 4026 illas
638 3969 709 4024 ad
729 3967 1130 4041 capessendam
1147 3982 1355 4041 magno
1373 3967 1585 4041 animo,
1609 3982 1778 4039 quam

278 4059 482 4101 recens
503 4038 891 4113 susceperant,
923 4038 1271 4094 strictim-em
1300 4038 1682 4110 disciplinam.

239 4188 585 4242 Bnnmnnus
614 4183 894 4238 Portarum
923 4180 1076 4252 prior
1093 4187 1335 4245 vocatus,
1361 4187 1414 4235 et
1435 4180 1528 4250 qui
1557 4196 1682 4235 cum
1711 4196 1777 4236 eo

167 4284 292 4331 sunt
331 4277 552 4338 fratres,
603 4270 949 4338 venerandis,
997 4277 1051 4326 et
1093 4269 1150 4324 in
1191 4270 1407 4325 Christo
1436 4268 1776 4325 charissimis

165 4364 477 4428 sororibus,
511 4360 803 4419 abbatissa:
830 4358 1202 4432 Lugdunensi,
1235 4365 1288 4414 et
1315 4357 1436 4412 aliis
1473 4357 1774 4414 sanctimo-

168 4454 410 4509 nialibus
439 4450 542 4505 sub
573 4449 689 4518 ejus
718 4448 983 4521 regimine
1013 4447 1228 4503 Christo
1267 4445 1652 4513 servientibus,
1685 4446 1778 4502 de-

164 4541 510 4599 votissimam
542 4538 598 4593 in
626 4536 858 4593 Domino
889 4536 1137 4592 salutem.

237 4630 458 4687 Gratias
485 4627 701 4700 agimus
750 4627 883 4693 Deo,
927 4626 1073 4697 quod
1122 4624 1341 4680 tandem
1378 4623 1534 4679 vobis
1564 4624 1774 4680 donare

163 4722 424 4795 dignatus
458 4725 562 4779 est,
612 4723 669 4770 ut
699 4714 801 4770 sub
841 4714 1084 4787 regulari
1115 4713 1407 4784 disciplina
1434 4712 1692 4785 religiose
1723 4721 1777 4768 et

161 4816 349 4865 sancte
372 4804 652 4862 viveretis.
675 4804 756 4859 De
776 4804 881 4859 hoc
901 4803 1094 4875 gratia:
1114 4802 1218 4858 Dei
1228 4802 1373 4858 circa
1391 4818 1491 4857 vos
1510 4800 1776 4858 beneficio

162 4896 348 4972 angeli
378 4893 740 4967 gratulantur,
792 4892 966 4948 sancti
993 4892 1262 4959 laetantur,
1294 4890 1545 4947 Ecclesia
1575 4890 1775 4947 Christi

161 4986 440 5060 gloriatur
453 4990 516 5055 et
534 4981 785 5055 exsultat.
808 4981 927 5036 Jam
948 4980 1065 5052 ipse
1083 4980 1327 5037 Christus
1339 4995 1598 5036 coronam
1618 4979 1775 5035 vobis

161 5072 497 5147 praeparavit
509 5071 564 5125 in
577 5070 750 5138 caelis,
766 5070 912 5141 quia,
928 5070 1047 5140 ipso
1057 5069 1309 5139 donante,
1325 5069 1583 5124 mundum
1598 5076 1651 5125 et
1666 5068 1778 5124 dia-

161 5164 349 5219 bolum
370 5159 600 5218 vicistis.
621 5159 883 5213 Mundam
919 5174 1155 5230 namque
1173 5157 1396 5227 vicistis,
1421 5157 1549 5228 quia
1577 5173 1771 5229 quam-

161 5252 243 5306 vis
264 5251 449 5307 adhuc
469 5249 525 5304 in
545 5247 749 5302 mundo
779 5246 915 5308 sitis.
949 5247 1058 5315 jam
1082 5254 1265 5301 tamen
1286 5263 1387 5317 per
1408 5246 1510 5302 Dei
1539 5246 1772 5319 gratiam

161 5342 231 5397 de
258 5339 469 5396 mundo
499 5352 610 5392 non
639 5335 789 5391 estis.
821 5335 1098 5407 Apostolis
1126 5336 1271 5391 enim
1292 5334 1438 5391 Dixit
1454 5334 1698 5391 Christus
1720 5342 1773 5390 et

161 5445 285 5486 cum
304 5425 595 5499 apostolis,
622 5424 776 5480 vobis
803 5439 815 5479 :
842 5426 920 5480 De
954 5424 1165 5481 mundo
1200 5441 1317 5480 non
1352 5426 1504 5489 estis,
1542 5424 1638 5481 sed
1672 5439 1770 5494 ego

159 5519 302 5590 elegi
342 5533 436 5573 vos
476 5515 543 5571 de
574 5514 782 5569 mundo
805 5515 990 5585 (Joan.
1012 5528 1110 5582 xv,
1138 5512 1244 5582 19).
1276 5514 1357 5569 De
1386 5513 1592 5567 mundo
1624 5511 1767 5567 enim

160 5614 283 5662 sunt
302 5606 399 5678 qui
422 5603 686 5659 mundum
708 5601 961 5674 diligunt,
977 5609 1028 5657 et
1045 5602 1345 5658 secundum
1366 5600 1552 5656 mundi
1574 5615 1770 5656 concu-

159 5694 461 5768 piscentias
492 5692 698 5750 vivunt.
722 5689 1010 5748 Diabolum
1027 5698 1210 5747 autem
1230 5689 1457 5758 vicistis,
1473 5688 1600 5764 quia
1620 5703 1771 5745 arma

1880 3297 1985 3351 sint
2016 3297 2085 3351 de
2114 3298 2220 3352 hac
2249 3304 2456 3363 sancta,
2481 3303 2533 3352 et
2560 3297 2678 3353 Deo
2704 3296 2923 3368 placita,
2947 3312 3067 3369 quae
3097 3296 3177 3353 eis
3206 3297 3347 3353 facta
3375 3306 3478 3366 est,

1879 3385 2152 3452 violentia,
2203 3401 2304 3442 vos
2352 3402 2475 3457 quae
2521 3385 2924 3456 prudentiores,
2958 3394 3012 3442 et
3038 3386 3297 3443 meliores
3323 3386 3476 3455 estis,

1879 3474 2089 3530 debetis
2140 3490 2234 3529 eas
2276 3474 2332 3528 in
2377 3473 2560 3529 Verbo
2607 3474 2707 3529 Dei
2748 3474 3060 3541 consolari,
3104 3474 3352 3531 intimare
3398 3477 3479 3533 eis

1881 3563 2029 3635 quod
2051 3570 2236 3619 sancta
2256 3562 2532 3634 Scriptura
2552 3561 2682 3618 dicit
2715 3579 2729 3616 :
2756 3563 2913 3619 Sicut
2939 3565 3097 3619 tinea
3117 3564 3475 3632 vestimento,

1879 3656 1935 3708 et
1967 3652 2173 3708 vermis
2205 3653 2374 3724 ligno,
2406 3652 2492 3707 ita
2513 3652 2759 3708 tristitia
2779 3652 3117 3709 nocetcordi
3137 3651 3324 3724 (Prov.
3343 3669 3472 3720 xxv,

1876 3742 1990 3811 20).
2023 3739 2166 3796 Dicit
2209 3739 2374 3796 etiam
2413 3739 2706 3811 Apostolus
2738 3756 2752 3795 :
2789 3740 2922 3807 Qua:
2957 3740 3270 3797 secundum
3296 3742 3477 3798 Deum

1881 3830 2122 3885 tristitia
2142 3832 2249 3894 est,
2285 3830 2691 3901 paenitentiam
2710 3830 2775 3885 in
2795 3830 3036 3886 salutem
3059 3831 3319 3886 stabilem
3341 3847 3476 3903 ope-

1876 3922 2062 3983 ratur,
2087 3918 2284 3974 sceculi
2302 3934 2428 3974 vero
2449 3919 2695 3974 tristitia
2713 3922 2957 3975 mortem
2977 3923 3247 3991 operatur
3264 3918 3473 3991 (IICor.

1878 4022 1976 4073 vn,
2015 4008 2123 4077 10).
2145 4006 2370 4062 Debetis
2399 4007 2562 4062 etiam
2590 4022 2689 4079 pro
2718 4006 2800 4063 eis
2830 4022 3008 4074 orare,
3043 4014 3096 4065 et
3124 4023 3221 4064 eas
3236 4008 3304 4064 ad
3324 4024 3482 4065 oran-

1877 4095 2005 4151 dum
2036 4094 2286 4161 invitare,
2317 4103 2373 4150 ut
2402 4111 2506 4167 per
2534 4096 2767 4168 gratiam
2796 4096 2916 4163 Dei,
2940 4097 3322 4153 necessitatem
3339 4113 3479 4155 con-

1877 4191 2094 4239 vertant
2122 4183 2176 4237 in
2205 4183 2559 4239 voluntatem.
2602 4185 2671 4238 Et
2713 4184 2852 4240 sicut
2885 4185 3078 4240 beatus
3114 4185 3480 4259 Hieronymus

1876 4272 2038 4328 docet
2066 4272 2249 4342 (epist.
2299 4276 2365 4327 10
2392 4272 2464 4327 ad
2492 4273 2770 4343 Furiam),
2816 4272 3017 4328 faciant
3045 4273 3115 4329 de
3152 4274 3479 4334 necessitate

1876 4360 2150 4417 virtutem.
2193 4362 2308 4416 Hoc
2328 4376 2431 4432 pro
2460 4361 2541 4415 eis
2561 4361 2609 4415 si
2640 4377 2759 4428 vos,
2792 4369 2843 4416 et
2865 4360 2973 4417 illae
2992 4376 3094 4433 pro
3119 4378 3180 4417 se
3212 4362 3481 4420 instanter

1878 4449 2174 4518 oraverint,
2199 4450 2437 4504 charitas
2454 4450 2554 4505 Dei
2566 4466 2666 4520 per
2683 4449 2941 4520 Spiritum
2959 4457 3203 4507 sanctum
3218 4450 3479 4508 diffunde-

1794 4544 1848 4603 D
1879 4546 1966 4593 tur
1986 4538 2042 4592 in
2062 4538 2321 4593 cordibus
2337 4553 2543 4605 earum,
2567 4546 2620 4592 at
2641 4546 2769 4595 tunc
2788 4539 3056 4594 veraciter
3071 4539 3254 4596 dicent
3277 4557 3290 4595 :
3326 4542 3480 4598 Viam

1881 4628 2295 4683 mandatorum
2345 4632 2574 4683 tuorum
2616 4628 2869 4694 cucurri,
2914 4644 3045 4684 cum
3086 4628 3346 4685 dilatasti
3379 4645 3480 4686 cor

1886 4732 2075 4772 meum
2094 4716 2271 4788 (Psal.
2295 4715 2867 4787 cxvm,3t).Tristitia
2897 4716 3043 4772 enim
3072 4716 3128 4771 in
3157 4718 3324 4773 corde
3353 4717 3480 4775 facit

1884 4805 2184 4877 angustias,
2218 4813 2274 4861 ut
2297 4806 2497 4859 bonum
2527 4820 2664 4876 opus
2694 4805 2844 4860 oneri
2866 4806 2935 4860 sit
2954 4813 3008 4861 et
3027 4805 3207 4861 taedio.
3230 4806 3479 4863 Charitas

1884 4902 2064 4950 autem
2095 4894 2285 4949 dilatet
2313 4909 2431 4961 cor,
2464 4902 2519 4949 ut
2550 4910 2686 4965 Opus
2716 4894 2919 4950 bonum
2949 4910 3073 4951 cum
3103 4895 3391 4963 hilaritate,
3425 4904 3480 4953 et

1876 4982 1994 5038 sine
2012 4982 2324 5039 difﬁcultate
2345 4982 2456 5039 fiat.
2483 4983 2689 5039 Omnes
2708 4999 2926 5055 quoque
2944 4984 3302 5041 communiter
3320 4984 3481 5044 facile

1875 5073 2022 5145 quod
2043 5072 2172 5129 dicit
2191 5072 2486 5143 Apostolus
2506 5090 2519 5126 :
2547 5074 2747 5129 Mulier
2773 5074 3041 5147 innupta,
3061 5078 3118 5130 et
3137 5076 3309 5147 virgo,
3328 5077 3477 5147 cogi-

1876 5165 1963 5217 tat
1986 5178 2108 5234 (ματ
2127 5167 2265 5218 sunt
2280 5163 2526 5227 Domini,
2550 5163 2702 5218 utsit
2719 5167 2919 5218 sancta
2934 5179 3162 5234 corpore
3179 5180 3246 5220 ac
3264 5165 3480 5237 spiritu

1872 5250 1923 5322 (Ι
1941 5250 2063 5307 Cor.
2096 5266 2194 5317 vn,
2237 5252 2348 5322 34).
2400 5250 2646 5322 Corpore
2677 5260 2862 5307 sancta
2891 5260 2974 5306 est
3005 5268 3127 5323 quae
3157 5253 3320 5308 habet
3348 5269 3475 5309 cor-

1871 5354 1975 5409 pus
2005 5339 2430 5395 immaculatum.
2463 5339 2661 5410 Spiritu
2691 5348 2874 5395 sancta
2906 5347 3008 5409 est,
3041 5356 3164 5411 quae
3183 5341 3477 5411 cogitando

1872 5442 1938 5482 ea
1968 5443 2090 5497 quae
2136 5427 2354 5483 Domini
2397 5436 2539 5493 sunt,
2589 5436 2774 5483 servat
2821 5442 2919 5483 cor
2951 5428 3025 5502 (ab
3072 5428 3385 5495 immundis,
3422 5440 3477 5486 et

1870 5514 2209 5570 illecebrosis
2272 5516 2694 5587 cogitationibus
2752 5516 3033 5581 mundum,
3092 5516 3237 5572 unde
3289 5517 3470 5573 illud:

1872 5603 2040 5659 Omni
2058 5604 2318 5660 custodia
2334 5620 2492 5660 serva
2509 5620 2607 5660 cor
2629 5608 2810 5670 tuum,
2835 5605 3102 5674 quoniam
3118 5621 3193 5661 ea:
3214 5607 3332 5677 ipso
3351 5606 3473 5661 vita

1867 5692 2125 5766 procedit
2151 5692 2337 5764 (Prov.
2371 5706 2448 5759 IV,
2480 5692 2593 5763 23).
2622 5692 2729 5749 Cor
2756 5699 2937 5749 autem
2963 5692 3035 5747 ita
3066 5692 3207 5749 bene
3233 5693 3470 5750 custodi-
