  <div class='ocr_page' id='page_1' title='image "/cluster/home/n/w/nwhite01/storage/ocr_20150623/153-154/uc1.31175019678096/451.png"; bbox 0 0 3938 6398; ppageno 0'>
   <div class='ocr_carea' id='block_1_1' title="bbox 395 325 493 378">
    <p class='ocr_par' dir='ltr' id='par_1_1' title="bbox 395 325 493 378">
     <span class='ocr_line' id='line_1_1' title="bbox 395 325 493 378; baseline 0.02 -2"><span class='ocrx_word' id='word_1_1' title='bbox 395 325 493 378; x_wconf 83' lang='grc'>891</span> 
     </span>
    </p>
   </div>
   <div class='ocr_carea' id='block_1_2' title="bbox 1306 306 2765 376">
    <p class='ocr_par' dir='ltr' id='par_1_2' title="bbox 1306 306 2765 376">
     <span class='ocr_line' id='line_1_2' title="bbox 1306 306 2765 376; baseline -0.01 1"><span class='ocrx_word' id='word_1_2' title='bbox 1306 316 1662 376; x_wconf 80' lang='lat' dir='ltr'>BERNARDI</span> <span class='ocrx_word' id='word_1_3' title='bbox 1699 314 1948 371; x_wconf 82' lang='lat' dir='ltr'>CARTH.</span> <span class='ocrx_word' id='word_1_4' title='bbox 1989 306 2370 366; x_wconf 78' lang='lat' dir='ltr'>PORTARUM</span> <span class='ocrx_word' id='word_1_5' title='bbox 2407 307 2684 365; x_wconf 81' lang='lat' dir='ltr'>PRIORIS</span> <span class='ocrx_word' id='word_1_6' title='bbox 2722 310 2765 363; x_wconf 92' lang='grc' dir='ltr'><strong>Ι.</strong></span> 
     </span>
    </p>
   </div>
   <div class='ocr_carea' id='block_1_3' title="bbox 3581 304 3682 358">
    <p class='ocr_par' dir='ltr' id='par_1_3' title="bbox 3581 304 3682 358">
     <span class='ocr_line' id='line_1_3' title="bbox 3581 304 3682 358; baseline 0.02 -3"><span class='ocrx_word' id='word_1_7' title='bbox 3581 304 3682 358; x_wconf 76' lang='grc'>892</span> 
     </span>
    </p>
   </div>
   <div class='ocr_carea' id='block_1_4' title="bbox 396 424 3686 519">
    <p class='ocr_par' dir='ltr' id='par_1_4' title="bbox 396 424 3686 519">
     <span class='ocr_line' id='line_1_4' title="bbox 396 424 3686 519; baseline -0.007 -17"><span class='ocrx_word' id='word_1_8' title='bbox 396 456 498 514; x_wconf 89' lang='lat' dir='ltr'>tur,</span> <span class='ocrx_word' id='word_1_9' title='bbox 535 448 581 503; x_wconf 99' lang='lat' dir='ltr'>si</span> <span class='ocrx_word' id='word_1_10' title='bbox 612 449 815 505; x_wconf 82' lang='lat' dir='ltr'>sanctis</span> <span class='ocrx_word' id='word_1_11' title='bbox 846 464 1066 519; x_wconf 82' lang='lat' dir='ltr'>semper</span> <span class='ocrx_word' id='word_1_12' title='bbox 1102 445 1547 517; x_wconf 78' lang='lat' dir='ltr'>cogitationibus,</span> <span class='ocrx_word' id='word_1_13' title='bbox 1583 447 1840 515; x_wconf 89' lang='lat' dir='ltr'>quantum</span> <span class='ocrx_word' id='word_1_14' title='bbox 1869 434 1986 492; x_wconf 84' lang='lat' dir='ltr'>ﬁeri</span> <span class='ocrx_word' id='word_1_15' title='bbox 2008 435 2066 495; x_wconf 77' lang='grc' dir='ltr'><strong>Α</strong></span> <span class='ocrx_word' id='word_1_16' title='bbox 2093 433 2180 489; x_wconf 88' lang='lat' dir='ltr'>nis</span> <span class='ocrx_word' id='word_1_17' title='bbox 2225 432 2556 489; x_wconf 72' lang='lat' dir='ltr'>cruciatibus</span> <span class='ocrx_word' id='word_1_18' title='bbox 2591 431 2899 504; x_wconf 89' lang='lat' dir='ltr'>impiorum,</span> <span class='ocrx_word' id='word_1_19' title='bbox 2951 428 3303 503; x_wconf 81' lang='lat' dir='ltr'>perfruamini</span> <span class='ocrx_word' id='word_1_20' title='bbox 3330 435 3537 484; x_wconf 62' lang='lat' dir='ltr'>aeterna</span> <span class='ocrx_word' id='word_1_21' title='bbox 3568 424 3686 481; x_wconf 84' lang='lat' dir='ltr'>feli-</span> 
     </span>
    </p>
   </div>
   <div class='ocr_carea' id='block_1_5' title="bbox 396 527 1992 608">
    <p class='ocr_par' dir='ltr' id='par_1_5' title="bbox 396 527 1992 608">
     <span class='ocr_line' id='line_1_5' title="bbox 396 527 1992 608; baseline -0.006 -17"><span class='ocrx_word' id='word_1_22' title='bbox 396 544 594 607; x_wconf 90' lang='lat' dir='ltr'>potest.</span> <span class='ocrx_word' id='word_1_23' title='bbox 625 544 952 608; x_wconf 90' lang='lat' dir='ltr'>occupatum</span> <span class='ocrx_word' id='word_1_24' title='bbox 983 542 1234 590; x_wconf 89' lang='lat' dir='ltr'>teneatur</span> <span class='ocrx_word' id='word_1_25' title='bbox 1265 535 1444 603; x_wconf 86' lang='lat' dir='ltr'>:juxta</span> <span class='ocrx_word' id='word_1_26' title='bbox 1466 531 1611 604; x_wconf 91' lang='lat' dir='ltr'>quod</span> <span class='ocrx_word' id='word_1_27' title='bbox 1632 530 1866 599; x_wconf 78' lang='lat' dir='ltr'>legitur:</span> <span class='ocrx_word' id='word_1_28' title='bbox 1895 527 1992 582; x_wconf 86' lang='lat' dir='ltr'>Co-</span> 
     </span>
    </p>
   </div>
   <div class='ocr_carea' id='block_1_6' title="bbox 397 617 1993 697">
    <p class='ocr_par' dir='ltr' id='par_1_6' title="bbox 397 617 1993 697">
     <span class='ocr_line' id='line_1_6' title="bbox 397 617 1993 697; baseline -0.008 -16"><span class='ocrx_word' id='word_1_29' title='bbox 397 627 598 697; x_wconf 84' lang='lat' dir='ltr'>gitatio</span> <span class='ocrx_word' id='word_1_30' title='bbox 620 631 821 681; x_wconf 89' lang='lat' dir='ltr'>sancta</span> <span class='ocrx_word' id='word_1_31' title='bbox 842 625 1092 681; x_wconf 78' lang='lat' dir='ltr'>servabit</span> <span class='ocrx_word' id='word_1_32' title='bbox 1108 628 1161 679; x_wconf 87' lang='lat' dir='ltr'>te</span> <span class='ocrx_word' id='word_1_33' title='bbox 1181 624 1364 691; x_wconf 87' lang='lat' dir='ltr'>(Prov.</span> <span class='ocrx_word' id='word_1_34' title='bbox 1385 637 1446 685; x_wconf 85' lang='lat' dir='ltr'>u,</span> <span class='ocrx_word' id='word_1_35' title='bbox 1472 625 1531 675; x_wconf 82' lang='lat' dir='ltr'>tt</span> <span class='ocrx_word' id='word_1_36' title='bbox 1555 637 1666 676; x_wconf 88' lang='lat' dir='ltr'>sec.</span> <span class='ocrx_word' id='word_1_37' title='bbox 1686 619 1861 687; x_wconf 74' lang='lat' dir='ltr'><strong><em>LXX).</em></strong></span> <span class='ocrx_word' id='word_1_38' title='bbox 1878 617 1993 670; x_wconf 91' lang='lat' dir='ltr'>Hoc</span> 
     </span>
    </p>
   </div>
   <div class='ocr_carea' id='block_1_7' title="bbox 396 704 1992 785">
    <p class='ocr_par' dir='ltr' id='par_1_7' title="bbox 396 704 1992 785">
     <span class='ocr_line' id='line_1_7' title="bbox 396 704 1992 785; baseline -0.006 -18"><span class='ocrx_word' id='word_1_39' title='bbox 396 720 574 768; x_wconf 88' lang='lat' dir='ltr'>autem</span> <span class='ocrx_word' id='word_1_40' title='bbox 622 713 929 785; x_wconf 76' lang='lat' dir='ltr'>vigilanter,</span> <span class='ocrx_word' id='word_1_41' title='bbox 982 721 1035 768; x_wconf 93' lang='lat' dir='ltr'>et</span> <span class='ocrx_word' id='word_1_42' title='bbox 1083 712 1324 766; x_wconf 84' lang='lat' dir='ltr'>studiose</span> <span class='ocrx_word' id='word_1_43' title='bbox 1354 710 1537 765; x_wconf 86' lang='lat' dir='ltr'>facere</span> <span class='ocrx_word' id='word_1_44' title='bbox 1568 708 1799 771; x_wconf 79' lang='lat' dir='ltr'>debetis,</span> <span class='ocrx_word' id='word_1_45' title='bbox 1830 704 1992 759; x_wconf 91' lang='lat' dir='ltr'>modo</span> 
     </span>
    </p>
   </div>
   <div class='ocr_carea' id='block_1_8' title="bbox 398 794 1988 874">
    <p class='ocr_par' dir='ltr' id='par_1_8' title="bbox 398 794 1988 874">
     <span class='ocr_line' id='line_1_8' title="bbox 398 794 1988 874; baseline -0.006 -17"><span class='ocrx_word' id='word_1_46' title='bbox 398 820 499 874; x_wconf 90' lang='lat' dir='ltr'>per</span> <span class='ocrx_word' id='word_1_47' title='bbox 545 802 865 869; x_wconf 88' lang='lat' dir='ltr'>orationem,</span> <span class='ocrx_word' id='word_1_48' title='bbox 914 803 1075 856; x_wconf 91' lang='lat' dir='ltr'>modo</span> <span class='ocrx_word' id='word_1_49' title='bbox 1117 816 1216 871; x_wconf 90' lang='lat' dir='ltr'>per</span> <span class='ocrx_word' id='word_1_50' title='bbox 1271 808 1511 854; x_wconf 89' lang='lat' dir='ltr'>sanctam</span> <span class='ocrx_word' id='word_1_51' title='bbox 1565 794 1988 859; x_wconf 81' lang='lat' dir='ltr'>meditationem,</span> 
     </span>
    </p>
   </div>
   <div class='ocr_carea' id='block_1_9' title="bbox 394 882 1991 962">
    <p class='ocr_par' dir='ltr' id='par_1_9' title="bbox 394 882 1991 962">
     <span class='ocr_line' id='line_1_9' title="bbox 394 882 1991 962; baseline -0.006 -17"><span class='ocrx_word' id='word_1_52' title='bbox 394 891 683 962; x_wconf 85' lang='lat' dir='ltr'>aliquando</span> <span class='ocrx_word' id='word_1_53' title='bbox 712 908 812 962; x_wconf 90' lang='lat' dir='ltr'>per</span> <span class='ocrx_word' id='word_1_54' title='bbox 858 906 1115 945; x_wconf 90' lang='lat' dir='ltr'>manuum</span> <span class='ocrx_word' id='word_1_55' title='bbox 1145 889 1198 943; x_wconf 91' lang='lat' dir='ltr'>in</span> <span class='ocrx_word' id='word_1_56' title='bbox 1232 887 1446 943; x_wconf 91' lang='lat' dir='ltr'>silentio</span> <span class='ocrx_word' id='word_1_57' title='bbox 1481 885 1868 956; x_wconf 83' lang='lat' dir='ltr'>operationem,</span> <span class='ocrx_word' id='word_1_58' title='bbox 1903 882 1991 936; x_wconf 90' lang='lat' dir='ltr'>di-</span> 
     </span>
    </p>
   </div>
   <div class='ocr_carea' id='block_1_10' title="bbox 397 972 1992 1051">
    <p class='ocr_par' dir='ltr' id='par_1_10' title="bbox 397 972 1992 1051">
     <span class='ocr_line' id='line_1_10' title="bbox 397 972 1992 1051; baseline -0.006 -16"><span class='ocrx_word' id='word_1_59' title='bbox 397 987 554 1035; x_wconf 89' lang='lat' dir='ltr'>cente</span> <span class='ocrx_word' id='word_1_60' title='bbox 584 979 845 1051; x_wconf 85' lang='lat' dir='ltr'>Apostolo</span> <span class='ocrx_word' id='word_1_61' title='bbox 879 996 892 1032; x_wconf 88' lang='lat'><strong>:</strong></span> <span class='ocrx_word' id='word_1_62' title='bbox 930 979 1035 1045; x_wconf 83' lang='lat' dir='ltr'>Qui</span> <span class='ocrx_word' id='word_1_63' title='bbox 1053 994 1169 1034; x_wconf 90' lang='lat' dir='ltr'>non</span> <span class='ocrx_word' id='word_1_64' title='bbox 1198 978 1323 1032; x_wconf 86' lang='lat' dir='ltr'>vult</span> <span class='ocrx_word' id='word_1_65' title='bbox 1351 975 1594 1048; x_wconf 82' lang='lat' dir='ltr'>operari,</span> <span class='ocrx_word' id='word_1_66' title='bbox 1614 991 1729 1029; x_wconf 83' lang='lat' dir='ltr'>non</span> <span class='ocrx_word' id='word_1_67' title='bbox 1751 972 1992 1027; x_wconf 77' lang='lat' dir='ltr'>mandu-</span> 
     </span>
    </p>
   </div>
   <div class='ocr_carea' id='block_1_11' title="bbox 398 1059 1991 1136">
    <p class='ocr_par' dir='ltr' id='par_1_11' title="bbox 398 1059 1991 1136">
     <span class='ocr_line' id='line_1_11' title="bbox 398 1059 1991 1136; baseline -0.008 -13"><span class='ocrx_word' id='word_1_68' title='bbox 398 1072 486 1123; x_wconf 85' lang='lat' dir='ltr'>cet</span> <span class='ocrx_word' id='word_1_69' title='bbox 518 1068 593 1136; x_wconf 87' lang='lat' dir='ltr'>(ll</span> <span class='ocrx_word' id='word_1_70' title='bbox 622 1069 807 1123; x_wconf 81' lang='lat' dir='ltr'>Thess.</span> <span class='ocrx_word' id='word_1_71' title='bbox 857 1083 939 1131; x_wconf 84' lang='grc' dir='ltr'>ιιι,</span> <span class='ocrx_word' id='word_1_72' title='bbox 985 1065 1095 1136; x_wconf 89' lang='grc'>10).</span> <span class='ocrx_word' id='word_1_73' title='bbox 1148 1065 1307 1135; x_wconf 68' lang='grc' dir='ltr'>Βερρθ</span> <span class='ocrx_word' id='word_1_74' title='bbox 1343 1078 1476 1118; x_wconf 89' lang='lat' dir='ltr'>vero</span> <span class='ocrx_word' id='word_1_75' title='bbox 1505 1078 1606 1133; x_wconf 91' lang='lat' dir='ltr'>per</span> <span class='ocrx_word' id='word_1_76' title='bbox 1634 1059 1991 1132; x_wconf 84' lang='lat' dir='ltr'>psalmodiam</span> 
     </span>
    </p>
   </div>
   <div class='ocr_carea' id='block_1_12' title="bbox 397 1149 1992 1217">
    <p class='ocr_par' dir='ltr' id='par_1_12' title="bbox 397 1149 1992 1217">
     <span class='ocr_line' id='line_1_12' title="bbox 397 1149 1992 1217; baseline -0.008 -5"><span class='ocrx_word' id='word_1_77' title='bbox 397 1156 652 1212; x_wconf 87' lang='lat' dir='ltr'>cordibus</span> <span class='ocrx_word' id='word_1_78' title='bbox 682 1163 734 1211; x_wconf 90' lang='lat' dir='ltr'>et</span> <span class='ocrx_word' id='word_1_79' title='bbox 760 1155 985 1211; x_wconf 86' lang='lat' dir='ltr'>vocibus</span> <span class='ocrx_word' id='word_1_80' title='bbox 1013 1152 1440 1210; x_wconf 82' lang='lat' dir='ltr'>consonantibus</span> <span class='ocrx_word' id='word_1_81' title='bbox 1464 1170 1477 1217; x_wconf 89' lang='lat'>;</span> <span class='ocrx_word' id='word_1_82' title='bbox 1513 1151 1653 1206; x_wconf 81' lang='lat' dir='ltr'>sicut</span> <span class='ocrx_word' id='word_1_83' title='bbox 1682 1149 1824 1204; x_wconf 90' lang='lat' dir='ltr'>idem</span> <span class='ocrx_word' id='word_1_84' title='bbox 1848 1150 1992 1217; x_wconf 86' lang='lat' dir='ltr'>Apo-</span> 
     </span>
    </p>
   </div>
   <div class='ocr_carea' id='block_1_13' title="bbox 401 1237 1993 1314">
    <p class='ocr_par' dir='ltr' id='par_1_13' title="bbox 401 1237 1993 1314">
     <span class='ocr_line' id='line_1_13' title="bbox 401 1237 1993 1314; baseline -0.004 -17"><span class='ocrx_word' id='word_1_85' title='bbox 401 1244 570 1299; x_wconf 89' lang='lat' dir='ltr'>stolus</span> <span class='ocrx_word' id='word_1_86' title='bbox 599 1245 759 1299; x_wconf 91' lang='lat' dir='ltr'>docet</span> <span class='ocrx_word' id='word_1_87' title='bbox 792 1259 804 1298; x_wconf 90' lang='lat'><strong>:</strong></span> <span class='ocrx_word' id='word_1_88' title='bbox 840 1243 1172 1308; x_wconf 75' lang='lat' dir='ltr'>Cantantes,</span> <span class='ocrx_word' id='word_1_89' title='bbox 1207 1246 1264 1297; x_wconf 90' lang='lat' dir='ltr'>et</span> <span class='ocrx_word' id='word_1_90' title='bbox 1287 1241 1600 1314; x_wconf 78' lang='lat' dir='ltr'>psallentes</span> <span class='ocrx_word' id='word_1_91' title='bbox 1645 1239 1707 1293; x_wconf 84' lang='lat' dir='ltr'>in</span> <span class='ocrx_word' id='word_1_92' title='bbox 1738 1237 1993 1293; x_wconf 85' lang='lat' dir='ltr'>cordibus</span> 
     </span>
    </p>
   </div>
   <div class='ocr_carea' id='block_1_14' title="bbox 401 1325 1993 1404">
    <p class='ocr_par' dir='ltr' id='par_1_14' title="bbox 401 1325 1993 1404">
     <span class='ocr_line' id='line_1_14' title="bbox 401 1325 1993 1404; baseline -0.006 -18"><span class='ocrx_word' id='word_1_93' title='bbox 401 1334 602 1388; x_wconf 85' lang='lat' dir='ltr'>vestris</span> <span class='ocrx_word' id='word_1_94' title='bbox 644 1333 879 1390; x_wconf 85' lang='lat' dir='ltr'>Domino</span> <span class='ocrx_word' id='word_1_95' title='bbox 918 1332 1081 1404; x_wconf 84' lang='lat' dir='ltr'>(Eph.</span> <span class='ocrx_word' id='word_1_96' title='bbox 1113 1346 1170 1397; x_wconf 91' lang='lat' dir='ltr'>v,</span> <span class='ocrx_word' id='word_1_97' title='bbox 1205 1334 1314 1401; x_wconf 81' lang='grc'><strong>19).</strong></span> <span class='ocrx_word' id='word_1_98' title='bbox 1348 1328 1483 1398; x_wconf 67' lang='lat' dir='ltr'>Quae</span> <span class='ocrx_word' id='word_1_99' title='bbox 1511 1327 1635 1383; x_wconf 90' lang='lat' dir='ltr'>licet</span> <span class='ocrx_word' id='word_1_100' title='bbox 1667 1325 1851 1381; x_wconf 86' lang='lat' dir='ltr'>omnia</span> <span class='ocrx_word' id='word_1_101' title='bbox 1880 1333 1993 1378; x_wconf 82' lang='lat' dir='ltr'>stu-</span> 
     </span>
    </p>
   </div>
   <div class='ocr_carea' id='block_1_15' title="bbox 400 1413 1994 1490">
    <p class='ocr_par' dir='ltr' id='par_1_15' title="bbox 400 1413 1994 1490">
     <span class='ocr_line' id='line_1_15' title="bbox 400 1413 1994 1490; baseline -0.005 -16"><span class='ocrx_word' id='word_1_102' title='bbox 400 1419 708 1475; x_wconf 90' lang='lat' dir='ltr'>diosissime</span> <span class='ocrx_word' id='word_1_103' title='bbox 738 1419 950 1476; x_wconf 84' lang='lat' dir='ltr'>faciatis</span> <span class='ocrx_word' id='word_1_104' title='bbox 972 1461 986 1488; x_wconf 94' lang='lat'>,</span> <span class='ocrx_word' id='word_1_105' title='bbox 1020 1417 1358 1490; x_wconf 88' lang='lat' dir='ltr'>impossibile</span> <span class='ocrx_word' id='word_1_106' title='bbox 1401 1425 1584 1472; x_wconf 89' lang='lat' dir='ltr'>tamen</span> <span class='ocrx_word' id='word_1_107' title='bbox 1614 1422 1697 1470; x_wconf 87' lang='lat' dir='ltr'>est</span> <span class='ocrx_word' id='word_1_108' title='bbox 1724 1422 1782 1469; x_wconf 92' lang='lat' dir='ltr'>ut</span> <span class='ocrx_word' id='word_1_109' title='bbox 1810 1413 1994 1484; x_wconf 86' lang='lat' dir='ltr'>pravis</span> 
     </span>
    </p>
   </div>
   <div class='ocr_carea' id='block_1_16' title="bbox 397 1500 1993 1581">
    <p class='ocr_par' dir='ltr' id='par_1_16' title="bbox 397 1500 1993 1581">
     <span class='ocr_line' id='line_1_16' title="bbox 397 1500 1993 1581; baseline -0.005 -18"><span class='ocrx_word' id='word_1_110' title='bbox 397 1508 620 1564; x_wconf 90' lang='lat' dir='ltr'>omnino</span> <span class='ocrx_word' id='word_1_111' title='bbox 651 1508 1096 1581; x_wconf 87' lang='lat' dir='ltr'>suggestionibus</span> <span class='ocrx_word' id='word_1_112' title='bbox 1122 1505 1376 1563; x_wconf 90' lang='lat' dir='ltr'>careatis.</span> <span class='ocrx_word' id='word_1_113' title='bbox 1398 1505 1593 1560; x_wconf 88' lang='lat' dir='ltr'>Tribus</span> <span class='ocrx_word' id='word_1_114' title='bbox 1613 1511 1791 1558; x_wconf 89' lang='lat' dir='ltr'>autem</span> <span class='ocrx_word' id='word_1_115' title='bbox 1814 1500 1993 1556; x_wconf 89' lang='lat' dir='ltr'>modis</span> 
     </span>
    </p>
   </div>
   <div class='ocr_carea' id='block_1_17' title="bbox 400 1590 1992 1668">
    <p class='ocr_par' dir='ltr' id='par_1_17' title="bbox 400 1590 1992 1668">
     <span class='ocr_line' id='line_1_17' title="bbox 400 1590 1992 1668; baseline -0.005 -15"><span class='ocrx_word' id='word_1_116' title='bbox 400 1605 682 1668; x_wconf 89' lang='lat' dir='ltr'>peccatum</span> <span class='ocrx_word' id='word_1_117' title='bbox 719 1604 1063 1668; x_wconf 89' lang='lat' dir='ltr'>perpetratur</span> <span class='ocrx_word' id='word_1_118' title='bbox 1096 1613 1110 1649; x_wconf 90' lang='lat'>:</span> <span class='ocrx_word' id='word_1_119' title='bbox 1144 1594 1516 1666; x_wconf 80' lang='lat' dir='ltr'>suggestione,</span> <span class='ocrx_word' id='word_1_120' title='bbox 1559 1608 1681 1664; x_wconf 69' lang='lat' dir='ltr'>quae</span> <span class='ocrx_word' id='word_1_121' title='bbox 1718 1590 1777 1645; x_wconf 84' lang='lat' dir='ltr'>fit</span> <span class='ocrx_word' id='word_1_122' title='bbox 1806 1607 1840 1645; x_wconf 91' lang='lat' dir='ltr'>a</span> <span class='ocrx_word' id='word_1_123' title='bbox 1868 1590 1992 1645; x_wconf 87' lang='lat' dir='ltr'>dia-</span> 
     </span>
    </p>
   </div>
   <div class='ocr_carea' id='block_1_18' title="bbox 398 1680 1994 1758">
    <p class='ocr_par' dir='ltr' id='par_1_18' title="bbox 398 1680 1994 1758">
     <span class='ocr_line' id='line_1_18' title="bbox 398 1680 1994 1758; baseline -0.004 -19"><span class='ocrx_word' id='word_1_124' title='bbox 398 1685 526 1741; x_wconf 91' lang='lat' dir='ltr'>bolo</span> <span class='ocrx_word' id='word_1_125' title='bbox 554 1702 655 1756; x_wconf 89' lang='lat' dir='ltr'>per</span> <span class='ocrx_word' id='word_1_126' title='bbox 682 1685 1103 1758; x_wconf 83' lang='lat' dir='ltr'>cogitationem;</span> <span class='ocrx_word' id='word_1_127' title='bbox 1128 1682 1509 1747; x_wconf 86' lang='lat' dir='ltr'>delectatione,</span> <span class='ocrx_word' id='word_1_128' title='bbox 1535 1697 1656 1753; x_wconf 68' lang='lat' dir='ltr'>quae</span> <span class='ocrx_word' id='word_1_129' title='bbox 1676 1680 1734 1734; x_wconf 86' lang='lat' dir='ltr'>fit</span> <span class='ocrx_word' id='word_1_130' title='bbox 1753 1696 1854 1751; x_wconf 91' lang='lat' dir='ltr'>per</span> <span class='ocrx_word' id='word_1_131' title='bbox 1874 1694 1994 1735; x_wconf 88' lang='lat' dir='ltr'>car-</span> 
     </span>
    </p>
   </div>
   <div class='ocr_carea' id='block_1_19' title="bbox 398 1768 2065 1847">
    <p class='ocr_par' dir='ltr' id='par_1_19' title="bbox 398 1768 2065 1847">
     <span class='ocr_line' id='line_1_19' title="bbox 398 1768 2065 1847; baseline -0.004 -20"><span class='ocrx_word' id='word_1_132' title='bbox 398 1789 544 1838; x_wconf 90' lang='lat' dir='ltr'>nem,</span> <span class='ocrx_word' id='word_1_133' title='bbox 578 1774 771 1828; x_wconf 87' lang='lat' dir='ltr'>eodem</span> <span class='ocrx_word' id='word_1_134' title='bbox 802 1772 1018 1828; x_wconf 86' lang='lat' dir='ltr'>diabolo</span> <span class='ocrx_word' id='word_1_135' title='bbox 1056 1770 1426 1826; x_wconf 85' lang='lat' dir='ltr'>inﬂammante</span> <span class='ocrx_word' id='word_1_136' title='bbox 1457 1768 1988 1840; x_wconf 89' lang='lat' dir='ltr'>concupiscentiam;</span> <span class='ocrx_word' id='word_1_137' title='bbox 2012 1787 2065 1847; x_wconf 82' lang='grc' dir='ltr'>Β</span> 
     </span>
    </p>
   </div>
   <div class='ocr_carea' id='block_1_20' title="bbox 399 1855 1991 1932">
    <p class='ocr_par' dir='ltr' id='par_1_20' title="bbox 399 1855 1991 1932">
     <span class='ocr_line' id='line_1_20' title="bbox 399 1855 1991 1932; baseline -0.004 -16"><span class='ocrx_word' id='word_1_138' title='bbox 399 1876 693 1927; x_wconf 84' lang='lat' dir='ltr'>consensu,</span> <span class='ocrx_word' id='word_1_139' title='bbox 728 1860 818 1932; x_wconf 90' lang='lat' dir='ltr'>qui</span> <span class='ocrx_word' id='word_1_140' title='bbox 846 1860 901 1914; x_wconf 84' lang='lat' dir='ltr'>ﬁt</span> <span class='ocrx_word' id='word_1_141' title='bbox 930 1874 1027 1925; x_wconf 87' lang='lat' dir='ltr'>per</span> <span class='ocrx_word' id='word_1_142' title='bbox 1056 1859 1317 1914; x_wconf 88' lang='lat' dir='ltr'>animum.</span> <span class='ocrx_word' id='word_1_143' title='bbox 1352 1858 1462 1913; x_wconf 83' lang='lat' dir='ltr'>Sed</span> <span class='ocrx_word' id='word_1_144' title='bbox 1490 1857 1699 1911; x_wconf 89' lang='lat' dir='ltr'>nullum</span> <span class='ocrx_word' id='word_1_145' title='bbox 1731 1864 1813 1911; x_wconf 92' lang='lat' dir='ltr'>est</span> <span class='ocrx_word' id='word_1_146' title='bbox 1840 1855 1991 1927; x_wconf 90' lang='lat' dir='ltr'>peri-</span> 
     </span>
    </p>
   </div>
   <div class='ocr_carea' id='block_1_21' title="bbox 396 1945 1990 2017">
    <p class='ocr_par' dir='ltr' id='par_1_21' title="bbox 396 1945 1990 2017">
     <span class='ocr_line' id='line_1_21' title="bbox 396 1945 1990 2017; baseline -0.003 -14"><span class='ocrx_word' id='word_1_147' title='bbox 396 1948 598 2014; x_wconf 92' lang='lat' dir='ltr'>culum,</span> <span class='ocrx_word' id='word_1_148' title='bbox 630 1948 831 2002; x_wconf 89' lang='lat' dir='ltr'>nullum</span> <span class='ocrx_word' id='word_1_149' title='bbox 862 1956 946 2003; x_wconf 91' lang='lat' dir='ltr'>est</span> <span class='ocrx_word' id='word_1_150' title='bbox 974 1947 1195 2003; x_wconf 91' lang='lat' dir='ltr'>omnino</span> <span class='ocrx_word' id='word_1_151' title='bbox 1224 1954 1525 2017; x_wconf 88' lang='lat' dir='ltr'>peccatum,</span> <span class='ocrx_word' id='word_1_152' title='bbox 1545 1945 1592 1999; x_wconf 92' lang='lat' dir='ltr'>si</span> <span class='ocrx_word' id='word_1_153' title='bbox 1612 1945 1990 2017; x_wconf 86' lang='lat' dir='ltr'>cogitationes,</span> 
     </span>
    </p>
   </div>
   <div class='ocr_carea' id='block_1_22' title="bbox 395 2032 1993 2106">
    <p class='ocr_par' dir='ltr' id='par_1_22' title="bbox 395 2032 1993 2106">
     <span class='ocr_line' id='line_1_22' title="bbox 395 2032 1993 2106; baseline -0.003 -16"><span class='ocrx_word' id='word_1_154' title='bbox 395 2052 703 2092; x_wconf 85' lang='lat' dir='ltr'>muscarum</span> <span class='ocrx_word' id='word_1_155' title='bbox 735 2051 905 2102; x_wconf 91' lang='lat' dir='ltr'>more,</span> <span class='ocrx_word' id='word_1_156' title='bbox 939 2036 1247 2106; x_wconf 86' lang='lat' dir='ltr'>importune</span> <span class='ocrx_word' id='word_1_157' title='bbox 1269 2035 1561 2103; x_wconf 88' lang='lat' dir='ltr'>irruentes,</span> <span class='ocrx_word' id='word_1_158' title='bbox 1586 2035 1851 2087; x_wconf 89' lang='lat' dir='ltr'>instanter</span> <span class='ocrx_word' id='word_1_159' title='bbox 1877 2032 1993 2086; x_wconf 88' lang='lat' dir='ltr'>abi-</span> 
     </span>
    </p>
   </div>
   <div class='ocr_carea' id='block_1_23' title="bbox 404 2120 1995 2198">
    <p class='ocr_par' dir='ltr' id='par_1_23' title="bbox 404 2120 1995 2198">
     <span class='ocr_line' id='line_1_23' title="bbox 404 2120 1995 2198; baseline -0.003 -19"><span class='ocrx_word' id='word_1_160' title='bbox 404 2132 499 2198; x_wconf 88' lang='lat' dir='ltr'>gat</span> <span class='ocrx_word' id='word_1_161' title='bbox 533 2124 767 2191; x_wconf 88' lang='lat' dir='ltr'>animus,</span> <span class='ocrx_word' id='word_1_162' title='bbox 802 2140 966 2195; x_wconf 89' lang='lat' dir='ltr'>super</span> <span class='ocrx_word' id='word_1_163' title='bbox 992 2123 1291 2179; x_wconf 89' lang='lat' dir='ltr'>custodiam</span> <span class='ocrx_word' id='word_1_164' title='bbox 1321 2122 1403 2177; x_wconf 91' lang='lat' dir='ltr'>sui</span> <span class='ocrx_word' id='word_1_165' title='bbox 1433 2122 1723 2195; x_wconf 84' lang='lat' dir='ltr'>vigilanter</span> <span class='ocrx_word' id='word_1_166' title='bbox 1737 2120 1995 2177; x_wconf 81' lang='lat' dir='ltr'>excubias</span> 
     </span>
    </p>
   </div>
   <div class='ocr_carea' id='block_1_24' title="bbox 399 2210 1996 2286">
    <p class='ocr_par' dir='ltr' id='par_1_24' title="bbox 399 2210 1996 2286">
     <span class='ocr_line' id='line_1_24' title="bbox 399 2210 1996 2286; baseline -0.003 -17"><span class='ocrx_word' id='word_1_167' title='bbox 399 2229 593 2286; x_wconf 86' lang='lat' dir='ltr'>agens.</span> <span class='ocrx_word' id='word_1_168' title='bbox 625 2213 679 2269; x_wconf 91' lang='lat' dir='ltr'>Si</span> <span class='ocrx_word' id='word_1_169' title='bbox 701 2220 879 2268; x_wconf 89' lang='lat' dir='ltr'>autem</span> <span class='ocrx_word' id='word_1_170' title='bbox 913 2229 1067 2268; x_wconf 91' lang='lat' dir='ltr'>mens</span> <span class='ocrx_word' id='word_1_171' title='bbox 1096 2212 1369 2279; x_wconf 88' lang='lat' dir='ltr'>dormitat,</span> <span class='ocrx_word' id='word_1_172' title='bbox 1402 2219 1456 2266; x_wconf 90' lang='lat' dir='ltr'>et</span> <span class='ocrx_word' id='word_1_173' title='bbox 1484 2210 1690 2281; x_wconf 91' lang='lat' dir='ltr'>passim</span> <span class='ocrx_word' id='word_1_174' title='bbox 1723 2210 1996 2281; x_wconf 87' lang='lat' dir='ltr'>quaslibet</span> 
     </span>
    </p>
   </div>
   <div class='ocr_carea' id='block_1_25' title="bbox 399 2298 1990 2373">
    <p class='ocr_par' dir='ltr' id='par_1_25' title="bbox 399 2298 1990 2373">
     <span class='ocr_line' id='line_1_25' title="bbox 399 2298 1990 2373; baseline -0.003 -17"><span class='ocrx_word' id='word_1_175' title='bbox 399 2302 728 2367; x_wconf 91' lang='lat' dir='ltr'>immundas,</span> <span class='ocrx_word' id='word_1_176' title='bbox 762 2310 815 2356; x_wconf 89' lang='lat' dir='ltr'>et</span> <span class='ocrx_word' id='word_1_177' title='bbox 839 2301 1028 2357; x_wconf 88' lang='lat' dir='ltr'>noxias</span> <span class='ocrx_word' id='word_1_178' title='bbox 1055 2300 1417 2373; x_wconf 87' lang='lat' dir='ltr'>cogitationes</span> <span class='ocrx_word' id='word_1_179' title='bbox 1429 2315 1537 2355; x_wconf 91' lang='lat' dir='ltr'>non</span> <span class='ocrx_word' id='word_1_180' title='bbox 1559 2298 1734 2354; x_wconf 91' lang='lat' dir='ltr'>solum</span> <span class='ocrx_word' id='word_1_181' title='bbox 1757 2298 1990 2369; x_wconf 83' lang='lat' dir='ltr'>ingredi,</span> 
     </span>
    </p>
   </div>
   <div class='ocr_carea' id='block_1_26' title="bbox 403 2387 1994 2459">
    <p class='ocr_par' dir='ltr' id='par_1_26' title="bbox 403 2387 1994 2459">
     <span class='ocr_line' id='line_1_26' title="bbox 403 2387 1994 2459; baseline -0.002 -15"><span class='ocrx_word' id='word_1_182' title='bbox 403 2390 503 2445; x_wconf 88' lang='lat' dir='ltr'>sed</span> <span class='ocrx_word' id='word_1_183' title='bbox 531 2391 693 2446; x_wconf 89' lang='lat' dir='ltr'>etiam</span> <span class='ocrx_word' id='word_1_184' title='bbox 735 2406 947 2446; x_wconf 88' lang='lat' dir='ltr'>moram</span> <span class='ocrx_word' id='word_1_185' title='bbox 976 2390 1033 2445; x_wconf 92' lang='lat' dir='ltr'>in</span> <span class='ocrx_word' id='word_1_186' title='bbox 1078 2389 1260 2444; x_wconf 89' lang='lat' dir='ltr'>animo</span> <span class='ocrx_word' id='word_1_187' title='bbox 1289 2388 1468 2443; x_wconf 90' lang='lat' dir='ltr'>facere</span> <span class='ocrx_word' id='word_1_188' title='bbox 1495 2387 1777 2459; x_wconf 87' lang='lat' dir='ltr'>permittit,</span> <span class='ocrx_word' id='word_1_189' title='bbox 1808 2387 1994 2442; x_wconf 89' lang='lat' dir='ltr'>incre-</span> 
     </span>
    </p>
   </div>
   <div class='ocr_carea' id='block_1_27' title="bbox 412 2478 1998 2550">
    <p class='ocr_par' dir='ltr' id='par_1_27' title="bbox 412 2478 1998 2550">
     <span class='ocr_line' id='line_1_27' title="bbox 412 2478 1998 2550; baseline 0 -17"><span class='ocrx_word' id='word_1_190' title='bbox 412 2487 502 2550; x_wconf 89' lang='lat' dir='ltr'>pat</span> <span class='ocrx_word' id='word_1_191' title='bbox 529 2494 630 2534; x_wconf 91' lang='lat' dir='ltr'>nos</span> <span class='ocrx_word' id='word_1_192' title='bbox 651 2494 830 2534; x_wconf 90' lang='lat' dir='ltr'>sermo</span> <span class='ocrx_word' id='word_1_193' title='bbox 850 2479 1064 2533; x_wconf 91' lang='lat' dir='ltr'>divinus</span> <span class='ocrx_word' id='word_1_194' title='bbox 1084 2495 1184 2549; x_wconf 91' lang='lat' dir='ltr'>per</span> <span class='ocrx_word' id='word_1_195' title='bbox 1199 2478 1526 2548; x_wconf 87' lang='lat' dir='ltr'>Prophetam</span> <span class='ocrx_word' id='word_1_196' title='bbox 1548 2494 1562 2529; x_wconf 90' lang='lat'><strong>:</strong></span> <span class='ocrx_word' id='word_1_197' title='bbox 1588 2478 1867 2548; x_wconf 87' lang='lat' dir='ltr'>Usquequo</span> <span class='ocrx_word' id='word_1_198' title='bbox 1886 2492 1998 2533; x_wconf 48' lang='lat' dir='ltr'>mo.</span> 
     </span>
    </p>
   </div>
   <div class='ocr_carea' id='block_1_28' title="bbox 402 2563 1996 2637">
    <p class='ocr_par' dir='ltr' id='par_1_28' title="bbox 402 2563 1996 2637">
     <span class='ocr_line' id='line_1_28' title="bbox 402 2563 1996 2637; baseline -0.003 -16"><span class='ocrx_word' id='word_1_199' title='bbox 402 2567 689 2623; x_wconf 78' lang='lat' dir='ltr'>rebantur</span> <span class='ocrx_word' id='word_1_200' title='bbox 716 2569 779 2622; x_wconf 86' lang='lat' dir='ltr'>in</span> <span class='ocrx_word' id='word_1_201' title='bbox 811 2571 863 2622; x_wconf 88' lang='lat' dir='ltr'>te</span> <span class='ocrx_word' id='word_1_202' title='bbox 893 2567 1263 2637; x_wconf 76' lang='lat' dir='ltr'>cogitationes</span> <span class='ocrx_word' id='word_1_203' title='bbox 1284 2566 1475 2621; x_wconf 74' lang='lat' dir='ltr'>noxia:</span> <span class='ocrx_word' id='word_1_204' title='bbox 1497 2570 1519 2620; x_wconf 83' lang='lat'><strong><em>?</em></strong></span> <span class='ocrx_word' id='word_1_205' title='bbox 1539 2564 1675 2637; x_wconf 81' lang='lat' dir='ltr'>(Jer.</span> <span class='ocrx_word' id='word_1_206' title='bbox 1697 2579 1772 2632; x_wconf 81' lang='lat' dir='ltr'>tv,</span> <span class='ocrx_word' id='word_1_207' title='bbox 1796 2563 1908 2634; x_wconf 68' lang='grc'><strong>14.)</strong></span> <span class='ocrx_word' id='word_1_208' title='bbox 1939 2563 1996 2617; x_wconf 92' lang='lat' dir='ltr'>Si</span> 
     </span>
    </p>
   </div>
   <div class='ocr_carea' id='block_1_29' title="bbox 401 2651 1991 2727">
    <p class='ocr_par' dir='ltr' id='par_1_29' title="bbox 401 2651 1991 2727">
     <span class='ocr_line' id='line_1_29' title="bbox 401 2651 1991 2727; baseline -0.003 -18"><span class='ocrx_word' id='word_1_209' title='bbox 401 2662 582 2711; x_wconf 91' lang='lat' dir='ltr'>autem</span> <span class='ocrx_word' id='word_1_210' title='bbox 612 2662 736 2726; x_wconf 91' lang='lat' dir='ltr'>post</span> <span class='ocrx_word' id='word_1_211' title='bbox 764 2670 985 2726; x_wconf 88' lang='lat' dir='ltr'>pravam</span> <span class='ocrx_word' id='word_1_212' title='bbox 1012 2654 1424 2727; x_wconf 86' lang='lat' dir='ltr'>suggestionem</span> <span class='ocrx_word' id='word_1_213' title='bbox 1453 2669 1553 2723; x_wconf 87' lang='lat' dir='ltr'>per</span> <span class='ocrx_word' id='word_1_214' title='bbox 1568 2652 1791 2707; x_wconf 89' lang='lat' dir='ltr'>nimiam</span> <span class='ocrx_word' id='word_1_215' title='bbox 1818 2651 1991 2723; x_wconf 87' lang='lat' dir='ltr'>negli-</span> 
     </span>
    </p>
   </div>
   <div class='ocr_carea' id='block_1_30' title="bbox 403 2740 1992 2817">
    <p class='ocr_par' dir='ltr' id='par_1_30' title="bbox 403 2740 1992 2817">
     <span class='ocr_line' id='line_1_30' title="bbox 403 2740 1992 2817; baseline -0.003 -17"><span class='ocrx_word' id='word_1_216' title='bbox 403 2743 666 2817; x_wconf 86' lang='lat' dir='ltr'>gentiam,</span> <span class='ocrx_word' id='word_1_217' title='bbox 691 2744 1001 2810; x_wconf 89' lang='lat' dir='ltr'>delectatio,</span> <span class='ocrx_word' id='word_1_218' title='bbox 1026 2744 1140 2798; x_wconf 83' lang='lat' dir='ltr'>sive</span> <span class='ocrx_word' id='word_1_219' title='bbox 1170 2741 1610 2813; x_wconf 87' lang='lat' dir='ltr'>concupiscentia</span> <span class='ocrx_word' id='word_1_220' title='bbox 1639 2750 1787 2796; x_wconf 92' lang='lat' dir='ltr'>mota</span> <span class='ocrx_word' id='word_1_221' title='bbox 1814 2740 1992 2807; x_wconf 85' lang='lat' dir='ltr'>fuerit,</span> 
     </span>
    </p>
   </div>
   <div class='ocr_carea' id='block_1_31' title="bbox 401 2829 1995 2905">
    <p class='ocr_par' dir='ltr' id='par_1_31' title="bbox 401 2829 1995 2905">
     <span class='ocr_line' id='line_1_31' title="bbox 401 2829 1995 2905; baseline -0.002 -19"><span class='ocrx_word' id='word_1_222' title='bbox 401 2841 527 2888; x_wconf 88' lang='lat' dir='ltr'>tunc</span> <span class='ocrx_word' id='word_1_223' title='bbox 555 2832 748 2888; x_wconf 87' lang='lat' dir='ltr'>saltem</span> <span class='ocrx_word' id='word_1_224' title='bbox 778 2832 1187 2905; x_wconf 82' lang='lat' dir='ltr'>expergiscatur</span> <span class='ocrx_word' id='word_1_225' title='bbox 1215 2831 1447 2895; x_wconf 89' lang='lat' dir='ltr'>animus,</span> <span class='ocrx_word' id='word_1_226' title='bbox 1484 2838 1537 2885; x_wconf 92' lang='lat' dir='ltr'>et</span> <span class='ocrx_word' id='word_1_227' title='bbox 1563 2847 1663 2901; x_wconf 91' lang='lat' dir='ltr'>per</span> <span class='ocrx_word' id='word_1_228' title='bbox 1690 2829 1995 2886; x_wconf 90' lang='lat' dir='ltr'>invocatio-</span> 
     </span>
    </p>
   </div>
   <div class='ocr_carea' id='block_1_32' title="bbox 399 2918 1992 2993">
    <p class='ocr_par' dir='ltr' id='par_1_32' title="bbox 399 2918 1992 2993">
     <span class='ocr_line' id='line_1_32' title="bbox 399 2918 1992 2993; baseline -0.001 -19"><span class='ocrx_word' id='word_1_229' title='bbox 399 2937 527 2976; x_wconf 88' lang='lat' dir='ltr'>nem</span> <span class='ocrx_word' id='word_1_230' title='bbox 553 2922 791 2977; x_wconf 89' lang='lat' dir='ltr'>nominis</span> <span class='ocrx_word' id='word_1_231' title='bbox 818 2920 1016 2975; x_wconf 88' lang='lat' dir='ltr'>Christi</span> <span class='ocrx_word' id='word_1_232' title='bbox 1044 2919 1225 2993; x_wconf 86' lang='lat' dir='ltr'>ignem</span> <span class='ocrx_word' id='word_1_233' title='bbox 1257 2920 1547 2974; x_wconf 85' lang='lat' dir='ltr'>excitatum</span> <span class='ocrx_word' id='word_1_234' title='bbox 1575 2918 1992 2991; x_wconf 89' lang='lat' dir='ltr'>exstinguendo,</span> 
     </span>
    </p>
   </div>
   <div class='ocr_carea' id='block_1_33' title="bbox 400 3007 1993 3079">
    <p class='ocr_par' dir='ltr' id='par_1_33' title="bbox 400 3007 1993 3079">
     <span class='ocr_line' id='line_1_33' title="bbox 400 3007 1993 3079; baseline -0.003 -15"><span class='ocrx_word' id='word_1_235' title='bbox 400 3010 608 3076; x_wconf 91' lang='lat' dir='ltr'>hostes,</span> <span class='ocrx_word' id='word_1_236' title='bbox 652 3010 764 3079; x_wconf 89' lang='lat' dir='ltr'>jam</span> <span class='ocrx_word' id='word_1_237' title='bbox 813 3009 950 3064; x_wconf 90' lang='lat' dir='ltr'>intra</span> <span class='ocrx_word' id='word_1_238' title='bbox 980 3010 1196 3078; x_wconf 91' lang='lat' dir='ltr'>januam</span> <span class='ocrx_word' id='word_1_239' title='bbox 1243 3008 1531 3069; x_wconf 88' lang='lat' dir='ltr'>admissos.</span> <span class='ocrx_word' id='word_1_240' title='bbox 1576 3007 1803 3063; x_wconf 89' lang='lat' dir='ltr'>viriliter</span> <span class='ocrx_word' id='word_1_241' title='bbox 1851 3007 1993 3062; x_wconf 88' lang='lat' dir='ltr'>resi-</span> 
     </span>
    </p>
   </div>
   <div class='ocr_carea' id='block_1_34' title="bbox 399 3095 1996 3168">
    <p class='ocr_par' dir='ltr' id='par_1_34' title="bbox 399 3095 1996 3168">
     <span class='ocr_line' id='line_1_34' title="bbox 399 3095 1996 3168; baseline -0.002 -16"><span class='ocrx_word' id='word_1_242' title='bbox 399 3098 593 3153; x_wconf 91' lang='lat' dir='ltr'>stendo</span> <span class='ocrx_word' id='word_1_243' title='bbox 622 3097 890 3163; x_wconf 87' lang='lat' dir='ltr'>excludat,</span> <span class='ocrx_word' id='word_1_244' title='bbox 940 3114 1009 3152; x_wconf 90' lang='lat' dir='ltr'>ne</span> <span class='ocrx_word' id='word_1_245' title='bbox 1040 3104 1093 3153; x_wconf 92' lang='lat' dir='ltr'>et</span> <span class='ocrx_word' id='word_1_246' title='bbox 1121 3097 1237 3168; x_wconf 90' lang='lat' dir='ltr'>ipse</span> <span class='ocrx_word' id='word_1_247' title='bbox 1267 3097 1435 3167; x_wconf 89' lang='lat' dir='ltr'>(quod</span> <span class='ocrx_word' id='word_1_248' title='bbox 1466 3096 1630 3167; x_wconf 86' lang='lat' dir='ltr'>absit)</span> <span class='ocrx_word' id='word_1_249' title='bbox 1659 3112 1758 3167; x_wconf 89' lang='lat' dir='ltr'>per</span> <span class='ocrx_word' id='word_1_250' title='bbox 1786 3095 1996 3166; x_wconf 87' lang='lat' dir='ltr'>peccati</span> 
     </span>
    </p>
   </div>
   <div class='ocr_carea' id='block_1_35' title="bbox 402 3184 1989 3256">
    <p class='ocr_par' dir='ltr' id='par_1_35' title="bbox 402 3184 1989 3256">
     <span class='ocr_line' id='line_1_35' title="bbox 402 3184 1989 3256; baseline -0.003 -14"><span class='ocrx_word' id='word_1_251' title='bbox 402 3202 732 3242; x_wconf 89' lang='lat' dir='ltr'>consensum</span> <span class='ocrx_word' id='word_1_252' title='bbox 777 3186 1021 3256; x_wconf 89' lang='lat' dir='ltr'>captivus</span> <span class='ocrx_word' id='word_1_253' title='bbox 1066 3187 1328 3252; x_wconf 86' lang='lat' dir='ltr'>trahatur,</span> <span class='ocrx_word' id='word_1_254' title='bbox 1363 3186 1448 3240; x_wconf 88' lang='lat' dir='ltr'>vel</span> <span class='ocrx_word' id='word_1_255' title='bbox 1478 3184 1639 3240; x_wconf 90' lang='lat' dir='ltr'>etiam</span> <span class='ocrx_word' id='word_1_256' title='bbox 1669 3184 1989 3255; x_wconf 90' lang='lat' dir='ltr'>perimatur.</span> 
     </span>
    </p>
   </div>
   <div class='ocr_carea' id='block_1_36' title="bbox 403 3273 1997 3346">
    <p class='ocr_par' dir='ltr' id='par_1_36' title="bbox 403 3273 1997 3346">
     <span class='ocr_line' id='line_1_36' title="bbox 403 3273 1997 3346; baseline -0.003 -16"><span class='ocrx_word' id='word_1_257' title='bbox 403 3275 460 3330; x_wconf 91' lang='lat' dir='ltr'>Si</span> <span class='ocrx_word' id='word_1_258' title='bbox 491 3289 622 3330; x_wconf 91' lang='lat' dir='ltr'>vero</span> <span class='ocrx_word' id='word_1_259' title='bbox 650 3281 773 3345; x_wconf 90' lang='lat' dir='ltr'>post</span> <span class='ocrx_word' id='word_1_260' title='bbox 819 3273 1235 3331; x_wconf 88' lang='lat' dir='ltr'>delectationem</span> <span class='ocrx_word' id='word_1_261' title='bbox 1284 3281 1544 3346; x_wconf 86' lang='lat' dir='ltr'>sequatur</span> <span class='ocrx_word' id='word_1_262' title='bbox 1588 3288 1908 3341; x_wconf 90' lang='lat' dir='ltr'>consensus,</span> <span class='ocrx_word' id='word_1_263' title='bbox 1943 3280 1997 3326; x_wconf 91' lang='lat' dir='ltr'>ut</span> 
     </span>
    </p>
   </div>
   <div class='ocr_carea' id='block_1_37' title="bbox 403 3362 1998 3435">
    <p class='ocr_par' dir='ltr' id='par_1_37' title="bbox 403 3362 1998 3435">
     <span class='ocr_line' id='line_1_37' title="bbox 403 3362 1998 3435; baseline -0.002 -17"><span class='ocrx_word' id='word_1_264' title='bbox 403 3362 628 3430; x_wconf 89' lang='lat' dir='ltr'>scilicet,</span> <span class='ocrx_word' id='word_1_265' title='bbox 663 3363 809 3435; x_wconf 90' lang='lat' dir='ltr'>quod</span> <span class='ocrx_word' id='word_1_266' title='bbox 837 3378 969 3418; x_wconf 90' lang='lat' dir='ltr'>caro</span> <span class='ocrx_word' id='word_1_267' title='bbox 999 3362 1349 3434; x_wconf 89' lang='lat' dir='ltr'>concupiscit,</span> <span class='ocrx_word' id='word_1_268' title='bbox 1370 3362 1583 3417; x_wconf 88' lang='lat' dir='ltr'>animus</span> <span class='ocrx_word' id='word_1_269' title='bbox 1604 3362 1998 3417; x_wconf 89' lang='lat' dir='ltr'>decernatesse</span> 
     </span>
    </p>
   </div>
   <div class='ocr_carea' id='block_1_38' title="bbox 403 3449 2000 3522">
    <p class='ocr_par' dir='ltr' id='par_1_38' title="bbox 403 3449 2000 3522">
     <span class='ocr_line' id='line_1_38' title="bbox 403 3449 2000 3522; baseline -0.003 -14"><span class='ocrx_word' id='word_1_270' title='bbox 403 3451 729 3518; x_wconf 86' lang='lat' dir='ltr'>faciendum,</span> <span class='ocrx_word' id='word_1_271' title='bbox 751 3452 865 3521; x_wconf 88' lang='lat' dir='ltr'>jam</span> <span class='ocrx_word' id='word_1_272' title='bbox 881 3452 1103 3507; x_wconf 90' lang='lat' dir='ltr'>omnino</span> <span class='ocrx_word' id='word_1_273' title='bbox 1120 3459 1404 3522; x_wconf 89' lang='lat' dir='ltr'>peccatum</span> <span class='ocrx_word' id='word_1_274' title='bbox 1433 3451 1748 3521; x_wconf 87' lang='lat' dir='ltr'>imputatur,</span> <span class='ocrx_word' id='word_1_275' title='bbox 1788 3449 2000 3504; x_wconf 88' lang='lat' dir='ltr'>etiamsi</span> 
     </span>
    </p>
   </div>
   <div class='ocr_carea' id='block_1_39' title="bbox 402 3539 1996 3613">
    <p class='ocr_par' dir='ltr' id='par_1_39' title="bbox 402 3539 1996 3613">
     <span class='ocr_line' id='line_1_39' title="bbox 402 3539 1996 3613; baseline -0.002 -18"><span class='ocrx_word' id='word_1_276' title='bbox 402 3557 511 3596; x_wconf 90' lang='lat' dir='ltr'>non</span> <span class='ocrx_word' id='word_1_277' title='bbox 573 3542 941 3613; x_wconf 87' lang='lat' dir='ltr'>subsequatur</span> <span class='ocrx_word' id='word_1_278' title='bbox 995 3539 1197 3595; x_wconf 88' lang='lat' dir='ltr'>factum</span> <span class='ocrx_word' id='word_1_279' title='bbox 1249 3555 1261 3595; x_wconf 93' lang='lat'><strong>:</strong></span> <span class='ocrx_word' id='word_1_280' title='bbox 1314 3540 1567 3612; x_wconf 87' lang='lat' dir='ltr'>quoniam</span> <span class='ocrx_word' id='word_1_281' title='bbox 1616 3554 1712 3594; x_wconf 89' lang='lat' dir='ltr'>rea</span> <span class='ocrx_word' id='word_1_282' title='bbox 1761 3546 1996 3604; x_wconf 90' lang='lat' dir='ltr'>tenetur,</span> 
     </span>
    </p>
   </div>
   <div class='ocr_carea' id='block_1_40' title="bbox 400 3626 1998 3701">
    <p class='ocr_par' dir='ltr' id='par_1_40' title="bbox 400 3626 1998 3701">
     <span class='ocr_line' id='line_1_40' title="bbox 400 3626 1998 3701; baseline -0.002 -18"><span class='ocrx_word' id='word_1_283' title='bbox 400 3629 562 3684; x_wconf 88' lang='lat' dir='ltr'>etiam</span> <span class='ocrx_word' id='word_1_284' title='bbox 593 3628 711 3685; x_wconf 89' lang='lat' dir='ltr'>sine</span> <span class='ocrx_word' id='word_1_285' title='bbox 752 3646 920 3701; x_wconf 91' lang='lat' dir='ltr'>opere</span> <span class='ocrx_word' id='word_1_286' title='bbox 965 3629 1109 3685; x_wconf 88' lang='lat' dir='ltr'>malo</span> <span class='ocrx_word' id='word_1_287' title='bbox 1159 3629 1410 3685; x_wconf 89' lang='lat' dir='ltr'>voluntas</span> <span class='ocrx_word' id='word_1_288' title='bbox 1453 3628 1616 3682; x_wconf 90' lang='lat' dir='ltr'>mala.</span> <span class='ocrx_word' id='word_1_289' title='bbox 1666 3628 1815 3683; x_wconf 90' lang='lat' dir='ltr'>Sicut</span> <span class='ocrx_word' id='word_1_290' title='bbox 1856 3626 1998 3681; x_wconf 91' lang='lat' dir='ltr'>enim</span> 
     </span>
    </p>
   </div>
   <div class='ocr_carea' id='block_1_41' title="bbox 402 3716 1997 3788">
    <p class='ocr_par' dir='ltr' id='par_1_41' title="bbox 402 3716 1997 3788">
     <span class='ocr_line' id='line_1_41' title="bbox 402 3716 1997 3788; baseline -0.003 -16"><span class='ocrx_word' id='word_1_291' title='bbox 402 3718 603 3773; x_wconf 84' lang='lat' dir='ltr'>bonam</span> <span class='ocrx_word' id='word_1_292' title='bbox 630 3718 961 3774; x_wconf 88' lang='lat' dir='ltr'>voluntatem</span> <span class='ocrx_word' id='word_1_293' title='bbox 992 3725 1206 3788; x_wconf 88' lang='lat' dir='ltr'>reputat</span> <span class='ocrx_word' id='word_1_294' title='bbox 1234 3719 1382 3772; x_wconf 91' lang='lat' dir='ltr'>Deus</span> <span class='ocrx_word' id='word_1_295' title='bbox 1412 3716 1615 3771; x_wconf 87' lang='lat' dir='ltr'>homini</span> <span class='ocrx_word' id='word_1_296' title='bbox 1636 3717 1703 3770; x_wconf 91' lang='lat' dir='ltr'>ad</span> <span class='ocrx_word' id='word_1_297' title='bbox 1717 3716 1997 3784; x_wconf 89' lang='lat' dir='ltr'>justitiam,</span> 
     </span>
    </p>
   </div>
   <div class='ocr_carea' id='block_1_42' title="bbox 402 3802 1995 3874">
    <p class='ocr_par' dir='ltr' id='par_1_42' title="bbox 402 3802 1995 3874">
     <span class='ocr_line' id='line_1_42' title="bbox 402 3802 1995 3874; baseline -0.001 -15"><span class='ocrx_word' id='word_1_298' title='bbox 402 3806 616 3860; x_wconf 89' lang='lat' dir='ltr'>etiamsi</span> <span class='ocrx_word' id='word_1_299' title='bbox 660 3821 771 3860; x_wconf 93' lang='lat' dir='ltr'>non</span> <span class='ocrx_word' id='word_1_300' title='bbox 817 3805 1017 3860; x_wconf 86' lang='lat' dir='ltr'>habeat</span> <span class='ocrx_word' id='word_1_301' title='bbox 1061 3804 1375 3860; x_wconf 82' lang='lat' dir='ltr'>facultatem</span> <span class='ocrx_word' id='word_1_302' title='bbox 1428 3805 1567 3859; x_wconf 91' lang='lat' dir='ltr'>bene</span> <span class='ocrx_word' id='word_1_303' title='bbox 1609 3803 1896 3874; x_wconf 89' lang='lat' dir='ltr'>operandi,</span> <span class='ocrx_word' id='word_1_304' title='bbox 1926 3802 1995 3858; x_wconf 87' lang='lat' dir='ltr'>ita</span> 
     </span>
    </p>
   </div>
   <div class='ocr_carea' id='block_1_43' title="bbox 405 3891 2001 3963">
    <p class='ocr_par' dir='ltr' id='par_1_43' title="bbox 405 3891 2001 3963">
     <span class='ocr_line' id='line_1_43' title="bbox 405 3891 2001 3963; baseline -0.001 -16"><span class='ocrx_word' id='word_1_305' title='bbox 405 3893 737 3948; x_wconf 89' lang='lat' dir='ltr'>voluntatem</span> <span class='ocrx_word' id='word_1_306' title='bbox 782 3892 981 3947; x_wconf 87' lang='lat' dir='ltr'>malam</span> <span class='ocrx_word' id='word_1_307' title='bbox 1030 3900 1241 3962; x_wconf 88' lang='lat' dir='ltr'>reputat</span> <span class='ocrx_word' id='word_1_308' title='bbox 1285 3892 1356 3947; x_wconf 89' lang='lat' dir='ltr'>ad</span> <span class='ocrx_word' id='word_1_309' title='bbox 1401 3899 1708 3962; x_wconf 89' lang='lat' dir='ltr'>peccatum,</span> <span class='ocrx_word' id='word_1_310' title='bbox 1750 3891 2001 3963; x_wconf 89' lang='lat' dir='ltr'>quamvis</span> 
     </span>
    </p>
   </div>
   <div class='ocr_carea' id='block_1_44' title="bbox 400 3979 2001 4051">
    <p class='ocr_par' dir='ltr' id='par_1_44' title="bbox 400 3979 2001 4051">
     <span class='ocr_line' id='line_1_44' title="bbox 400 3979 2001 4051; baseline -0.001 -17"><span class='ocrx_word' id='word_1_311' title='bbox 400 3996 513 4036; x_wconf 91' lang='lat' dir='ltr'>non</span> <span class='ocrx_word' id='word_1_312' title='bbox 539 3980 736 4035; x_wconf 85' lang='lat' dir='ltr'>habeat</span> <span class='ocrx_word' id='word_1_313' title='bbox 763 3980 1221 4050; x_wconf 82' lang='lat' dir='ltr'>Opportunitatem</span> <span class='ocrx_word' id='word_1_314' title='bbox 1250 3979 1533 4051; x_wconf 88' lang='lat' dir='ltr'>peccandi.</span> <span class='ocrx_word' id='word_1_315' title='bbox 1567 3981 1694 4035; x_wconf 73' lang='lat' dir='ltr'>Haec</span> <span class='ocrx_word' id='word_1_316' title='bbox 1724 3980 1793 4034; x_wconf 92' lang='lat' dir='ltr'>de</span> <span class='ocrx_word' id='word_1_317' title='bbox 1819 3979 2001 4035; x_wconf 90' lang='lat' dir='ltr'>cordis</span> 
     </span>
    </p>
   </div>
   <div class='ocr_carea' id='block_1_45' title="bbox 405 4067 2003 4140">
    <p class='ocr_par' dir='ltr' id='par_1_45' title="bbox 405 4067 2003 4140">
     <span class='ocr_line' id='line_1_45' title="bbox 405 4067 2003 4140; baseline -0.001 -15"><span class='ocrx_word' id='word_1_318' title='bbox 405 4067 652 4125; x_wconf 90' lang='lat' dir='ltr'>custodia</span> <span class='ocrx_word' id='word_1_319' title='bbox 707 4067 945 4125; x_wconf 90' lang='lat' dir='ltr'>breviter</span> <span class='ocrx_word' id='word_1_320' title='bbox 999 4067 1251 4135; x_wconf 85' lang='lat' dir='ltr'>diximus,</span> <span class='ocrx_word' id='word_1_321' title='bbox 1297 4076 1354 4123; x_wconf 91' lang='lat' dir='ltr'>ut</span> <span class='ocrx_word' id='word_1_322' title='bbox 1417 4068 1729 4138; x_wconf 83' lang='lat' dir='ltr'>intelligetis</span> <span class='ocrx_word' id='word_1_323' title='bbox 1772 4067 2003 4140; x_wconf 89' lang='lat' dir='ltr'>qualiter</span> 
     </span>
    </p>
   </div>
   <div class='ocr_carea' id='block_1_46' title="bbox 395 4156 1998 4230">
    <p class='ocr_par' dir='ltr' id='par_1_46' title="bbox 395 4156 1998 4230">
     <span class='ocr_line' id='line_1_46' title="bbox 395 4156 1998 4230; baseline -0.001 -18"><span class='ocrx_word' id='word_1_324' title='bbox 395 4157 547 4226; x_wconf 83' lang='lat' dir='ltr'>juxta</span> <span class='ocrx_word' id='word_1_325' title='bbox 577 4156 959 4229; x_wconf 90' lang='lat' dir='ltr'>apostolicum,</span> <span class='ocrx_word' id='word_1_326' title='bbox 983 4158 1128 4230; x_wconf 93' lang='lat' dir='ltr'>quod</span> <span class='ocrx_word' id='word_1_327' title='bbox 1149 4172 1315 4228; x_wconf 90' lang='lat' dir='ltr'>supra</span> <span class='ocrx_word' id='word_1_328' title='bbox 1337 4157 1590 4227; x_wconf 80' lang='lat' dir='ltr'>diximus,</span> <span class='ocrx_word' id='word_1_329' title='bbox 1610 4156 1998 4226; x_wconf 89' lang='lat' dir='ltr'>testimonium,</span> 
     </span>
    </p>
   </div>
   <div class='ocr_carea' id='block_1_47' title="bbox 407 4245 2002 4319">
    <p class='ocr_par' dir='ltr' id='par_1_47' title="bbox 407 4245 2002 4319">
     <span class='ocr_line' id='line_1_47' title="bbox 407 4245 2002 4319; baseline -0.002 -17"><span class='ocrx_word' id='word_1_330' title='bbox 407 4262 517 4302; x_wconf 92' lang='lat' dir='ltr'>non</span> <span class='ocrx_word' id='word_1_331' title='bbox 547 4254 751 4301; x_wconf 88' lang='lat' dir='ltr'>tantum</span> <span class='ocrx_word' id='word_1_332' title='bbox 795 4246 1064 4319; x_wconf 88' lang='lat' dir='ltr'>corporis,</span> <span class='ocrx_word' id='word_1_333' title='bbox 1118 4247 1217 4303; x_wconf 90' lang='lat' dir='ltr'>sed</span> <span class='ocrx_word' id='word_1_334' title='bbox 1259 4255 1312 4303; x_wconf 94' lang='lat' dir='ltr'>et</span> <span class='ocrx_word' id='word_1_335' title='bbox 1342 4245 1539 4302; x_wconf 90' lang='lat' dir='ltr'>mentis</span> <span class='ocrx_word' id='word_1_336' title='bbox 1588 4246 2002 4301; x_wconf 90' lang='lat' dir='ltr'>sanctimoniam</span> 
     </span>
    </p>
   </div>
   <div class='ocr_carea' id='block_1_48' title="bbox 405 4334 2002 4408">
    <p class='ocr_par' dir='ltr' id='par_1_48' title="bbox 405 4334 2002 4408">
     <span class='ocr_line' id='line_1_48' title="bbox 405 4334 2002 4408; baseline 0 -19"><span class='ocrx_word' id='word_1_337' title='bbox 405 4334 602 4391; x_wconf 90' lang='lat' dir='ltr'>sectari</span> <span class='ocrx_word' id='word_1_338' title='bbox 647 4334 910 4391; x_wconf 88' lang='lat' dir='ltr'>debeatis.</span> <span class='ocrx_word' id='word_1_339' title='bbox 961 4334 1136 4404; x_wconf 86' lang='lat' dir='ltr'>Quam</span> <span class='ocrx_word' id='word_1_340' title='bbox 1190 4343 1393 4408; x_wconf 88' lang='lat' dir='ltr'>quanto</span> <span class='ocrx_word' id='word_1_341' title='bbox 1441 4334 1736 4391; x_wconf 89' lang='lat' dir='ltr'>studiosius</span> <span class='ocrx_word' id='word_1_342' title='bbox 1781 4342 2002 4389; x_wconf 68' lang='lat' dir='ltr'>sectatae</span> 
     </span>
    </p>
   </div>
   <div class='ocr_carea' id='block_1_49' title="bbox 408 4423 2000 4497">
    <p class='ocr_par' dir='ltr' id='par_1_49' title="bbox 408 4423 2000 4497">
     <span class='ocr_line' id='line_1_49' title="bbox 408 4423 2000 4497; baseline -0.001 -19"><span class='ocrx_word' id='word_1_343' title='bbox 408 4424 634 4491; x_wconf 86' lang='lat' dir='ltr'>fueritis,</span> <span class='ocrx_word' id='word_1_344' title='bbox 678 4431 824 4480; x_wconf 88' lang='lat' dir='ltr'>tanto</span> <span class='ocrx_word' id='word_1_345' title='bbox 870 4424 1049 4497; x_wconf 85' lang='lat' dir='ltr'>magis</span> <span class='ocrx_word' id='word_1_346' title='bbox 1089 4424 1308 4487; x_wconf 86' lang='lat' dir='ltr'>Christo</span> <span class='ocrx_word' id='word_1_347' title='bbox 1356 4423 1606 4492; x_wconf 88' lang='lat' dir='ltr'>Domino,</span> <span class='ocrx_word' id='word_1_348' title='bbox 1640 4423 1727 4478; x_wconf 91' lang='lat' dir='ltr'>cui</span> <span class='ocrx_word' id='word_1_349' title='bbox 1755 4423 2000 4494; x_wconf 89' lang='lat' dir='ltr'>despon-</span> 
     </span>
    </p>
   </div>
   <div class='ocr_carea' id='block_1_50' title="bbox 409 4505 2074 4584">
    <p class='ocr_par' dir='ltr' id='par_1_50' title="bbox 409 4505 2074 4584">
     <span class='ocr_line' id='line_1_50' title="bbox 409 4505 2074 4584; baseline -0.002 -17"><span class='ocrx_word' id='word_1_350' title='bbox 409 4521 542 4569; x_wconf 81' lang='lat' dir='ltr'>satae</span> <span class='ocrx_word' id='word_1_351' title='bbox 585 4513 716 4568; x_wconf 90' lang='lat' dir='ltr'>estis</span> <span class='ocrx_word' id='word_1_352' title='bbox 756 4512 1061 4584; x_wconf 89' lang='lat' dir='ltr'>placebitis,</span> <span class='ocrx_word' id='word_1_353' title='bbox 1095 4522 1147 4568; x_wconf 87' lang='lat' dir='ltr'>et</span> <span class='ocrx_word' id='word_1_354' title='bbox 1180 4514 1249 4569; x_wconf 90' lang='lat' dir='ltr'>ab</span> <span class='ocrx_word' id='word_1_355' title='bbox 1280 4513 1399 4584; x_wconf 90' lang='lat' dir='ltr'>ipso</span> <span class='ocrx_word' id='word_1_356' title='bbox 1427 4512 1618 4567; x_wconf 89' lang='lat' dir='ltr'>audire</span> <span class='ocrx_word' id='word_1_357' title='bbox 1662 4511 2000 4567; x_wconf 89' lang='lat' dir='ltr'>merebimini</span> <span class='ocrx_word' id='word_1_358' title='bbox 2022 4505 2074 4563; x_wconf 95' lang='lat' dir='ltr'>D</span> 
     </span>
    </p>
   </div>
   <div class='ocr_carea' id='block_1_51' title="bbox 405 4601 2002 4674">
    <p class='ocr_par' dir='ltr' id='par_1_51' title="bbox 405 4601 2002 4674">
     <span class='ocr_line' id='line_1_51' title="bbox 405 4601 2002 4674; baseline 0.001 -18"><span class='ocrx_word' id='word_1_359' title='bbox 405 4602 557 4667; x_wconf 91' lang='lat' dir='ltr'>illud,</span> <span class='ocrx_word' id='word_1_360' title='bbox 590 4602 734 4673; x_wconf 90' lang='lat' dir='ltr'>quod</span> <span class='ocrx_word' id='word_1_361' title='bbox 763 4602 963 4674; x_wconf 88' lang='lat' dir='ltr'>legitur</span> <span class='ocrx_word' id='word_1_362' title='bbox 988 4602 1047 4657; x_wconf 91' lang='lat' dir='ltr'>in</span> <span class='ocrx_word' id='word_1_363' title='bbox 1077 4602 1298 4658; x_wconf 89' lang='lat' dir='ltr'>Cantico</span> <span class='ocrx_word' id='word_1_364' title='bbox 1328 4601 1663 4656; x_wconf 89' lang='lat' dir='ltr'>canticorum</span> <span class='ocrx_word' id='word_1_365' title='bbox 1697 4618 1712 4655; x_wconf 90' lang='lat'>:</span> <span class='ocrx_word' id='word_1_366' title='bbox 1746 4603 1900 4666; x_wconf 87' lang='lat' dir='ltr'>Ecce,</span> <span class='ocrx_word' id='word_1_367' title='bbox 1937 4606 2002 4657; x_wconf 87' lang='lat' dir='ltr'>tu</span> 
     </span>
    </p>
   </div>
   <div class='ocr_carea' id='block_1_52' title="bbox 411 4690 2004 4763">
    <p class='ocr_par' dir='ltr' id='par_1_52' title="bbox 411 4690 2004 4763">
     <span class='ocr_line' id='line_1_52' title="bbox 411 4690 2004 4763; baseline -0.001 -16"><span class='ocrx_word' id='word_1_368' title='bbox 411 4690 653 4763; x_wconf 86' lang='lat' dir='ltr'>pulchra</span> <span class='ocrx_word' id='word_1_369' title='bbox 674 4707 751 4755; x_wconf 89' lang='lat' dir='ltr'>es,</span> <span class='ocrx_word' id='word_1_370' title='bbox 768 4693 955 4748; x_wconf 84' lang='lat' dir='ltr'>amica</span> <span class='ocrx_word' id='word_1_371' title='bbox 973 4707 1119 4758; x_wconf 76' lang='lat' dir='ltr'>nica,</span> <span class='ocrx_word' id='word_1_372' title='bbox 1143 4707 1268 4747; x_wconf 83' lang='lat' dir='ltr'>ecce</span> <span class='ocrx_word' id='word_1_373' title='bbox 1291 4695 1355 4745; x_wconf 89' lang='lat' dir='ltr'>tu</span> <span class='ocrx_word' id='word_1_374' title='bbox 1370 4690 1612 4760; x_wconf 80' lang='lat' dir='ltr'>pulchra</span> <span class='ocrx_word' id='word_1_375' title='bbox 1633 4707 1708 4745; x_wconf 90' lang='lat' dir='ltr'>es.</span> <span class='ocrx_word' id='word_1_376' title='bbox 1735 4690 1896 4745; x_wconf 84' lang='lat' dir='ltr'>Oculi</span> <span class='ocrx_word' id='word_1_377' title='bbox 1917 4691 2004 4745; x_wconf 86' lang='lat' dir='ltr'>tui</span> 
     </span>
    </p>
   </div>
   <div class='ocr_carea' id='block_1_53' title="bbox 410 4777 2004 4849">
    <p class='ocr_par' dir='ltr' id='par_1_53' title="bbox 410 4777 2004 4849">
     <span class='ocr_line' id='line_1_53' title="bbox 410 4777 2004 4849; baseline -0.001 -14"><span class='ocrx_word' id='word_1_378' title='bbox 410 4778 800 4835; x_wconf 84' lang='lat' dir='ltr'>columbarum</span> <span class='ocrx_word' id='word_1_379' title='bbox 839 4781 1029 4849; x_wconf 82' lang='lat' dir='ltr'>(Cant.</span> <span class='ocrx_word' id='word_1_380' title='bbox 1072 4796 1110 4844; x_wconf 81' lang='grc' dir='ltr'>ι,</span> <span class='ocrx_word' id='word_1_381' title='bbox 1134 4780 1248 4848; x_wconf 71' lang='grc'><strong>24).</strong></span> <span class='ocrx_word' id='word_1_382' title='bbox 1280 4778 1370 4833; x_wconf 90' lang='lat' dir='ltr'>Bis</span> <span class='ocrx_word' id='word_1_383' title='bbox 1399 4778 1551 4844; x_wconf 89' lang='lat' dir='ltr'>dixit,</span> <span class='ocrx_word' id='word_1_384' title='bbox 1586 4777 1847 4848; x_wconf 87' lang='lat' dir='ltr'>pulchra;</span> <span class='ocrx_word' id='word_1_385' title='bbox 1878 4779 2004 4848; x_wconf 89' lang='lat' dir='ltr'>pul-</span> 
     </span>
    </p>
   </div>
   <div class='ocr_carea' id='block_1_54' title="bbox 413 4866 2005 4937">
    <p class='ocr_par' dir='ltr' id='par_1_54' title="bbox 413 4866 2005 4937">
     <span class='ocr_line' id='line_1_54' title="bbox 413 4866 2005 4937; baseline -0.001 -14"><span class='ocrx_word' id='word_1_386' title='bbox 413 4869 543 4924; x_wconf 85' lang='lat' dir='ltr'>chra</span> <span class='ocrx_word' id='word_1_387' title='bbox 592 4867 801 4922; x_wconf 88' lang='lat' dir='ltr'>scilicet</span> <span class='ocrx_word' id='word_1_388' title='bbox 837 4867 1063 4921; x_wconf 89' lang='lat' dir='ltr'>interius</span> <span class='ocrx_word' id='word_1_389' title='bbox 1103 4875 1153 4922; x_wconf 90' lang='lat' dir='ltr'>et</span> <span class='ocrx_word' id='word_1_390' title='bbox 1200 4866 1428 4937; x_wconf 90' lang='lat' dir='ltr'>pulchra</span> <span class='ocrx_word' id='word_1_391' title='bbox 1469 4867 1741 4933; x_wconf 87' lang='lat' dir='ltr'>exterius;</span> <span class='ocrx_word' id='word_1_392' title='bbox 1776 4867 2005 4937; x_wconf 87' lang='lat' dir='ltr'>pulchra</span> 
     </span>
    </p>
   </div>
   <div class='ocr_carea' id='block_1_55' title="bbox 413 4955 2005 5026">
    <p class='ocr_par' dir='ltr' id='par_1_55' title="bbox 413 4955 2005 5026">
     <span class='ocr_line' id='line_1_55' title="bbox 413 4955 2005 5026; baseline -0.001 -16"><span class='ocrx_word' id='word_1_393' title='bbox 413 4955 642 5012; x_wconf 88' lang='lat' dir='ltr'>interius</span> <span class='ocrx_word' id='word_1_394' title='bbox 671 4971 768 5025; x_wconf 90' lang='lat' dir='ltr'>per</span> <span class='ocrx_word' id='word_1_395' title='bbox 813 4955 997 5011; x_wconf 87' lang='lat' dir='ltr'>cordis</span> <span class='ocrx_word' id='word_1_396' title='bbox 1039 4955 1345 5026; x_wconf 89' lang='lat' dir='ltr'>puritatem,</span> <span class='ocrx_word' id='word_1_397' title='bbox 1400 4964 1451 5010; x_wconf 90' lang='lat' dir='ltr'>et</span> <span class='ocrx_word' id='word_1_398' title='bbox 1494 4955 1719 5026; x_wconf 87' lang='lat' dir='ltr'>pulchra</span> <span class='ocrx_word' id='word_1_399' title='bbox 1767 4955 2005 5010; x_wconf 86' lang='lat' dir='ltr'>exterius</span> 
     </span>
    </p>
   </div>
   <div class='ocr_carea' id='block_1_56' title="bbox 412 5043 2006 5115">
    <p class='ocr_par' dir='ltr' id='par_1_56' title="bbox 412 5043 2006 5115">
     <span class='ocr_line' id='line_1_56' title="bbox 412 5043 2006 5115; baseline 0 -16"><span class='ocrx_word' id='word_1_400' title='bbox 412 5060 510 5115; x_wconf 92' lang='lat' dir='ltr'>per</span> <span class='ocrx_word' id='word_1_401' title='bbox 538 5044 662 5099; x_wconf 75' lang='lat' dir='ltr'>vita:</span> <span class='ocrx_word' id='word_1_402' title='bbox 690 5043 1074 5114; x_wconf 88' lang='lat' dir='ltr'>integritatem.</span> <span class='ocrx_word' id='word_1_403' title='bbox 1108 5044 1243 5099; x_wconf 87' lang='lat' dir='ltr'>Item</span> <span class='ocrx_word' id='word_1_404' title='bbox 1273 5044 1495 5115; x_wconf 89' lang='lat' dir='ltr'>pulchra</span> <span class='ocrx_word' id='word_1_405' title='bbox 1525 5044 1745 5099; x_wconf 87' lang='lat' dir='ltr'>interius</span> <span class='ocrx_word' id='word_1_406' title='bbox 1773 5060 1874 5115; x_wconf 88' lang='lat' dir='ltr'>per</span> <span class='ocrx_word' id='word_1_407' title='bbox 1902 5044 2006 5099; x_wconf 89' lang='lat' dir='ltr'>bo-</span> 
     </span>
    </p>
   </div>
   <div class='ocr_carea' id='block_1_57' title="bbox 415 5132 2007 5204">
    <p class='ocr_par' dir='ltr' id='par_1_57' title="bbox 415 5132 2007 5204">
     <span class='ocr_line' id='line_1_57' title="bbox 415 5132 2007 5204; baseline 0.001 -18"><span class='ocrx_word' id='word_1_408' title='bbox 415 5149 539 5187; x_wconf 91' lang='lat' dir='ltr'>nam</span> <span class='ocrx_word' id='word_1_409' title='bbox 584 5132 972 5200; x_wconf 84' lang='lat' dir='ltr'>intentionem;</span> <span class='ocrx_word' id='word_1_410' title='bbox 1013 5141 1065 5187; x_wconf 90' lang='lat' dir='ltr'>et</span> <span class='ocrx_word' id='word_1_411' title='bbox 1109 5133 1338 5203; x_wconf 89' lang='lat' dir='ltr'>pulchra</span> <span class='ocrx_word' id='word_1_412' title='bbox 1384 5133 1617 5188; x_wconf 90' lang='lat' dir='ltr'>exterius</span> <span class='ocrx_word' id='word_1_413' title='bbox 1662 5150 1759 5204; x_wconf 92' lang='lat' dir='ltr'>per</span> <span class='ocrx_word' id='word_1_414' title='bbox 1808 5134 2007 5188; x_wconf 88' lang='lat' dir='ltr'>bonam</span> 
     </span>
    </p>
   </div>
   <div class='ocr_carea' id='block_1_58' title="bbox 418 5220 2007 5292">
    <p class='ocr_par' dir='ltr' id='par_1_58' title="bbox 418 5220 2007 5292">
     <span class='ocr_line' id='line_1_58' title="bbox 418 5220 2007 5292; baseline 0 -16"><span class='ocrx_word' id='word_1_415' title='bbox 418 5220 810 5292; x_wconf 87' lang='lat' dir='ltr'>operationem.</span> <span class='ocrx_word' id='word_1_416' title='bbox 852 5220 1082 5276; x_wconf 87' lang='lat' dir='ltr'>Pulchra</span> <span class='ocrx_word' id='word_1_417' title='bbox 1129 5221 1353 5277; x_wconf 88' lang='lat' dir='ltr'>interius</span> <span class='ocrx_word' id='word_1_418' title='bbox 1399 5238 1497 5292; x_wconf 90' lang='lat' dir='ltr'>per</span> <span class='ocrx_word' id='word_1_419' title='bbox 1526 5221 1724 5276; x_wconf 89' lang='lat' dir='ltr'>bonam</span> <span class='ocrx_word' id='word_1_420' title='bbox 1754 5222 2007 5277; x_wconf 84' lang='lat' dir='ltr'>volunta-</span> 
     </span>
    </p>
   </div>
   <div class='ocr_carea' id='block_1_59' title="bbox 415 5309 2006 5381">
    <p class='ocr_par' dir='ltr' id='par_1_59' title="bbox 415 5309 2006 5381">
     <span class='ocr_line' id='line_1_59' title="bbox 415 5309 2006 5381; baseline 0.001 -17"><span class='ocrx_word' id='word_1_421' title='bbox 415 5319 546 5374; x_wconf 89' lang='lat' dir='ltr'>tem,</span> <span class='ocrx_word' id='word_1_422' title='bbox 580 5309 808 5380; x_wconf 87' lang='lat' dir='ltr'>pulchra</span> <span class='ocrx_word' id='word_1_423' title='bbox 837 5310 1075 5364; x_wconf 81' lang='lat' dir='ltr'>exterius</span> <span class='ocrx_word' id='word_1_424' title='bbox 1106 5325 1204 5381; x_wconf 90' lang='lat' dir='ltr'>per</span> <span class='ocrx_word' id='word_1_425' title='bbox 1244 5319 1491 5367; x_wconf 89' lang='lat' dir='ltr'>sanctam</span> <span class='ocrx_word' id='word_1_426' title='bbox 1518 5312 2006 5367; x_wconf 87' lang='lat' dir='ltr'>conversationem.</span> 
     </span>
    </p>
   </div>
   <div class='ocr_carea' id='block_1_60' title="bbox 424 5398 2008 5471">
    <p class='ocr_par' dir='ltr' id='par_1_60' title="bbox 424 5398 2008 5471">
     <span class='ocr_line' id='line_1_60' title="bbox 424 5398 2008 5471; baseline -0.001 -16"><span class='ocrx_word' id='word_1_427' title='bbox 424 5399 584 5455; x_wconf 85' lang='lat' dir='ltr'>Oculi</span> <span class='ocrx_word' id='word_1_428' title='bbox 607 5400 711 5463; x_wconf 86' lang='lat' dir='ltr'>tui,</span> <span class='ocrx_word' id='word_1_429' title='bbox 744 5398 935 5469; x_wconf 86' lang='lat' dir='ltr'>inquit,</span> <span class='ocrx_word' id='word_1_430' title='bbox 964 5399 1368 5467; x_wconf 84' lang='lat' dir='ltr'>columbarum,</span> <span class='ocrx_word' id='word_1_431' title='bbox 1395 5399 1520 5471; x_wconf 89' lang='lat' dir='ltr'>quia</span> <span class='ocrx_word' id='word_1_432' title='bbox 1543 5416 1698 5455; x_wconf 90' lang='lat' dir='ltr'>more</span> <span class='ocrx_word' id='word_1_433' title='bbox 1727 5400 2008 5455; x_wconf 88' lang='lat' dir='ltr'>columba-</span> 
     </span>
    </p>
   </div>
   <div class='ocr_carea' id='block_1_61' title="bbox 419 5488 2012 5559">
    <p class='ocr_par' dir='ltr' id='par_1_61' title="bbox 419 5488 2012 5559">
     <span class='ocr_line' id='line_1_61' title="bbox 419 5488 2012 5559; baseline 0 -17"><span class='ocrx_word' id='word_1_434' title='bbox 419 5503 560 5552; x_wconf 89' lang='lat' dir='ltr'>rum,</span> <span class='ocrx_word' id='word_1_435' title='bbox 595 5502 826 5558; x_wconf 89' lang='lat' dir='ltr'>quarum</span> <span class='ocrx_word' id='word_1_436' title='bbox 855 5496 1046 5542; x_wconf 89' lang='lat' dir='ltr'>natura</span> <span class='ocrx_word' id='word_1_437' title='bbox 1073 5488 1302 5559; x_wconf 88' lang='lat' dir='ltr'>simplex</span> <span class='ocrx_word' id='word_1_438' title='bbox 1333 5497 1433 5555; x_wconf 90' lang='lat' dir='ltr'>est,</span> <span class='ocrx_word' id='word_1_439' title='bbox 1470 5496 1524 5543; x_wconf 92' lang='lat' dir='ltr'>et</span> <span class='ocrx_word' id='word_1_440' title='bbox 1554 5488 1670 5544; x_wconf 90' lang='lat' dir='ltr'>sine</span> <span class='ocrx_word' id='word_1_441' title='bbox 1702 5489 1843 5554; x_wconf 89' lang='lat' dir='ltr'>felle,</span> <span class='ocrx_word' id='word_1_442' title='bbox 1876 5488 2012 5543; x_wconf 90' lang='lat' dir='ltr'>nihil</span> 
     </span>
    </p>
   </div>
   <div class='ocr_carea' id='block_1_62' title="bbox 423 5575 2007 5648">
    <p class='ocr_par' dir='ltr' id='par_1_62' title="bbox 423 5575 2007 5648">
     <span class='ocr_line' id='line_1_62' title="bbox 423 5575 2007 5648; baseline 0 -17"><span class='ocrx_word' id='word_1_443' title='bbox 423 5575 609 5631; x_wconf 88' lang='lat' dir='ltr'>vident</span> <span class='ocrx_word' id='word_1_444' title='bbox 666 5575 807 5631; x_wconf 91' lang='lat' dir='ltr'>oculi</span> <span class='ocrx_word' id='word_1_445' title='bbox 866 5576 941 5631; x_wconf 88' lang='lat' dir='ltr'>tui</span> <span class='ocrx_word' id='word_1_446' title='bbox 997 5577 1141 5648; x_wconf 91' lang='lat' dir='ltr'>quod</span> <span class='ocrx_word' id='word_1_447' title='bbox 1190 5577 1403 5632; x_wconf 90' lang='lat' dir='ltr'>animus</span> <span class='ocrx_word' id='word_1_448' title='bbox 1450 5577 1590 5632; x_wconf 90' lang='lat' dir='ltr'>male</span> <span class='ocrx_word' id='word_1_449' title='bbox 1637 5576 2007 5648; x_wconf 88' lang='lat' dir='ltr'>concupiscat.</span> 
     </span>
    </p>
   </div>
   <div class='ocr_carea' id='block_1_63' title="bbox 425 5664 2013 5743">
    <p class='ocr_par' dir='ltr' id='par_1_63' title="bbox 425 5664 2013 5743">
     <span class='ocr_line' id='line_1_63' title="bbox 425 5664 2013 5743; baseline -0.001 -23"><span class='ocrx_word' id='word_1_450' title='bbox 425 5664 656 5743; x_wconf 83' lang='lat' dir='ltr'>Quando</span> <span class='ocrx_word' id='word_1_451' title='bbox 683 5673 861 5721; x_wconf 90' lang='lat' dir='ltr'>autem</span> <span class='ocrx_word' id='word_1_452' title='bbox 893 5666 962 5721; x_wconf 90' lang='lat' dir='ltr'>de</span> <span class='ocrx_word' id='word_1_453' title='bbox 992 5666 1095 5722; x_wconf 89' lang='lat' dir='ltr'>hac</span> <span class='ocrx_word' id='word_1_454' title='bbox 1125 5667 1234 5723; x_wconf 87' lang='lat' dir='ltr'>vita</span> <span class='ocrx_word' id='word_1_455' title='bbox 1250 5666 1484 5735; x_wconf 86' lang='lat' dir='ltr'>exibitis,</span> <span class='ocrx_word' id='word_1_456' title='bbox 1508 5666 1749 5721; x_wconf 73' lang='lat' dir='ltr'>liberata:</span> <span class='ocrx_word' id='word_1_457' title='bbox 1772 5665 1840 5724; x_wconf 85' lang='lat' dir='ltr'>ab</span> <span class='ocrx_word' id='word_1_458' title='bbox 1861 5673 2013 5722; x_wconf 84' lang='lat' dir='ltr'>aeter-</span> 
     </span>
    </p>
   </div>
   <div class='ocr_carea' id='block_1_64' title="bbox 2020 3147 2067 3209">
    <p class='ocr_par' dir='ltr' id='par_1_64' title="bbox 2020 3147 2067 3209">
     <span class='ocr_line' id='line_1_64' title="bbox 2020 3147 2067 3209; baseline 0 0"><span class='ocrx_word' id='word_1_459' title='bbox 2020 3147 2067 3209; x_wconf 92' lang='lat' dir='ltr'>C</span> 
     </span>
    </p>
   </div>
   <div class='ocr_carea' id='block_1_65' title="bbox 2090 517 3676 591">
    <p class='ocr_par' dir='ltr' id='par_1_65' title="bbox 2090 517 3676 591">
     <span class='ocr_line' id='line_1_65' title="bbox 2090 517 3676 591; baseline -0.006 -14"><span class='ocrx_word' id='word_1_460' title='bbox 2090 522 2252 577; x_wconf 89' lang='lat' dir='ltr'>citate</span> <span class='ocrx_word' id='word_1_461' title='bbox 2291 522 2582 591; x_wconf 86' lang='lat' dir='ltr'>justorum,</span> <span class='ocrx_word' id='word_1_462' title='bbox 2616 529 2667 576; x_wconf 93' lang='lat' dir='ltr'>et</span> <span class='ocrx_word' id='word_1_463' title='bbox 2687 520 2940 576; x_wconf 89' lang='lat' dir='ltr'>videbitis</span> <span class='ocrx_word' id='word_1_464' title='bbox 2992 520 3202 589; x_wconf 82' lang='lat' dir='ltr'>Regem</span> <span class='ocrx_word' id='word_1_465' title='bbox 3248 517 3305 571; x_wconf 90' lang='lat' dir='ltr'>in</span> <span class='ocrx_word' id='word_1_466' title='bbox 3332 517 3530 572; x_wconf 90' lang='lat' dir='ltr'>decore</span> <span class='ocrx_word' id='word_1_467' title='bbox 3558 528 3676 581; x_wconf 90' lang='lat' dir='ltr'>suo,</span> 
     </span>
    </p>
   </div>
   <div class='ocr_carea' id='block_1_66' title="bbox 2087 602 3687 683">
    <p class='ocr_par' dir='ltr' id='par_1_66' title="bbox 2087 602 3687 683">
     <span class='ocr_line' id='line_1_66' title="bbox 2087 602 3687 683; baseline -0.006 -18"><span class='ocrx_word' id='word_1_468' title='bbox 2087 609 2143 665; x_wconf 90' lang='lat' dir='ltr'>in</span> <span class='ocrx_word' id='word_1_469' title='bbox 2163 627 2322 683; x_wconf 91' lang='lat' dir='ltr'>quem</span> <span class='ocrx_word' id='word_1_470' title='bbox 2346 610 2659 665; x_wconf 89' lang='lat' dir='ltr'>desiderant</span> <span class='ocrx_word' id='word_1_471' title='bbox 2690 608 2870 681; x_wconf 87' lang='lat' dir='ltr'>angeli</span> <span class='ocrx_word' id='word_1_472' title='bbox 2902 608 3236 679; x_wconf 89' lang='lat' dir='ltr'>prospicere.</span> <span class='ocrx_word' id='word_1_473' title='bbox 3271 604 3468 660; x_wconf 86' lang='lat' dir='ltr'>Audite</span> <span class='ocrx_word' id='word_1_474' title='bbox 3497 602 3687 658; x_wconf 88' lang='lat' dir='ltr'>Domi-</span> 
     </span>
    </p>
   </div>
   <div class='ocr_carea' id='block_1_67' title="bbox 2097 694 3688 771">
    <p class='ocr_par' dir='ltr' id='par_1_67' title="bbox 2097 694 3688 771">
     <span class='ocr_line' id='line_1_67' title="bbox 2097 694 3688 771; baseline -0.005 -18"><span class='ocrx_word' id='word_1_475' title='bbox 2097 716 2225 753; x_wconf 93' lang='lat' dir='ltr'>num</span> <span class='ocrx_word' id='word_1_476' title='bbox 2256 699 2310 753; x_wconf 92' lang='lat' dir='ltr'>in</span> <span class='ocrx_word' id='word_1_477' title='bbox 2331 698 2634 771; x_wconf 87' lang='lat' dir='ltr'>Evangelio</span> <span class='ocrx_word' id='word_1_478' title='bbox 2653 698 2925 754; x_wconf 89' lang='lat' dir='ltr'>dicentem</span> <span class='ocrx_word' id='word_1_479' title='bbox 2960 713 2973 752; x_wconf 89' lang='lat'><strong>:</strong></span> <span class='ocrx_word' id='word_1_480' title='bbox 3016 697 3251 768; x_wconf 82' lang='lat' dir='ltr'>Vigilate</span> <span class='ocrx_word' id='word_1_481' title='bbox 3266 694 3423 751; x_wconf 85' lang='lat' dir='ltr'>omni</span> <span class='ocrx_word' id='word_1_482' title='bbox 3445 696 3688 762; x_wconf 84' lang='lat' dir='ltr'>tempore</span> 
     </span>
    </p>
   </div>
   <div class='ocr_carea' id='block_1_68' title="bbox 2092 781 3685 857">
    <p class='ocr_par' dir='ltr' id='par_1_68' title="bbox 2092 781 3685 857">
     <span class='ocr_line' id='line_1_68' title="bbox 2092 781 3685 857; baseline -0.006 -14"><span class='ocrx_word' id='word_1_483' title='bbox 2092 792 2340 854; x_wconf 80' lang='lat' dir='ltr'>orantes,</span> <span class='ocrx_word' id='word_1_484' title='bbox 2357 792 2423 843; x_wconf 88' lang='lat' dir='ltr'>ut</span> <span class='ocrx_word' id='word_1_485' title='bbox 2434 804 2521 843; x_wconf 88' lang='lat' dir='ltr'>me</span> <span class='ocrx_word' id='word_1_486' title='bbox 2528 787 2771 842; x_wconf 83' lang='lat' dir='ltr'>reamini</span> <span class='ocrx_word' id='word_1_487' title='bbox 2781 789 2977 857; x_wconf 81' lang='lat' dir='ltr'>fugere</span> <span class='ocrx_word' id='word_1_488' title='bbox 2989 785 3143 839; x_wconf 85' lang='lat' dir='ltr'>mala</span> <span class='ocrx_word' id='word_1_489' title='bbox 3155 800 3276 853; x_wconf 70' lang='lat' dir='ltr'>quae</span> <span class='ocrx_word' id='word_1_490' title='bbox 3290 785 3529 838; x_wconf 87' lang='lat' dir='ltr'>ventura</span> <span class='ocrx_word' id='word_1_491' title='bbox 3547 781 3685 835; x_wconf 81' lang='lat' dir='ltr'>sunt</span> 
     </span>
    </p>
   </div>
   <div class='ocr_carea' id='block_1_69' title="bbox 2092 867 3687 944">
    <p class='ocr_par' dir='ltr' id='par_1_69' title="bbox 2092 867 3687 944">
     <span class='ocr_line' id='line_1_69' title="bbox 2092 867 3687 944; baseline -0.007 -12"><span class='ocrx_word' id='word_1_492' title='bbox 2092 878 2154 932; x_wconf 80' lang='lat' dir='ltr'>in</span> <span class='ocrx_word' id='word_1_493' title='bbox 2185 878 2502 932; x_wconf 83' lang='lat' dir='ltr'>novissimis</span> <span class='ocrx_word' id='word_1_494' title='bbox 2532 875 2742 944; x_wconf 88' lang='lat' dir='ltr'>diebus,</span> <span class='ocrx_word' id='word_1_495' title='bbox 2776 878 2831 930; x_wconf 88' lang='lat' dir='ltr'>et</span> <span class='ocrx_word' id='word_1_496' title='bbox 2864 878 3018 929; x_wconf 86' lang='lat' dir='ltr'>stare</span> <span class='ocrx_word' id='word_1_497' title='bbox 3047 876 3182 928; x_wconf 84' lang='lat' dir='ltr'>ante</span> <span class='ocrx_word' id='word_1_498' title='bbox 3215 871 3422 926; x_wconf 83' lang='lat' dir='ltr'>Filium</span> <span class='ocrx_word' id='word_1_499' title='bbox 3443 867 3687 924; x_wconf 85' lang='lat' dir='ltr'>hominis</span> 
     </span>
    </p>
   </div>
   <div class='ocr_carea' id='block_1_70' title="bbox 2092 958 3687 1035">
    <p class='ocr_par' dir='ltr' id='par_1_70' title="bbox 2092 958 3687 1035">
     <span class='ocr_line' id='line_1_70' title="bbox 2092 958 3687 1035; baseline -0.007 -14"><span class='ocrx_word' id='word_1_500' title='bbox 2092 966 2245 1033; x_wconf 90' lang='lat' dir='ltr'>(Luc.</span> <span class='ocrx_word' id='word_1_501' title='bbox 2271 980 2380 1031; x_wconf 77' lang='lat' dir='ltr'>xxi,</span> <span class='ocrx_word' id='word_1_502' title='bbox 2406 966 2516 1035; x_wconf 85' lang='lat'>36).</span> <span class='ocrx_word' id='word_1_503' title='bbox 2542 965 2608 1018; x_wconf 89' lang='lat' dir='ltr'>Et</span> <span class='ocrx_word' id='word_1_504' title='bbox 2620 963 2909 1034; x_wconf 86' lang='lat' dir='ltr'>Apostolus</span> <span class='ocrx_word' id='word_1_505' title='bbox 2933 980 2949 1017; x_wconf 90' lang='lat'><strong>:</strong></span> <span class='ocrx_word' id='word_1_506' title='bbox 2971 963 3090 1018; x_wconf 87' lang='lat' dir='ltr'>Non</span> <span class='ocrx_word' id='word_1_507' title='bbox 3101 963 3238 1015; x_wconf 88' lang='lat' dir='ltr'>sunt</span> <span class='ocrx_word' id='word_1_508' title='bbox 3258 958 3546 1028; x_wconf 60' lang='lat' dir='ltr'>condigna</span> <span class='ocrx_word' id='word_1_509' title='bbox 3558 972 3687 1027; x_wconf 85' lang='lat' dir='ltr'>pas-</span> 
     </span>
    </p>
   </div>
   <div class='ocr_carea' id='block_1_71' title="bbox 2090 1050 3692 1125">
    <p class='ocr_par' dir='ltr' id='par_1_71' title="bbox 2090 1050 3692 1125">
     <span class='ocr_line' id='line_1_71' title="bbox 2090 1050 3692 1125; baseline -0.006 -16"><span class='ocrx_word' id='word_1_510' title='bbox 2090 1056 2277 1110; x_wconf 78' lang='lat' dir='ltr'>siones</span> <span class='ocrx_word' id='word_1_511' title='bbox 2292 1055 2459 1124; x_wconf 85' lang='lat' dir='ltr'>hujus</span> <span class='ocrx_word' id='word_1_512' title='bbox 2477 1055 2762 1125; x_wconf 80' lang='lat' dir='ltr'>temporis,</span> <span class='ocrx_word' id='word_1_513' title='bbox 2777 1052 2850 1107; x_wconf 85' lang='lat' dir='ltr'>ad</span> <span class='ocrx_word' id='word_1_514' title='bbox 2862 1055 3125 1123; x_wconf 77' lang='lat' dir='ltr'>futuram</span> <span class='ocrx_word' id='word_1_515' title='bbox 3144 1050 3382 1119; x_wconf 81' lang='lat' dir='ltr'>gloriam</span> <span class='ocrx_word' id='word_1_516' title='bbox 3404 1063 3526 1119; x_wconf 78' lang='lat' dir='ltr'>qua:</span> <span class='ocrx_word' id='word_1_517' title='bbox 3545 1060 3692 1101; x_wconf 85' lang='lat' dir='ltr'>reve-</span> 
     </span>
    </p>
   </div>
   <div class='ocr_carea' id='block_1_72' title="bbox 2094 1133 3688 1211">
    <p class='ocr_par' dir='ltr' id='par_1_72' title="bbox 2094 1133 3688 1211">
     <span class='ocr_line' id='line_1_72' title="bbox 2094 1133 3688 1211; baseline -0.008 -12"><span class='ocrx_word' id='word_1_518' title='bbox 2094 1144 2306 1199; x_wconf 81' lang='lat' dir='ltr'>labitur</span> <span class='ocrx_word' id='word_1_519' title='bbox 2328 1144 2389 1197; x_wconf 87' lang='lat' dir='ltr'>in</span> <span class='ocrx_word' id='word_1_520' title='bbox 2428 1142 2589 1197; x_wconf 84' lang='lat' dir='ltr'>nobis</span> <span class='ocrx_word' id='word_1_521' title='bbox 2611 1142 2789 1211; x_wconf 82' lang='lat' dir='ltr'>(Rom.</span> <span class='ocrx_word' id='word_1_522' title='bbox 2822 1155 2943 1208; x_wconf 76' lang='grc' dir='ltr'>νηί,</span> <span class='ocrx_word' id='word_1_523' title='bbox 2980 1140 3090 1207; x_wconf 79' lang='lat' dir='ltr'>l8).</span> <span class='ocrx_word' id='word_1_524' title='bbox 3124 1139 3251 1192; x_wconf 58' lang='lat' dir='ltr'>Haec</span> <span class='ocrx_word' id='word_1_525' title='bbox 3280 1135 3539 1207; x_wconf 83' lang='lat' dir='ltr'>cogitate,</span> <span class='ocrx_word' id='word_1_526' title='bbox 3571 1133 3688 1188; x_wconf 65' lang='lat' dir='ltr'>haec</span> 
     </span>
    </p>
   </div>
   <div class='ocr_carea' id='block_1_73' title="bbox 2092 1222 3685 1285">
    <p class='ocr_par' dir='ltr' id='par_1_73' title="bbox 2092 1222 3685 1285">
     <span class='ocr_line' id='line_1_73' title="bbox 2092 1222 3685 1285; baseline -0.006 0"><span class='ocrx_word' id='word_1_527' title='bbox 2092 1232 2316 1285; x_wconf 90' lang='lat' dir='ltr'>assidua</span> <span class='ocrx_word' id='word_1_528' title='bbox 2364 1230 2717 1285; x_wconf 88' lang='lat' dir='ltr'>meditatione</span> <span class='ocrx_word' id='word_1_529' title='bbox 2764 1227 2990 1284; x_wconf 90' lang='lat' dir='ltr'>recolite</span> <span class='ocrx_word' id='word_1_530' title='bbox 3025 1244 3039 1281; x_wconf 89' lang='lat'><strong>:</strong></span> <span class='ocrx_word' id='word_1_531' title='bbox 3073 1234 3124 1280; x_wconf 91' lang='lat' dir='ltr'>et</span> <span class='ocrx_word' id='word_1_532' title='bbox 3152 1224 3284 1279; x_wconf 89' lang='lat' dir='ltr'>nihil</span> <span class='ocrx_word' id='word_1_533' title='bbox 3329 1222 3685 1285; x_wconf 88' lang='lat' dir='ltr'>laboriosum,</span> 
     </span>
    </p>
   </div>
   <div class='ocr_carea' id='block_1_74' title="bbox 2092 1309 3689 1387">
    <p class='ocr_par' dir='ltr' id='par_1_74' title="bbox 2092 1309 3689 1387">
     <span class='ocr_line' id='line_1_74' title="bbox 2092 1309 3689 1387; baseline -0.006 -13"><span class='ocrx_word' id='word_1_534' title='bbox 2092 1319 2225 1374; x_wconf 87' lang='lat' dir='ltr'>nihil</span> <span class='ocrx_word' id='word_1_535' title='bbox 2253 1334 2548 1374; x_wconf 91' lang='lat' dir='ltr'>onerosum</span> <span class='ocrx_word' id='word_1_536' title='bbox 2579 1315 2933 1381; x_wconf 69' lang='lat' dir='ltr'>azstimabitis,</span> <span class='ocrx_word' id='word_1_537' title='bbox 2969 1331 3076 1387; x_wconf 91' lang='lat' dir='ltr'>quo</span> <span class='ocrx_word' id='word_1_538' title='bbox 3097 1312 3317 1384; x_wconf 88' lang='lat' dir='ltr'>possitis</span> <span class='ocrx_word' id='word_1_539' title='bbox 3337 1311 3482 1384; x_wconf 86' lang='lat' dir='ltr'>ignis</span> <span class='ocrx_word' id='word_1_540' title='bbox 3502 1309 3689 1365; x_wconf 54' lang='lat' dir='ltr'>aeterni</span> 
     </span>
    </p>
   </div>
   <div class='ocr_carea' id='block_1_75' title="bbox 2093 1393 3693 1474">
    <p class='ocr_par' dir='ltr' id='par_1_75' title="bbox 2093 1393 3693 1474">
     <span class='ocr_line' id='line_1_75' title="bbox 2093 1393 3693 1474; baseline -0.006 -17"><span class='ocrx_word' id='word_1_541' title='bbox 2093 1403 2360 1474; x_wconf 87' lang='lat' dir='ltr'>supplicia</span> <span class='ocrx_word' id='word_1_542' title='bbox 2401 1402 2657 1468; x_wconf 91' lang='lat' dir='ltr'>evadere,</span> <span class='ocrx_word' id='word_1_543' title='bbox 2705 1409 2758 1456; x_wconf 89' lang='lat' dir='ltr'>et</span> <span class='ocrx_word' id='word_1_544' title='bbox 2793 1398 3147 1455; x_wconf 90' lang='lat' dir='ltr'>beatitudinis</span> <span class='ocrx_word' id='word_1_545' title='bbox 3198 1403 3415 1451; x_wconf 75' lang='lat' dir='ltr'>aeternae</span> <span class='ocrx_word' id='word_1_546' title='bbox 3466 1393 3693 1466; x_wconf 78' lang='lat' dir='ltr'>praemia</span> 
     </span>
    </p>
   </div>
   <div class='ocr_carea' id='block_1_76' title="bbox 2092 1491 2357 1548">
    <p class='ocr_par' dir='ltr' id='par_1_76' title="bbox 2092 1491 2357 1548">
     <span class='ocr_line' id='line_1_76' title="bbox 2092 1491 2357 1548; baseline -0.008 0"><span class='ocrx_word' id='word_1_547' title='bbox 2092 1491 2357 1548; x_wconf 86' lang='lat' dir='ltr'>obtinere.</span> 
     </span>
    </p>
   </div>
   <div class='ocr_carea' id='block_1_77' title="bbox 2642 1582 3105 1640">
    <p class='ocr_par' dir='ltr' id='par_1_77' title="bbox 2642 1582 3105 1640">
     <span class='ocr_line' id='line_1_77' title="bbox 2642 1582 3105 1640; baseline -0.006 0"><span class='ocrx_word' id='word_1_548' title='bbox 2642 1582 2984 1640; x_wconf 86' lang='lat' dir='ltr'>EPISTOLA</span> <span class='ocrx_word' id='word_1_549' title='bbox 3014 1584 3105 1638; x_wconf 89' lang='lat' dir='ltr'>III.</span> 
     </span>
    </p>
   </div>
   <div class='ocr_carea' id='block_1_78' title="bbox 2512 1721 3261 1764">
    <p class='ocr_par' dir='ltr' id='par_1_78' title="bbox 2512 1721 3261 1764">
     <span class='ocr_line' id='line_1_78' title="bbox 2512 1721 3261 1764; baseline -0.005 0"><span class='ocrx_word' id='word_1_550' title='bbox 2512 1724 2584 1764; x_wconf 80' lang='lat' dir='ltr'><strong>AD</strong></span> <span class='ocrx_word' id='word_1_551' title='bbox 2614 1722 2937 1764; x_wconf 65' lang='lat' dir='ltr'><strong>RAINALDUH</strong></span> <span class='ocrx_word' id='word_1_552' title='bbox 2967 1721 3261 1762; x_wconf 64' lang='lat' dir='ltr'>INCLUSUH.</span> 
     </span>
    </p>
   </div>
   <div class='ocr_carea' id='block_1_79' title="bbox 2314 1829 3499 1904">
    <p class='ocr_par' dir='ltr' id='par_1_79' title="bbox 2314 1829 3499 1904">
     <span class='ocr_line' id='line_1_79' title="bbox 2314 1829 3499 1904; baseline -0.008 -13"><span class='ocrx_word' id='word_1_553' title='bbox 2314 1835 2568 1904; x_wconf 83' lang='lat' dir='ltr'>Qualiter</span> <span class='ocrx_word' id='word_1_554' title='bbox 2595 1850 2786 1889; x_wconf 89' lang='lat' dir='ltr'>coram</span> <span class='ocrx_word' id='word_1_555' title='bbox 2817 1832 3049 1888; x_wconf 85' lang='lat' dir='ltr'>Domino</span> <span class='ocrx_word' id='word_1_556' title='bbox 3078 1832 3153 1886; x_wconf 88' lang='lat' dir='ltr'>sit</span> <span class='ocrx_word' id='word_1_557' title='bbox 3183 1829 3499 1885; x_wconf 85' lang='lat' dir='ltr'>vivendum.</span> 
     </span>
    </p>
   </div>
   <div class='ocr_carea' id='block_1_80' title="bbox 2166 1949 3691 2017">
    <p class='ocr_par' dir='ltr' id='par_1_80' title="bbox 2166 1949 3691 2017">
     <span class='ocr_line' id='line_1_80' title="bbox 2166 1949 3691 2017; baseline -0.008 -3"><span class='ocrx_word' id='word_1_558' title='bbox 2166 1960 2499 2014; x_wconf 71' lang='lat' dir='ltr'>Benmnnus</span> <span class='ocrx_word' id='word_1_559' title='bbox 2527 1959 2803 2013; x_wconf 89' lang='lat' dir='ltr'>Portarum</span> <span class='ocrx_word' id='word_1_560' title='bbox 2826 1954 2980 2010; x_wconf 87' lang='lat' dir='ltr'>Prior</span> <span class='ocrx_word' id='word_1_561' title='bbox 3000 1960 3243 2017; x_wconf 89' lang='lat' dir='ltr'>vocatus,</span> <span class='ocrx_word' id='word_1_562' title='bbox 3267 1952 3558 2007; x_wconf 76' lang='lat' dir='ltr'>RAINALDO</span> <span class='ocrx_word' id='word_1_563' title='bbox 3581 1949 3691 2003; x_wconf 78' lang='lat' dir='ltr'>fra—</span> 
     </span>
    </p>
   </div>
   <div class='ocr_carea' id='block_1_81' title="bbox 2094 2041 3516 2115">
    <p class='ocr_par' dir='ltr' id='par_1_81' title="bbox 2094 2041 3516 2115">
     <span class='ocr_line' id='line_1_81' title="bbox 2094 2041 3516 2115; baseline -0.007 -13"><span class='ocrx_word' id='word_1_564' title='bbox 2094 2048 2161 2102; x_wconf 84' lang='lat' dir='ltr'>tri</span> <span class='ocrx_word' id='word_1_565' title='bbox 2192 2046 2423 2112; x_wconf 90' lang='lat' dir='ltr'>incluso,</span> <span class='ocrx_word' id='word_1_566' title='bbox 2457 2045 2511 2099; x_wconf 92' lang='lat' dir='ltr'>in</span> <span class='ocrx_word' id='word_1_567' title='bbox 2536 2052 2724 2103; x_wconf 88' lang='lat' dir='ltr'>sancto</span> <span class='ocrx_word' id='word_1_568' title='bbox 2754 2043 3034 2115; x_wconf 90' lang='lat' dir='ltr'>proposito</span> <span class='ocrx_word' id='word_1_569' title='bbox 3069 2041 3296 2095; x_wconf 87' lang='lat' dir='ltr'>viriliter</span> <span class='ocrx_word' id='word_1_570' title='bbox 3325 2055 3516 2111; x_wconf 89' lang='lat' dir='ltr'>agere.</span> 
     </span>
    </p>
   </div>
   <div class='ocr_carea' id='block_1_82' title="bbox 2167 2128 3691 2207">
    <p class='ocr_par' dir='ltr' id='par_1_82' title="bbox 2167 2128 3691 2207">
     <span class='ocr_line' id='line_1_82' title="bbox 2167 2128 3691 2207; baseline -0.007 -16"><span class='ocrx_word' id='word_1_571' title='bbox 2167 2137 2300 2192; x_wconf 84' lang='lat' dir='ltr'>Rem</span> <span class='ocrx_word' id='word_1_572' title='bbox 2333 2135 2549 2207; x_wconf 90' lang='lat' dir='ltr'>quidem</span> <span class='ocrx_word' id='word_1_573' title='bbox 2580 2135 2887 2207; x_wconf 80' lang='lat' dir='ltr'>honestam,</span> <span class='ocrx_word' id='word_1_574' title='bbox 2920 2131 3016 2186; x_wconf 89' lang='lat' dir='ltr'>sed</span> <span class='ocrx_word' id='word_1_575' title='bbox 3045 2129 3132 2185; x_wconf 93' lang='lat' dir='ltr'>cui</span> <span class='ocrx_word' id='word_1_576' title='bbox 3160 2128 3299 2184; x_wconf 91' lang='lat' dir='ltr'>forte</span> <span class='ocrx_word' id='word_1_577' title='bbox 3321 2129 3524 2197; x_wconf 89' lang='lat' dir='ltr'>justam</span> <span class='ocrx_word' id='word_1_578' title='bbox 3556 2142 3691 2197; x_wconf 92' lang='lat' dir='ltr'>pos-</span> 
     </span>
    </p>
   </div>
   <div class='ocr_carea' id='block_1_83' title="bbox 2098 2203 3687 2288">
    <p class='ocr_par' dir='ltr' id='par_1_83' title="bbox 2098 2203 3687 2288">
     <span class='ocr_line' id='line_1_83' title="bbox 2098 2203 3687 2288; baseline -0.008 -8"><span class='ocrx_word' id='word_1_579' title='bbox 2098 2241 2279 2280; x_wconf 87' lang='lat' dir='ltr'>semus</span> <span class='ocrx_word' id='word_1_580' title='bbox 2327 2203 2730 2278; x_wconf 78' lang='lat' dir='ltr'>excusationem</span> <span class='ocrx_word' id='word_1_581' title='bbox 2765 2203 3086 2282; x_wconf 44' lang='lat' dir='ltr'>‘obtendere,</span> <span class='ocrx_word' id='word_1_582' title='bbox 3121 2217 3390 2288; x_wconf 90' lang='lat' dir='ltr'>postulas;</span> <span class='ocrx_word' id='word_1_583' title='bbox 3422 2224 3480 2269; x_wconf 95' lang='lat' dir='ltr'>ut</span> <span class='ocrx_word' id='word_1_584' title='bbox 3510 2214 3687 2286; x_wconf 88' lang='lat' dir='ltr'>quali-</span> 
     </span>
    </p>
   </div>
   <div class='ocr_carea' id='block_1_84' title="bbox 2096 2303 3694 2374">
    <p class='ocr_par' dir='ltr' id='par_1_84' title="bbox 2096 2303 3694 2374">
     <span class='ocr_line' id='line_1_84' title="bbox 2096 2303 3694 2374; baseline -0.007 -7"><span class='ocrx_word' id='word_1_585' title='bbox 2096 2321 2180 2369; x_wconf 90' lang='lat' dir='ltr'>ter</span> <span class='ocrx_word' id='word_1_586' title='bbox 2209 2312 2305 2366; x_wconf 87' lang='lat' dir='ltr'>tibi</span> <span class='ocrx_word' id='word_1_587' title='bbox 2332 2327 2511 2366; x_wconf 88' lang='lat' dir='ltr'>coram</span> <span class='ocrx_word' id='word_1_588' title='bbox 2543 2309 2775 2364; x_wconf 88' lang='lat' dir='ltr'>Domino</span> <span class='ocrx_word' id='word_1_589' title='bbox 2804 2307 3093 2363; x_wconf 87' lang='lat' dir='ltr'>vivendum</span> <span class='ocrx_word' id='word_1_590' title='bbox 3125 2306 3211 2373; x_wconf 89' lang='lat' dir='ltr'>sit,</span> <span class='ocrx_word' id='word_1_591' title='bbox 3245 2304 3449 2374; x_wconf 90' lang='lat' dir='ltr'>scripto</span> <span class='ocrx_word' id='word_1_592' title='bbox 3478 2303 3694 2374; x_wconf 84' lang='lat' dir='ltr'>digera-</span> 
     </span>
    </p>
   </div>
   <div class='ocr_carea' id='block_1_85' title="bbox 2097 2392 3691 2471">
    <p class='ocr_par' dir='ltr' id='par_1_85' title="bbox 2097 2392 3691 2471">
     <span class='ocr_line' id='line_1_85' title="bbox 2097 2392 3691 2471; baseline -0.007 -16"><span class='ocrx_word' id='word_1_593' title='bbox 2097 2418 2236 2455; x_wconf 90' lang='lat' dir='ltr'>mus.</span> <span class='ocrx_word' id='word_1_594' title='bbox 2263 2400 2371 2455; x_wconf 90' lang='lat' dir='ltr'>Sed</span> <span class='ocrx_word' id='word_1_595' title='bbox 2399 2416 2467 2453; x_wconf 90' lang='lat' dir='ltr'>ne</span> <span class='ocrx_word' id='word_1_596' title='bbox 2496 2398 2671 2471; x_wconf 90' lang='lat' dir='ltr'>magis</span> <span class='ocrx_word' id='word_1_597' title='bbox 2697 2397 2977 2453; x_wconf 88' lang='lat' dir='ltr'>videamur</span> <span class='ocrx_word' id='word_1_598' title='bbox 2996 2394 3249 2450; x_wconf 86' lang='lat' dir='ltr'>charitati</span> <span class='ocrx_word' id='word_1_599' title='bbox 3270 2392 3508 2447; x_wconf 87' lang='lat' dir='ltr'>defuisse</span> <span class='ocrx_word' id='word_1_600' title='bbox 3527 2406 3691 2462; x_wconf 92' lang='lat' dir='ltr'>quam</span> 
     </span>
    </p>
   </div>
   <div class='ocr_carea' id='block_1_86' title="bbox 2096 2479 3689 2554">
    <p class='ocr_par' dir='ltr' id='par_1_86' title="bbox 2096 2479 3689 2554">
     <span class='ocr_line' id='line_1_86' title="bbox 2096 2479 3689 2554; baseline -0.008 -10"><span class='ocrx_word' id='word_1_601' title='bbox 2096 2487 2486 2545; x_wconf 88' lang='lat' dir='ltr'>rationabiliter</span> <span class='ocrx_word' id='word_1_602' title='bbox 2514 2501 2823 2551; x_wconf 88' lang='lat' dir='ltr'>excusasse,</span> <span class='ocrx_word' id='word_1_603' title='bbox 2876 2500 2985 2538; x_wconf 90' lang='lat' dir='ltr'>non</span> <span class='ocrx_word' id='word_1_604' title='bbox 3014 2482 3233 2554; x_wconf 90' lang='lat' dir='ltr'>quidem</span> <span class='ocrx_word' id='word_1_605' title='bbox 3263 2488 3425 2552; x_wconf 92' lang='lat' dir='ltr'>prout</span> <span class='ocrx_word' id='word_1_606' title='bbox 3454 2479 3689 2550; x_wconf 88' lang='lat' dir='ltr'>expedit,</span> 
     </span>
    </p>
   </div>
   <div class='ocr_carea' id='block_1_87' title="bbox 2097 2567 3689 2645">
    <p class='ocr_par' dir='ltr' id='par_1_87' title="bbox 2097 2567 3689 2645">
     <span class='ocr_line' id='line_1_87' title="bbox 2097 2567 3689 2645; baseline -0.007 -13"><span class='ocrx_word' id='word_1_607' title='bbox 2097 2578 2195 2633; x_wconf 89' lang='lat' dir='ltr'>sed</span> <span class='ocrx_word' id='word_1_608' title='bbox 2224 2578 2365 2633; x_wconf 90' lang='lat' dir='ltr'>sicut</span> <span class='ocrx_word' id='word_1_609' title='bbox 2408 2575 2642 2632; x_wconf 85' lang='lat' dir='ltr'>charitas</span> <span class='ocrx_word' id='word_1_610' title='bbox 2670 2573 2934 2645; x_wconf 83' lang='lat' dir='ltr'>suggerit,</span> <span class='ocrx_word' id='word_1_611' title='bbox 2968 2579 3071 2625; x_wconf 78' lang='lat' dir='ltr'>tuze</span> <span class='ocrx_word' id='word_1_612' title='bbox 3101 2569 3345 2641; x_wconf 87' lang='lat' dir='ltr'>petitioni</span> <span class='ocrx_word' id='word_1_613' title='bbox 3374 2567 3689 2623; x_wconf 78' lang='lat' dir='ltr'>satisfacere</span> 
     </span>
    </p>
   </div>
   <div class='ocr_carea' id='block_1_88' title="bbox 2095 2658 3691 2739">
    <p class='ocr_par' dir='ltr' id='par_1_88' title="bbox 2095 2658 3691 2739">
     <span class='ocr_line' id='line_1_88' title="bbox 2095 2658 3691 2739; baseline -0.008 -18"><span class='ocrx_word' id='word_1_614' title='bbox 2095 2666 2466 2739; x_wconf 86' lang='lat' dir='ltr'>aggredimur.</span> <span class='ocrx_word' id='word_1_615' title='bbox 2499 2662 2845 2718; x_wconf 89' lang='lat' dir='ltr'>Commoneri</span> <span class='ocrx_word' id='word_1_616' title='bbox 2874 2668 3052 2715; x_wconf 90' lang='lat' dir='ltr'>autem</span> <span class='ocrx_word' id='word_1_617' title='bbox 3083 2666 3134 2714; x_wconf 91' lang='lat' dir='ltr'>te</span> <span class='ocrx_word' id='word_1_618' title='bbox 3160 2658 3429 2722; x_wconf 90' lang='lat' dir='ltr'>volumus,</span> <span class='ocrx_word' id='word_1_619' title='bbox 3462 2672 3562 2711; x_wconf 88' lang='lat' dir='ltr'>nos</span> <span class='ocrx_word' id='word_1_620' title='bbox 3589 2672 3691 2711; x_wconf 90' lang='lat' dir='ltr'>ne-</span> 
     </span>
    </p>
   </div>
   <div class='ocr_carea' id='block_1_89' title="bbox 2097 2745 3692 2825">
    <p class='ocr_par' dir='ltr' id='par_1_89' title="bbox 2097 2745 3692 2825">
     <span class='ocr_line' id='line_1_89' title="bbox 2097 2745 3692 2825; baseline -0.006 -16"><span class='ocrx_word' id='word_1_621' title='bbox 2097 2771 2365 2825; x_wconf 86' lang='lat' dir='ltr'>quaquam</span> <span class='ocrx_word' id='word_1_622' title='bbox 2414 2752 2577 2807; x_wconf 86' lang='lat' dir='ltr'>fixam</span> <span class='ocrx_word' id='word_1_623' title='bbox 2607 2750 2702 2805; x_wconf 93' lang='lat' dir='ltr'>tibi</span> <span class='ocrx_word' id='word_1_624' title='bbox 2734 2757 2786 2805; x_wconf 90' lang='lat' dir='ltr'>et</span> <span class='ocrx_word' id='word_1_625' title='bbox 2814 2757 3023 2805; x_wconf 89' lang='lat' dir='ltr'>certam</span> <span class='ocrx_word' id='word_1_626' title='bbox 3052 2746 3271 2803; x_wconf 91' lang='lat' dir='ltr'>vivendi</span> <span class='ocrx_word' id='word_1_627' title='bbox 3301 2745 3546 2818; x_wconf 89' lang='lat' dir='ltr'>regulam</span> <span class='ocrx_word' id='word_1_628' title='bbox 3579 2752 3692 2799; x_wconf 87' lang='lat' dir='ltr'>sta-</span> 
     </span>
    </p>
   </div>
   <div class='ocr_carea' id='block_1_90' title="bbox 2095 2834 3692 2913">
    <p class='ocr_par' dir='ltr' id='par_1_90' title="bbox 2095 2834 3692 2913">
     <span class='ocr_line' id='line_1_90' title="bbox 2095 2834 3692 2913; baseline -0.006 -14"><span class='ocrx_word' id='word_1_629' title='bbox 2095 2852 2286 2908; x_wconf 89' lang='lat' dir='ltr'>tuere;</span> <span class='ocrx_word' id='word_1_630' title='bbox 2322 2842 2419 2897; x_wconf 91' lang='lat' dir='ltr'>sed</span> <span class='ocrx_word' id='word_1_631' title='bbox 2464 2858 2585 2913; x_wconf 77' lang='lat' dir='ltr'>quae</span> <span class='ocrx_word' id='word_1_632' title='bbox 2627 2838 3018 2910; x_wconf 91' lang='lat' dir='ltr'>compendiosa</span> <span class='ocrx_word' id='word_1_633' title='bbox 3055 2836 3324 2903; x_wconf 90' lang='lat' dir='ltr'>videntur,</span> <span class='ocrx_word' id='word_1_634' title='bbox 3359 2851 3424 2889; x_wconf 89' lang='lat' dir='ltr'>ex</span> <span class='ocrx_word' id='word_1_635' title='bbox 3454 2834 3541 2888; x_wconf 90' lang='lat' dir='ltr'>his</span> <span class='ocrx_word' id='word_1_636' title='bbox 3569 2850 3692 2905; x_wconf 64' lang='lat' dir='ltr'>quae</span> 
     </span>
    </p>
   </div>
   <div class='ocr_carea' id='block_1_91' title="bbox 2095 2922 3693 3000">
    <p class='ocr_par' dir='ltr' id='par_1_91' title="bbox 2095 2922 3693 3000">
     <span class='ocr_line' id='line_1_91' title="bbox 2095 2922 3693 3000; baseline -0.008 -12"><span class='ocrx_word' id='word_1_637' title='bbox 2095 2931 2465 2988; x_wconf 88' lang='lat' dir='ltr'>ecclesiastica</span> <span class='ocrx_word' id='word_1_638' title='bbox 2478 2928 2668 3000; x_wconf 89' lang='lat' dir='ltr'>religio</span> <span class='ocrx_word' id='word_1_639' title='bbox 2684 2928 2982 2983; x_wconf 89' lang='lat' dir='ltr'>observare</span> <span class='ocrx_word' id='word_1_640' title='bbox 3001 2923 3299 2990; x_wconf 90' lang='lat' dir='ltr'>consuevit,</span> <span class='ocrx_word' id='word_1_641' title='bbox 3320 2922 3415 2979; x_wconf 91' lang='lat' dir='ltr'>tibi</span> <span class='ocrx_word' id='word_1_642' title='bbox 3434 2922 3693 2989; x_wconf 87' lang='lat' dir='ltr'>breviter,</span> 
     </span>
    </p>
   </div>
   <div class='ocr_carea' id='block_1_92' title="bbox 2094 3010 3688 3088">
    <p class='ocr_par' dir='ltr' id='par_1_92' title="bbox 2094 3010 3688 3088">
     <span class='ocr_line' id='line_1_92' title="bbox 2094 3010 3688 3088; baseline -0.008 -13"><span class='ocrx_word' id='word_1_643' title='bbox 2094 3020 2394 3075; x_wconf 89' lang='lat' dir='ltr'>insinuare.</span> <span class='ocrx_word' id='word_1_644' title='bbox 2429 3018 2485 3073; x_wconf 92' lang='lat' dir='ltr'>Si</span> <span class='ocrx_word' id='word_1_645' title='bbox 2517 3033 2639 3088; x_wconf 75' lang='lat' dir='ltr'>quae</span> <span class='ocrx_word' id='word_1_646' title='bbox 2665 3031 2797 3071; x_wconf 90' lang='lat' dir='ltr'>vero</span> <span class='ocrx_word' id='word_1_647' title='bbox 2826 3013 3142 3079; x_wconf 85' lang='lat' dir='ltr'>dixerimus,</span> <span class='ocrx_word' id='word_1_648' title='bbox 3174 3028 3296 3083; x_wconf 77' lang='lat' dir='ltr'>quae</span> <span class='ocrx_word' id='word_1_649' title='bbox 3322 3011 3409 3067; x_wconf 90' lang='lat' dir='ltr'>vel</span> <span class='ocrx_word' id='word_1_650' title='bbox 3439 3011 3577 3065; x_wconf 91' lang='lat' dir='ltr'>dura</span> <span class='ocrx_word' id='word_1_651' title='bbox 3604 3010 3688 3064; x_wconf 86' lang='lat' dir='ltr'>ni-</span> 
     </span>
    </p>
   </div>
   <div class='ocr_carea' id='block_1_93' title="bbox 2097 3098 3693 3171">
    <p class='ocr_par' dir='ltr' id='par_1_93' title="bbox 2097 3098 3693 3171">
     <span class='ocr_line' id='line_1_93' title="bbox 2097 3098 3693 3171; baseline -0.006 -9"><span class='ocrx_word' id='word_1_652' title='bbox 2097 3108 2200 3162; x_wconf 91' lang='lat' dir='ltr'>mis</span> <span class='ocrx_word' id='word_1_653' title='bbox 2231 3107 2538 3171; x_wconf 89' lang='lat' dir='ltr'>videantur,</span> <span class='ocrx_word' id='word_1_654' title='bbox 2561 3105 2648 3159; x_wconf 86' lang='lat' dir='ltr'>vel</span> <span class='ocrx_word' id='word_1_655' title='bbox 2663 3104 2829 3168; x_wconf 84' lang='lat' dir='ltr'>levia;</span> <span class='ocrx_word' id='word_1_656' title='bbox 2848 3109 2996 3156; x_wconf 87' lang='lat' dir='ltr'>tuum</span> <span class='ocrx_word' id='word_1_657' title='bbox 3014 3100 3113 3156; x_wconf 89' lang='lat' dir='ltr'>erit</span> <span class='ocrx_word' id='word_1_658' title='bbox 3132 3100 3216 3155; x_wconf 89' lang='lat' dir='ltr'>vel</span> <span class='ocrx_word' id='word_1_659' title='bbox 3238 3100 3374 3155; x_wconf 91' lang='lat' dir='ltr'>dura</span> <span class='ocrx_word' id='word_1_660' title='bbox 3394 3098 3693 3154; x_wconf 89' lang='lat' dir='ltr'>levioribus</span> 
     </span>
    </p>
   </div>
   <div class='ocr_carea' id='block_1_94' title="bbox 2098 3189 3696 3267">
    <p class='ocr_par' dir='ltr' id='par_1_94' title="bbox 2098 3189 3696 3267">
     <span class='ocr_line' id='line_1_94' title="bbox 2098 3189 3696 3267; baseline -0.006 -16"><span class='ocrx_word' id='word_1_661' title='bbox 2098 3205 2422 3267; x_wconf 88' lang='lat' dir='ltr'>temperare,</span> <span class='ocrx_word' id='word_1_662' title='bbox 2475 3193 2562 3249; x_wconf 90' lang='lat' dir='ltr'>vel</span> <span class='ocrx_word' id='word_1_663' title='bbox 2615 3192 2760 3248; x_wconf 81' lang='lat' dir='ltr'>levia</span> <span class='ocrx_word' id='word_1_664' title='bbox 2807 3189 3202 3246; x_wconf 90' lang='lat' dir='ltr'>robustioribus</span> <span class='ocrx_word' id='word_1_665' title='bbox 3249 3196 3497 3254; x_wconf 88' lang='lat' dir='ltr'>mutare;</span> <span class='ocrx_word' id='word_1_666' title='bbox 3531 3195 3696 3258; x_wconf 86' lang='lat' dir='ltr'>prout</span> 
     </span>
    </p>
   </div>
   <div class='ocr_carea' id='block_1_95' title="bbox 2096 3275 3689 3348">
    <p class='ocr_par' dir='ltr' id='par_1_95' title="bbox 2096 3275 3689 3348">
     <span class='ocr_line' id='line_1_95' title="bbox 2096 3275 3689 3348; baseline -0.007 -8"><span class='ocrx_word' id='word_1_667' title='bbox 2096 3284 2360 3340; x_wconf 87' lang='lat' dir='ltr'>Dominus</span> <span class='ocrx_word' id='word_1_668' title='bbox 2392 3282 2724 3338; x_wconf 83' lang='lat' dir='ltr'>voluntatem</span> <span class='ocrx_word' id='word_1_669' title='bbox 2754 3279 2850 3333; x_wconf 90' lang='lat' dir='ltr'>tibi</span> <span class='ocrx_word' id='word_1_670' title='bbox 2878 3278 3087 3333; x_wconf 84' lang='lat' dir='ltr'>dederit</span> <span class='ocrx_word' id='word_1_671' title='bbox 3116 3277 3340 3348; x_wconf 90' lang='lat' dir='ltr'>pariter,</span> <span class='ocrx_word' id='word_1_672' title='bbox 3374 3284 3427 3331; x_wconf 91' lang='lat' dir='ltr'>et</span> <span class='ocrx_word' id='word_1_673' title='bbox 3455 3275 3689 3331; x_wconf 90' lang='lat' dir='ltr'>faculta-</span> 
     </span>
    </p>
   </div>
   <div class='ocr_carea' id='block_1_96' title="bbox 2097 3362 3691 3434">
    <p class='ocr_par' dir='ltr' id='par_1_96' title="bbox 2097 3362 3691 3434">
     <span class='ocr_line' id='line_1_96' title="bbox 2097 3362 3691 3434; baseline -0.005 -11"><span class='ocrx_word' id='word_1_674' title='bbox 2097 3378 2207 3424; x_wconf 87' lang='lat' dir='ltr'>tem</span> <span class='ocrx_word' id='word_1_675' title='bbox 2243 3385 2255 3423; x_wconf 92' lang='lat'>:</span> <span class='ocrx_word' id='word_1_676' title='bbox 2290 3375 2502 3423; x_wconf 84' lang='lat' dir='ltr'>servata</span> <span class='ocrx_word' id='word_1_677' title='bbox 2549 3374 2731 3420; x_wconf 90' lang='lat' dir='ltr'>tamen</span> <span class='ocrx_word' id='word_1_678' title='bbox 2779 3363 2981 3434; x_wconf 89' lang='lat' dir='ltr'>ubique</span> <span class='ocrx_word' id='word_1_679' title='bbox 3024 3362 3197 3433; x_wconf 90' lang='lat' dir='ltr'>(quod</span> <span class='ocrx_word' id='word_1_680' title='bbox 3244 3362 3466 3416; x_wconf 88' lang='lat' dir='ltr'>multum</span> <span class='ocrx_word' id='word_1_681' title='bbox 3497 3376 3691 3416; x_wconf 88' lang='lat' dir='ltr'>mone-</span> 
     </span>
    </p>
   </div>
   <div class='ocr_carea' id='block_1_97' title="bbox 2098 3450 3694 3527">
    <p class='ocr_par' dir='ltr' id='par_1_97' title="bbox 2098 3450 3694 3527">
     <span class='ocr_line' id='line_1_97' title="bbox 2098 3450 3694 3527; baseline -0.006 -15"><span class='ocrx_word' id='word_1_682' title='bbox 2098 3460 2241 3527; x_wconf 91' lang='lat' dir='ltr'>mus)</span> <span class='ocrx_word' id='word_1_683' title='bbox 2270 3455 2616 3519; x_wconf 90' lang='lat' dir='ltr'>discretione,</span> <span class='ocrx_word' id='word_1_684' title='bbox 2642 3469 2763 3524; x_wconf 69' lang='lat' dir='ltr'>quae</span> <span class='ocrx_word' id='word_1_685' title='bbox 2793 3459 2846 3507; x_wconf 91' lang='lat' dir='ltr'>et</span> <span class='ocrx_word' id='word_1_686' title='bbox 2875 3452 2946 3506; x_wconf 92' lang='lat' dir='ltr'>ad</span> <span class='ocrx_word' id='word_1_687' title='bbox 2975 3450 3294 3521; x_wconf 81' lang='lat' dir='ltr'>profectum,</span> <span class='ocrx_word' id='word_1_688' title='bbox 3330 3457 3383 3505; x_wconf 89' lang='lat' dir='ltr'>et</span> <span class='ocrx_word' id='word_1_689' title='bbox 3411 3450 3480 3504; x_wconf 88' lang='lat' dir='ltr'>ad</span> <span class='ocrx_word' id='word_1_690' title='bbox 3498 3465 3694 3519; x_wconf 89' lang='lat' dir='ltr'>perse-</span> 
     </span>
    </p>
   </div>
   <div class='ocr_carea' id='block_1_98' title="bbox 2098 3537 3690 3613">
    <p class='ocr_par' dir='ltr' id='par_1_98' title="bbox 2098 3537 3690 3613">
     <span class='ocr_line' id='line_1_98' title="bbox 2098 3537 3690 3613; baseline -0.007 -11"><span class='ocrx_word' id='word_1_691' title='bbox 2098 3544 2398 3602; x_wconf 85' lang='lat' dir='ltr'>verantiam</span> <span class='ocrx_word' id='word_1_692' title='bbox 2437 3541 2720 3613; x_wconf 89' lang='lat' dir='ltr'>religionis</span> <span class='ocrx_word' id='word_1_693' title='bbox 2768 3539 3059 3610; x_wconf 90' lang='lat' dir='ltr'>plurimum</span> <span class='ocrx_word' id='word_1_694' title='bbox 3102 3537 3288 3593; x_wconf 89' lang='lat' dir='ltr'>valere</span> <span class='ocrx_word' id='word_1_695' title='bbox 3327 3537 3690 3610; x_wconf 89' lang='lat' dir='ltr'>dignoscitur,</span> 
     </span>
    </p>
   </div>
   <div class='ocr_carea' id='block_1_99' title="bbox 2099 3626 3696 3704">
    <p class='ocr_par' dir='ltr' id='par_1_99' title="bbox 2099 3626 3696 3704">
     <span class='ocr_line' id='line_1_99' title="bbox 2099 3626 3696 3704; baseline -0.004 -16"><span class='ocrx_word' id='word_1_696' title='bbox 2099 3632 2426 3704; x_wconf 90' lang='lat' dir='ltr'>Incipientes</span> <span class='ocrx_word' id='word_1_697' title='bbox 2474 3630 2639 3697; x_wconf 90' lang='lat' dir='ltr'>enim,</span> <span class='ocrx_word' id='word_1_698' title='bbox 2679 3643 2818 3700; x_wconf 92' lang='lat' dir='ltr'>quos</span> <span class='ocrx_word' id='word_1_699' title='bbox 2861 3626 3096 3683; x_wconf 89' lang='lat' dir='ltr'>novitios</span> <span class='ocrx_word' id='word_1_700' title='bbox 3136 3633 3348 3693; x_wconf 90' lang='lat' dir='ltr'>vocant,</span> <span class='ocrx_word' id='word_1_701' title='bbox 3380 3626 3696 3697; x_wconf 87' lang='lat' dir='ltr'>plerumque</span> 
     </span>
    </p>
   </div>
   <div class='ocr_carea' id='block_1_100' title="bbox 2098 3715 3694 3791">
    <p class='ocr_par' dir='ltr' id='par_1_100' title="bbox 2098 3715 3694 3791">
     <span class='ocr_line' id='line_1_100' title="bbox 2098 3715 3694 3791; baseline -0.006 -14"><span class='ocrx_word' id='word_1_702' title='bbox 2098 3722 2307 3791; x_wconf 89' lang='lat' dir='ltr'>majora</span> <span class='ocrx_word' id='word_1_703' title='bbox 2337 3718 2543 3775; x_wconf 90' lang='lat' dir='ltr'>viribus</span> <span class='ocrx_word' id='word_1_704' title='bbox 2584 3715 2835 3790; x_wconf 85' lang='lat' dir='ltr'>aggressi</span> <span class='ocrx_word' id='word_1_705' title='bbox 2874 3718 2963 3786; x_wconf 89' lang='lat' dir='ltr'>(eo</span> <span class='ocrx_word' id='word_1_706' title='bbox 3009 3715 3153 3787; x_wconf 89' lang='lat' dir='ltr'>quod</span> <span class='ocrx_word' id='word_1_707' title='bbox 3201 3715 3473 3771; x_wconf 88' lang='lat' dir='ltr'>fervorem</span> <span class='ocrx_word' id='word_1_708' title='bbox 3505 3731 3694 3770; x_wconf 89' lang='lat' dir='ltr'>eorum</span> 
     </span>
    </p>
   </div>
   <div class='ocr_carea' id='block_1_101' title="bbox 2100 3803 3694 3875">
    <p class='ocr_par' dir='ltr' id='par_1_101' title="bbox 2100 3803 3694 3875">
     <span class='ocr_line' id='line_1_101' title="bbox 2100 3803 3694 3875; baseline -0.005 -10"><span class='ocrx_word' id='word_1_709' title='bbox 2100 3810 2272 3865; x_wconf 90' lang='lat' dir='ltr'>soleat</span> <span class='ocrx_word' id='word_1_710' title='bbox 2315 3806 2627 3864; x_wconf 90' lang='lat' dir='ltr'>indiscretio</span> <span class='ocrx_word' id='word_1_711' title='bbox 2674 3803 2943 3875; x_wconf 89' lang='lat' dir='ltr'>comitari)</span> <span class='ocrx_word' id='word_1_712' title='bbox 2989 3811 3097 3867; x_wconf 91' lang='lat' dir='ltr'>aut,</span> <span class='ocrx_word' id='word_1_713' title='bbox 3151 3803 3295 3875; x_wconf 91' lang='lat' dir='ltr'>quod</span> <span class='ocrx_word' id='word_1_714' title='bbox 3324 3803 3568 3875; x_wconf 86' lang='lat' dir='ltr'>graviter</span> <span class='ocrx_word' id='word_1_715' title='bbox 3596 3803 3694 3858; x_wconf 89' lang='lat' dir='ltr'>do-</span> 
     </span>
    </p>
   </div>
   <div class='ocr_carea' id='block_1_102' title="bbox 2100 3892 3694 3967">
    <p class='ocr_par' dir='ltr' id='par_1_102' title="bbox 2100 3892 3694 3967">
     <span class='ocr_line' id='line_1_102' title="bbox 2100 3892 3694 3967; baseline -0.005 -13"><span class='ocrx_word' id='word_1_716' title='bbox 2100 3899 2317 3954; x_wconf 89' lang='lat' dir='ltr'>lendum</span> <span class='ocrx_word' id='word_1_717' title='bbox 2372 3904 2473 3962; x_wconf 86' lang='lat' dir='ltr'>est,</span> <span class='ocrx_word' id='word_1_718' title='bbox 2522 3893 2977 3967; x_wconf 89' lang='lat' dir='ltr'>perseverantiam</span> <span class='ocrx_word' id='word_1_719' title='bbox 3028 3892 3293 3963; x_wconf 86' lang='lat' dir='ltr'>perdunt;</span> <span class='ocrx_word' id='word_1_720' title='bbox 3328 3898 3420 3946; x_wconf 90' lang='lat' dir='ltr'>aut</span> <span class='ocrx_word' id='word_1_721' title='bbox 3467 3907 3694 3964; x_wconf 87' lang='lat' dir='ltr'>gravem</span> 
     </span>
    </p>
   </div>
   <div class='ocr_carea' id='block_1_103' title="bbox 2100 3979 3695 4058">
    <p class='ocr_par' dir='ltr' id='par_1_103' title="bbox 2100 3979 3695 4058">
     <span class='ocr_line' id='line_1_103' title="bbox 2100 3979 3695 4058; baseline -0.004 -16"><span class='ocrx_word' id='word_1_722' title='bbox 2100 3987 2366 4058; x_wconf 87' lang='lat' dir='ltr'>corporis,</span> <span class='ocrx_word' id='word_1_723' title='bbox 2419 3984 2746 4057; x_wconf 88' lang='lat' dir='ltr'>quandoque</span> <span class='ocrx_word' id='word_1_724' title='bbox 2790 3997 2922 4037; x_wconf 92' lang='lat' dir='ltr'>vero</span> <span class='ocrx_word' id='word_1_725' title='bbox 2967 3988 3021 4036; x_wconf 91' lang='lat' dir='ltr'>et</span> <span class='ocrx_word' id='word_1_726' title='bbox 3062 3980 3258 4035; x_wconf 89' lang='lat' dir='ltr'>mentis</span> <span class='ocrx_word' id='word_1_727' title='bbox 3288 3979 3695 4035; x_wconf 87' lang='lat' dir='ltr'>invalitudinem</span> 
     </span>
    </p>
   </div>
   <div class='ocr_carea' id='block_1_104' title="bbox 2100 4068 3694 4140">
    <p class='ocr_par' dir='ltr' id='par_1_104' title="bbox 2100 4068 3694 4140">
     <span class='ocr_line' id='line_1_104' title="bbox 2100 4068 3694 4140; baseline -0.006 -9"><span class='ocrx_word' id='word_1_728' title='bbox 2100 4075 2458 4139; x_wconf 90' lang='lat' dir='ltr'>incurrentes,</span> <span class='ocrx_word' id='word_1_729' title='bbox 2491 4073 2560 4127; x_wconf 88' lang='lat' dir='ltr'>ad</span> <span class='ocrx_word' id='word_1_730' title='bbox 2590 4072 2817 4137; x_wconf 90' lang='lat' dir='ltr'>leviora,</span> <span class='ocrx_word' id='word_1_731' title='bbox 2850 4078 2905 4125; x_wconf 93' lang='lat' dir='ltr'>et</span> <span class='ocrx_word' id='word_1_732' title='bbox 2932 4069 3092 4123; x_wconf 90' lang='lat' dir='ltr'>nimis</span> <span class='ocrx_word' id='word_1_733' title='bbox 3124 4068 3352 4123; x_wconf 89' lang='lat' dir='ltr'>remissa</span> <span class='ocrx_word' id='word_1_734' title='bbox 3372 4084 3493 4140; x_wconf 72' lang='lat' dir='ltr'>qua:</span> <span class='ocrx_word' id='word_1_735' title='bbox 3512 4068 3694 4123; x_wconf 91' lang='lat' dir='ltr'>omni-</span> 
     </span>
    </p>
   </div>
   <div class='ocr_carea' id='block_1_105' title="bbox 2102 4156 3482 4234">
    <p class='ocr_par' dir='ltr' id='par_1_105' title="bbox 2102 4156 3482 4234">
     <span class='ocr_line' id='line_1_105' title="bbox 2102 4156 3482 4234; baseline -0.006 -15"><span class='ocrx_word' id='word_1_736' title='bbox 2102 4180 2172 4219; x_wconf 92' lang='lat' dir='ltr'>no</span> <span class='ocrx_word' id='word_1_737' title='bbox 2195 4161 2483 4234; x_wconf 88' lang='lat' dir='ltr'>reliquisse</span> <span class='ocrx_word' id='word_1_738' title='bbox 2514 4160 2833 4224; x_wconf 89' lang='lat' dir='ltr'>debuerant,</span> <span class='ocrx_word' id='word_1_739' title='bbox 2867 4158 3043 4213; x_wconf 91' lang='lat' dir='ltr'>redire</span> <span class='ocrx_word' id='word_1_740' title='bbox 3064 4156 3482 4228; x_wconf 89' lang='lat' dir='ltr'>compelluntur.</span> 
     </span>
    </p>
   </div>
   <div class='ocr_carea' id='block_1_106' title="bbox 2172 4244 3698 4318">
    <p class='ocr_par' dir='ltr' id='par_1_106' title="bbox 2172 4244 3698 4318">
     <span class='ocr_line' id='line_1_106' title="bbox 2172 4244 3698 4318; baseline -0.005 -10"><span class='ocrx_word' id='word_1_741' title='bbox 2172 4246 2525 4308; x_wconf 27' lang='lat' dir='ltr'>De‘silentio.</span> <span class='ocrx_word' id='word_1_742' title='bbox 2556 4279 2625 4289; x_wconf 89' lang='lat'>-—</span> <span class='ocrx_word' id='word_1_743' title='bbox 2657 4248 2753 4302; x_wconf 83' lang='lat' dir='ltr'>llis</span> <span class='ocrx_word' id='word_1_744' title='bbox 2800 4247 2965 4318; x_wconf 88' lang='lat' dir='ltr'>igitur</span> <span class='ocrx_word' id='word_1_745' title='bbox 3006 4245 3323 4317; x_wconf 68' lang='lat' dir='ltr'>praemissis,</span> <span class='ocrx_word' id='word_1_746' title='bbox 3368 4245 3436 4300; x_wconf 90' lang='lat' dir='ltr'>de</span> <span class='ocrx_word' id='word_1_747' title='bbox 3484 4244 3698 4301; x_wconf 86' lang='lat' dir='ltr'>silentio</span> 
     </span>
    </p>
   </div>
   <div class='ocr_carea' id='block_1_107' title="bbox 2101 4330 3698 4412">
    <p class='ocr_par' dir='ltr' id='par_1_107' title="bbox 2101 4330 3698 4412">
     <span class='ocr_line' id='line_1_107' title="bbox 2101 4330 3698 4412; baseline -0.004 -17"><span class='ocrx_word' id='word_1_748' title='bbox 2101 4330 2257 4412; x_wconf 86' lang='lat' dir='ltr'>prius</span> <span class='ocrx_word' id='word_1_749' title='bbox 2280 4340 2543 4394; x_wconf 86' lang='lat' dir='ltr'>dicamus.</span> <span class='ocrx_word' id='word_1_750' title='bbox 2574 4338 2689 4392; x_wconf 90' lang='lat' dir='ltr'>Hoc</span> <span class='ocrx_word' id='word_1_751' title='bbox 2719 4336 2940 4391; x_wconf 85' lang='lat' dir='ltr'>omnino</span> <span class='ocrx_word' id='word_1_752' title='bbox 2971 4333 3067 4389; x_wconf 90' lang='lat' dir='ltr'>tibi</span> <span class='ocrx_word' id='word_1_753' title='bbox 3097 4334 3505 4389; x_wconf 83' lang='lat' dir='ltr'>observandum</span> <span class='ocrx_word' id='word_1_754' title='bbox 3539 4333 3698 4389; x_wconf 90' lang='lat' dir='ltr'>vide-</span> 
     </span>
    </p>
   </div>
   <div class='ocr_carea' id='block_1_108' title="bbox 2102 4422 3698 4497">
    <p class='ocr_par' dir='ltr' id='par_1_108' title="bbox 2102 4422 3698 4497">
     <span class='ocr_line' id='line_1_108' title="bbox 2102 4422 3698 4497; baseline -0.005 -13"><span class='ocrx_word' id='word_1_755' title='bbox 2102 4438 2207 4495; x_wconf 92' lang='lat' dir='ltr'>tur,</span> <span class='ocrx_word' id='word_1_756' title='bbox 2241 4437 2299 4483; x_wconf 89' lang='lat' dir='ltr'>ut</span> <span class='ocrx_word' id='word_1_757' title='bbox 2326 4443 2357 4482; x_wconf 89' lang='lat' dir='ltr'>a</span> <span class='ocrx_word' id='word_1_758' title='bbox 2385 4424 2749 4497; x_wconf 91' lang='lat' dir='ltr'>Completorio</span> <span class='ocrx_word' id='word_1_759' title='bbox 2778 4439 2949 4495; x_wconf 88' lang='lat' dir='ltr'>usque</span> <span class='ocrx_word' id='word_1_760' title='bbox 2971 4423 3040 4477; x_wconf 91' lang='lat' dir='ltr'>ad</span> <span class='ocrx_word' id='word_1_761' title='bbox 3069 4422 3308 4477; x_wconf 89' lang='lat' dir='ltr'>Primam</span> <span class='ocrx_word' id='word_1_762' title='bbox 3339 4423 3528 4478; x_wconf 75' lang='lat' dir='ltr'>aestivo</span> <span class='ocrx_word' id='word_1_763' title='bbox 3557 4430 3698 4477; x_wconf 92' lang='lat' dir='ltr'>tem-</span> 
     </span>
    </p>
   </div>
   <div class='ocr_carea' id='block_1_109' title="bbox 2103 4511 3697 4590">
    <p class='ocr_par' dir='ltr' id='par_1_109' title="bbox 2103 4511 3697 4590">
     <span class='ocr_line' id='line_1_109' title="bbox 2103 4511 3697 4590; baseline -0.005 -17"><span class='ocrx_word' id='word_1_764' title='bbox 2103 4534 2256 4590; x_wconf 88' lang='lat' dir='ltr'>pore,</span> <span class='ocrx_word' id='word_1_765' title='bbox 2290 4516 2509 4570; x_wconf 89' lang='lat' dir='ltr'>hiemali</span> <span class='ocrx_word' id='word_1_766' title='bbox 2538 4529 2669 4570; x_wconf 90' lang='lat' dir='ltr'>vero</span> <span class='ocrx_word' id='word_1_767' title='bbox 2699 4521 2962 4583; x_wconf 90' lang='lat' dir='ltr'>tempore,</span> <span class='ocrx_word' id='word_1_768' title='bbox 2987 4527 3161 4583; x_wconf 74' lang='lat' dir='ltr'>usque</span> <span class='ocrx_word' id='word_1_769' title='bbox 3181 4511 3250 4565; x_wconf 91' lang='lat' dir='ltr'>ad</span> <span class='ocrx_word' id='word_1_770' title='bbox 3270 4511 3506 4566; x_wconf 90' lang='lat' dir='ltr'>Tertiam</span> <span class='ocrx_word' id='word_1_771' title='bbox 3526 4511 3697 4566; x_wconf 86' lang='lat' dir='ltr'>silen-</span> 
     </span>
    </p>
   </div>
   <div class='ocr_carea' id='block_1_110' title="bbox 2105 4599 3699 4671">
    <p class='ocr_par' dir='ltr' id='par_1_110' title="bbox 2105 4599 3699 4671">
     <span class='ocr_line' id='line_1_110' title="bbox 2105 4599 3699 4671; baseline -0.004 -10"><span class='ocrx_word' id='word_1_772' title='bbox 2105 4606 2237 4661; x_wconf 92' lang='lat' dir='ltr'>tium</span> <span class='ocrx_word' id='word_1_773' title='bbox 2286 4613 2492 4660; x_wconf 89' lang='lat' dir='ltr'>teneas.</span> <span class='ocrx_word' id='word_1_774' title='bbox 2542 4604 2679 4659; x_wconf 90' lang='lat' dir='ltr'>Cum</span> <span class='ocrx_word' id='word_1_775' title='bbox 2725 4601 2870 4656; x_wconf 91' lang='lat' dir='ltr'>enim</span> <span class='ocrx_word' id='word_1_776' title='bbox 2900 4616 3118 4670; x_wconf 89' lang='lat' dir='ltr'>semper</span> <span class='ocrx_word' id='word_1_777' title='bbox 3150 4601 3429 4671; x_wconf 90' lang='lat' dir='ltr'>(quantum</span> <span class='ocrx_word' id='word_1_778' title='bbox 3460 4616 3550 4654; x_wconf 91' lang='lat' dir='ltr'>res</span> <span class='ocrx_word' id='word_1_779' title='bbox 3579 4599 3699 4670; x_wconf 87' lang='lat' dir='ltr'>ipsa</span> 
     </span>
    </p>
   </div>
   <div class='ocr_carea' id='block_1_111' title="bbox 2104 4688 3698 4766">
    <p class='ocr_par' dir='ltr' id='par_1_111' title="bbox 2104 4688 3698 4766">
     <span class='ocr_line' id='line_1_111' title="bbox 2104 4688 3698 4766; baseline -0.004 -17"><span class='ocrx_word' id='word_1_780' title='bbox 2104 4693 2381 4766; x_wconf 89' lang='lat' dir='ltr'>permittit)</span> <span class='ocrx_word' id='word_1_781' title='bbox 2439 4691 2712 4747; x_wconf 90' lang='lat' dir='ltr'>silentium</span> <span class='ocrx_word' id='word_1_782' title='bbox 2760 4697 2982 4759; x_wconf 89' lang='lat' dir='ltr'>captare</span> <span class='ocrx_word' id='word_1_783' title='bbox 3021 4696 3074 4743; x_wconf 91' lang='lat' dir='ltr'>et</span> <span class='ocrx_word' id='word_1_784' title='bbox 3104 4688 3295 4743; x_wconf 85' lang='lat' dir='ltr'>sectari</span> <span class='ocrx_word' id='word_1_785' title='bbox 3324 4688 3547 4755; x_wconf 89' lang='lat' dir='ltr'>debeas,</span> <span class='ocrx_word' id='word_1_786' title='bbox 3578 4704 3698 4742; x_wconf 90' lang='lat' dir='ltr'>ma-</span> 
     </span>
    </p>
   </div>
   <div class='ocr_carea' id='block_1_112' title="bbox 2105 4775 3701 4843">
    <p class='ocr_par' dir='ltr' id='par_1_112' title="bbox 2105 4775 3701 4843">
     <span class='ocr_line' id='line_1_112' title="bbox 2105 4775 3701 4843; baseline -0.004 -5"><span class='ocrx_word' id='word_1_787' title='bbox 2105 4784 2248 4838; x_wconf 86' lang='lat' dir='ltr'>xime</span> <span class='ocrx_word' id='word_1_788' title='bbox 2278 4790 2441 4837; x_wconf 92' lang='lat' dir='ltr'>noctu</span> <span class='ocrx_word' id='word_1_789' title='bbox 2471 4796 2580 4836; x_wconf 91' lang='lat' dir='ltr'>non</span> <span class='ocrx_word' id='word_1_790' title='bbox 2627 4787 2710 4834; x_wconf 89' lang='lat' dir='ltr'>est</span> <span class='ocrx_word' id='word_1_791' title='bbox 2752 4777 3082 4843; x_wconf 88' lang='lat' dir='ltr'>violandum,</span> <span class='ocrx_word' id='word_1_792' title='bbox 3130 4775 3235 4831; x_wconf 89' lang='lat' dir='ltr'>nisi</span> <span class='ocrx_word' id='word_1_793' title='bbox 3273 4776 3570 4831; x_wconf 90' lang='lat' dir='ltr'>vehemens</span> <span class='ocrx_word' id='word_1_794' title='bbox 3597 4792 3701 4832; x_wconf 89' lang='lat' dir='ltr'>ne-</span> 
     </span>
    </p>
   </div>
   <div class='ocr_carea' id='block_1_113' title="bbox 2107 4865 3700 4940">
    <p class='ocr_par' dir='ltr' id='par_1_113' title="bbox 2107 4865 3700 4940">
     <span class='ocr_line' id='line_1_113' title="bbox 2107 4865 3700 4940; baseline -0.005 -13"><span class='ocrx_word' id='word_1_795' title='bbox 2107 4872 2335 4927; x_wconf 88' lang='lat' dir='ltr'>cessitas</span> <span class='ocrx_word' id='word_1_796' title='bbox 2356 4868 2663 4940; x_wconf 88' lang='lat' dir='ltr'>compellat,</span> <span class='ocrx_word' id='word_1_797' title='bbox 2689 4875 2745 4921; x_wconf 93' lang='lat' dir='ltr'>ut</span> <span class='ocrx_word' id='word_1_798' title='bbox 2770 4865 2957 4937; x_wconf 90' lang='lat' dir='ltr'>paucis</span> <span class='ocrx_word' id='word_1_799' title='bbox 2976 4865 3178 4931; x_wconf 89' lang='lat' dir='ltr'>verbis,</span> <span class='ocrx_word' id='word_1_800' title='bbox 3211 4872 3263 4919; x_wconf 90' lang='lat' dir='ltr'>et</span> <span class='ocrx_word' id='word_1_801' title='bbox 3292 4881 3413 4920; x_wconf 91' lang='lat' dir='ltr'>cum</span> <span class='ocrx_word' id='word_1_802' title='bbox 3436 4865 3700 4920; x_wconf 89' lang='lat' dir='ltr'>modestia</span> 
     </span>
    </p>
   </div>
   <div class='ocr_carea' id='block_1_114' title="bbox 2105 4953 3699 5032">
    <p class='ocr_par' dir='ltr' id='par_1_114' title="bbox 2105 4953 3699 5032">
     <span class='ocr_line' id='line_1_114' title="bbox 2105 4953 3699 5032; baseline -0.003 -19"><span class='ocrx_word' id='word_1_803' title='bbox 2105 4960 2364 5032; x_wconf 84' lang='lat' dir='ltr'>prolatis,</span> <span class='ocrx_word' id='word_1_804' title='bbox 2416 4974 2507 5013; x_wconf 90' lang='lat' dir='ltr'>res</span> <span class='ocrx_word' id='word_1_805' title='bbox 2572 4956 2881 5013; x_wconf 89' lang='lat' dir='ltr'>necessaria</span> <span class='ocrx_word' id='word_1_806' title='bbox 2935 4953 3289 5027; x_wconf 82' lang='lat' dir='ltr'>significetur.</span> <span class='ocrx_word' id='word_1_807' title='bbox 3345 4953 3533 5011; x_wconf 90' lang='lat' dir='ltr'>Otiosa</span> <span class='ocrx_word' id='word_1_808' title='bbox 3569 4969 3699 5010; x_wconf 90' lang='lat' dir='ltr'>vero</span> 
     </span>
    </p>
   </div>
   <div class='ocr_carea' id='block_1_115' title="bbox 2107 5042 3699 5115">
    <p class='ocr_par' dir='ltr' id='par_1_115' title="bbox 2107 5042 3699 5115">
     <span class='ocr_line' id='line_1_115' title="bbox 2107 5042 3699 5115; baseline -0.005 -11"><span class='ocrx_word' id='word_1_809' title='bbox 2107 5048 2296 5115; x_wconf 90' lang='lat' dir='ltr'>verba,</span> <span class='ocrx_word' id='word_1_810' title='bbox 2332 5056 2385 5103; x_wconf 92' lang='lat' dir='ltr'>et</span> <span class='ocrx_word' id='word_1_811' title='bbox 2414 5045 2614 5101; x_wconf 91' lang='lat' dir='ltr'>nullius</span> <span class='ocrx_word' id='word_1_812' title='bbox 2644 5043 2883 5099; x_wconf 90' lang='lat' dir='ltr'>utilitatis</span> <span class='ocrx_word' id='word_1_813' title='bbox 2908 5043 3125 5114; x_wconf 89' lang='lat' dir='ltr'>pondus</span> <span class='ocrx_word' id='word_1_814' title='bbox 3155 5042 3431 5108; x_wconf 89' lang='lat' dir='ltr'>habentia,</span> <span class='ocrx_word' id='word_1_815' title='bbox 3464 5057 3574 5098; x_wconf 88' lang='lat' dir='ltr'>non</span> <span class='ocrx_word' id='word_1_816' title='bbox 3603 5057 3699 5097; x_wconf 90' lang='lat' dir='ltr'>so-</span> 
     </span>
    </p>
   </div>
   <div class='ocr_carea' id='block_1_116' title="bbox 2107 5130 3700 5205">
    <p class='ocr_par' dir='ltr' id='par_1_116' title="bbox 2107 5130 3700 5205">
     <span class='ocr_line' id='line_1_116' title="bbox 2107 5130 3700 5205; baseline -0.006 -12"><span class='ocrx_word' id='word_1_817' title='bbox 2107 5138 2218 5193; x_wconf 90' lang='lat' dir='ltr'>lum</span> <span class='ocrx_word' id='word_1_818' title='bbox 2263 5151 2373 5191; x_wconf 88' lang='lat' dir='ltr'>non</span> <span class='ocrx_word' id='word_1_819' title='bbox 2410 5135 2580 5190; x_wconf 90' lang='lat' dir='ltr'>debes</span> <span class='ocrx_word' id='word_1_820' title='bbox 2621 5132 2910 5205; x_wconf 89' lang='lat' dir='ltr'>aliquando</span> <span class='ocrx_word' id='word_1_821' title='bbox 2959 5131 3126 5203; x_wconf 86' lang='lat' dir='ltr'>loqui,</span> <span class='ocrx_word' id='word_1_822' title='bbox 3160 5130 3258 5186; x_wconf 87' lang='lat' dir='ltr'>sed</span> <span class='ocrx_word' id='word_1_823' title='bbox 3286 5146 3389 5187; x_wconf 88' lang='lat' dir='ltr'>nec</span> <span class='ocrx_word' id='word_1_824' title='bbox 3418 5130 3486 5185; x_wconf 89' lang='lat' dir='ltr'>ab</span> <span class='ocrx_word' id='word_1_825' title='bbox 3515 5130 3700 5202; x_wconf 88' lang='lat' dir='ltr'>aliquo</span> 
     </span>
    </p>
   </div>
   <div class='ocr_carea' id='block_1_117' title="bbox 2109 5218 3701 5285">
    <p class='ocr_par' dir='ltr' id='par_1_117' title="bbox 2109 5218 3701 5285">
     <span class='ocr_line' id='line_1_117' title="bbox 2109 5218 3701 5285; baseline -0.005 -4"><span class='ocrx_word' id='word_1_826' title='bbox 2109 5225 2316 5281; x_wconf 91' lang='lat' dir='ltr'>audire.</span> <span class='ocrx_word' id='word_1_827' title='bbox 2347 5224 2540 5280; x_wconf 90' lang='lat' dir='ltr'>Nullus</span> <span class='ocrx_word' id='word_1_828' title='bbox 2584 5222 2679 5276; x_wconf 89' lang='lat' dir='ltr'>tibi</span> <span class='ocrx_word' id='word_1_829' title='bbox 2721 5221 2947 5285; x_wconf 87' lang='lat' dir='ltr'>fabulas,</span> <span class='ocrx_word' id='word_1_830' title='bbox 2999 5220 3085 5276; x_wconf 89' lang='lat' dir='ltr'>vel</span> <span class='ocrx_word' id='word_1_831' title='bbox 3114 5219 3489 5285; x_wconf 90' lang='lat' dir='ltr'>scurrilitates,</span> <span class='ocrx_word' id='word_1_832' title='bbox 3522 5218 3701 5279; x_wconf 86' lang='lat' dir='ltr'>nullus</span> 
     </span>
    </p>
   </div>
   <div class='ocr_carea' id='block_1_118' title="bbox 2108 5307 3701 5382">
    <p class='ocr_par' dir='ltr' id='par_1_118' title="bbox 2108 5307 3701 5382">
     <span class='ocr_line' id='line_1_118' title="bbox 2108 5307 3701 5382; baseline -0.006 -12"><span class='ocrx_word' id='word_1_833' title='bbox 2108 5330 2357 5371; x_wconf 89' lang='lat' dir='ltr'>rumores</span> <span class='ocrx_word' id='word_1_834' title='bbox 2395 5312 2723 5369; x_wconf 86' lang='lat' dir='ltr'>exteriorum</span> <span class='ocrx_word' id='word_1_835' title='bbox 2752 5310 3096 5382; x_wconf 89' lang='lat' dir='ltr'>negotiorum</span> <span class='ocrx_word' id='word_1_836' title='bbox 3126 5308 3327 5363; x_wconf 88' lang='lat' dir='ltr'>audeat</span> <span class='ocrx_word' id='word_1_837' title='bbox 3356 5307 3591 5363; x_wconf 81' lang='lat' dir='ltr'>referre.</span> <span class='ocrx_word' id='word_1_838' title='bbox 3632 5308 3701 5361; x_wconf 89' lang='lat' dir='ltr'>ll-</span> 
     </span>
    </p>
   </div>
   <div class='ocr_carea' id='block_1_119' title="bbox 2111 5395 3698 5468">
    <p class='ocr_par' dir='ltr' id='par_1_119' title="bbox 2111 5395 3698 5468">
     <span class='ocr_line' id='line_1_119' title="bbox 2111 5395 3698 5468; baseline -0.005 -10"><span class='ocrx_word' id='word_1_839' title='bbox 2111 5404 2202 5459; x_wconf 92' lang='lat' dir='ltr'>lud</span> <span class='ocrx_word' id='word_1_840' title='bbox 2231 5410 2439 5458; x_wconf 92' lang='lat' dir='ltr'>tantum</span> <span class='ocrx_word' id='word_1_841' title='bbox 2467 5400 2593 5456; x_wconf 88' lang='lat' dir='ltr'>audi</span> <span class='ocrx_word' id='word_1_842' title='bbox 2622 5400 2872 5467; x_wconf 89' lang='lat' dir='ltr'>libenter,</span> <span class='ocrx_word' id='word_1_843' title='bbox 2907 5398 3052 5453; x_wconf 90' lang='lat' dir='ltr'>unde</span> <span class='ocrx_word' id='word_1_844' title='bbox 3084 5398 3200 5452; x_wconf 91' lang='lat' dir='ltr'>Deo</span> <span class='ocrx_word' id='word_1_845' title='bbox 3228 5397 3432 5467; x_wconf 88' lang='lat' dir='ltr'>gratias</span> <span class='ocrx_word' id='word_1_846' title='bbox 3460 5412 3617 5468; x_wconf 85' lang='lat' dir='ltr'>agas,</span> <span class='ocrx_word' id='word_1_847' title='bbox 3652 5395 3698 5450; x_wconf 88' lang='lat' dir='ltr'>si</span> 
     </span>
    </p>
   </div>
   <div class='ocr_carea' id='block_1_120' title="bbox 2111 5485 3701 5556">
    <p class='ocr_par' dir='ltr' id='par_1_120' title="bbox 2111 5485 3701 5556">
     <span class='ocr_line' id='line_1_120' title="bbox 2111 5485 3701 5556; baseline -0.006 -9"><span class='ocrx_word' id='word_1_848' title='bbox 2111 5491 2370 5547; x_wconf 81' lang='lat' dir='ltr'>beneﬁcia</span> <span class='ocrx_word' id='word_1_849' title='bbox 2416 5489 2597 5545; x_wconf 86' lang='lat' dir='ltr'>divina</span> <span class='ocrx_word' id='word_1_850' title='bbox 2636 5495 2778 5553; x_wconf 90' lang='lat' dir='ltr'>sunt,</span> <span class='ocrx_word' id='word_1_851' title='bbox 2829 5487 2916 5542; x_wconf 90' lang='lat' dir='ltr'>vel</span> <span class='ocrx_word' id='word_1_852' title='bbox 2958 5485 3102 5541; x_wconf 91' lang='lat' dir='ltr'>unde</span> <span class='ocrx_word' id='word_1_853' title='bbox 3147 5501 3334 5541; x_wconf 88' lang='lat' dir='ltr'>coram</span> <span class='ocrx_word' id='word_1_854' title='bbox 3362 5486 3479 5541; x_wconf 90' lang='lat' dir='ltr'>Deo</span> <span class='ocrx_word' id='word_1_855' title='bbox 3507 5500 3701 5556; x_wconf 90' lang='lat' dir='ltr'>preces</span> 
     </span>
    </p>
   </div>
   <div class='ocr_carea' id='block_1_121' title="bbox 2112 5573 3703 5646">
    <p class='ocr_par' dir='ltr' id='par_1_121' title="bbox 2112 5573 3703 5646">
     <span class='ocr_line' id='line_1_121' title="bbox 2112 5573 3703 5646; baseline -0.004 -11"><span class='ocrx_word' id='word_1_856' title='bbox 2112 5579 2381 5646; x_wconf 79' lang='lat' dir='ltr'>etfundas,</span> <span class='ocrx_word' id='word_1_857' title='bbox 2413 5578 2459 5634; x_wconf 91' lang='lat' dir='ltr'>si</span> <span class='ocrx_word' id='word_1_858' title='bbox 2489 5576 2662 5632; x_wconf 89' lang='lat' dir='ltr'>tristia</span> <span class='ocrx_word' id='word_1_859' title='bbox 2691 5577 2798 5631; x_wconf 86' lang='lat' dir='ltr'>sint</span> <span class='ocrx_word' id='word_1_860' title='bbox 2826 5575 2911 5632; x_wconf 89' lang='lat' dir='ltr'>vel</span> <span class='ocrx_word' id='word_1_861' title='bbox 2940 5575 3194 5630; x_wconf 87' lang='lat' dir='ltr'>adversa.</span> <span class='ocrx_word' id='word_1_862' title='bbox 3227 5574 3419 5630; x_wconf 90' lang='lat' dir='ltr'>Omnis</span> <span class='ocrx_word' id='word_1_863' title='bbox 3439 5573 3530 5645; x_wconf 89' lang='lat' dir='ltr'>qui</span> <span class='ocrx_word' id='word_1_864' title='bbox 3552 5574 3621 5629; x_wconf 90' lang='lat' dir='ltr'>ad</span> <span class='ocrx_word' id='word_1_865' title='bbox 3650 5581 3703 5629; x_wconf 91' lang='lat' dir='ltr'>te</span> 
     </span>
    </p>
   </div>
   <div class='ocr_carea' id='block_1_122' title="bbox 2114 5662 3706 5733">
    <p class='ocr_par' dir='ltr' id='par_1_122' title="bbox 2114 5662 3706 5733">
     <span class='ocr_line' id='line_1_122' title="bbox 2114 5662 3706 5733; baseline -0.006 -8"><span class='ocrx_word' id='word_1_866' title='bbox 2114 5668 2279 5733; x_wconf 83' lang='lat' dir='ltr'>venit,</span> <span class='ocrx_word' id='word_1_867' title='bbox 2331 5667 2417 5723; x_wconf 87' lang='lat' dir='ltr'>vel</span> <span class='ocrx_word' id='word_1_868' title='bbox 2447 5674 2556 5722; x_wconf 88' lang='lat' dir='ltr'>ate</span> <span class='ocrx_word' id='word_1_869' title='bbox 2603 5666 2744 5721; x_wconf 89' lang='lat' dir='ltr'>bona</span> <span class='ocrx_word' id='word_1_870' title='bbox 2792 5663 2992 5728; x_wconf 85' lang='lat' dir='ltr'>audiat,</span> <span class='ocrx_word' id='word_1_871' title='bbox 3026 5663 3113 5720; x_wconf 90' lang='lat' dir='ltr'>vel</span> <span class='ocrx_word' id='word_1_872' title='bbox 3141 5662 3235 5718; x_wconf 89' lang='lat' dir='ltr'>tibi</span> <span class='ocrx_word' id='word_1_873' title='bbox 3266 5663 3409 5719; x_wconf 89' lang='lat' dir='ltr'>bona</span> <span class='ocrx_word' id='word_1_874' title='bbox 3439 5663 3610 5719; x_wconf 84' lang='lat' dir='ltr'>dicat.</span> <span class='ocrx_word' id='word_1_875' title='bbox 3648 5662 3706 5717; x_wconf 91' lang='lat' dir='ltr'>Si</span> 
     </span>
    </p>
   </div>
  </div>
