3938 6408
309 382 418 435 893

1659 357 2019 420 EPISTOLE
2054 356 2253 414 TRES.

3518 348 3619 402 894

308 517 443 559 vero
485 498 730 574 religiosi
775 497 864 554 vel
910 494 1102 552 eruditi
1144 493 1248 550 viri
1290 500 1342 549 te
1388 490 1627 555 visitant,
1675 484 1914 558 paratior
1940 482 2147 542 Acum
2175 483 2497 553 gratiarum
2530 481 2783 547 actione,
2822 479 3124 553 petitiones
3144 478 3340 532 vestra:
3360 474 3622 529 innotes-

302 607 533 662 semper
580 598 698 645 este
744 588 886 642 bona
927 585 998 640 ab
1028 584 1108 639 eis
1136 582 1323 638 audire
1353 596 1519 652 quam
1544 577 1749 633 dicere.
1785 574 1914 627 Haec

313 681 359 736 si
385 681 677 736 observare
733 674 1026 740 studueris,
1085 688 1195 727 non
1242 668 1537 741 impedient
1566 663 1913 721 devotionem

312 769 496 827 cordis
533 766 610 822 tui
637 766 1019 837 phantasmata
1047 759 1365 828 vanitatum,
1387 757 1444 811 in
1462 752 1764 828 psalmodia
1786 758 1838 805 et
1858 749 1913 802 in

314 858 575 916 oratione.
633 854 851 923 Quanta
887 866 1021 907 vero
1078 848 1376 905 necessitas
1412 848 1531 901 haec
1586 840 1912 898 observandi

315 947 411 1002 tibi
449 944 741 1008 incumbat,
772 942 857 997 his
908 937 1231 995 testimoniis
1262 936 1665 1006 Scripturarum
1694 938 1911 985 sancta-

313 1052 429 1091 rum
460 1034 701 1089 adverte.
726 1029 992 1086 Dominus
1012 1027 1068 1082 in
1086 1024 1391 1096 Evangelio
1412 1022 1572 1078 dicit:
1592 1021 1765 1076 Omne
1798 1035 1914 1074 ver-

315 1125 446 1180 bum
475 1124 713 1180 otiosum
744 1119 887 1191 quod
920 1118 1094 1175 locuti
1121 1115 1343 1187 fuerint
1365 1112 1641 1175 homines,
1672 1107 1913 1163 reddent

313 1213 598 1268 rationem
619 1210 683 1265 de
704 1224 765 1265 eo
795 1208 860 1262 in
894 1206 984 1262 die
1007 1202 1218 1278 judicii
1248 1202 1473 1277 (Matth.
1498 1214 1592 1264 xu,
1628 1195 1740 1251 36).
1776 1196 1912 1250 Item

312 1301 571 1372 scriptum
601 1305 684 1354 est
714 1314 729 1352 :
761 1296 827 1352 In
854 1292 1215 1365 multiloquio
1231 1307 1348 1348 non
1369 1289 1597 1361 effugies
1612 1287 1911 1358 peccatum

312 1392 499 1462 (Prov.
520 1386 701 1456 x,19),
726 1392 779 1441 et
794 1402 807 1440 :
837 1385 926 1441 Vir
944 1383 1241 1454 linguosus
1254 1394 1371 1435 non
1384 1378 1666 1448 dirigetur
1678 1375 1741 1428 in
1756 1376 1911 1428 terra

312 1479 488 1550 (Psal.
508 1489 728 1539 cxxxtx,
750 1474 839 1543 12)
864 1490 877 1526 :
897 1478 949 1527 et
968 1486 1120 1526 mors
1137 1472 1193 1524 et
1209 1468 1327 1524 vita
1344 1464 1679 1521 inmanibus
1703 1462 1911 1550 lingua:

311 1568 494 1639 (Prov.
527 1578 685 1630 xvm,
720 1562 833 1632 21).
875 1559 984 1615 Fac
1017 1558 1184 1631 igitur
1212 1555 1359 1627 quod
1397 1553 1533 1607 dicis
1560 1552 1615 1606 in
1656 1549 1908 1621 psalmo:

314 1655 471 1722 Dixi,
519 1652 834 1709 custodiam
872 1650 988 1705 vias
1014 1662 1189 1712 meas,
1227 1648 1293 1700 ut
1326 1659 1443 1699 non
1481 1641 1809 1712 delinquam
1846 1639 1911 1693 in

317 1746 512 1816 lingua
531 1757 693 1809 mea;
712 1738 877 1812 posui
896 1737 981 1792 ori
996 1752 1118 1791 meo
1147 1732 1461 1789 custodiam
1478 1730 1655 1799 (Psal.
1679 1741 1910 1793 xxxvm,

2014 574 2150 625 eant
2184 570 2333 641 apud
2353 572 2531 625 Deum
2549 569 2720 637 (Phil.
2736 584 2815 637 ιγ,
2840 568 2914 638 6).
2940 565 3202 635 Ejusdem
3237 576 3453 633 quoque
3474 562 3623 630 Ape-

2015 658 2141 713 steli
2162 657 2482 714 auctoritate
2510 673 2521 711 :
2548 657 2863 730 Corporalis
2882 654 3221 711 exercitatio
3242 651 3313 706 ad
3336 648 3620 704 modicum

2013 747 2279 819 prodest,-
2312 748 2500 819 pietas
2532 751 2725 802 autem
2758 746 2829 801 ad
2858 743 3051 801 omnia
3082 745 3164 797 est
3200 740 3364 796 utilis
3399 739 3450 808 (Ι
3480 737 3616 792 Tim.

2014 850 2089 901 IV,
2117 836 2197 907 8).

2085 951 2162 1005 De
2175 952 2359 1022 pretio
2380 965 2631 1021 operum.
2651 979 2720 988 —
2740 949 2820 1003 De
2831 947 3006 1018 pretio
3019 960 3247 1016 operum
3258 951 3476 998 tuorum
3498 956 3620 1013 quae

2015 1037 2110 1092 tibi
2139 1038 2449 1093 necessaria
2497 1044 2654 1092 erunt
2699 1038 2770 1091 ad
2814 1034 3273 1091 continuationem
3328 1029 3513 1101 aperis
3543 1028 3621 1084 tui

2015 1127 2379 1197 comparabis,
2432 1142 2552 1197 quae
2601 1141 2731 1181 vero
2771 1130 3111 1196 supererunt,
3158 1123 3212 1176 in
3259 1121 3346 1175 his
3376 1134 3495 1191 quae
3525 1117 3620 1172 tibi

2014 1215 2336 1270 necessaria
2367 1222 2523 1269 erunt
2552 1214 2625 1269 ad
2655 1217 2908 1269 vestitum
2939 1211 3236 1283 expendes.
3268 1210 3384 1264 Nec
3412 1208 3483 1262 ab
3512 1206 3619 1261 alio

2015 1319 2320 1374 expensam
2350 1303 2405 1357 in
2453 1303 2697 1358 vestibus
2728 1302 2978 1373 accipere
3006 1316 3184 1365 cures,
3215 1298 3262 1353 si
3291 1296 3388 1352 tibi
3418 1311 3513 1352 eas
3548 1295 3618 1349 de

2013 1407 2177 1462 opere
2208 1399 2300 1447 tuo
2332 1390 2657 1447 suﬁicienter
2675 1390 2877 1461 poteris
2897 1403 3235 1460 comparare.
3257 1386 3398 1441 Nam
3413 1383 3617 1440 victum

2014 1479 2216 1535 scimus
2244 1486 2297 1534 te
2330 1480 2398 1535 de
2429 1479 2755 1535 monasterio
2784 1478 3013 1533 habere.
3042 1476 3284 1531 Hisvero
3306 1489 3429 1545 qua:
3448 1486 3617 1543 supra

2013 1568 2156 1623 dicta
2186 1575 2311 1622 sunt
2358 1568 2602 1639 exceptis
2645 1574 2837 1623 caveto
2885 1564 3127 1629 omnino,
3161 1572 3214 1619 et
3242 1559 3614 1618 abominabile

2013 1655 2218 1720 ducito,
2264 1656 2469 1728 aliquid
2518 1656 2613 1711 tibi
2658 1655 2813 1727 quasi
2858 1654 3141 1727 proprium
3173 1651 3493 1717 recondere,
3526 1648 3615 1704 vel

2014 1744 2272 1800 retinere.
2306 1744 2415 1799 Sed
2465 1744 2729 1816 quidquid
2757 1743 2853 1798 tibi
2878 1750 3004 1813 post
3032 1755 3330 1813 expensam
3360 1754 3480 1811 quia
3508 1753 3613 1793 ne-

310 1833 404 1903 23)
439 1846 452 1886 :
491 1829 584 1885 ubi
623 1835 676 1885 et
723 1825 969 1898 sequitur
1000 1838 1012 1878 :
1052 1822 1337 1886 Obmutui,
1375 1823 1432 1875 et
1481 1818 1620 1873 silui
1667 1834 1702 1872 a
1752 1816 1902 1872 bonis

2011 1832 2250 1888 cessaria
2282 1840 2362 1888 est
2388 1833 2458 1887 ad
2506 1840 2709 1903 vestes,
2739 1840 2793 1887 et
2832 1832 2903 1887 ad
2942 1829 3396 1902 praeparationem
3425 1826 3614 1897 operis

312 1922 486 1993 (Ibid.,
526 1919 601 1988 3).
631 1917 688 1973 Si
726 1930 861 1989 ergo
904 1914 1059 1983 juxta
1097 1910 1447 1981 Prephetam,
1481 1907 1651 1962 debes
1681 1912 1909 1993 propter

308 1992 634 2084 gravitatem
688 2002 909 2070 silentii,
945 1999 1240 2073 aliquando
1270 1997 1433 2053 silere
1463 1995 1625 2051 etiam
1662 2010 1693 2049 a
1727 1992 1905 2056 bonis,

311 2083 475 2173 quam
516 2097 682 2167 longe
726 2092 928 2148 debent
950 2107 983 2146 a
1015 2097 1067 2145 te
1094 2104 1217 2143 esse
1262 2102 1387 2158 quae
1416 2085 1563 2139 bona
1590 2099 1701 2139 non
1731 2083 1905 2136 sunt?

381 2187 593 2241 Contra
623 2183 989 2238 otiositatem.
1022 2208 1092 2219 -
1117 2176 1275 2232 Nunc
1304 2175 1374 2230 de
1400 2172 1755 2242 occupatione
1787 2171 1906 2241 spi-

307 2275 582 2332 ritualium
603 2272 688 2328 vel
708 2268 1069 2341 corporalium
1084 2280 1312 2337 eperum
1324 2276 1741 2333 prosequamur.
1758 2259 1907 2328 Que-

304 2365 451 2421 niam
478 2369 738 2419 constans
767 2366 849 2414 est
878 2356 1204 2412 otiositatem
1236 2352 1515 2407 inimicam
1537 2365 1660 2404 esse
1687 2347 1901 2415 animae,

307 2463 361 2510 et
379 2449 673 2523 Apostolus
693 2446 822 2503 dicit
856 2462 869 2502 :
909 2446 1013 2515 Qui
1034 2460 1147 2499 non
1168 2445 1455 2514 eperatur,
1470 2455 1574 2494 nec
1596 2437 1903 2501 manducet

304 2544 381 2614 (II
414 2542 595 2597 Thess.
637 2552 719 2603 ut,
754 2535 864 2605 10),
915 2539 1125 2605 oportet
1172 2538 1229 2585 ut
1271 2529 1452 2600 aliquo
1483 2525 1709 2598 spiritali
1736 2540 1905 2595 Opere

306 2635 633 2700 occupatum
661 2633 712 2681 te
742 2622 890 2679 omni
921 2630 1167 2691 tempore
1196 2633 1303 2691 quo
1330 2615 1641 2687 vigilaveris
1669 2620 1905 2669 tentater

305 2717 564 2776 inveniat.
615 2715 934 2785 Congruum
975 2710 1140 2765 etiam
1184 2707 1343 2762 nobis
1389 2704 1621 2771 videtur,
1669 2710 1726 2756 ut
1750 2703 1904 2771 juxta

312 2807 565 2865 eumdem
593 2801 932 2874 Apostolum,
958 2797 1271 2855 secundum
1292 2794 1548 2851 ordinem
1568 2793 1614 2860 (Ι
1638 2791 1760 2846 Cor.
1788 2806 1898 2856 xtv,

306 2899 420 2967 40),
470 2896 589 2950 haec
628 2891 821 2947 eadem
875 2902 1044 2959 Opera
1090 2894 1176 2940 tua
1224 2883 1550 2955 distinguas.
1584 2878 1902 2935 Matutinum

307 2986 472 3059 igitur
500 2992 733 3053 tempus,
764 2992 937 3049 usque
966 2976 1035 3030 ad
1063 2972 1303 3030 Tertiam
1331 2971 1387 3026 in
1408 2971 1608 3036 hieme,
1641 2969 1698 3023 in
1716 2975 1902 3023 azstate

305 3056 435 3131 vero
465 3086 637 3144 usque
680 3068 749 3124 ad
787 3066 1023 3121 Primam
1070 3061 1446 3134 spiritualibus
1492 3057 1764 3114 exercitiis
1794 3056 1897 3111 im-

305 3163 504 3237 pende.
530 3156 835 3230 Spiritualia
854 3169 988 3211 vare
1008 3167 1176 3224 opera
1193 3150 1551 3222 appellamus,
1575 3146 1896 3215 orationem,
1925 3191 1972 3255 Ο

305 3235 519 3309 sacram
565 3247 873 3312 lectionem,
919 3250 1162 3298 sanctam
1193 3238 1615 3305 meditationem,
1667 3244 1720 3290 et
1748 3235 1899 3307 psal-

303 3340 559 3396 modiam.
592 3338 694 3392 Per
722 3334 993 3405 reliquum
1020 3338 1199 3386 autem
1227 3337 1442 3399 tempus
1466 3326 1594 3392 diei,
1630 3341 1803 3396 usque
1831 3324 1902 3379 ad

305 3431 595 3500 Vesperas,
626 3423 808 3495 alique
826 3420 940 3477 utili
960 3435 1124 3490 opere
1144 3432 1402 3472 manuum
1423 3421 1720 3485 occupatus
1742 3420 1858 3468 esto
1882 3431 1898 3479 ;

302 3519 375 3574 ita
404 3523 459 3571 ut
504 3512 762 3569 brevibus
804 3508 1139 3565 orationibus
1188 3505 1319 3560 illud
1347 3505 1737 3573 interrumpas.
1770 3502 1901 3556 Post

301 3608 577 3676 Vesperas
625 3608 807 3657 autem
854 3596 1228 3669 spiritualibus
1269 3593 1528 3664 operibus
1556 3606 1766 3659 vacare,
1802 3589 1900 3645 sed

299 3702 352 3751 et
381 3702 529 3758 tunc,
557 3696 821 3762 quantum
850 3686 1074 3758 poteris,
1108 3683 1320 3740 silentio
1353 3696 1579 3754 operam
1608 3680 1743 3735 dare
1776 3694 1897 3733 me-

300 3788 505 3838 mento.
557 3780 684 3835 Post
745 3772 1170 3846 Cempletorium
1216 3786 1349 3828 vero
1373 3813 1386 3837 ,
1436 3768 1605 3842 quieti
1649 3768 1899 3823 membra

298 3872 432 3928 dare
461 3884 572 3925 non
598 3865 835 3923 differas.
868 3863 1072 3919 Diebus
1101 3861 1253 3916 festis
1280 3858 1512 3914 maxime
1542 3858 1711 3913 debes
1742 3856 1900 3927 spiri-

299 3959 536 4016 tualibus
578 3954 770 4012 studiis
798 3967 1021 4024 operam
1050 3951 1200 4017 dare,
1233 3956 1394 4021 prout
1422 3946 1518 4001 tibi
1548 3945 1811 4002 Dominus
1842 3945 1899 3999 in

297 4048 379 4106 eis
412 4047 704 4110 fervorem,
738 4051 790 4098 et
818 4040 1049 4113 gratiam
1075 4047 1341 4111 praestare
1360 4035 1693 4107 dignabitur.
1716 4034 1900 4089 Nove-

296 4138 376 4193 ris
406 4146 585 4191 tamen
613 4132 806 4189 melius
834 4147 957 4187 esse
986 4130 1057 4185 ad
1086 4127 1305 4199 aliquod
1334 4142 1474 4197 opus
1502 4139 1777 4187 manuum.
1812 4122 1897 4177 vi-

298 4226 482 4284 cissim
503 4238 810 4291 recurrere,
830 4235 995 4293 quam
1012 4215 1356 4273 dermitaude
1377 4213 1597 4270 lectioni
1618 4212 1893 4278 insistere,

299 4324 354 4372 et
390 4331 455 4370 ex
513 4310 818 4385 prolixitate
875 4307 1124 4364 lectionis
1182 4304 1401 4360 taedium
1454 4302 1730 4359 incurrere
1783 4316 1795 4354 :
1840 4308 1899 4355 ut

299 4418 581 4477 praecurso
612 4400 794 4472 aliquo
823 4413 1011 4469 opere,
1036 4402 1190 4469 grata
1222 4392 1592 4449 vicissitudine
1616 4406 1799 4445 rursus
1828 4388 1894 4443 ad

302 4492 607 4549 orationem
637 4488 723 4544 vel
761 4487 1052 4544 lectionem
1083 4483 1383 4539 ferventior
1409 4495 1732 4552 consurgas.
1766 4478 1896 4534 Tale

298 4589 482 4638 autem
512 4595 652 4649 opus
698 4584 827 4633 tunc
855 4575 1038 4636 facito.
1072 4572 1218 4645 quod
1256 4571 1455 4643 quiete,
1490 4577 1544 4624 et
1571 4551 1688 4623 sine
1718 4568 1896 4622 sonitu
1915 4551 1967 4609 D

296 4669 469 4742 possit
514 4666 653 4732 ﬁeri,
703 4681 773 4721 ne
821 4664 977 4719 turba
1015 4661 1312 4717 indiscreta
1342 4656 1659 4713 scandalum
1690 4664 1889 4710 sumat.

297 4760 444 4813 Cave
492 4763 669 4811 autem
717 4770 788 4809 ne
831 4767 1069 4823 unquam
1119 4765 1243 4805 eam
1292 4746 1708 4803 sollicitudinem
1751 4744 1899 4801 circa

295 4862 436 4918 opus
475 4842 694 4915 aliquod
741 4840 1028 4912 corporale
1057 4839 1278 4904 habeas,
1315 4853 1435 4908 qum
1463 4843 1515 4891 te
1544 4834 1777 4897 tardum.
1811 4832 1898 4888 vel

296 4934 538 5006 tepidum
588 4931 754 4988 faciat
802 4930 872 4986 ad
914 4928 1235 4992 orationem,
1277 4926 1384 4992 vel,
1417 4924 1488 4980 ad
1532 4931 1729 4979 caetera
1778 4937 1899 4994 quae

296 5021 653 5096 spiritualiter
709 5027 835 5076 sunt
887 5016 1156 5073 facienda.
1215 5015 1338 5070 Non
1397 5012 1539 5069 enim
1595 5010 1900 5084 corporalia

296 5111 545 5168 exercitia
591 5107 962 5180 spiritualibus
992 5104 1353 5176 praeferenda,
1388 5102 1485 5158 sed
1514 5101 1684 5157 multo
1713 5099 1897 5155 excel-

294 5200 493 5255 lentius
547 5196 846 5269 spiritualia
893 5202 1020 5250 sunt
1069 5192 1447 5264 corporalibus
1491 5189 1893 5261 anteponenda.

293 5289 428 5359 Quae
446 5285 811 5358 corporaliter
838 5283 1025 5349 facies,
1047 5298 1147 5338 suo
1177 5290 1419 5352 tempore
1443 5289 1680 5347 strenue,
1714 5287 1767 5333 et
1797 5279 1900 5332 im-

291 5378 449 5449 pigre
506 5374 656 5430 ﬁant.
689 5372 845 5429 Absit
874 5379 1058 5427 autem
1086 5377 1145 5425 ut
1173 5378 1322 5425 tuum
1349 5368 1647 5435 fervorem,
1680 5367 1766 5422 vel
1795 5367 1896 5422 de-

291 5467 565 5523 votionem
610 5479 734 5535 qua:
786 5461 932 5518 circa
983 5459 1290 5531 spiritualia
1339 5457 1509 5513 debes
1553 5457 1777 5522 habere,
1812 5454 1897 5510 sui

289 5571 423 5613 cura
453 5553 542 5610 vel
569 5550 933 5608 sollicitudine
952 5548 1274 5621 impediant.
1298 5546 1453 5603 Nihil
1475 5546 1714 5603 solliciti
1742 5545 1893 5611 sitis,

289 5643 361 5699 ait
390 5641 705 5716 Apostolus,
736 5639 834 5697 sed
850 5641 911 5696 in
930 5638 1090 5695 omni
1104 5638 1361 5695 oratione
1386 5656 1404 5693 :
1435 5640 1491 5693 et
1511 5634 1897 5693 obsecratione

357 5814 429 5884 (1)
455 5818 650 5881 Cotum,
676 5814 829 5867 Gallis
852 5814 1051 5865 coussin
1066 5851 1081 5879 ,
1109 5824 1170 5863 ex
1201 5810 1469 5865 Teutonico
1494 5810 1700 5863 Kanon.

2008 1920 2086 1975 tui
2115 1921 2419 1992 supererit;
2451 1921 2539 1977 vel
2578 1921 2648 1975 de
2677 1920 2762 1976 his
2793 1936 2915 1992 quas
2947 1918 3041 1973 tibi
3071 1918 3210 1974 forte
3240 1917 3310 1972 ab
3339 1914 3612 1986 aliquibus

2009 2008 2186 2064 servis
2235 2009 2336 2064 Dei
2365 2009 2657 2076 dabuntur,
2691 2009 2781 2064 vel
2809 2009 2877 2064 de
2909 2007 3082 2079 pretio
3113 2020 3343 2077 operum
3370 2012 3607 2070 tuorum,

2008 2098 2262 2152 continuo
2306 2097 2490 2169 (prout
2535 2097 2632 2152 tibi
2669 2097 2959 2167 videbitur)
3005 2093 3419 2151 necessitatibus
3464 2092 3611 2147 indi-

2008 2186 2250 2257 gentium
2272 2185 2528 2257 impende
2548 2205 2562 2253 ;
2586 2194 2663 2255 ut,
2681 2186 2830 2254 juxta
2841 2184 3179 2256 Apostolum,
3196 2182 3477 2256 operando
3497 2199 3616 2237 ma-

2007 2274 2171 2331 nibus
2200 2275 2316 2329 tuis
2335 2276 2478 2347 quod
2514 2277 2719 2330 bonum
2743 2278 2847 2340 est,
2874 2274 3077 2329 habeas
3097 2273 3246 2327 unde
3269 2271 3484 2326 tribuas
3503 2286 3609 2325 ne-

2005 2365 2329 2419 cessitatem
2350 2365 2601 2435 patienti
2621 2364 2841 2435 (Ephes.
2862 2379 2936 2429 IV,
2957 2362 3071 2432 28).
3095 2360 3255 2429 Quod
3283 2359 3329 2414 si
3357 2358 3609 2430 aliquan-

2005 2452 2077 2506 do
2108 2451 2203 2505 tibi
2234 2452 2347 2507 vult
2377 2451 2573 2523 aliquis
2615 2452 2747 2507 dare
2779 2451 2927 2523 quod
2957 2449 3333 2506 necessarium
3361 2463 3471 2503 non
3499 2448 3606 2502 ha-

2005 2540 2161 2607 beas,
2222 2548 2499 2595 memento
2556 2540 2821 2610 scriptum
2853 2556 2976 2595 esse
3011 2556 3024 2593 :
3059 2539 3289 2595 Beatius
3311 2536 3490 2608 magis
3521 2540 3605 2592 est

2005 2628 2141 2684 dare
2161 2645 2329 2702 quam
2356 2631 2615 2701 accipere
2647 2631 2793 2697 (Act.
2819 2646 2906 2694 xx,
2933 2630 3042 2698 15).
3076 2626 3232 2682 Absit
3255 2626 3402 2681 enim
3432 2624 3605 2680 utali-

2005 2733 2109 2789 qua
2154 2718 2239 2773 vel
2291 2718 2398 2773 levi
2451 2718 2746 2788 cupiditate
2784 2726 3023 2772 mentem
3072 2724 3220 2771 tuam
3258 2714 3523 2780 macules,
3552 2721 3606 2769 et

2002 2805 2239 2877 gratiam
2295 2805 2458 2872 illius,
2517 2806 2609 2877 qui
2665 2814 2717 2862 te
2771 2806 3002 2872 vocavit,
3031 2821 3063 2859 a
3110 2813 3159 2859 te
3199 2803 3457 2874 repellas,
3518 2802 3608 2857 vel

2004 2894 2306 2961 retinendo,
2340 2896 2427 2950 vel
2459 2895 2899 2965 concupiscendo
2928 2894 3074 2966 quod
3103 2892 3475 2949 necessarium
3494 2907 3606 2946 non

2002 2983 2208 3050 habes;
2242 2984 2335 3055 qui
2362 3000 2472 3039 non
2502 2984 2678 3039 solum
2705 2985 2925 3050 munde,
2960 2992 3014 3039 et
3042 2982 3317 3037 universis
3337 2980 3604 3050 concupi-

2002 3073 2225 3127 scentiis
2275 3073 2393 3141 ejus
2445 3073 2859 3142 abrenuntiasti,
2906 3073 3003 3127 sed
3042 3072 3205 3127 etiam
3252 3070 3603 3139 temetipsum

2002 3161 2309 3233 abnegasti,
2342 3169 2400 3216 ut
2428 3177 2643 3217 crucem
2674 3169 2823 3217 tuam
2852 3169 2975 3233 post
3002 3162 3189 3217 lesum
3210 3159 3499 3231 portando,
3533 3158 3605 3212 ad

2007 3250 2125 3319 ejus
2155 3250 2426 3322 promissa
2454 3251 2760 3322 pervenias.

2076 3366 2284 3433 Quibus
2332 3367 2575 3422 vestibus
2607 3365 2906 3422 utendum.
2938 3396 3007 3406 —-
3035 3365 3117 3420 De
3148 3363 3346 3419 vestitu
3373 3378 3502 3418 vero
3532 3361 3608 3417 ita

2002 3454 2159 3508 nobis
2204 3454 2435 3523 videtur,
2484 3455 2628 3526 quod
2659 3470 2691 3508 a
2720 3454 2878 3509 lineis
2909 3454 3152 3508 vestibus
3181 3451 3401 3507 omnino
3431 3450 3606 3505 absti-

2000 3559 2130 3597 nere
2158 3542 2339 3613 possis
2385 3550 2438 3598 et
2467 3544 2692 3609 debeas,
2742 3551 2794 3597 ct
2821 3542 3014 3608 laneis,
3065 3550 3225 3612 atque
3255 3539 3485 3611 pelliciis
3513 3538 3603 3593 in-

2002 3631 2278 3686 dumentis
2331 3638 2616 3687 contentus
2646 3648 2789 3686 esse.
2824 3630 2982 3700 Quod
3008 3630 3054 3685 si
3086 3629 3183 3684 tibi
3209 3629 3285 3683 ita
3314 3626 3599 3699 placuerit,

2000 3720 2142 3775 habe
2172 3737 2270 3792 pro
2321 3721 2561 3779 camisiis
2611 3721 2824 3776 duabus
2854 3721 2989 3775 duas
3015 3718 3247 3774 tunicas.
3288 3717 3603 3789 Caligarum

2001 3809 2109 3865 duo
2137 3808 2293 3881 paria
2337 3810 2423 3866 vel
2455 3810 2573 3877 tria,
2625 3818 2852 3881 propter
2880 3808 3139 3864 hiemalia
3165 3807 3393 3880 frigora.
3428 3806 3605 3861 Pedu-

2000 3898 2070 3952 lia
2100 3915 2220 3970 qua!
2251 3898 2542 3955 sufficiant.
2576 3899 2849 3954 Pelliciam
2894 3913 3083 3967 unam,
3115 3905 3205 3951 aut
3234 3897 3387 3962 duas,
3422 3895 3468 3949 si
3498 3911 3603 3950 ne-

2001 3988 2270 4042 cessarias
2297 3988 2588 4057 judicabis,
2622 3996 2675 4043 et
2703 3988 2894 4059 pelles,
2927 3995 2979 4043 et
3004 4001 3257 4058 cappam.
3291 3985 3375 4041 Ad
3405 3985 3603 4040 lectum

2002 4076 2197 4131 habeto
2252 4084 2515 4143 stramen,
2573 4075 2792 4141 filtrum,
2856 4076 3252 4147 coopertorium
3296 4075 3365 4129 de
3395 4073 3606 4145 gressis

2000 4164 2183 4219 ovium
2238 4165 2473 4235 pellibus
2529 4166 2731 4221 rustice
2786 4181 2967 4236 panno
3013 4172 3354 4236 cooperlum,
3387 4163 3474 4219 vel
3504 4178 3604 4218 00-

1998 4261 2113 4308 tum
2132 4254 2230 4325 (1),
2256 4253 2557 4324 pulvinum,
2583 4254 2652 4308 ad
2674 4261 2855 4324 caput.
2882 4254 3033 4309 Habe
3054 4269 3268 4325 quoque
3290 4253 3427 4307 duas
3447 4268 3599 4321 acus,

2001 4340 2171 4408 filum,
2206 4351 2257 4397 et
2284 4340 2522 4408 forﬁces,
2558 4349 2611 4397 et
2641 4341 2953 4409 hujusmodi
2982 4340 3411 4413 suppellectilem
3439 4357 3601 4413 quam

1998 4430 2096 4486 tibi
2125 4430 2337 4487 videbis
2394 4446 2516 4486 esse
2572 4430 2963 4497 necessariam,
2995 4446 3064 4485 ne
3093 4429 3310 4502 cogaris
3340 4428 3468 4484 talia
3496 4446 3602 4501 pe-

2000 4520 2165 4575 tendo
2196 4520 2269 4574 ab
2320 4519 2460 4587 aliis,
2523 4519 2797 4574 silentium
2829 4534 3097 4590 rumpere,
3130 4517 3219 4572 vel
3246 4517 3602 4590 indigentiam

1998 4609 2255 4681 patiendo
2286 4608 2706 4663 sollicitudinem
2735 4607 2961 4662 habere.
2998 4607 3223 4661 Videtur
3242 4606 3403 4661 etiam
3421 4606 3598 4675 nobis,

1998 4698 2144 4770 quod
2202 4697 2572 4753 canonicalem
2630 4696 2891 4762 habitum,
2953 4695 3170 4767 quando
3227 4711 3470 4766 praesens
3501 4696 3603 4751 erit

1998 4786 2304 4857 episcopus,
2338 4786 2589 4857 accipere
2620 4785 2843 4850 debeas,
2875 4792 2930 4838 ut
2961 4800 3068 4839 non
3101 4782 3277 4838 solum
3300 4784 3472 4851 locus,
3504 4786 3603 4840 sed

1998 4884 2051 4931 et
2080 4875 2295 4929 habitus
2324 4873 2778 4930 commonefaciat
2809 4882 2860 4929 te
2892 4875 2959 4928 ad
2994 4872 3176 4928 sobrie
3206 4880 3259 4928 et
3286 4872 3375 4943 pie
3407 4872 3604 4929 viven-

1998 4965 2125 5019 dum
2153 4979 2335 5019 ceram
2368 4963 2461 5019 illo
2491 4963 2582 5035 qui
2611 4963 3055 5019 abscenditorum
3096 4972 3179 5019 est
3220 4962 3490 5035 cognitor.

2067 5091 2343 5159 Quomodo
2364 5093 2773 5164 jejunandum.
2806 5124 2876 5133 —
2906 5095 2977 5148 De
3007 5092 3333 5149 abstinentia
3362 5091 3447 5147 vel
3470 5092 3607 5161 jeju-

1997 5180 2103 5235 niis
2149 5181 2223 5235 ita
2270 5181 2478 5252 accipe.
2525 5182 2669 5237 Dicit
2712 5181 2929 5253 quidem
2968 5183 3261 5254 Apostolus
3313 5199 3325 5238 :
3379 5184 3603 5256 Castigo

1996 5287 2198 5342 corpus
2225 5287 2435 5338 meum,
2454 5275 2511 5326 et
2533 5272 2593 5326 in
2607 5272 2939 5325 servitutem
2962 5271 3147 5343 redigo
3170 5272 3217 5340 (I
3238 5272 3358 5329 Cor.
3383 5287 3463 5341 lx,
3487 5276 3601 5343 27).

1996 5358 2067 5413 Et
2098 5358 2289 5414 iterum
2324 5377 2337 5413 :
2374 5360 2479 5426 Qui
2528 5364 2723 5414 autem
2751 5364 2890 5415 sunt
2916 5359 3143 5425 Christi,
3176 5377 3409 5416 carnem
3437 5378 3605 5418 suam

1998 5444 2420 5513 cruciﬁxerunt
2449 5460 2582 5499 cum
2603 5443 2759 5499 vitiis
2781 5446 2837 5498 et
2858 5446 3333 5516 concupiscentiis
3355 5446 3485 5514 (Gal
3497 5486 3511 5500 .
3545 5462 3600 5511 ν,

1995 5532 2109 5600 24).
2141 5532 2250 5587 Sed
2306 5531 2567 5603 quoniam
2627 5531 2935 5600 hujusmodi
2985 5531 3261 5599 habitatio,
3296 5549 3455 5605 quam
3486 5533 3603 5591 Dco

1997 5619 2298 5692 inspirante
2355 5619 2600 5692 clegisti,
2666 5619 2803 5677 solet
2858 5620 3076 5675 sanitati
3132 5621 3325 5699 capitis
3380 5630 3603 5699 propter
