3938 6400
320 363 424 416 895

1225 364 1583 421 BERNARDI
1621 364 1877 421 CARTH.
1926 362 2312 421 PORTARUM
2349 364 2627 422 PRIORIS
2665 367 2708 422 Ι.

3510 368 3610 420 896

316 501 503 541 aerem
533 486 803 544 inclusum
847 490 1062 558 obesse,
1111 489 1255 561 quod
1305 497 1356 545 et
1385 490 1583 546 crebra
1605 489 1810 559 jejunia
1840 488 1915 543 fa-
1936 490 1985 550 Α
2020 489 2234 545 redeas.
2266 491 2416 546 Tunc
2444 498 2646 557 autem,
2677 490 2814 547 sicut
2843 506 3003 562 supra
3034 490 3289 561 diximus,
3322 490 3611 562 spirituali-

314 589 441 629 cere
474 584 772 631 noscuntur
798 596 812 644 ;
845 593 953 632 non
984 577 1320 632 arbitramur
1350 578 1445 633 tibi
1477 578 1735 649 expedire
1768 578 1909 649 quod

312 679 571 735 magnum
622 664 959 722 abstinentiae
988 666 1232 739 rigorem
1264 682 1539 721 assumas.
1580 667 1750 738 Igitur
1782 667 1914 721 satis

314 768 437 807 esse
467 753 760 821 credimus,
796 764 852 808 ut
883 763 1038 810 sexta
1070 755 1204 810 feria
1236 756 1405 810 semel
1436 755 1665 819 reficias,
1700 772 1796 826 per
1826 764 1913 809 to—

307 847 421 893 tum
452 856 653 895 annum
687 859 700 895 :
732 843 1052 899 abstinendo
1082 844 1301 914 quidem
1324 859 1352 898 a
1377 844 1521 910 vino,
1549 845 1644 898 sed
1666 844 1913 914 pulmen-

312 935 420 981 tum
452 930 757 996 sumendo;
790 931 895 984 nisi
925 930 1047 985 festi
1089 932 1228 997 dies,
1281 931 1367 985 vel
1397 940 1605 987 octavae
1635 948 1915 987 sacrarum

310 1016 713 1072 solemnitatum
761 1019 971 1073 Natalis
1021 1020 1257 1088 Domini,
1312 1021 1536 1076 Paschze
1566 1028 1619 1075 et
1652 1021 1918 1076 Penteco-

311 1111 423 1159 stes
453 1106 807 1172 occurrerint,
853 1108 938 1161 vel
985 1108 1310 1181 sanguinem
1343 1108 1623 1175 minueris,
1662 1108 1745 1163 vel
1776 1109 1918 1163 forte

310 1200 550 1264 aegrotus
581 1192 771 1249 fueris.
809 1193 966 1263 Quod
998 1196 1044 1249 si
1067 1203 1253 1267 quarta
1273 1194 1409 1251 feria
1431 1196 1620 1251 eadem
1643 1196 1920 1251 abstinen-

310 1280 382 1335 tia
414 1281 507 1335 tibi
550 1282 906 1355 transigenda
954 1284 1215 1347 videatur,
1264 1284 1399 1339 nihil
1447 1284 1674 1339 ulterius
1705 1285 1917 1339 adden-

312 1368 442 1423 dum
472 1384 781 1425 censemus.
835 1371 1047 1440 Jejunia
1089 1372 1233 1427 enim
1280 1373 1335 1426 in
1380 1388 1520 1443 pane
1559 1381 1611 1427 et
1659 1389 1817 1444 aqua,
1852 1386 1919 1426 ea

311 1472 472 1527 quam
506 1475 670 1529 supra
704 1459 938 1514 diximus
967 1476 1149 1527 causa,
1182 1477 1290 1514 non
1317 1461 1641 1515 arbitramur
1672 1461 1765 1515 tibi
1795 1476 1919 1515 esse

311 1547 597 1601 commoda
630 1562 643 1600 :
676 1547 781 1601 nisi
826 1547 962 1603 forte
1010 1548 1258 1603 videatur
1305 1549 1399 1602 tibi
1447 1549 1526 1605 sic
1558 1565 1681 1604 esse
1712 1549 1916 1603 transi—

311 1635 523 1713 gendas
554 1635 770 1708 vigilias
793 1637 984 1691 barum
1006 1636 1427 1702 solemnitatum,
1450 1638 1658 1692 Natalis
1677 1638 1916 1705 Domini,

314 1722 557 1789 Paschae,
592 1725 960 1789 Pentecostes,
994 1725 1346 1780 Ascensionis
1377 1733 1429 1780 et
1459 1725 1514 1781 S.
1550 1726 1775 1781 Joannis
1811 1727 1917 1780 Ba-

2016 577 2120 633 bus
2150 578 2360 645 studiis,
2401 594 2510 634 non
2559 594 2751 634 somno
2798 579 2970 634 debes
3016 594 3236 650 Operam
3282 579 3435 633 dare.
3469 579 3611 634 Raro

2016 666 2158 720 enim
2191 666 2283 738 qui
2315 667 2540 721 studiosi
2570 676 2693 722 sunt
2742 667 2795 722 in
2846 667 3197 738 spiritalibus,
3231 666 3322 722 tali
3352 675 3612 738 tempore,

2017 754 2121 807 nisi
2153 754 2289 810 forte
2320 755 2634 810 minutionis
2661 772 2827 811 causa
2857 756 3090 811 dormire
3129 756 3324 810 solent.
3383 754 3539 823 Quod
3569 755 3616 810 si

2019 842 2312 913 aliquando
2360 844 2678 914 productior
2718 844 2854 899 hora
2884 854 3198 914 superesset
3226 860 3399 915 usque
3426 843 3494 897 ad
3524 842 3614 897 lu-

2019 946 2161 999 cem,
2195 939 2246 985 et
2276 931 2654 986 dormiendum
2680 932 2773 986 tibi
2794 941 3035 1003 putares,
3060 932 3357 987 orationem
3381 931 3612 998 solitam,

2018 1020 2063 1073 si
2095 1035 2287 1075 somno
2334 1020 2495 1074 nimis
2536 1028 2796 1093 gravatus
2840 1035 2948 1075 non
2997 1036 3151 1075 esses
3190 1020 3424 1075 deberes
3465 1020 3615 1090 prius

2019 1106 2201 1163 facere
2230 1128 2243 1175 ;
2280 1116 2329 1164 et
2360 1116 2567 1178 postea,
2592 1108 2638 1162 si
2659 1109 2728 1162 ita
2750 1116 3044 1179 oporteret,
3071 1109 3344 1179 paulisper
3363 1124 3615 1163 somnum

2026 1205 2270 1267 gustare.
2321 1197 2377 1251 Si
2407 1205 2587 1251 autem
2619 1196 2791 1252 libros
2818 1197 3163 1252 necessarios
3191 1197 3260 1251 ad
3290 1205 3613 1252 nocturnum

2018 1284 2258 1339 cilicium
2289 1301 2398 1339 non
2429 1285 2661 1340 haberes
2691 1286 2852 1357 (quos
2881 1293 3060 1341 tamen
3091 1285 3185 1339 tibi
3206 1284 3486 1340 defuturos
3506 1300 3614 1340 non

2021 1373 2398 1444 arbitramur),
2447 1373 2681 1428 deberes
2726 1373 2812 1428 vel
2860 1381 3006 1439 ante,
3054 1373 3140 1428 vel
3169 1373 3313 1429 circa
3342 1388 3612 1437 auroram,

2017 1462 2086 1515 ad
2118 1462 2437 1527 orationem,
2473 1469 2522 1516 et
2552 1462 2618 1516 ad
2651 1461 2857 1532 aliquid
2886 1462 3032 1516 aliud
3069 1461 3414 1532 spiritualiter
3446 1476 3617 1532 agen-

2020 1549 2149 1604 dum
2181 1566 2511 1621 exsurgere.
2548 1551 2609 1605 In
2639 1558 2822 1605 testate
2849 1565 3083 1621 quoque,
3117 1550 3263 1621 quod
3291 1565 3432 1620 pene
3462 1548 3616 1604 obliti

2020 1636 2319 1705 fueramus,
2372 1638 2541 1695 debes
2582 1647 2707 1710 post
2756 1638 3056 1705 meridiem,
3090 1638 3227 1694 sicut
3256 1645 3310 1693 et
3339 1637 3610 1706 monachi,

2020 1726 2262 1782 dormire
2274 1768 2287 1782 .

310 1810 507 1882 ptistre,
570 1811 717 1866 Petri
764 1821 815 1867 et
878 1812 1031 1867 Pauli
1074 1812 1461 1884 apostolorum,
1514 1814 1912 1886 Assumptionis
1938 1840 1991 1901 Β
2094 1815 2166 1870 De
2198 1817 2456 1871 oratione
2484 1815 2791 1872 communi.
2824 1843 2893 1854 —
2922 1813 3169 1869 Orationi
3198 1814 3609 1881 instantissime,

314 1898 489 1954 beatae
519 1899 717 1966 Mariae,
752 1909 803 1955 et
821 1899 1075 1955 Omnium
1100 1901 1444 1957 Sanctorum.
1469 1902 1756 1974 Reliquum
1778 1919 1910 1959 vero

309 1995 525 2058 tempus
565 1988 728 2043 totius
773 1989 918 2053 anni,
970 2005 1124 2044 more
1170 1992 1561 2046 monachorum
1600 1990 1693 2045 tibi
1724 1998 1911 2046 trans-

307 2075 570 2148 igendum
598 2084 884 2147 putamus;
917 2085 975 2132 ut
1006 2078 1234 2144 scilicet,
1268 2079 1334 2133 ab
1356 2080 1540 2134 Idibus
1572 2080 1912 2150 Septembris

309 2180 486 2234 usque
515 2165 585 2219 ad
617 2166 824 2221 Pascha
854 2166 1025 2222 semel
1055 2167 1348 2232 comedas;
1380 2183 1413 2222 a
1443 2169 1646 2223 Pascha
1670 2184 1803 2224 vero
1820 2185 1911 2223 us-

313 2268 419 2323 que
448 2253 516 2307 ad
564 2253 786 2308 easdem
834 2255 962 2308 Idus
993 2255 1077 2310 bis
1108 2253 1337 2310 reficias.
1372 2256 1563 2311 Vinum
1595 2272 1813 2328 quoque
1841 2257 1912 2312 ad

307 2357 622 2396 mensuram
670 2344 1081 2408 monachorum,
1124 2343 1222 2399 sed
1269 2360 1546 2415 nunquam
1596 2361 1793 2415 purum
1824 2345 1911 2399 bi-

308 2429 507 2495 bendo,
556 2438 608 2485 et
650 2439 863 2497 cratera,
913 2448 1033 2503 qua:
1070 2432 1165 2486 tibi
1213 2432 1283 2487 ab
1333 2432 1412 2486 eis
1440 2432 1908 2499 ministrabuntur,

307 2533 430 2574 cum
461 2518 762 2591 gratiarum
815 2520 1028 2575 actione
1073 2520 1430 2592 percipiendo
1462 2535 1475 2574 :
1509 2529 1736 2592 excepto
1766 2522 1912 2593 quod

306 2621 340 2661 a
371 2607 629 2661 carnibus
659 2615 711 2662 et
767 2608 1040 2680 sanguine
1086 2608 1211 2679 (nisi
1265 2609 1485 2680 quando
1532 2609 1912 2681 argrotaveris)

304 2694 403 2749 tibi
435 2694 819 2750 abstinendum
869 2704 1141 2767 putamus.
1178 2697 1317 2751 Illud
1347 2706 1488 2751 atem
1520 2698 1914 2770 Evangelicum

304 2791 520 2854 oportet
551 2791 602 2838 te
631 2784 686 2838 in
717 2783 1015 2840 refectione
1047 2801 1266 2856 semper
1284 2785 1586 2853 attendere,
1630 2786 1776 2857 quod
1797 2787 1913 2841 Do-

304 2872 489 2927 minus
518 2873 589 2927 ait
625 2891 638 2926 :
673 2874 969 2929 Attendite
999 2891 1071 2930 ne
1099 2879 1409 2947 graventur
1435 2875 1604 2931 corda
1636 2878 1821 2931 vestra
1849 2876 1914 2930 in

304 2963 546 3034 crapula
573 2966 629 3018 et
662 2963 932 3018 ebrietate
953 2964 1107 3033 (Luc.
1142 2979 1250 3027 XXI,
1284 2964 1396 3033 34).
1421 2964 1490 3017 Et
1516 2963 1659 3034 quod
1682 2963 1754 3018 ait
1776 2967 1915 3034 Apo-

305 3050 476 3105 stolus
500 3067 513 3104 :
534 3050 736 3106 Carnis
756 3066 954 3106 curam
969 3067 1040 3107 ne
1055 3052 1312 3121 feceritis
1330 3053 1393 3106 in
1417 3050 1713 3108 desideriis
1729 3052 1910 3123 (Rom.

307 3153 426 3204 xm,
462 3138 572 3210 14).
604 3138 934 3194 Mediocrem
983 3140 1129 3193 enim
1178 3139 1358 3195 cibum
1388 3148 1440 3195 et
1468 3149 1675 3211 potum,
1711 3148 1763 3196 et
1793 3157 1912 3196 me-

304 3226 550 3283 diocrem
594 3242 865 3294 somnum,
900 3235 952 3283 et
1002 3228 1217 3294 animae,
1258 3237 1311 3284 et
1357 3228 1575 3300 corpori
1607 3228 1908 3285 saluberri-

310 3332 460 3371 mum
494 3331 637 3382 esse,
672 3323 725 3370 et
756 3315 826 3371 ad
854 3316 1173 3372 munditiam
1205 3317 1403 3384 cordis,
1449 3325 1500 3373 et
1532 3316 1710 3372 carnis
1739 3316 1910 3387 pluri-

306 3420 460 3459 mum
492 3404 758 3476 prodesse
790 3404 1126 3460 notissimum
1158 3414 1260 3461 est.
1295 3406 1448 3461 Hanc
1478 3415 1532 3460 tu
1562 3404 1909 3461 mediocrita-

305 3500 412 3549 tem
461 3493 665 3549 sectari
713 3501 984 3549 memento
1010 3536 1024 3561 ,
1091 3494 1165 3549 ita
1209 3502 1263 3550 ut
1312 3495 1602 3562 eamdem,
1653 3502 1910 3565 quantum

302 3581 537 3639 Domino
583 3582 873 3651 adjuvante
938 3582 1163 3654 poteris,
1229 3598 1544 3638 mensuram
1601 3581 1911 3638 refcctionis

302 3687 523 3743 semper
571 3671 864 3737 servando,
910 3687 1086 3744 neque
1115 3670 1171 3725 in
1216 3671 1498 3727 vilioribus
1538 3670 1676 3727 cibis
1704 3670 1908 3741 aliquid

298 3758 533 3815 naturali
562 3759 869 3815 necessitati
922 3760 1261 3826 substrahas,
1298 3776 1476 3831 neque
1505 3758 1560 3813 in
1588 3758 1911 3814 lautioribus

303 3856 357 3906 et
386 3848 840 3915 accuratioribus,
886 3848 1009 3920 plus
1038 3848 1217 3919 solito,
1251 3848 1336 3903 vel
1384 3848 1671 3920 plusquam
1706 3854 1910 3902 natura;

302 3938 436 3996 satis
466 3945 567 4006 est,
602 3937 1057 4009 concupiscentiae
1078 3936 1260 3993 carnis
1280 3936 1588 4009 indulgeas.
1618 3936 1745 3992 Haec
1775 3943 1909 3992 tem-

314 4027 561 4100 perantia
591 4027 785 4096 victus,
820 4034 872 4082 et
900 4027 1017 4082 Deo
1046 4027 1147 4081 erit
1176 4025 1465 4096 acceptior,
1498 4032 1552 4080 et
1579 4025 1650 4080 ad
1687 4023 1906 4079 mundi-

305 4117 438 4173 tiam
470 4115 656 4172 carnis
685 4114 892 4186 pariter
922 4122 974 4170 et
1002 4115 1186 4170 cordis
1216 4114 1415 4181 utilior,
1447 4122 1500 4170 et
1520 4112 1739 4183 corpori
1763 4112 1909 4168 salu-

304 4206 478 4273 brior,
523 4221 683 4277 quam
733 4204 781 4259 si
828 4203 1134 4259 robustiora
1174 4203 1378 4272 jejunia
1423 4201 1702 4268 sectando,
1753 4207 1909 4273 post-

302 4294 525 4351 modum
576 4293 871 4349 indiscreta
900 4292 1182 4348 saturitate
1204 4291 1469 4360 jejunium
1498 4306 1905 4362 compensares.

374 4387 449 4441 De
482 4384 675 4439 divino
694 4382 901 4455 Ofﬁcio.
926 4412 995 4422 ——
1016 4382 1077 4436 In
1102 4380 1295 4437 Officio
1321 4379 1506 4435 divino
1546 4396 1704 4435 usum
1751 4380 1909 4436 cleri-

305 4487 495 4530 corum
527 4471 811 4544 sequaris;
841 4471 987 4526 unde
1017 4485 1124 4526 non
1157 4469 1331 4525 habes
1353 4484 1581 4525 necesse
1613 4476 1671 4523 ut
1700 4468 1907 4524 scriba-

1933 3194 1983 3257 Ο

2013 1912 2064 1961 et
2092 1903 2452 1959 intentissime
2492 1902 2777 1958 intendere
2818 1902 3153 1957 memineris.
3203 1902 3288 1958 Ab
3336 1903 3439 1958 hac
3466 1902 3614 1957 nulla

2011 2008 2250 2064 unquam
2294 1991 2617 2056 sollicitudo,
2669 1990 2815 2044 nulla
2843 1990 3129 2062 aegritudo,
3162 1990 3247 2046 vel
3278 1990 3529 2047 molestia
3558 1999 3612 2047 te

2010 2088 2251 2136 revocet.
2285 2080 2403 2134 Ora
2433 2086 2615 2133 autem
2645 2094 2754 2133 non
2782 2093 2883 2149 pro
2903 2086 3015 2144 tua,
3039 2079 3137 2134 sed
3160 2087 3211 2133 et
3230 2094 3332 2149 pro
3368 2079 3611 2135 omnium

2012 2168 2253 2223 ﬁdelium
2327 2168 2595 2232 vivorum,
2656 2162 3069 2236 d‘asciturorum,
3127 2175 3181 2222 et
3231 2166 3610 2223 defunctorum

2012 2257 2206 2322 salute,
2258 2264 2307 2311 et
2360 2271 2458 2326 pro
2488 2256 2570 2310 eis
2599 2270 2825 2326 quorum
2857 2254 3052 2309 solatio
3078 2255 3417 2321 sustentaris,
3450 2255 3612 2311 simul

2013 2354 2065 2401 et
2094 2360 2197 2416 pro
2221 2343 2400 2399 nobis.
2430 2345 2581 2399 Tunc
2613 2344 2779 2398 fretus
2807 2344 3037 2414 Spiritus
3068 2343 3241 2398 sancti
3271 2343 3493 2412 auxilio,
3521 2343 3613 2416 qui

2012 2434 2169 2489 docet
2197 2448 2356 2487 orare
2373 2440 2593 2487 sanctos
2611 2433 2910 2503 gemitibus
2931 2432 3408 2488 inenarrabilibus
3429 2433 3606 2502 (Rom.

2013 2537 2132 2591 vm,
2165 2521 2277 2591 26),
2325 2521 2478 2590 juxta
2508 2520 2848 2575 Dominicam
2888 2520 3315 2575 exhortationem
3340 2539 3355 2588 ;
3386 2520 3524 2575 intra
3553 2520 3609 2576 in

2011 2609 2317 2666 cubiculum
2348 2609 2531 2664 cordis
2559 2608 2653 2673 tui,
2687 2616 2739 2663 et
2768 2608 2957 2663 clauso
2984 2608 3123 2664 ostio
3152 2608 3390 2678 pectoris
3418 2616 3610 2665 contra

2011 2699 2301 2763 vanitates,
2338 2706 2389 2752 ct
2436 2697 2746 2751 immundas
2792 2696 3174 2769 cogitationes,
3208 2697 3405 2770 quibus
3436 2697 3606 2753 hostis

2011 2788 2314 2858 irrumpere
2369 2786 2574 2853 nititur,
2633 2801 2729 2841 ora
2786 2785 2999 2840 Patrem
3057 2794 3207 2840 tuum
3264 2786 3321 2840 in
3368 2786 3601 2843 abscon-

2012 2877 2150 2931 dito.
2210 2875 2370 2931 Omni
2415 2876 2572 2939 hora,
2627 2881 2886 2945 quantum
2925 2874 3156 2930 Domino
3187 2882 3473 2945 praestante
3502 2890 3606 2946 po-

2012 2964 2164 3031 teris,
2224 2963 2321 3019 sed
2363 2971 2492 3019 tunc
2537 2962 2833 3034 praecipue,
2864 2962 3012 3017 omni
3051 2962 3299 3019 custodia
3330 2978 3484 3019 serva
3514 2978 3609 3020 cor

2012 3061 2185 3109 tuum.

2091 3144 2156 3199 Ut
2186 3141 2397 3196 mentis
2427 3142 2482 3195 et
2516 3139 2726 3210 lingua:
2746 3139 3044 3196 concordia
3065 3140 3160 3195 sit.
3184 3169 3255 3180 —
3270 3139 3405 3195 Cum
3426 3146 3606 3195 autem

2010 3229 2229 3286 steteris
2274 3244 2460 3285 coram
2505 3227 2736 3283 Domino
2784 3228 2855 3283 ad
2898 3227 3263 3299 psallendum,
3296 3244 3458 3284 omne
3486 3238 3606 3285 stu-

2008 3320 2177 3387 dium,
2211 3332 2429 3373 omnem
2460 3315 2793 3387 vigilantiam
2822 3316 3039 3381 adhibe,
3072 3323 3130 3370 ut
3160 3332 3315 3371 mens
3345 3333 3471 3373 cum
3498 3317 3607 3372 lin-

2009 3423 2119 3477 gua
2149 3404 2475 3470 conveniat;
2505 3412 2563 3459 ut
2592 3403 2763 3460 facias
2795 3405 2940 3476 quod
2979 3404 3053 3459 ait
3081 3404 3377 3475 Apostolus
3410 3420 3423 3460 :
3457 3406 3606 3462 Can-

2011 3499 2198 3551 tantes
2220 3498 2274 3550 et
2295 3494 2605 3566 psallentes
2622 3495 2687 3549 in
2698 3494 2955 3550 cordibus
2972 3494 3422 3551 veshisDomino
3442 3494 3604 3567 (Eph.

2008 3598 2065 3650 v,
2101 3582 2228 3652 19);
2262 3591 2315 3636 et
2361 3581 2505 3653 quod
2550 3581 2620 3636 de
2653 3598 2711 3636 se
2738 3582 2961 3637 dicebat
2993 3599 3006 3637 ε
3039 3583 3295 3638 Psallam
3325 3586 3383 3639 et
3417 3587 3606 3639 mente

2009 3672 2059 3740 (ι
2086 3670 2207 3726 Cor.
2258 3686 2370 3739 xtv,
2422 3670 2531 3741 15).
2581 3670 2648 3725 Et
2694 3670 2838 3742 quod
2886 3669 2958 3725 ait
2990 3687 3003 3727 :
3038 3671 3278 3726 Psallite
3319 3672 3608 3743 sapienter

2008 3760 2185 3832 (Psal.
2210 3774 2355 3827 var,
2382 3758 2457 3831 8),
2478 3766 2531 3814 et
2550 3776 2564 3813 :
2597 3760 2662 3814 In
2683 3762 2987 3831 conspectu
3007 3760 3341 3831 angelorum
3359 3761 3607 3831 psallam

2010 3850 2112 3905 tibi
2160 3848 2336 3919 (Psal.
2386 3863 2624 3917 cxxxvu,
2670 3848 2742 3919 t).
2799 3849 2927 3903 Haec
2971 3846 3237 3914 faciendo,
3288 3846 3607 3905 infundente

2009 3937 2209 4009 Spiritu
2239 3944 2425 3992 sancto
2454 3952 2635 3992 rorem
2675 3935 2962 3991 suavitatis
3000 3952 3113 3992 sua:
3143 3936 3465 4009 plerumque
3494 3951 3604 3991 non

2007 4024 2350 4098 prophetiam
2399 4024 2486 4079 vel
2527 4024 2695 4079 verba
2726 4025 2797 4079 ab
2837 4024 2944 4080 alio
2974 4024 3173 4080 dictata
3199 4040 3474 4096 promere,
3508 4024 3605 4079 sed

2008 4114 2127 4186 ipsa
2153 4114 2321 4169 verba
2349 4113 2714 4169 devolissimae
2742 4112 3006 4170 orationis
3035 4127 3223 4169 coram
3243 4114 3360 4170 Deo
3380 4111 3606 4169 fundere

2008 4203 2103 4258 tibi
2132 4202 2424 4258 videberis.

2079 4293 2155 4347 De
2206 4295 2452 4361 tempore
2494 4292 2805 4346 matutino.
2838 4320 2907 4331 —
2952 4290 3079 4346 Post
3110 4289 3489 4362 psalmodiam,
3520 4289 3607 4345 vel

2008 4379 2331 4444 orationem,
2381 4378 2646 4434 matutino
2689 4378 2921 4435 maxime
2968 4386 3213 4450 tempore
3260 4378 3520 4434 meditare
3550 4378 3606 4433 in

2006 4470 2134 4542 lege
2165 4468 2282 4535 Dei,
2316 4475 2473 4539 prout
2493 4467 2612 4540 ipse
2632 4466 2869 4540 gratiam
2885 4467 2981 4522 tibi
3001 4467 3215 4523 dederit
3247 4485 3261 4522 :
3293 4474 3346 4524 et
3366 4465 3497 4539 quid
3512 4465 3608 4522 tibi

301 4579 422 4617 mus
470 4560 585 4616 tibi.
644 4562 713 4617 Ut
765 4568 944 4615 autem
996 4559 1259 4615 observes
1301 4559 1442 4613 hanc
1499 4551 1977 4614 distinctionemD
2005 4557 2280 4631 praecipiat
2329 4556 2614 4615 Dominus.
2661 4556 2892 4628 qualiter
2934 4556 3065 4612 illud
3103 4555 3357 4627 impleas,
3411 4555 3468 4610 in
3515 4571 3601 4611 sc-

302 4649 562 4722 temporis
592 4650 647 4704 in
676 4649 871 4705 eodem
897 4646 1082 4703 divino
1103 4645 1295 4702 Oﬂicio
1317 4646 1705 4718 persolvendo,
1726 4661 1904 4718 quan-

301 4748 410 4794 tam
454 4738 661 4810 poteris
710 4735 1054 4809 diligentiam
1098 4735 1293 4789 adhibe
1328 4750 1341 4788 :
1374 4743 1431 4790 ut
1462 4734 1689 4804 scilicet,
1721 4734 1808 4789 vel
1836 4735 1905 4790 ad

302 4827 573 4901 gallorum
603 4834 845 4893 cantum,
898 4823 982 4879 vel
1015 4824 1084 4879 ad
1127 4824 1344 4895 signum
1375 4824 1785 4889 monachorum,
1819 4824 1906 4878 vel

304 4917 373 4972 ad
401 4915 815 4971 aestimationem
848 4920 993 4967 tuam
1028 4911 1122 4967 tali
1152 4920 1396 4983 tempore
1413 4928 1627 4984 surgas.
1653 4913 1719 4968 Ut
1741 4927 1773 4968 a
1794 4912 1907 4966 Ka-

305 5004 485 5060 lendis
528 5001 782 5060 Octobris
824 5017 999 5073 usque
1030 5001 1097 5055 ad
1138 5002 1345 5057 Pascha
1394 5010 1520 5057 ante
1551 5016 1840 5068 auroram;
1874 5016 1906 5056 a

302 5093 516 5149 Pascha
558 5105 689 5147 vero
746 5105 923 5161 usque
977 5090 1043 5143 ad
1100 5089 1389 5161 praedictas
1419 5089 1711 5154 Kalendas,
1746 5089 1907 5160 paulo

299 5188 421 5254 post
473 5195 726 5234 auroram
786 5186 1105 5233 nocturnum
1165 5177 1411 5234 Ofﬁcium
1443 5176 1615 5233 ﬁnias.
1667 5177 1907 5233 Primam

297 5266 546 5326 cantabis
594 5267 648 5321 in
710 5266 907 5332 hieme,
968 5266 1277 5323 lucescente
1334 5282 1529 5323 aurora
1580 5283 1593 5321 :
1644 5266 1903 5336 Tertiam,

302 5356 512 5413 oriente
552 5355 688 5423 sole,
742 5364 950 5411 sextam
988 5372 1116 5412 vero
1168 5364 1221 5411 et
1265 5356 1501 5423 Nonam,
1549 5356 1823 5427 Vesperas
1855 5363 1908 5410 et

302 5444 731 5516 Completorium
762 5445 830 5501 ad
860 5444 1077 5517 signum
1108 5446 1524 5501 monachorum.
1557 5443 1612 5500 Si
1643 5442 1905 5515 prescri-

305 5542 460 5607 ptum
487 5542 704 5606 tempus
736 5535 995 5607 surgendi
1016 5535 1081 5589 ad
1106 5543 1430 5590 nocturnum
1450 5531 1685 5590 cilicium
1703 5531 1907 5604 poteris

304 5623 634 5694 observare,
680 5625 747 5681 ad
800 5624 996 5680 lectum
1063 5623 1384 5680 matutinum
1434 5622 1583 5679 horis
1631 5636 1906 5696 nunquam

2006 4655 2159 4704 creto
2187 4645 2371 4703 cordis
2403 4646 2477 4700 tui
2508 4652 2753 4701 scrutare
2785 4662 2799 4700 :
2833 4652 2887 4700 et
2914 4645 2983 4699 ad
3014 4645 3263 4718 regulam
3290 4644 3603 4700 divinorum

2005 4736 2409 4803 mandatorum,
2460 4742 2513 4789 et
2559 4734 2629 4788 ad
2677 4733 2955 4805 exemplar
3003 4743 3316 4790 sanctorum
3363 4733 3604 4800 Patrum,

2005 4824 2377 4881 fortitudinem
2434 4822 2617 4878 cordis
2673 4822 2746 4876 tui
2786 4831 2838 4877 et
2882 4838 3091 4878 morum
3139 4831 3357 4878 tuorum
3398 4821 3601 4894 dirige.

2005 4914 2158 4969 Idem
2188 4912 2234 4966 si
2264 4912 2485 4984 quando
2523 4910 2579 4965 in
2605 4910 2748 4966 lecto
2778 4911 3024 4968 dormire
3052 4927 3161 4967 non
3182 4910 3408 4983 poteris,
3426 4909 3608 4965 facere

2007 5002 2163 5058 stude
2223 5001 2341 5056 sine
2397 4998 2821 5062 intermissione,
2866 5000 3011 5072 quod
3071 5008 3254 5055 monet
3311 4999 3607 5070 Scriptura,

2012 5091 2157 5163 quod
2179 5097 2233 5146 et
2248 5089 2412 5161 paulo
2431 5096 2556 5144 ante
2574 5088 3120 5145 commemoravimus
3153 5104 3166 5143 :
3204 5090 3387 5155 Omni,
3414 5085 3605 5159 inquit,

2006 5179 2265 5237 custodia
2285 5194 2445 5235 serva
2462 5194 2559 5234 cor
2580 5181 2762 5247 tuum,
2787 5180 3055 5251 quoniam
3071 5194 3145 5233 ex
3158 5178 3275 5250 ipso
3295 5178 3415 5233 vita
3423 5190 3610 5248 proce-

2007 5269 2093 5325 dit
2125 5269 2311 5339 (Prov.
2344 5283 2421 5333 IV,
2454 5270 2566 5337 23).
2618 5266 2725 5321 Res
2757 5266 2900 5321 enim
2931 5265 3200 5322 instabilis
3228 5274 3311 5322 est
3340 5267 3609 5320 humanus

2008 5356 2243 5424 animus,
2278 5363 2331 5411 et
2360 5355 2464 5410 nisi
2497 5371 2736 5426 semper,
2770 5362 3029 5426 quantum
3060 5355 3324 5410 Dominus
3351 5354 3609 5423 adjuvare

2011 5445 2289 5514 dignatur,
2332 5444 2533 5500 sanctis
2585 5443 3028 5499 meditationibus
3083 5451 3379 5514 occupatus
3408 5454 3608 5513 magno

2011 5533 2192 5589 studio
2224 5540 2512 5599 teneatur;
2544 5539 2831 5603 postquam
2860 5532 3082 5588 defluxit
3107 5548 3209 5603 per
3238 5530 3523 5594 vanitates,
3556 5535 3609 5583 et

2008 5620 2398 5686 immunditias,
2455 5635 2590 5693 quas
2628 5627 2862 5677 tentator
2908 5636 3225 5695 suggerere,
3272 5627 3327 5676 et
3356 5619 3610 5691 ingerere
