3938 6410
282 351 388 404 897

1639 347 1997 406 EPISTOLE
2033 347 2232 405 TRES.

3482 352 3587 406 898

283 489 394 530 non
440 483 640 542 cessat,
681 490 790 530 non
847 474 1005 532 facile
1043 475 1098 530 in
1146 476 1392 532 oratione
1448 475 1534 532 vel
1580 473 1959 546 psalmodiaA
1988 473 2186 528 virtute
2215 474 2475 529 orationis
2506 491 2745 542 armare,
2779 484 2834 531 et
2860 475 3112 546 clypeum
3138 476 3290 532 illum
3321 478 3501 549 arripe
3517 479 3588 534 de

285 564 516 619 devotus
547 563 836 619 invenitur.

357 653 431 708 De
463 653 730 710 lectione.
772 683 840 692 —
872 652 954 707 Ad
986 652 1277 710 lectionem
1309 669 1523 726 quoque
1546 653 1798 719 devotus,
1833 660 1886 708 et

283 756 407 796 cum
466 740 698 811 spiritali
747 740 1024 796 desiderio
1079 743 1304 808 accede,
1355 749 1411 796 ut
1463 742 1546 798 vel
1579 741 1782 813 aliquid
1813 740 1886 794 ibi

285 828 477 884 audias
510 829 654 900 quod
684 829 737 882 in
799 829 1112 900 exemplum
1143 838 1247 885 tua
1303 831 1737 887 conversationis
1769 839 1886 884 tra-

284 917 422 984 has;
456 917 545 973 vel
569 925 730 988 prout
759 918 1024 972 Dominus
1046 918 1142 972 tibi
1171 919 1491 990 dispensare
1548 919 1882 989 dignabitur,

287 1005 577 1060 dulcedine
630 1005 939 1060 divinornm
998 1006 1362 1078 e10quiornm,
1419 1015 1471 1062 et
1501 1007 1886 1077 mysteriorum

293 1093 580 1150 reficiaris.
613 1095 730 1150 Hoc
759 1094 962 1161 studio,
1009 1095 1110 1150 hac
1138 1095 1435 1150 intentione
1487 1096 1612 1168 lege
1642 1095 1886 1151 vicissim

295 1197 485 1238 omnes
517 1199 651 1254 quas
681 1183 883 1254 poteris
926 1183 1131 1238 habere
1179 1184 1391 1239 divinas
1422 1184 1743 1255 Scripturas,
1777 1199 1888 1239 non

294 1278 474 1327 autem
503 1279 561 1326 ut
609 1272 835 1327 scientia
882 1271 1108 1339 infleris,
1141 1273 1238 1328 sed
1260 1281 1319 1327 ut
1349 1273 1612 1329 charitate
1644 1271 1886 1328 aditice-

292 1358 387 1414 ris.
421 1357 572 1427 Quas
601 1375 730 1416 vero
762 1360 1066 1431 Scripturas
1105 1361 1381 1416 intellectu
1411 1377 1520 1416 non
1548 1361 1883 1432 penetrabis,

291 1446 564 1502 humiliter
595 1455 851 1520 tanquam
881 1448 1062 1504 divina
1098 1459 1312 1505 secreta
1358 1466 1620 1505 venerare
1655 1465 1667 1503 :
1703 1458 1756 1505 et
1799 1450 1887 1520 pie

293 1535 450 1591 differ
497 1536 928 1608 intelligentiam,
962 1538 1138 1594 donec
1193 1539 1363 1594 intres
1420 1539 1474 1592 in
1523 1538 1888 1594 sanctuarium

293 1623 413 1691 Dei,
471 1624 745 1698 intelligas
802 1625 854 1680 in
908 1627 1224 1682 novissima.
1284 1629 1388 1682 Pro
1421 1627 1502 1682 his
1537 1635 1715 1682 autem
1765 1643 1886 1698 qua

290 1712 638 1779 intellexeris,
673 1716 882 1770 auctori
931 1716 1170 1770 muneris
1199 1716 1475 1771 humiliter
1520 1716 1725 1789 gratias
1755 1731 1881 1788 age.

295 1801 473 1856 Libris
503 1802 593 1874 qui
614 1803 710 1857 tibi
730 1804 1284 1860 accommodabuntur
1303 1821 1521 1860 omnem
1551 1805 1885 1879 diligentiam
1915 1828 1968 1889 Β

296 1889 514 1959 adhibe,
565 1907 635 1946 ne
682 1892 770 1948 vel
817 1891 966 1948 fumo
995 1892 1082 1949 vel
1120 1893 1364 1964 pulvere,
1398 1894 1484 1950 vel
1509 1894 1614 1949 alia
1649 1895 1888 1966 qualibet

296 1979 458 2034 sorde
498 1980 855 2036 maculentur.

363 2069 440 2124 De
465 2071 727 2126 molestia
755 2071 1023 2143 corporis.
1055 2101 1125 2111 —
1152 2071 1210 2126 Si
1241 2072 1458 2142 quando
1489 2072 1734 2143 corporis
1764 2088 1887 2128 mo-

293 2155 504 2212 lestiam
543 2167 636 2212 aut
690 2159 1070 2231 agritndinem
1107 2159 1446 2228 sustinueris,
1472 2169 1562 2216 aut
1599 2161 1667 2215 ab
1705 2161 1888 2233 aliquo

294 2243 452 2311 forte,
484 2245 571 2300 vel
619 2247 786 2301 verbo
832 2247 918 2302 vel
966 2247 1110 2303 facto
1141 2247 1304 2304 lasns
1349 2247 1536 2316 fueris,
1570 2250 1888 2306 meminisse

294 2333 464 2388 debes
506 2335 825 2406 passionum
879 2343 932 2392 et
962 2336 1283 2414 injuriarum
1337 2337 1557 2392 Christi.
1591 2339 1888 2411 Angustias

293 2438 426 2492 quas
457 2423 690 2480 Domino
719 2425 1042 2496 disponente
1093 2425 1370 2492 tolerabis,
1401 2442 1510 2483 non
1560 2427 1737 2482 solum
1783 2443 1887 2498 pa-

290 2509 484 2566 tienter
511 2512 738 2576 sustine,
775 2529 962 2569 verum
982 2513 1144 2569 etiam
1161 2514 1366 2587 gratias
1397 2531 1502 2586 age
1531 2515 1627 2582 illi,
1661 2516 1754 2588 qui
1783 2517 1884 2571 fla—

291 2599 457 2671 gellat
507 2616 721 2656 omnem
772 2601 941 2657 ﬁlium
973 2619 1136 2674 quem
1166 2603 1374 2674 recipit,
1408 2604 1453 2658 si
1501 2604 1598 2658 tibi
1629 2605 1889 2677 dignatur

290 2686 507 2760 ﬂagella
526 2697 771 2759 paterna
799 2691 1016 2762 pietatis
1036 2691 1372 2762 impendere.
1401 2693 1459 2746 ln
1490 2693 1574 2747 his
1604 2709 1733 2750 vero
1765 2710 1886 2766 qua

291 2791 324 2831 a
352 2777 616 2847 proximis
644 2779 885 2850 patieris,
907 2795 1015 2836 non
1032 2781 1236 2836 reddas
1257 2780 1457 2835 malum
1478 2797 1576 2852 pro
1597 2783 1764 2850 malo,
1800 2783 1887 2838 vel

290 2865 634 2922 maledictum
682 2884 784 2938 pro
841 2868 1154 2936 maledicto,
1214 2869 1312 2925 sed
1371 2885 1400 2925 e
1447 2871 1741 2937 contrario,
1775 2888 1885 2926 non

290 2953 461 3010 verbo
490 2963 646 3010 tenus
703 2965 926 3023 tantum,
979 2957 1078 3013 sed
1129 2959 1297 3013 corde
1328 2958 1540 3026 intimo,
1575 2967 1628 3014 et
1685 2959 1884 3030 placito

291 3041 606 3112 benedicas,
637 3052 691 3101 et
717 3062 818 3116 pro
858 3045 1316 3102 calumniantibus
1340 3055 1393 3103 et
1420 3050 1883 3120 persequentibus

289 3146 432 3198 ores,
464 3140 523 3186 ut
551 3133 626 3187 sis
656 3132 800 3190 ﬁlius
829 3134 1002 3190 Patris
1029 3135 1125 3201 tui,
1146 3135 1240 3208 qui
1269 3135 1325 3190 in
1354 3135 1508 3191 calis
1538 3144 1645 3193 est.
1687 3138 1885 3206 Hujus-

289 3220 438 3275 modi
474 3221 543 3276 ab
572 3221 790 3279 homine
843 3223 1067 3293 injurias
1114 3225 1243 3280 licet
1296 3225 1474 3280 nullas
1522 3233 1615 3280 aut
1645 3242 1801 3281 raras
1832 3234 1886 3282 te

286 3326 575 3383 passurum
629 3313 992 3380 arbitremur;
1041 3313 1088 3368 si
1137 3314 1268 3385 quid
1303 3322 1482 3370 tamen
1539 3315 1727 3386 (prout
1755 3324 1880 3370 sunt

287 3400 546 3470 humana)
577 3401 895 3472 contigerit,
940 3402 1192 3458 volumus
1221 3410 1412 3473 pectus
1443 3410 1593 3458 tuum
1621 3404 1885 3460 adversus

288 3488 599 3558 hujusmodi
628 3489 868 3545 immune
896 3491 1033 3547 fore.
1079 3491 1189 3546 Sed
1217 3507 1393 3563 neque
1424 3491 1520 3546 tibi
1551 3491 1654 3562 ipsi
1684 3492 1885 3548 irasca-

288 3576 386 3638 ris.
415 3578 561 3650 quod
592 3579 913 3650 quibusdam
969 3578 1280 3636 indiscretis
1309 3579 1449 3636 solet
1478 3581 1720 3647 evenire,
1754 3581 1884 3636 dum

289 3666 525 3739 aliquam
581 3667 953 3725 difﬁcultatem
982 3669 1037 3724 in
1094 3669 1276 3741 aliquo
1306 3684 1470 3742 opere
1500 3669 1751 3726 faciendo
1783 3687 1884 3742 pa-

294 3755 518 3812 tiuntnr.

359 3845 769 3916 Impedimenta
823 3848 1117 3904 orationis.
1148 3877 1219 3887 —
1248 3847 1436 3903 Solent
1467 3848 1627 3904 etiam
1659 3847 1752 3920 qui
1783 3847 1885 3904 soli

291 3943 716 4003 commorantur,
746 3935 816 3990 ad
856 3936 1181 4008 semetipsos
1205 3936 1422 4002 turbari,
1485 3945 1538 3992 et
1592 3937 1885 4008 quamdam

291 4022 544 4078 nebulam
575 4024 804 4080 tristitia
850 4032 1048 4096 agente
1102 4025 1318 4081 diabolo
1347 4026 1688 4082 contrahere.
1721 4025 1886 4082 Novit

290 4110 436 4166 enim
464 4111 635 4168 hostis
664 4113 1011 4180 inveteratus,
1037 4113 1270 4170 diversis
1295 4113 1595 4183 generibus
1624 4115 1879 4182 nocendi,

292 4201 570 4256 orationes
597 4217 885 4257 servorum
905 4203 1026 4268 Dei,
1059 4211 1111 4257 et
1132 4211 1320 4259 sancta
1346 4219 1534 4258 eorum
1565 4202 1745 4256 studia
1774 4203 1882 4257 im-

288 4289 495 4360 pedire.
525 4290 621 4345 Ille
649 4291 814 4346 modo
844 4291 1109 4346 tristitiam
1147 4291 1235 4347 vel
1263 4291 1406 4346 iram
1434 4290 1879 4358 irrationabilem,

288 4378 451 4434 modo
481 4378 770 4435 elationem
817 4380 1106 4451 superbia,
1140 4380 1303 4435 modo
1344 4380 1669 4434 memoriam
1707 4379 1882 4435 alicu-

282 4465 373 4535 jus
403 4467 628 4536 injuria,
660 4469 824 4524 modo
854 4484 1050 4524 vanam
1094 4485 1286 4524 eorum
1316 4485 1437 4540 qua
1467 4467 1762 4539 aliquando
1802 4468 1880 4524 vel

1987 576 2096 633 quo
2151 561 2226 616 ait
2272 564 2565 634 Apostolus
2598 581 2611 618 :
2645 565 2708 619 In
2739 566 2996 621 omnibus
3034 569 3326 622 sumentes
3360 572 3586 623 scutum

1985 651 2138 718 ﬁdei,
2166 653 2228 706 in
2259 667 2364 723 quo
2385 654 2612 723 possitis
2651 654 2844 708 omnia
2879 654 2996 709 tela
3036 655 3370 726 nequissimi
3397 656 3585 728 ignita

1987 741 2357 811 exstinguere
2387 740 2548 813 (Eph.
2579 757 2656 809 vr,
2684 744 2794 811 16).
2825 750 2929 797 etc.
2951 742 3206 798 Sincerus
3236 743 3380 798 enim
3409 761 3578 812 amor,

1987 835 2039 882 et
2062 827 2278 883 fervens
2296 827 2431 884 ﬁdes
2447 829 2624 886 crucis
2639 831 2854 896 Christi,
2875 830 3131 886 universa
3148 833 3586 890 machinamenta

1987 915 2193 972 inimici
2223 917 2376 971 irrita
2419 917 2542 973 facit
2580 936 2592 972 :
2627 927 2679 974 et
2709 918 2879 974 eﬂ'n’sa
2934 935 3058 975 cum
3089 919 3347 991 lacrymis
3393 924 3581 990 oratio,

1987 1020 2149 1060 omne
2179 1022 2354 1078 genus
2371 1006 2684 1062 tentationis
2706 1016 2944 1078 superat,
2981 1017 3033 1063 et
3064 1009 3292 1080 repellit.

2058 1094 2133 1148 De
2150 1095 2497 1150 humilitate.
2530 1125 2600 1136 —
2628 1097 2757 1152 Hac
2770 1103 2895 1150 sunt
2914 1096 3213 1167 spiritualia
3230 1098 3582 1156 instrumenta

1988 1189 2041 1236 et
2087 1183 2388 1237 certamina
2423 1183 2626 1238 militia
2658 1193 2760 1239 tua
2809 1199 2993 1240 coram
3027 1186 3198 1258 Rege,
3259 1187 3346 1243 cui
3376 1189 3586 1260 capisti

1987 1269 2236 1325 militare.
2282 1271 2437 1327 Scire
2483 1287 2718 1345 namque
2773 1273 2943 1328 debes
2971 1274 3041 1329 ob
3095 1274 3200 1330 hoc
3229 1284 3281 1330 te
3338 1277 3585 1334 clausum

1987 1374 2110 1414 esse
2143 1375 2396 1430 corpore,
2432 1368 2485 1416 et
2514 1361 2582 1415 ab
2613 1362 2975 1417 exterioribus
3005 1363 3150 1418 curis
3169 1374 3503 1436 separatum,
3528 1377 3584 1424 ut

1987 1447 2152 1503 corde
2205 1449 2386 1519 possis
2451 1449 2520 1504 ad
2557 1449 2661 1505 ista
2708 1467 2919 1506 vacare.
3006 1451 3202 1507 Coram
3277 1454 3586 1512 hominibus

1986 1552 2221 1607 magnus
2251 1538 2488 1605 haberis,
2520 1539 2648 1610 quia
2677 1539 2928 1595 reclusus
2957 1541 3154 1597 diceris
3191 1561 3204 1597 :
3236 1544 3333 1598 sed
3360 1545 3464 1599 nisi
3483 1545 3587 1601 ista

1987 1626 2137 1680 omni
2167 1626 2348 1682 studio
2380 1643 2565 1682 coram
2597 1629 2733 1696 Deo,
2792 1628 3053 1700 omnique
3111 1630 3390 1702 vigilantia
3423 1650 3585 1690 exse-

1989 1714 2191 1786 quaris,
2222 1731 2458 1787 magnus
2487 1733 2610 1771 esse
2657 1717 2879 1774 minime
2916 1718 3138 1788 poteris.
3171 1721 3308 1775 Nam
3336 1723 3587 1780 homines

1989 1803 2109 1858 sola
2137 1804 2403 1859 exteriora
2440 1805 2726 1860 advertunt
2763 1822 2775 1860 :
2807 1807 2876 1862 de
2905 1807 3250 1864 interioribus
3281 1818 3463 1866 autem
3500 1812 3587 1882 jn-

1989 1892 2190 1947 dicabit
2216 1892 2549 1948 Altissimus.
2584 1895 2687 1950 Ubi
2717 1911 2849 1951 vero
2871 1904 2922 1951 te
2952 1897 3131 1951 minus
3149 1898 3217 1952 ad
3251 1899 3366 1955 hac
3410 1916 3590 1956 exem-

1989 1979 2076 2050 pla
2131 1979 2382 2036 sufﬁcere
2412 1982 2643 2048 videbis,
2703 1983 3110 2041 iudevotionem
3141 1993 3195 2040 et
3222 1986 3585 2057 imperfectio—

1988 2084 2115 2124 nem
2146 2076 2293 2124 tuam
2339 2085 2522 2125 coram
2566 2072 2682 2127 Deo
2735 2073 3010 2129 humiliter
3065 2074 3390 2143 conﬁtendo,
3426 2079 3612 2132 anxi-‘

1987 2157 2120 2211 lium
2150 2158 2340 2230 gratia
2386 2158 2559 2229 ipsius
2615 2161 2764 2214 omni
2805 2160 3092 2218 devotione
3139 2165 3440 2234 expostula,
3493 2167 3585 2238 qui

1989 2244 2120 2301 dicit
2151 2263 2166 2298 :
2196 2247 2330 2302 Sine
2358 2264 2446 2303 me
2478 2248 2628 2303 nihil
2674 2251 2910 2320 potestis
2938 2253 3128 2320 facere
3157 2252 3342 2322 (Joan.
3373 2269 3472 2323 xv,
3506 2256 3582 2325 5).

1989 2334 2230 2390 Necesse
2260 2343 2341 2390 est
2371 2335 2514 2390 enim
2550 2344 2608 2390 ut
2664 2354 2809 2407 sape
2842 2339 3102 2408 tepidum,
3137 2357 3283 2410 sape
3315 2342 3587 2413 torpidum

1988 2429 2042 2477 te
2063 2422 2328 2479 invenias.
2363 2424 2449 2478 Ob
2479 2426 2581 2480 hoc
2608 2425 2777 2498 igitur
2810 2426 2955 2481 illius
2983 2428 3164 2500 gratia
3193 2429 3260 2484 ad
3285 2437 3496 2502 tempus
3524 2449 3585 2488 se

1989 2511 2280 2578 subtrahit,
2315 2521 2373 2567 ut
2401 2513 2471 2568 de
2499 2513 2645 2568 illius
2674 2514 2876 2570 auxilio
2928 2515 3193 2582 confidas,
3243 2535 3353 2573 non
3402 2520 3470 2575 de
3501 2529 3588 2576 tua

1988 2599 2186 2656 virtute
2230 2617 2551 2671 prasumas.
2586 2602 2677 2658 Sic
2732 2604 2891 2658 Pater
2946 2604 3405 2662 clementissimus
3437 2611 3584 2665 novit

1988 2689 2298 2760 superbiam
2327 2690 2626 2746 humilitate
2656 2707 2868 2747 sanare.
2902 2693 3020 2747 Nisi
3041 2694 3184 2748 enim
3215 2695 3306 2750 ille
3335 2696 3581 2768 aliquan-

1988 2777 2060 2832 do
2089 2779 2317 2850 gratiam
2357 2795 2509 2833 suam
2568 2781 2933 2850 subtraheret,
2968 2781 3108 2836 elata
3139 2800 3292 2839 mens
3322 2786 3581 2854 humana,

1989 2873 2042 2921 et
2071 2883 2131 2921 se
2162 2867 2266 2921 sibi
2293 2869 2362 2922 ad
2385 2867 2648 2936 justitiam
2668 2868 2913 2925 sufﬁcere
2933 2871 3186 2937 credens,
3205 2873 3258 2927 in
3277 2875 3584 2945 superbiam

1987 2955 2210 3027 gravius
2243 2965 2446 3012 rueret.
2481 2957 2588 3012 Sed
2619 2957 2699 3013 sic
2727 2957 2816 3013 ille
2874 2959 3077 3014 deserit
3133 2961 3356 3032 elatum,
3391 2971 3448 3018 nt
3475 2965 3588 3020 cle-

1988 3044 2243 3098 mentiori
2287 3045 2465 3117 gratia
2514 3046 2702 3101 redeat
2752 3047 2821 3101 ad
2870 3047 3348 3106 humiliatnmzsic
3385 3052 3589 3108 dormit

1987 3130 2043 3186 in
2071 3139 2411 3203 tempestate,
2443 3141 2502 3189 ut
2531 3134 2792 3190 excitatus
2839 3137 3115 3206 precibus,
3149 3137 3380 3209 imperet
3410 3142 3588 3196 ventis

1987 3228 2040 3276 et
2067 3222 2220 3287 mari,
2255 3230 2309 3277 et
2338 3222 2501 3278 faciat
2529 3224 2969 3295 tranquillitatem
3007 3242 3285 3298 magnam.
3324 3228 3586 3284 Plenissi-

1987 3325 2075 3364 me
2105 3317 2157 3365 te
2178 3310 2453 3366 docebunt
2482 3311 2797 3382 Scriptura,
2827 3314 3070 3368 omnium
3104 3315 3365 3371 virtutum
3395 3327 3585 3374 custo-
3621 3309 3628 3322 ’

1987 3397 2112 3453 dem
2143 3415 2266 3454 esse
2299 3399 2677 3470 humilitatem,
2710 3409 2763 3456 et
2795 3417 3011 3457 omnem
3053 3403 3304 3459 virtutem
3337 3406 3453 3462 sine
3483 3407 3590 3463 hac

1986 3487 2207 3542 viduam
2243 3495 2296 3542 et
2324 3487 2597 3543 infirmam
2653 3506 2796 3556 esse,
2855 3490 2968 3546 imo
3006 3507 3108 3548 nec
3137 3491 3386 3549 virtutem
3436 3511 3582 3552 esse.

1986 3575 2254 3643 Jejunanti
2284 3576 2400 3646 tibi,
2434 3577 2633 3647 oranti,
2664 3578 2940 3649 psallenti,
2973 3595 3081 3634 non
3129 3581 3360 3636 deerunt
3387 3583 3582 3638 invisi-

1987 3663 2125 3719 biles
2154 3664 2378 3732 inimici,
2409 3666 2798 3737 applaudentes
2845 3667 2960 3737 tibi,
2994 3677 3048 3723 et
3075 3669 3320 3725 dicentes
3355 3686 3368 3725 :
3402 3673 3579 3743 Euge,

1988 3769 2149 3826 euge,
2199 3755 2320 3826 quis
2365 3755 2458 3810 tibi
2497 3755 2738 3811 similis?
2767 3758 2890 3828 quis
2932 3757 3003 3812 ita
3042 3758 3222 3829 placet
3268 3760 3430 3815 Deo?
3461 3760 3507 3816 Ο
3537 3762 3584 3816 si

1987 3843 2188 3898 scirent
2218 3843 2466 3899 homines
2496 3846 2834 3901 sanctitatem
2901 3855 3050 3902 tuam
3075 3847 3085 3901 l
3115 3847 3325 3916 Quibus
3355 3858 3409 3903 tu
3443 3865 3583 3906 con-

1988 3931 2137 3987 tinuo
2162 3932 2217 3986 in
2232 3922 2403 3988 corde
2421 3941 2510 3989 tuo
2531 3935 2846 4005 prophetica
2867 3952 2999 3992 voce
3018 3938 3290 4008 responde
3324 3953 3336 3991 :
3370 3941 3583 3995 Ferant

1985 4022 2290 4092 confestim
2311 4023 2702 4093 confusionem
2717 4041 2902 4092 suam,
2922 4029 3022 4098 qui
3035 4026 3237 4082 dicunt
3249 4027 3394 4081 mihi
3409 4028 3578 4098 Euge,

1986 4111 2137 4180 Euge
2153 4111 2330 4179 (Psal.
2353 4125 2551 4176 xxxix,
2587 4113 2698 4182 16).
2722 4114 2790 4167 Et
2819 4114 2960 4169 adde
2996 4129 3007 4167 :
3041 4117 3148 4186 Ego
3168 4117 3322 4170 enim
3349 4117 3581 4172 mendi-

1987 4213 2088 4254 cus
2115 4213 2242 4252 sum
2269 4202 2326 4255 et
2359 4215 2578 4271 pauper
2621 4200 2806 4271 (ibid.,
2841 4203 2949 4272 18).
2987 4203 3197 4258 Revera
3227 4205 3372 4258 enirn
3404 4221 3582 4274 quan-

1988 4292 2314 4358 tumcunque
2342 4287 2412 4342 de
2451 4288 2643 4343 virtute
2673 4289 2730 4343 in
2775 4290 3026 4345 virtutem
3058 4291 3387 4348 ambulando
3417 4293 3587 4363 profi-

1987 4375 2119 4440 cias,
2153 4391 2359 4446 egenus
2390 4376 2498 4431 eris
2527 4393 2744 4448 semper
2774 4385 2829 4432 et
2872 4395 3096 4449 pauper,
3130 4396 3233 4436 nec
3261 4381 3479 4451 plenam
3511 4383 3582 4438 de

1987 4463 2245 4519 invisibili
2274 4465 2430 4520 hoste
2461 4465 2668 4536 poteris
2688 4466 2937 4522 obtinere
2961 4468 3240 4524 victoriam
3273 4486 3286 4523 :
3318 4469 3495 4527 donec
3515 4472 3583 4526 ad

286 4553 450 4622 dicta,
510 4556 598 4612 vel
653 4556 811 4625 facta,
846 4557 932 4614 vel
963 4557 1212 4613 facienda
1270 4565 1394 4612 sunt
1425 4555 1881 4623 recordationem,
1913 4548 2140 4608 Dillum
2179 4554 2481 4624 pervenias,
2515 4555 2600 4609 cui
2638 4554 2811 4611 dicit:
2848 4556 3192 4628 Adimplebis
3246 4573 3337 4613 me
3371 4559 3585 4616 latitia

289 4644 451 4700 modo
490 4643 796 4700 immundas
846 4646 1223 4718 cogitationes,
1256 4646 1420 4701 modo
1442 4653 1688 4716 teporem
1715 4645 1884 4723 animi

286 4732 373 4788 vel
418 4740 692 4804 terporem
735 4735 913 4790 somni
966 4734 1156 4790 nititur
1185 4734 1463 4807 ingerere,
1512 4741 1571 4788 ut
1618 4750 1648 4788 a
1697 4741 1888 4789 sancta

288 4819 586 4878 intentione
631 4823 869 4878 animum
925 4824 1099 4895 possit
1153 4832 1423 4891 avertere,
1479 4823 1566 4879 vel
1593 4822 1882 4894 impedire.

290 4908 447 4978 Quod
478 4910 524 4965 si
552 4911 608 4966 in
634 4912 935 4967 minoribus
965 4913 1127 4968 sentit
1159 4912 1262 4967 sibi
1291 4929 1400 4968 non
1446 4911 1646 4978 resisti,
1679 4912 1888 4980 majora

288 4999 548 5055 continuo
606 5001 960 5056 tentationnm
1015 5001 1234 5057 vincula
1284 5001 1471 5056 nectit.
1503 5000 1708 5057 Mavult
1739 5001 1887 5056 enim

287 5089 634 5159 supplantare
655 5106 815 5161 quam
844 5090 1130 5161 impedire.
1166 5089 1318 5159 Quos
1349 5105 1482 5145 vero
1531 5089 1886 5160 supplantare

287 5193 391 5232 non
419 5185 618 5248 potest,
651 5179 917 5250 impedire
939 5180 1223 5251 (quantum
1239 5178 1651 5250 pravalet)non
1683 5187 1883 5234 cessat.

289 5268 395 5324 Sed
405 5268 592 5337 ﬁdelis
621 5275 705 5324 est
737 5269 904 5334 Deus,
938 5268 1010 5322 ait
1040 5267 1352 5339 Apostolus,
1386 5268 1482 5340 qui
1497 5283 1613 5322 non
1631 5267 1890 5339 patietur

285 5373 376 5412 vos
407 5359 629 5414 tentari
655 5373 831 5428 supra
859 5357 916 5412 id
960 5357 1104 5429 quod
1131 5358 1390 5428 potestis,
1422 5355 1519 5411 sed
1546 5357 1723 5427 faciet
1757 5373 1888 5411 cum

285 5448 607 5502 tentatione
627 5449 987 5518 proventum,
1009 5449 1074 5500 ut
1099 5446 1330 5516 possitis
1348 5444 1631 5501 sustinere
1651 5443 1805 5514 (Cor.
1831 5461 1884 5512 x,

277 5535 388 5608 13).
413 5536 553 5592 Tum
577 5549 711 5591 vero
730 5535 992 5590 adversus
1018 5534 1155 5600 hac,
1189 5541 1243 5589 et
1269 5533 1453 5588 omnia
1471 5532 1693 5587 omnino
1723 5539 1890 5586 tenta-

275 5625 486 5682 tionum
501 5638 734 5698 genera,
755 5622 1020 5679 adversus
1039 5637 1256 5694 quoque
1274 5629 1562 5677 nocturnas
1582 5620 1885 5688 illusiones,

1989 4658 2120 4697 cum
2149 4643 2313 4698 vultu
2344 4647 2439 4699 tuo
2470 4644 2647 4710 (Psal.
2680 4659 2780 4710 xv,
2815 4644 2924 4714 11),
2959 4660 3024 4700 ex
3054 4646 3304 4702 satiabor
3332 4662 3464 4702 cum
3493 4665 3590 4720 ap-

1986 4732 2248 4803 paruerit
2266 4732 2450 4801 gloria
2471 4737 2572 4787 tua
2590 4732 2766 4801 (Psal.
2783 4747 2902 4798 xvr,
2927 4734 3036 4804 15).
3057 4733 3113 4789 Si
3139 4734 3425 4805 quisquam
3445 4734 3586 4790 forte

1989 4819 2152 4875 homo
2181 4828 2232 4875 te
2261 4835 2445 4876 coram
2477 4829 2527 4876 te
2574 4821 2892 4886 laudaverit,
2943 4823 3051 4877 noli
3082 4823 3206 4894 plus
3234 4823 3424 4878 alienis
3453 4840 3586 4879 ver-

1990 4908 2075 4963 bis
2103 4924 2266 4980 quam
2297 4909 2532 4980 propria
2567 4910 2917 4966 conscientia
2943 4912 3194 4978 credere,
3227 4912 3588 4968 reminiscens

1990 4995 2283 5068 Scriptura
2330 4998 2561 5054 dicentis
2597 5016 2609 5052 :
2646 4999 2753 5066 Qui
2787 5004 2840 5056 te
2856 5001 3083 5056 beatum
3127 5001 3349 5066 dicunt,
3385 5002 3497 5073 ipsi
3530 5008 3587 5058 te

1989 5087 2281 5158 decipiunt
2309 5087 2440 5158 (lsa.
2484 5103 2564 5153 ιιι,
2599 5089 2706 5158 12).
2738 5089 2804 5145 Ut
2835 5104 2971 5161 ergo
2999 5089 3068 5144 de
3096 5089 3430 5160 profectibus
3477 5090 3587 5145 tuis

1989 5175 2136 5246 apud
2167 5183 2216 5230 te
2247 5192 2355 5231 non
2376 5176 2674 5244 extollaris,
2708 5177 2764 5231 in
2783 5185 2966 5233 mente
2994 5179 3137 5233 habe
3169 5178 3314 5249 quod
3343 5181 3581 5249 Aposto-

1989 5262 2076 5318 lus
2104 5263 2178 5318 ait
2202 5283 2214 5318 :
2250 5265 2390 5332 Quid
2420 5265 2585 5320 habes
2605 5265 2749 5337 quod
2777 5282 2892 5321 non
2912 5268 3228 5339 accepisti?
3257 5272 3313 5322 et
3341 5268 3392 5322 si
3421 5284 3588 5323 acce-

1984 5353 2151 5424 pisti,
2181 5371 2284 5410 cur
2310 5355 2575 5425 gloriaris
2621 5357 2783 5427 quasi
2811 5370 2928 5410 non
2957 5356 3242 5426 acceperis
3268 5360 3291 5412 ἵ
3321 5357 3470 5427 (Cor.
3507 5372 3587 5422 IV,

1991 5441 2151 5511 7.)Ut
2173 5459 2304 5498 vero
2325 5444 2622 5513 appetitum
2646 5443 2868 5497 humani
2885 5443 3092 5499 favoris
3114 5444 3314 5515 fugias,
3340 5445 3465 5499 andi
3488 5445 3596 5499 Do-

1991 5529 2198 5585 minum
2229 5531 2498 5587 dicentem
2537 5532 2868 5588 :Attendite
2901 5549 2973 5587 ne
3023 5534 3312 5603 iustitiam
3344 5536 3592 5589 vestram

1991 5634 2188 5676 coram
2201 5620 2524 5678 hominibus
2539 5621 2775 5694 faciatis
2787 5625 2853 5677 ut
2866 5619 3176 5679 videamini
3189 5622 3256 5678 ab
3268 5623 3350 5678 eis
3363 5621 3588 5693 (Matth.
