3938 6404
409 340 513 391 899

1353 336 1650 396 JOANNIS
1688 340 1944 398 CAR’I‘H.
1992 338 2375 398 PORTARUM
2413 341 2753 399 MONACHI.

3594 348 3698 402 900

401 466 832 538 v1,l).Alioquin
850 465 1164 521 mercedem
1181 483 1295 523 non
1309 467 1585 523 habebitis
1604 468 1755 541 apud
1772 471 2002 525 Patrem
2030 472 2086 531 Α
2107 469 2424 539 perfectum,
2448 470 2557 526 imo
2586 470 2706 527 sine
2734 470 2994 527 charitate
3015 470 3147 526 nihil
3193 471 3365 543 possit
3402 472 3690 543 prodesse.

401 559 674 620 vestrum,
694 556 792 626 qui
804 555 867 609 in
888 556 1043 609 caelis
1060 560 1143 610 est
1161 556 1378 625 (Matth.
1412 571 1487 621 vl,
1518 560 1592 626 5).
1618 558 1752 611 Item
1781 558 1850 612 de
1880 558 2002 612 tali-

402 643 505 697 bus
535 642 662 697 dicit
691 660 704 696 :
737 643 914 698 Amen
952 644 1073 699 dico
1106 645 1273 709 vobis,
1316 650 1653 715 receperunt
1684 646 1998 702 mercedem

401 746 570 787 suam
591 730 771 799 (ibid,
796 731 873 801 5).
906 731 1030 786 Noli
1059 740 1241 787 autem
1258 733 1530 798 arbitrari,
1558 733 1761 788 malum
1784 750 1907 788 esse
1928 735 1997 788 ab

399 818 709 875 hominibus
731 819 960 885 laudari,
996 819 1043 874 si
1063 836 1171 875 non
1189 820 1518 899 adulationis
1540 837 1706 877 causa
1726 821 1817 876 ﬁat
1841 840 1853 877 :
1875 839 1995 877 cum

402 924 434 964 e
463 915 650 964 contra
668 907 933 978 scriptum
964 908 1032 963 sit
1062 928 1081 964 :
1120 911 1202 965 νιε
1221 910 1454 975 homini,
1476 926 1579 981 per
1607 926 1769 982 quem
1788 927 1995 965 nomen

400 997 629 1053 Domini
659 996 1088 1067 blasphematur
1104 998 1283 1068 (Rom.
1304 1013 1342 1063 ι,
1374 1000 1480 1062 24;
1513 998 1616 1053 Isa.
1650 1014 1742 1064 LII,
1777 1002 1853 1069 5).
1887 998 1995 1054 Sed

398 1084 601 1138 malum
635 1092 736 1149 est,
771 1083 987 1139 laudem
1034 1094 1311 1156 appetere,
1352 1085 1438 1141 vel
1469 1101 1691 1142 amare;

478 1176 547 1232 Dc
568 1174 879 1229 Charitate.
902 1204 974 1213 —
996 1174 1291 1245 Postquam
1308 1182 1486 1229 autem
1508 1174 1764 1229 didiceris
1785 1190 1814 1229 a
1838 1175 1995 1230 Chri-

405 1270 510 1331 sto,
540 1261 687 1316 mitis
718 1277 860 1331 esse,
903 1269 957 1317 et
984 1261 1203 1316 humilis
1260 1263 1446 1332 corde,
1479 1262 1569 1318 ille
1596 1263 1689 1334 qui
1743 1264 1993 1334 superbis

402 1350 622 1418 resistit,
647 1358 701 1405 et
720 1348 1013 1404 humilibus
1030 1349 1121 1405 dat
1142 1350 1377 1423 gratiam
1407 1366 1582 1419 suam,
1603 1351 1828 1421 petenti,
1854 1368 1994 1423 qum-

396 1439 559 1504 renti,
591 1437 831 1509 pulsanti
858 1438 955 1492 tibi
983 1438 1132 1493 dabit
1161 1454 1258 1509 per
1294 1439 1550 1509 Spiritum
1581 1447 1827 1495 sanctum
1857 1440 1991 1495 cha-

398 1528 634 1594 ritatem,
670 1542 779 1597 qua
826 1527 1095 1596 majorem
1150 1526 1283 1581 nulli
1328 1527 1535 1582 homini
1562 1527 1620 1581 in
1648 1528 1748 1583 hac
1769 1528 1875 1582 vita
1901 1528 1993 1582 dat

394 1615 651 1690 gratiam.
682 1615 811 1670 Haec
839 1622 1126 1686 postquam
1184 1615 1411 1686 coeperit
1440 1616 1495 1669 in
1549 1616 1715 1671 corde
1754 1624 1844 1671 tuo
1874 1615 1990 1671 fer-

393 1720 543 1771 vere,
575 1704 650 1758 ita
678 1702 919 1757 dilatabit
963 1703 1116 1772 illud,
1149 1711 1208 1758 ut
1237 1704 1499 1776 quidquid
1547 1704 1639 1758 tibi
1682 1704 1739 1758 in
1793 1704 1990 1759 divinis

392 1792 666 1885 mandatis
690 1792 885 1885 durum
905 1792 1139 1885 videtur,
1165 1792 1250 1847 vel
1268 1792 1502 1858 difficile,
1535 1793 1628 1847 liat
1649 1791 1985 1885 facillimum.
2009 1825 2062 1885 B

394 1882 493 1947 Ita,
526 1881 768 1952 inquam,
802 1880 1051 1934 dilatabit
1087 1896 1185 1936 cor
1238 1888 1406 1947 tuum,
1442 1889 1495 1935 et
1525 1896 1861 1953 quascunque
1893 1882 1988 1936 tibi

394 1969 530 2024 dura
557 1969 831 2038 videntur,
864 1969 951 2024 vel
1004 1984 1222 2039 aspera,
1251 1969 1493 2038 jucunda
1549 1968 1710 2025 faciet
1741 1978 1794 2025 et
1822 1970 1984 2037 levia,

342 2064 361 2077 ‘
387 2066 446 2113 ut
474 2057 741 2113 veraciter
761 2057 910 2112 dicas
947 2073 960 2112 :
1007 2059 1159 2114 Viam
1186 2059 1595 2114 mandatorum
1640 2062 1869 2115 tuorum
1889 2075 1987 2115 cu-

390 2138 555 2203 curri
571 2163 702 2202 cum
733 2146 997 2201 dilatasti
1017 2162 1114 2201 cor
1132 2162 1322 2202 meum
1343 2148 1517 2215 (Psal.
1540 2161 1733 2211 cxvm,
1757 2148 1847 2218 34)
1882 2164 1895 2201 :
1919 2148 1987 2202 Et

390 2234 556 2289 illud:
584 2236 648 2289 In
672 2235 761 2289 via
794 2234 1195 2290 mandatorum
1234 2239 1463 2291 tuorum
1491 2236 1805 2291 delectatus
1835 2251 1979 2301 sum,

392 2326 543 2393 sicut
572 2325 637 2378 in
666 2322 926 2378 omnibus
964 2322 1177 2378 divitiis
1198 2322 1378 2393 (ibid,
1412 2324 1521 2391 14).
1544 2324 1691 2379 Hanc
1712 2331 1767 2377 tu
1798 2324 1982 2379 chari-

398 2419 585 2477 tatem,
617 2410 752 2465 nihil
782 2410 932 2464 aliud
963 2426 1126 2481 quam
1155 2411 1504 2466 dilectionem
1529 2411 1628 2466 Dei
1658 2419 1712 2466 et
1740 2411 1981 2481 proximi

385 2499 649 2569 intellige.
682 2499 820 2552 Nam
849 2498 958 2553 duo
988 2506 1114 2553 sunt
1150 2505 1444 2569 praecepta,
1476 2500 1574 2554 sed
1603 2514 1712 2554 una
1740 2507 1822 2554 est
1852 2500 1981 2555 cha-

382 2588 537 2643 ritas.
560 2588 695 2642 Cum
727 2587 797 2641 de
817 2587 1032 2642 duobus
1057 2588 1327 2642 mandatis
1348 2588 1611 2643 Dominus
1632 2588 1975 2659 loqueretur:

381 2677 447 2731 In
479 2677 585 2745 his,
611 2675 803 2748 inquit,
827 2676 1037 2732 duobus
1055 2678 1356 2749 praeceptis
1374 2678 1638 2733 universa
1662 2678 1758 2733 lea:
1769 2677 1980 2749 pendet

377 2770 434 2822 et
461 2766 746 2837 prophetae
778 2766 999 2835 (Matth.
1023 2780 1167 2832 xxu,
1186 2766 1295 2836 40).
1316 2766 1448 2820 Cum
1477 2774 1655 2821 autem
1692 2766 1761 2821 de
1790 2766 1976 2821 chari-

374 2862 505 2923 tate,
530 2870 653 2925 qua:
681 2869 790 2908 una
820 2861 920 2919 est,
955 2854 1250 2925 Apostolus
1279 2854 1608 2926 loqueretur,
1642 2854 1717 2909 ait
1741 2871 1754 2908 :
1774 2856 1974 2910 Pleni-

380 2944 514 2999 tudo
548 2944 684 3013 legis
704 2946 790 2997 est
812 2942 1040 2998 dilectio
1060 2943 1239 3011 (Rom.
1263 2958 1386 3009 χιιι,
1404 2944 1510 3012 10).
1530 2944 1648 2997 Duo
1673 2958 1807 3014 ergo
1827 2952 1971 3009 sunt,

375 3047 499 3102 qua:
513 3030 775 3099 jubentur
795 3049 809 3096 ;
828 3030 924 3084 sed
946 3045 1055 3085 una
1077 3038 1161 3085 est
1183 3029 1421 3086 charitas
1442 3047 1543 3101 per
1566 3046 1730 3102 quam
1752 3031 1978 3102 implen-

372 3128 480 3174 tur.
508 3120 788 3188 Prmcepta
817 3134 938 3189 quae
962 3118 1218 3185 jubentur
1244 3126 1369 3172 sunt
1396 3118 1451 3173 in
1482 3118 1606 3189 lege
1630 3137 1645 3184 ;
1683 3119 1782 3173 sed
1802 3119 1976 3174 chari-

374 3215 461 3262 tas
491 3224 591 3277 per
618 3179 779 3277 quam
808 3179 1100 3277 implentur
1128 3215 1212 3261 est
1237 3206 1294 3260 in
1314 3207 1501 3262 corde.
1527 3179 1641 3262 god.
1654 3223 1764 3262 non
1793 3215 1973 3278 potest
1994 3179 2042 3239 Ο

373 3312 497 3350 esse
528 3294 581 3348 in
612 3294 870 3350 cordibus
901 3294 1122 3359 nostris,
1148 3311 1214 3349 ex
1234 3295 1393 3349 nobis
1422 3295 1574 3365 ipsis,
1599 3296 1686 3350 vel
1717 3312 1815 3365 per
1842 3311 1970 3351 nos-

373 3384 664 3454 metipsos;
691 3383 789 3438 sed
809 3384 1063 3439 charitas
1085 3385 1203 3451 Dei,
1225 3384 1300 3438 ait
1321 3383 1631 3454 Apostolus,
1656 3384 1863 3455 diffusa
1885 3389 1969 3440 est

373 3474 439 3528 in
468 3473 725 3529 cordibus
750 3473 981 3537 nostris,
1004 3488 1109 3543 per
1138 3473 1415 3545 Spiritum
1444 3475 1710 3528 sanctum
1742 3473 1838 3543 qui
1870 3473 1969 3527 da-

379 3565 470 3617 tus
503 3566 587 3617 est
606 3561 771 3617 nobis
802 3562 979 3628 (Rom.
1004 3575 1062 3625 x,
1082 3562 1157 3629 5).
1193 3561 1345 3615 Hanc
1372 3568 1429 3615 tu
1451 3560 1861 3627 instantissime,
1884 3560 1966 3614 in-

369 3656 649 3705 cessanter
675 3656 729 3702 et
756 3648 1108 3703 devotissime
1137 3649 1208 3702 ab
1227 3648 1321 3704 illo
1342 3658 1484 3719 pete,
1511 3664 1545 3703 a
1565 3665 1673 3720 quo
1696 3656 1777 3703 est
1805 3664 1966 3703 omne

367 3738 556 3792 datum
612 3736 897 3805 optimum,
929 3743 983 3790 et
1023 3751 1185 3790 omne
1225 3736 1428 3791 donum
1456 3735 1776 3806 perfectum.
1810 3735 1964 3805 Quo-

366 3825 531 3880 modo
562 3824 678 3878 sine
710 3823 974 3880 charitate
1001 3823 1211 3878 nullum
1239 3840 1377 3895 opus
1406 3824 1608 3880 bonum
1638 3824 1812 3895 possit
1839 3840 1964 3880 esse

2098 558 2188 613 illa
2217 558 2512 629 apostolica
2539 558 2699 615 lectio
2729 567 2782 614 te
2801 559 2997 630 poterit
3018 560 3271 630 edocere,
3304 576 3426 631 qua.
3456 560 3535 616 sic
3564 560 3691 616 inci-

2098 648 2176 717 pit
2200 662 2211 700 ε
2226 648 2285 703 Si
2309 648 2518 719 linguis
2534 648 2827 704 hominum
2849 649 3064 721 loquar,
3081 652 3136 704 et
3157 650 3487 720 angelorum
3502 650 3554 718 (l
3564 650 3685 705 Cor.

2097 749 2222 798 xm,
2257 738 2327 801 ις
2358 738 2517 791 Rom.
2549 750 2666 804 vm,
2700 739 2787 801 38,
2838 736 2949 805 39),
2983 744 3085 792 etc.
3109 736 3257 791 Felix
3293 736 3449 805 cujus
3477 736 3687 791 animus

2097 823 2165 877 ita
2196 824 2396 894 plenus
2427 832 2511 878 est
2548 824 2830 893 charitate,
2864 832 2920 879 ut
2952 824 3217 881 veraciter
3246 825 3421 895 possit
3453 824 3634 881 dicere
3668 843 3682 880 :

2103 912 2302 967 Certus
2333 929 2459 968 sum
2504 915 2637 985 quia
2675 929 2855 985 neque
2891 929 3075 979 mors,
3123 929 3302 985 neque
3348 915 3486 979 vita,
3510 929 3686 985 neque

2095 1005 2367 1056 creatura
2414 1001 2608 1073 aliqua
2636 1001 2846 1072 poterit
2879 1017 2969 1056 me
3009 1017 3274 1073 separare
3317 1019 3353 1057 a
3400 1001 3682 1057 charitate

2094 1089 2212 1155 Dei,
2238 1106 2360 1161 qua:
2376 1093 2460 1144 est
2479 1089 2542 1143 in
2568 1088 2787 1145 Christo
2810 1091 2942 1145 Jesu
2964 1090 3199 1146 Domino
3228 1094 3442 1148 nostro.

2165 1178 2241 1233 De
2269 1179 2643 1248 confessione.
2675 1207 2745 1216 —
2776 1176 3027 1248 Aliquem
3078 1176 3382 1248 Spiritalem
3411 1177 3586 1232 virum
3612 1177 3680 1232 de

2093 1265 2452 1330 monasterio,
2498 1264 2820 1336 opportunis
2853 1265 3033 1335 (prout
3061 1265 3159 1319 tibi
3210 1274 3262 1321 et
3290 1265 3367 1320 illi
3393 1265 3683 1336 videbitur)

2092 1349 2422 1420 temporibus
2451 1348 2520 1404 ad
2550 1357 2600 1404 te
2629 1348 2813 1405 venire
2855 1348 3174 1419 postulabis,
3222 1364 3333 1404 non
3362 1349 3677 1421 quemlibet,

2093 1437 2190 1492 sed
2219 1438 2541 1509 religiosum
2582 1436 2763 1491 virum
2791 1444 2843 1492 et
2897 1437 3216 1505 discretum,
3275 1437 3361 1493 cui
3408 1436 3681 1493 humiliter

2093 1526 2249 1596 quasi
2298 1525 2445 1580 Patri
2505 1524 2811 1581 conﬁtearis
2858 1524 3115 1592 oﬂ‘ensas,
3154 1526 3349 1598 quibus
3398 1533 3451 1581 te
3494 1540 3679 1581 coram

2090 1615 2206 1670 Deo
2236 1614 2719 1685 reprehensibilem
2740 1630 2862 1669 esse
2902 1614 3319 1672 animadvertes.
3351 1615 3476 1670 Non
3505 1614 3679 1669 solum

2089 1703 2231 1758 enim
2262 1703 2627 1774 negligentias
2647 1703 2941 1769 actionum,
2966 1703 3051 1758 vel
3080 1703 3415 1759 temeritates
3446 1703 3679 1759 locutio-

2090 1808 2240 1859 num,
2274 1793 2369 1847 sed
2393 1801 2446 1847 et
2473 1800 2695 1862 peccata
2748 1791 3136 1862 cogitationum
3186 1792 3357 1848 debes
3386 1792 3677 1857 discutere,

2089 1889 2141 1936 et
2176 1881 2232 1935 in
2259 1896 2389 1937 cera
2447 1888 2652 1947 notata,
2704 1880 2792 1935 vel
2820 1880 3135 1935 membrana
3163 1882 3477 1936 memoriter
3504 1878 3680 1936 conli-

2087 1969 2191 2024 teri
2224 1986 2238 2024 :
2274 1977 2327 2023 et
2358 1985 2478 2040 qua:
2494 1968 2563 2023 ab
2595 1984 2661 2023 eo
2690 1968 2786 2021 tibi
2806 1967 3176 2041 injungentur,
3208 1968 3401 2025 devote
3432 1969 3675 2040 exsequi,

2086 2066 2140 2113 et
2170 2065 2227 2112 ut
2264 2073 2361 2128 pro
2392 2065 2441 2112 te
2492 2064 2612 2112 oret
2661 2055 2938 2111 humiliter
2984 2057 3291 2128 deprecari,
3316 2058 3470 2127 juxta
3498 2057 3629 2112 illud
3663 2072 3676 2111 :

2087 2145 2449 2214 Conﬁtemini
2475 2146 2826 2200 alterutrum
2844 2149 3080 2216 peccata
3102 2150 3304 2211 vestra,
3322 2150 3379 2201 et
3398 2151 3555 2202 orate
3572 2161 3673 2218 pro

2082 2235 2327 2290 invicem
2346 2238 2414 2289 ut
2439 2234 2744 2289 salve-mini
2764 2234 2905 2303 (Jac.
2940 2249 2995 2299 v,
3018 2235 3128 2305 16).
3156 2235 3258 2289 Per
3276 2233 3673 2290 confessionem

2083 2323 2226 2378 enim
2284 2331 2337 2377 et
2393 2321 2787 2393 paenitentiam,
2834 2336 2957 2378 cum
3014 2322 3286 2378 sacrificio
3311 2323 3574 2378 orationis
3621 2331 3675 2379 et

2082 2411 2357 2482 praeterita
2384 2418 2611 2480 peccata
2641 2410 2942 2477 diluuntur,
2975 2417 3029 2465 et
3077 2409 3254 2465 futura
3306 2419 3586 2477 caventur,
3620 2420 3675 2467 et

2081 2500 2295 2556 insidiae
2326 2506 2490 2570 atque
2521 2498 2804 2553 illusiones
2831 2498 3141 2554 daemonum
3179 2508 3453 2567 caventur,
3488 2508 3540 2555 et
3569 2516 3671 2557 va-

2080 2596 2327 2644 cuantur.
2371 2586 2519 2642 Scire
2554 2586 2754 2657 quippe
2781 2586 2971 2652 debes,
3021 2586 3294 2660 religiosis
3324 2597 3376 2643 et
3402 2589 3589 2661 magni
3616 2596 3672 2645 et

2079 2676 2239 2731 ardui
2279 2675 2540 2746 propositi
2567 2675 2719 2741 viris,
2752 2691 2854 2746 pro
2889 2675 3149 2747 gravibus
3204 2676 3377 2747 culpis
3426 2677 3671 2748 deputari

2077 2766 2343 2836 quasdam
2373 2762 2632 2829 offensas,
2665 2779 2787 2834 qua:
2839 2763 3007 2830 leves,
3040 2771 3094 2819 et
3122 2764 3364 2819 veniales
3406 2765 3464 2819 in
3492 2782 3665 2821 saecu-

2077 2852 2177 2907 lari
2206 2851 2622 2909 conversatione
2670 2852 2967 2906 habentur.
3005 2852 3193 2923 Itaque
3223 2860 3497 2909 memento
3522 2855 3668 2925 quod

2079 2942 2269 2996 beatus
2289 2941 2389 2996 Job
2420 2940 2493 2994 ait
2521 2940 2590 2994 ad
2622 2940 2915 2995 Dominum
2948 2954 2961 2994 :
3003 2940 3235 2996 Verebar
3278 2943 3469 2998 omnia
3498 2958 3669 3015 opera

2075 3045 2222 3091 mea,
2253 3030 2436 3084 sciens
2456 3028 2598 3100 quod
2626 3045 2741 3084 non
2758 3032 3019 3100 parceret
3040 3029 3275 3101 delinqu
3286 3032 3410 3086 enti
3431 3031 3549 3101 (Job
3581 3047 3660 3100 rx,

2076 3120 2188 3186 28).
2221 3116 2541 3171 Confortare
2568 3116 2733 3188 igitur
2778 3117 2836 3171 in
2896 3116 3152 3186 Domino,
3197 3126 3251 3173 et
3278 3117 3501 3175 viriliter
3535 3135 3662 3193 age,

2072 3222 2181 3260 non
2211 3204 2354 3260 enim
2385 3204 2481 3259 tibi
2508 3204 2681 3259 deerit
2707 3205 2973 3271 Christus,
2998 3221 3099 3260 nec
3117 3213 3168 3260 te
3189 3222 3285 3260 sua
3299 3207 3664 3277 promissione

2073 3294 2365 3363 fraudabit,
2389 3292 2515 3364 quia
2534 3292 2663 3348 dicit
2693 3312 2711 3348 :
2739 3294 2883 3349 Ecce
2912 3310 3005 3365 ego
3034 3294 3316 3349 vobiscum
3337 3312 3465 3351 sum
3486 3300 3665 3354 omni-

2071 3383 2171 3437 bus
2199 3382 2389 3438 diebus
2417 3397 2587 3453 usque
2618 3381 2689 3436 ad
2716 3384 3262 3438 consummationem
3291 3386 3505 3440 saeculi.
3539 3387 3663 3457 Ipse

2071 3479 2248 3525 autem
2278 3470 2370 3541 qui
2417 3478 2469 3526 te
2496 3486 2596 3540 per
2621 3470 2858 3540 gratiam
2899 3485 3055 3525 suam
3102 3472 3348 3542 vocavit,
3380 3473 3455 3528 ita
3485 3473 3579 3527 tibi
3610 3482 3664 3530 et

2068 3558 2227 3614 nobis
2272 3558 2468 3613 auxilio
2516 3566 2731 3612 tuarum
2788 3558 3091 3613 orationum
3157 3560 3355 3628 adjutis
3411 3562 3665 3634 dignetur

2069 3648 2282 3714 adesse,
2304 3655 2363 3702 ut
2391 3654 2579 3702 mutua
2599 3662 2700 3702 nos
2721 3647 2776 3702 in
2796 3663 2972 3719 regno
3001 3663 3099 3704 suo
3129 3648 3337 3706 visione
3365 3649 3524 3706 faciat
3544 3650 3662 3707 sine

2066 3735 2173 3791 fine
2204 3735 2463 3807 gaudere.
2508 3738 2701 3791 Amen.

368 3975 3658 4012 ψ

938 4379 1670 4476 CARTHUSUE
1749 4379 2430 4477 PORTARUM
2508 4380 3075 4478 MONACHI

1354 4606 2011 4712 EPISTOL/E
2090 4609 2647 4737 QUINQUE

1038 4826 1142 4895 (Ex
1173 4823 1361 4881 codice
1390 4841 1495 4881 ms.
1525 4825 1843 4881 monasterii
1874 4825 1931 4880 S.
1964 4826 2218 4898 Augendi
2245 4827 2494 4883 Jurensis
2523 4843 2621 4883 seu
2650 4828 2708 4885 S.
2742 4829 2999 4903 Claudii.)

855 5094 1194 5152 EPISTOLA
1250 5096 1486 5153 PRIMA.

500 5272 573 5311 AD
603 5270 938 5312 ετεΡιιΑΝυιί
965 5269 1223 5311 FRATREM
1256 5269 1438 5309 CARNE
1467 5270 1537 5310 ET
1567 5270 1800 5312 SPIBI‘I‘U.

888 5398 963 5454 De
1011 5400 1147 5469 fuga
1174 5397 1391 5453 saeculi.

425 5541 725 5597 Summo
754 5539 1105 5596 dilectissimo
1136 5537 1190 5591 in
1221 5537 1457 5604 Christo,
1502 5549 1753 5591 JOANNES
1783 5536 1948 5591 frater

344 5631 516 5703 ipsius
533 5646 699 5687 carne
728 5645 793 5686 ac
822 5629 1034 5701 spiritu,
1067 5628 1123 5682 in
1156 5625 1666 5683 Christivisceribus
1687 5624 1941 5692 inveniri,

345 5728 399 5777 et
427 5721 498 5777 ab
536 5720 806 5778 auditione
834 5717 979 5774 mala
1006 5731 1118 5772 non
1158 5715 1369 5771 timere.

2128 5096 2234 5167 Qui
2263 5098 2342 5164 fit,
2384 5099 2722 5167 charissime,
2774 5100 2830 5155 in
2875 5100 3088 5157 Christo
3126 5102 3646 5173 desiderantissime,

2057 5194 2115 5241 ut
2138 5202 2262 5241 cum
2293 5202 2484 5242 omnes
2524 5188 2951 5261 circumquaque
2994 5191 3180 5261 populi
3208 5192 3526 5263 Christiana
3554 5211 3649 5250 re-

2058 5274 2279 5347 ligionis
2306 5275 2649 5347 professores
2671 5277 2862 5344 simus,
2881 5279 3149 5334 mandatis
3168 5280 3484 5348 Dominicis,
3506 5290 3651 5337 tanta

2059 5378 2247 5419 eorum
2289 5364 2379 5436 qui
2427 5365 2571 5421 intra
2614 5366 2915 5422 Ecclesiam
2962 5368 3304 5424 continentur
3341 5370 3647 5437 multitudo,

2056 5468 2165 5507 non
2197 5451 2374 5507 solum
2400 5453 2763 5509 obedientiam
2793 5470 2902 5509 non
2934 5456 3171 5524 deferre,
3198 5456 3449 5514 faciendo
3477 5458 3648 5530 impe-

2055 5548 2196 5606 rata,
2243 5557 2435 5597 verum
2480 5542 2641 5597 etiam
2668 5542 2954 5599 obstinatis
2981 5545 3175 5600 animis
3221 5546 3517 5614 adversari,
3561 5547 3646 5602 fa-

2052 5627 2248 5684 ciendo
2279 5630 2574 5700 prohibita,
2626 5630 2976 5687 inveniatur?
3005 5633 3113 5702 Qui
3139 5634 3374 5706 utrique,
3408 5642 3519 5690 tam
3555 5635 3646 5707 qui

2048 5714 2318 5788 imperata
2346 5733 2458 5775 non
2485 5717 2710 5790 faciunt,
2731 5733 2895 5791 quam
2926 5721 3018 5793 qui
3046 5721 3317 5793 prohibita
3335 5721 3519 5780 facere
3538 5738 3648 5781 non
