3938 6402
224 369 324 423 901

1516 362 1870 421 EPISTOLE
1908 361 2229 432 QUINQUE
2241 403 2254 416 .

3441 367 3544 420 902

234 501 503 562 metuunt,
539 495 584 549 si
616 512 738 567 qua:
766 503 888 549 sunt
917 495 970 549 in
1002 495 1160 550 nobis
1189 494 1404 551 viscera
1444 490 1850 554 misericordiae,
1881 489 1937 548 A
1959 488 2046 543 nis
2086 497 2336 560 tempore
2365 490 2620 555 habeant,
2655 488 2711 542 in
2749 488 2857 542 illis
2904 487 3138 544 maxime
3168 489 3549 547 manifestatur

239 583 284 636 si
318 600 442 654 qua:
488 584 723 654 pietatis,
773 583 994 638 assiduo
1025 583 1249 657 lugendi
1277 583 1422 650 ï¬‚etu,
1458 583 1678 637 assiduo
1725 589 1848 635 sunt

242 670 543 744 plangendi
573 672 784 726 dolore.
821 672 1044 743 Utrique
1093 672 1256 738 enim,
1297 672 1399 727 etsi
1443 687 1552 726 non
1599 671 1847 726 eamdem

246 759 383 814 forte
414 776 652 830 prauam,
713 761 964 815 eamdem
1009 769 1213 827 tamen,
1274 760 1377 814 nisi
1426 761 1482 814 in
1535 760 1849 830 poenitentia

239 848 561 918 perdurent,
626 849 899 904 incurrent
945 849 1366 905 damnationem.
1441 849 1594 903 Adeo
1651 848 1849 920 quippe

241 936 448 1006 repleta
474 945 557 991 est
603 944 748 992 terra
794 937 1095 1009 iniquitate,
1141 945 1195 992 et
1241 937 1388 1008 quod
1437 936 1492 990 in
1538 936 1851 991 novissimis

243 1024 437 1079 diebus
468 1025 733 1080 Dominus
762 1025 998 1080 futurum
1027 1025 1510 1097 praedixit(Matth.
1541 1039 1700 1089 xxw,
1737 1025 1845 1095 14),

243 1113 556 1168 abundante
613 1113 914 1185 iniquitate,
975 1114 1337 1187 refrigescere
1395 1113 1559 1184 coepit
1613 1113 1849 1169 Charitas

244 1201 568 1267 multorum;
601 1210 659 1256 ut
688 1202 900 1257 facilius
915 1203 1163 1259 invenias
1180 1203 1273 1274 qui
1299 1202 1484 1257 laudet
1503 1210 1849 1272 peccatorem

244 1289 299 1343 in
330 1290 618 1345 desideriis
648 1291 844 1346 animae
875 1307 1005 1357 suae,
1038 1307 1197 1363 quam
1219 1291 1310 1363 qui
1340 1291 1595 1361 corripiat
1623 1307 1745 1346 eum
1779 1291 1849 1344 ab

243 1395 434 1434 errore
466 1379 567 1434 viae
597 1397 732 1435 suae.
771 1379 930 1449 Quod
961 1381 1006 1434 si
1032 1381 1101 1435 de
1122 1380 1312 1436 otiosis
1355 1380 1697 1435 sermonibus
1725 1380 1850 1434 red-

240 1467 404 1521 dituri
426 1483 614 1522 sumus
641 1469 907 1524 rationem
941 1470 996 1524 in
1026 1468 1114 1523 die
1139 1468 1350 1537 judicii,
1384 1468 1475 1539 qui
1514 1467 1847 1539 voluptatum

243 1565 297 1610 et
325 1555 638 1612 illicitorum
667 1558 828 1626 hujus
858 1559 1045 1612 mundi
1091 1557 1490 1613 desideriorum
1521 1565 1644 1612 sunt
1699 1574 1847 1613 ama-

238 1652 386 1700 tores
415 1645 595 1718 magis
625 1662 788 1717 quam
819 1647 937 1710 Dei,
970 1662 1077 1718 quo
1128 1647 1278 1701 ibunt
1307 1663 1337 1700 a
1367 1647 1556 1717 spiritu
1585 1646 1748 1713 illius,
1795 1656 1848 1702 et

239 1748 398 1804 quoa
425 1733 561 1789 facie
600 1735 715 1802 ejus
762 1733 970 1805 fugient
1003 1753 1017 1800 ;
1051 1734 1143 1806 qui
1190 1735 1408 1808 quidem
1440 1735 1495 1788 in
1547 1735 1846 1792 humilitate

1949 578 2041 648 qui
2069 586 2359 649 postquam
2381 579 2448 632 de
2464 578 2571 633 vita
2600 578 3047 648 desperaverant,
3080 586 3202 648 post
3227 579 3373 634 illam
3404 599 3546 653 qua-

1946 667 2272 738 lemcunque
2292 666 2709 735 confessionem,
2733 667 2802 721 de
2822 666 3142 736 aegritudine
3162 669 3552 728 convalescen-

1947 764 2048 821 tes,
2084 756 2154 810 ad
2185 766 2446 812 consueta
2464 763 2687 826 peccata
2716 755 2960 821 redeunt,
2993 764 3046 809 et
3074 755 3341 812 deteriora
3385 777 3548 830 quam

1947 844 2100 914 prius
2117 845 2408 915 aliquando
2439 844 2798 900 committunt.
2846 844 2902 899 Si
2931 843 3076 899 enim
3097 861 3225 900 vere
3263 847 3549 916 paenituis-

1950 940 2090 997 sent,
2124 933 2378 988 deflenda
2409 949 2596 987 rursus
2625 940 2787 1004 atque
2817 931 3052 987 dolenda
3080 935 3416 991 committere
3455 952 3549 992 ca-

1948 1029 2158 1076 verent.
2187 1021 2298 1089 Qui
2353 1021 2398 1075 si
2433 1021 2577 1076 illius
2607 1020 2973 1076 invalitudinis
3019 1029 3266 1092 tempore
3315 1033 3549 1080 mortem

1949 1109 2208 1175 subirent,
2234 1118 2411 1164 utrum
2441 1110 2510 1164 ad
2531 1125 2765 1181 regnum
2794 1109 2995 1164 Christi
3025 1112 3336 1180 perventuri
3366 1122 3550 1169 essent

1948 1198 2096 1252 Deus
2125 1198 2337 1252 viderit.
2371 1198 2476 1268 Qui
2505 1198 2672 1270 igitur
2702 1198 2771 1252 ab
2797 1199 2902 1254 hac
2930 1199 3041 1254 vita
3067 1199 3142 1254 ita
3171 1201 3548 1272 egrediuntur,

1944 1286 2256 1354 hujusmodi
2294 1288 2454 1342 etiam
2507 1287 2852 1343 confessione
2908 1303 3017 1342 non
3067 1297 3363 1357 carentes;
3415 1291 3552 1350 sicut

1947 1375 2096 1429 salus
2128 1391 2318 1430 eorum
2355 1376 2542 1441 dubia,
2589 1376 2662 1430 ita
2706 1384 2759 1430 et
2815 1375 3092 1431 damnatio
3122 1377 3331 1433 incerta
3365 1397 3378 1432 :
3410 1380 3548 1435 sicut

1946 1479 2054 1518 non
2075 1471 2158 1519 est
2185 1465 2254 1519 de
2286 1465 2366 1519 eis
2396 1464 2818 1535 desperandum,
2853 1466 2926 1518 ita
2953 1481 3052 1521 nec
3082 1469 3543 1536 praesumendum.

1947 1551 2234 1619 Quomodo
2266 1553 2411 1607 enim
2437 1551 2602 1608 finem
2630 1553 2908 1608 invenient
2929 1554 3227 1625 suppliciis,
3271 1556 3362 1627 qui
3383 1555 3549 1612 finem

1945 1656 2222 1712 nunquam
2253 1641 2566 1712 imposuere
2603 1641 2846 1712 peccatis
2872 1641 2900 1695 ?
2931 1643 2987 1698 Si
3017 1642 3162 1696 enim
3201 1644 3436 1714 amplius
3459 1645 3548 1700 vi-

1944 1737 2154 1794 verent,
2188 1729 2327 1785 forte
2375 1729 2608 1800 amplius
2651 1737 2704 1784 et
2759 1739 3072 1800 peccarent.
3134 1731 3317 1799 Quare
3369 1741 3551 1789 autem

233 1821 525 1890 judicatus,
575 1831 832 1878 venturus
871 1831 953 1878 est
983 1838 1105 1879 cum
1150 1830 1435 1894 potestate,
1469 1831 1519 1878 et
1567 1825 1846 1893 majestate
1866 1845 1919 1906 B
1948 1818 2093 1872 illius
2123 1818 2449 1873 venerabilis
2479 1818 2703 1873 latronis
2723 1818 2999 1874 confessio
3019 1820 3144 1876 huic
3182 1836 3366 1877 eorum
3412 1839 3550 1878 con-

235 1909 485 1978 judicare
531 1911 789 1966 saeculum
841 1927 940 1982 per
985 1912 1168 1983 ignem
1194 1912 1222 1965 ?
1253 1911 1538 1980 Quomodo
1593 1921 1847 1983 poterunt

241 1997 484 2053 habitare
533 2014 655 2054 cum
713 1999 842 2070 igne
899 2000 1295 2068 devorante,'et
1314 2001 1597 2055 ardoribus
1641 2003 1849 2072 sempi-

236 2086 409 2141 ternis
439 2088 467 2142 ?
497 2087 551 2142 Si
599 2104 776 2159 neque
817 2088 885 2143 ab
937 2088 1168 2158 oriente,
1230 2105 1410 2160 neque
1440 2089 1509 2144 ab
1566 2089 1848 2146 occidente

234 2183 385 2246 patet
412 2175 563 2231 locus
592 2175 887 2249 effugiendi
901 2177 1142 2247 judicem
1177 2179 1371 2244 Deum,
1403 2178 1618 2248 quando
1666 2178 1846 2247 justus

233 2263 323 2318 vix
353 2264 672 2333 salvabitur,
724 2266 875 2336 impii
920 2274 973 2320 et
1017 2273 1336 2337 peccatores
1377 2266 1470 2321 ubi
1519 2267 1847 2338 parebunt?

235 2353 518 2408 Terribilis
550 2361 630 2408 est
662 2369 794 2425 ergo
826 2353 1006 2420 nimis,
1035 2363 1088 2409 et
1117 2370 1281 2426 supra
1313 2370 1478 2426 quam
1508 2355 1594 2410 vel
1611 2355 1738 2422 dici,
1759 2356 1847 2411 vel

235 2439 533 2509 echgitari
562 2448 743 2511 potest
769 2440 1149 2506 formidabilis,
1183 2440 1343 2495 etiam
1353 2440 1534 2509 justis,
1560 2449 1845 2511 exspecta-

232 2526 308 2582 tio
337 2527 430 2582 illa
463 2527 655 2597 judicii
685 2543 794 2600 quo
850 2537 1066 2600 oportet
1120 2544 1311 2584 omnes
1364 2544 1464 2584 nos
1520 2529 1846 2599 praesentari

230 2624 358 2671 ante
389 2616 619 2671 tribunal
663 2617 882 2672 Christi.
943 2618 1285 2673 Horrendum
1334 2617 1535 2689 quippe
1563 2627 1645 2672 est
1701 2618 1842 2674 inci-

227 2704 360 2760 dere
390 2705 446 2759 in
465 2721 660 2760 manus
682 2706 783 2761 Dei
815 2705 1067 2762 viventis.
1102 2706 1210 2761 Sed
1239 2722 1350 2762 non
1407 2707 1523 2763 hac
1575 2707 1838 2778 cogitare,

226 2809 337 2849 non
368 2794 486 2850 haec
509 2794 697 2850 volunt
729 2794 1190 2863 animadvertere,
1244 2795 1337 2866 qui
1367 2795 1528 2850 variis
1557 2803 1610 2850 et
1639 2794 1840 2851 illicitis

227 2882 389 2951 hujus
446 2882 572 2939 vitae
637 2883 922 2939 desideriis
980 2883 1392 2952 deservientes,
1445 2899 1565 2954 quae
1620 2885 1689 2939 de
1747 2885 1838 2940 illo

227 2971 516 3027 tremendo
585 2971 836 3027 examine
897 2972 1185 3040 dicuntur,
1255 2980 1346 3026 aut
1419 2988 1528 3028 non
1582 2973 1832 3040 credunt,

227 3068 321 3115 aut
375 3069 760 3126 contemnunt;
815 3061 900 3116 vel
951 3061 1115 3116 etiam
1166 3061 1209 3115 si
1269 3061 1519 3128 credunt,
1567 3061 1835 3118 diabolica

227 3157 412 3204 tamen
469 3149 826 3220 inspiratione
856 3150 1128 3222 levigante
1184 3150 1457 3217 timorem,
1491 3150 1546 3205 in
1592 3159 1836 3206 contem-

225 3246 397 3309 ptum,
417 3246 471 3294 et
486 3238 818 3294 oblivionem
838 3239 1059 3308 ducunt,
1085 3255 1206 3311 qua
1225 3247 1482 3311 quantum
1494 3237 1610 3294 fieri
1628 3248 1836 3310 posset,

225 3327 388 3382 etiam
419 3326 765 3394 dormiendo,
811 3335 934 3382 ante
968 3327 1154 3384 oculos
1181 3327 1379 3382 mentis
1429 3327 1633 3384 habere
1663 3328 1839 3384 debe-

224 3423 364 3471 rent.
399 3414 556 3484 Quod
594 3416 639 3470 si
669 3432 736 3471 ea
791 3425 875 3471 est
903 3432 1068 3472 causa
1125 3416 1400 3489 levigandi
1430 3417 1657 3484 timoris,
1715 3417 1842 3489 quia

229 3502 440 3560 scilicet
468 3504 588 3560 dies
618 3504 713 3560 illa
752 3505 943 3574 judicii
985 3505 1152 3578 longe
1189 3522 1312 3560 esse
1349 3505 1562 3561 videtur
1595 3505 1717 3572 ;vel
1745 3506 1840 3561 illa

222 3591 523 3648 novissima
551 3591 814 3648 decessus
845 3593 928 3648 sui
957 3593 1097 3663 dies,
1131 3610 1252 3666 qua:
1277 3593 1571 3666 uniquique
1610 3595 1838 3666 prOpin-

223 3697 329 3753 qua
359 3689 462 3751 est,
515 3680 743 3737 deberet
772 3697 1218 3754 unumquemque
1258 3690 1483 3749 terrere,
1517 3691 1568 3737 et
1629 3682 1836 3739 sollici-

221 3777 333 3824 tum
365 3768 565 3835 facere,
600 3777 654 3824 et
710 3777 986 3842 torporem
1046 3778 1100 3826 et
1155 3779 1402 3841 teporem
1443 3771 1708 3826 mentium
1766 3771 1836 3826 ad

225 3857 563 3929 vigilandum
595 3859 834 3914 excitare
866 3875 878 3914 :
911 3859 967 3914 in
1019 3874 1126 3931 qua
1155 3859 1404 3932 singulos
1444 3875 1546 3930 pro
1603 3859 1831 3927 meritis,

225 3963 345 4018 quas
373 3961 480 4002 nec
518 3947 711 4019 augeri
756 3946 1010 4020 amplius,
1061 3964 1164 4004 nec
1204 3947 1377 4003 minui
1407 3956 1679 4020 poterunt,
1730 3965 1834 4004 ne-

221 4050 377 4092 cesse
406 4043 493 4091 est
522 4035 766 4093 invenire
798 4052 884 4104 ea,
905 4054 1028 4109 quae
1053 4037 1140 4094 vel
1173 4038 1316 4094 bona
1353 4038 1409 4092 in
1439 4038 1832 4110 sempiternum

219 4140 326 4180 non
371 4133 624 4197 poterunt
671 4126 726 4182 in
773 4126 1010 4182 deterius
1059 4126 1410 4195 commutari,
1458 4127 1547 4184 vel
1603 4128 1750 4182 mala
1777 4128 1834 4184 in

219 4209 416 4265 melius
445 4211 712 4268 converti.
736 4211 874 4267 Sunt
901 4219 1081 4267 autem
1118 4211 1293 4279 multi,
1325 4211 1436 4267 imo
1482 4210 1694 4267 infinita
1733 4212 1832 4267 ho-

219 4297 424 4355 minum
453 4299 759 4366 multitudo,
806 4300 899 4372 qui
943 4315 1066 4356 cum
1102 4299 1339 4356 assiduis
1396 4301 1509 4355 suis
1566 4301 1826 4372 peccatis,

217 4387 363 4442 mala
391 4404 491 4443 sua
512 4388 870 4460 multiplicent
916 4407 930 4456 ;
975 4397 1292 4461 peccatores
1338 4389 1560 4461 quidem
1591 4406 1650 4444 se
1707 4405 1831 4446 esse

218 4485 654 4550 recognoscant,
731 4477 829 4534 sed
885 4485 1067 4534 tamen
1145 4478 1390 4536 converti
1447 4478 1826 4547 dissimulant;

1951 1906 2177 1962 fessioni
2208 1923 2315 1962 non
2355 1907 2707 1977 conferenda,
2766 1908 2986 1963 alterius
3044 1909 3148 1964 loci
3189 1919 3240 1965 et
3285 1913 3549 1983 temporis

1948 2003 2030 2051 est
2087 1995 2379 2052 disserere.
2435 1998 2504 2050 Et
2563 1996 2668 2051 hoc
2709 2012 2818 2051 non
2873 2005 3058 2052 nostra
3114 1999 3399 2068 opinione,
3450 2001 3546 2055 sed

1949 2092 2265 2139 sanctorum
2318 2086 2539 2138 Patrum
2593 2084 2910 2140 auctoritate
2958 2085 3312 2156 praeferimur.
3362 2088 3549 2142 Terri-

1946 2171 2113 2227 bilem
2134 2189 2266 2228 vero
2297 2173 2366 2228 de
2395 2173 2591 2227 talibus
2620 2172 2827 2244 profert
2855 2174 3146 2244 Apostolus
3175 2177 3500 2232 sententiam
3534 2194 3546 2233 :

1945 2263 2032 2316 An
2056 2263 2302 2331 ignoras,
2333 2261 2526 2333 inquit,
2555 2277 2584 2317 Î¿
2617 2263 2796 2328 homo,
2819 2265 3087 2334 quoniam
3118 2265 3436 2336 benignitas
3450 2268 3551 2322 Dei

1945 2350 2017 2404 ad
2043 2352 2441 2421 paenitentiam
2456 2354 2510 2405 te
2531 2350 2800 2406 adducit?
2820 2353 2895 2406 Tu
2908 2368 3052 2419 vero,
3066 2355 3377 2410 secundum
3393 2355 3550 2410 duri-

1946 2438 2087 2492 tiam
2101 2442 2260 2493 tuam
2272 2442 2329 2494 et
2340 2439 2825 2510 corimpwnitens,
2844 2440 3194 2497 thesaurisa:
3206 2444 3308 2498 tibi
3322 2428 3471 2498 irani
3487 2443 3550 2498 in

1943 2526 2165 2594 dieirw,
2190 2531 2245 2582 et
2260 2528 2629 2583 reuelationis
2640 2529 3294 2602 justijudiciiDei(Rom.
3317 2546 3376 2596 Î¹Î¹,
3397 2533 3448 2599 4,
3466 2535 3546 2600 5).

1943 2613 2230 2686 Sapientes
2250 2614 2419 2687 igitur
2449 2615 2542 2686 qui
2561 2631 2671 2670 non
2701 2624 3031 2686 acceperunt
3061 2617 3116 2671 in
3147 2634 3289 2673 vano
3310 2620 3544 2673 animam

1941 2718 2118 2768 suam,
2149 2711 2202 2757 et
2233 2703 2324 2774 qui
2353 2703 2488 2758 illud
2507 2703 2658 2774 operi
2688 2720 2787 2760 suo
2831 2721 3066 2776 posuere
3113 2705 3545 2776 fundamentum,

1940 2801 2142 2862 praeter
2188 2792 2335 2863 quod
2373 2808 2534 2848 nemo
2580 2800 2759 2863 potest
2817 2794 2962 2849 aliud
3001 2812 3227 2865 ponere,
3293 2797 3440 2868 quod
3467 2805 3551 2853 est

1940 2881 2184 2936 Christus
2212 2881 2373 2936 Jesus
2393 2921 2409 2948 ,
2465 2897 2739 2953 nunquam
2773 2883 2874 2936 sub
2924 2884 3235 2953 hujusmodi
3264 2885 3548 2941 incertitu-

1938 2969 2064 3024 dine
2095 2969 2324 3024 salutem
2355 2985 2512 3024 suam
2545 2979 2862 3040 posuerunt.
2913 2975 3182 3028 Anchora:
3239 2975 3382 3028 enim
3432 2975 3551 3045 spei

1937 3074 2050 3113 suae
2092 3056 2420 3114 firmissima:
2458 3059 2809 3114 immobiliter
2850 3061 3196 3126 inhaerentes,
3243 3063 3299 3116 in
3320 3064 3426 3118 hoc
3459 3065 3549 3118 vi-

1934 3154 2044 3200 tam
2073 3162 2226 3202 suam
2247 3147 2552 3213 instituunt,
2605 3149 2710 3204 hoc
2738 3149 2902 3204 modo
2933 3151 3005 3204 ad
3052 3167 3303 3205 normam
3333 3152 3546 3207 divino-

1941 3252 2064 3290 rum
2086 3235 2486 3303 mandatorum,
2521 3252 2714 3292 omncs
2769 3253 2879 3293 non
2918 3238 3095 3293 solum
3150 3239 3413 3306 actiones,
3449 3241 3548 3295 sed

1942 3332 1994 3379 et
2024 3324 2406 3396 cogitationes,
2429 3333 2482 3380 et
2503 3325 2805 3381 locutiones
2826 3343 2952 3381 suas
2972 3327 3235 3398 dirigunt,
3259 3338 3317 3383 ut
3345 3338 3550 3400 quanto

1941 3413 2165 3481 certius,
2200 3422 2404 3484 quanto
2451 3414 2698 3470 securius
2741 3423 2987 3485 possunt,
3029 3417 3381 3473 novissimam
3441 3419 3545 3473 de-

1941 3517 2132 3557 cessus
2153 3502 2237 3557 sui
2267 3503 2474 3569 horam,
2509 3503 2862 3558 novissimam
2921 3520 3136 3576 quoque
3183 3506 3369 3577 magni
3395 3506 3546 3575 judi-

1938 3589 2008 3646 cii
2034 3591 2180 3645 diem
2197 3591 2583 3661 praestolentur
2616 3607 2630 3646 :
2663 3599 2720 3646 ut
2742 3592 2919 3647 securi
2957 3601 3007 3647 et
3055 3593 3174 3649 sine
3223 3594 3544 3650 confusione

1937 3679 2295 3751 loquanturin
2326 3688 2486 3751 porta
2506 3680 2680 3734 exitus
2709 3681 2814 3746 sui,
2848 3689 2901 3736 et
2931 3681 3111 3737 dicant
3144 3698 3157 3737 :
3201 3684 3359 3738 Venit
3389 3684 3546 3755 prin-

1934 3783 2063 3839 ceps
2084 3768 2286 3824 mundi
2319 3769 2509 3839 hujus,
2545 3773 2604 3824 et
2627 3771 2691 3824 in
2741 3786 2830 3825 me
2876 3786 2992 3825 non
3042 3770 3206 3827 habet
3241 3771 3546 3843 quidquam
3628 3762 3636 3769 â€™

1936 3857 2125 3925 (Joan.
2156 3873 2275 3926 xw,
2310 3861 2420 3927 30).
2458 3859 2523 3912 Hi
2552 3858 2831 3928 cupientes
2860 3875 2985 3914 cum
3013 3859 3278 3930 Apostolo
3297 3861 3544 3929 dissolvi,

1935 3953 1990 4000 et
2021 3961 2145 4001 esse
2177 3961 2300 4001 cum
2329 3946 2566 4014 Christo,
2600 3963 2710 4002 non
2765 3948 2941 4003 solum
2973 3964 3081 4004 non
3112 3948 3426 4014 formidant,
3461 3966 3550 4006 ve-

1932 4050 2052 4088 rum
2081 4034 2248 4089 etiam
2287 4051 2500 4090 summo
2530 4051 2654 4092 cum
2693 4036 2968 4092 desiderio
3021 4038 3378 4093 novissimam
3431 4046 3548 4094 tre-

1931 4123 2116 4178 mendi
2145 4123 2411 4178 examinis
2441 4124 2590 4179 diem
2619 4133 2956 4196 exspectant,
2990 4127 3228 4183 scientes
3250 4128 3548 4199 repositam

1931 4227 2054 4266 esse
2083 4212 2186 4266 sibi
2207 4227 2464 4267 coronam
2505 4213 2750 4281 justitize,
2817 4231 2979 4286 quam
3037 4216 3227 4271 reddet
3274 4217 3381 4270 illis
3437 4218 3551 4273 Do-

1930 4300 2109 4355 minus
2139 4300 2196 4355 in
2217 4300 2306 4354 illa
2334 4300 2443 4368 die,
2468 4309 2520 4356 et
2553 4302 2661 4370 jam
2718 4311 2971 4358 cessante
3026 4320 3181 4370 voce,
3215 4305 3398 4361 cordis
3440 4305 3546 4360 de-

1929 4388 2136 4444 siderio
2164 4388 2477 4460 frequenter
2505 4390 2848 4462 ingeminare
2885 4407 2993 4446 non
3015 4400 3233 4447 cessant
3262 4393 3543 4462 dicentes;

1931 4478 2161 4545 Quando
2191 4479 2438 4544 veniam,
2457 4482 2514 4534 et
2527 4479 2807 4551 apparebo
2842 4484 2977 4536 ante
2989 4481 3198 4551 faciem
3209 4482 3346 4537 Dei?
3363 4482 3541 4551 (Psat.

219 4567 467 4638 exemplo
498 4565 709 4623 scilicet
735 4566 881 4623 illius
923 4567 1243 4641 Evangelici
1272 4567 1498 4624 latronis
1541 4567 1704 4623 nimis
1752 4568 1836 4623 in-
1853 4563 1908 4624 D
1935 4583 2043 4634 xu,
2068 4569 2146 4637 3.)
2177 4567 2408 4636 Quando
2429 4567 2756 4638 adimplebis
2777 4584 2866 4622 me
2893 4568 3078 4623 laetitia
3097 4585 3220 4624 cum
3238 4570 3387 4626 vultu
3408 4577 3499 4625 tuo
3516 4573 3546 4626 Îµá¼°

219 4654 492 4721 haerendo,
530 4656 764 4728 quadam
807 4657 1232 4728 praesumptione
1278 4657 1478 4713 divinae
1520 4657 1829 4714 misericor-

218 4743 338 4809 diae,
365 4760 476 4800 una
502 4745 801 4801 novissima
838 4753 1084 4818 tempore
1113 4747 1296 4802 obitus
1338 4746 1422 4801 sui
1461 4746 1824 4814 confessione,

214 4830 387 4888 deleri
405 4833 744 4890 conï¬dentes
771 4843 1124 4906 peccatorum
1155 4851 1378 4891 suorum
1407 4835 1826 4904 multitudinem,

217 4936 381 4991 quam
413 4939 516 4979 nec
545 4923 906 4980 aestimatione
929 4925 1395 4995 comprehendere
1425 4933 1679 4996 possunt.
1719 4926 1828 4980 Ho-

216 5023 331 5064 rum
359 5011 514 5067 multi
544 5012 671 5066 dum
716 5012 929 5069 incaute
980 5014 1049 5070 de
1097 5013 1474 5070 misericordia
1529 5013 1824 5081 conï¬dunt,

215 5099 455 5154 verenda
484 5100 646 5156 nimis
662 5109 716 5157 et
747 5102 982 5169 occulta,
1024 5103 1122 5158 sed
1151 5111 1334 5158 tamen
1358 5104 1508 5172 justa
1543 5102 1711 5158 divini
1734 5103 1827 5172 ju-

211 5185 334 5242 dicii
363 5189 650 5245 severitate
703 5191 1106 5246 damnationem
1142 5191 1443 5248 incurrunt.
1478 5191 1656 5260 Quam
1710 5207 1826 5246 rem

214 5276 430 5346 quidem
458 5277 531 5332 ita
563 5295 623 5334 se
651 5279 856 5336 habere
904 5279 1069 5335 subiti
1096 5295 1260 5336 casus
1318 5279 1625 5335 immaturae
1670 5295 1826 5334 mor-

216 5363 299 5429 tis,
359 5373 411 5420 et
455 5367 628 5423 corda
677 5368 973 5424 multorum
1028 5369 1128 5423 sub
1189 5369 1410 5424 indulta:
1465 5368 1826 5425 confessionis

211 5458 474 5525 tempore,
498 5456 890 5527 imposnitentia
942 5457 1407 5529 lacrymabilibus,
1450 5466 1503 5513 et
1531 5456 1825 5512 miserabi-

213 5539 352 5596 libus
409 5545 588 5600 modis
637 5545 797 5600 nimis
856 5546 1167 5617 frequenter
1215 5545 1589 5601 manifestam.
1649 5544 1826 5613 Quam

211 5627 561 5702 imposnitens
590 5641 772 5690 autem
801 5650 919 5703 cor,
937 5634 1092 5690 multi
1121 5635 1268 5691 illius
1296 5632 1498 5692 ultimae
1518 5633 1825 5691 confessio-

1931 4656 2150 4728 quando
2179 4656 2456 4728 apparebo
2487 4656 2808 4728 conspectui
2855 4665 2946 4712 tuo
2977 4665 3028 4713 et
3076 4658 3338 4725 satiabor,
3396 4674 3545 4714 cum-

1929 4747 2242 4817 apparuerit
2269 4745 2445 4818 gloria
2481 4754 2572 4800 tua
2598 4745 2626 4800 ?
2660 4745 2880 4818 quando
2927 4745 3241 4802 incbriabor
3269 4748 3340 4802 ab
3387 4750 3546 4804 ubere

1930 4842 2040 4890 tate
2069 4835 2265 4890 domus
2291 4842 2415 4903 tuae,
2440 4842 2494 4890 et
2519 4835 2752 4907 potabor
2781 4844 3021 4892 torrente
3070 4836 3360 4907 voluptatis
3391 4845 3493 4894 tuae
3514 4839 3544 4893 â€˜t

1931 4923 2056 4979 Scio
2087 4923 2306 4995 quidem
2336 4931 2389 4979 te
2446 4923 2655 4991 mirari,
2686 4925 2774 4982 vel
2819 4925 2986 4980 etiam
3007 4924 3146 4981 forte
3186 4926 3446 4996 conqueri
3475 4926 3545 4982 de

1929 5013 2234 5084 prolixitate
2263 5013 2552 5069 verborum
2585 5015 2614 5069 â€˜iâ€˜
2643 5013 2742 5070 sed
2771 5015 2990 5070 attende
3015 5015 3137 5087 quia
3171 5031 3276 5084 res,
3310 5015 3378 5070 de
3437 5030 3548 5088 qua

1930 5117 2057 5174 ago,
2079 5103 2327 5175 grandis,
2362 5110 2416 5157 et
2457 5103 2739 5176 negotiosa
2777 5112 2880 5159 est.
2932 5104 3226 5177 Negotium
3275 5104 3546 5176 siquidem

1929 5191 1998 5246 de
2020 5207 2128 5262 quo
2157 5207 2285 5264 ago,
2309 5192 2456 5246 salus
2488 5201 2582 5247 tua
2611 5200 2713 5249 cst.
2751 5195 2836 5249 An
2864 5193 2961 5249 tibi
3010 5202 3220 5249 tantum
3269 5194 3548 5265 negotium

1927 5287 2108 5351 potest
2136 5280 2454 5336 incumbere
2481 5281 2508 5336 ?
2535 5283 2661 5337 Non
2680 5289 2733 5337 te
2755 5281 2920 5353 igitur
2947 5282 3132 5356 pigeat
3161 5283 3366 5355 legere,
3400 5284 3548 5355 quod

1928 5369 2059 5422 mihi
2091 5369 2334 5424 scribere
2350 5385 2460 5424 non
2491 5370 2588 5425 fuit
2631 5371 2852 5442 pigrum
2889 5390 2902 5426 :
2936 5372 3032 5427 tibi
3061 5372 3208 5427 enim
3251 5372 3548 5427 arbitratus

1929 5473 2050 5512 sum
2079 5474 2202 5512 esse
2223 5458 2374 5522 utile,
2409 5459 2535 5514 Haec
2581 5460 2727 5514 enim
2756 5460 2852 5514 tibi
2874 5460 3136 5526 scribere,
3161 5475 3227 5516 ea
3248 5477 3336 5516 me
3380 5475 3549 5516 causa

1928 5546 2207 5617 compulit,
2242 5562 2308 5600 ea
2329 5547 2462 5601 mihi
2507 5548 2645 5604 ratio
2693 5549 2987 5619 persuasit,
3020 5549 3150 5621 quia
3195 5549 3403 5606 scilicet
3435 5565 3555 5604 om-

1928 5635 2095 5705 nium,
2117 5635 2163 5691 si
2191 5635 2308 5691 ï¬eri
2336 5645 2542 5708 posset,
2576 5637 2886 5706 hominum,
2919 5638 3157 5694 maxime
3215 5655 3347 5696 vero
3396 5638 3540 5693 tide-
