  <div class='ocr_page' id='page_1' title='image "/cluster/home/n/w/nwhite01/storage/ocr_20150623/153-154/uc1.31175019678096/457.png"; bbox 0 0 3938 6400; ppageno 0'>
   <div class='ocr_carea' id='block_1_1' title="bbox 356 361 460 415">
    <p class='ocr_par' dir='ltr' id='par_1_1' title="bbox 356 361 460 415">
     <span class='ocr_line' id='line_1_1' title="bbox 356 361 460 415; baseline -0.01 0"><span class='ocrx_word' id='word_1_1' title='bbox 356 361 460 415; x_wconf 83' lang='lat'>903</span> 
     </span>
    </p>
   </div>
   <div class='ocr_carea' id='block_1_2' title="bbox 1338 350 2732 413">
    <p class='ocr_par' dir='ltr' id='par_1_2' title="bbox 1338 350 2732 413">
     <span class='ocr_line' id='line_1_2' title="bbox 1338 350 2732 413; baseline -0.002 -2"><span class='ocrx_word' id='word_1_2' title='bbox 1338 357 1632 413; x_wconf 82' lang='lat' dir='ltr'>JOANNIS</span> <span class='ocrx_word' id='word_1_3' title='bbox 1672 354 1921 412; x_wconf 77' lang='lat' dir='ltr'>CARTH.</span> <span class='ocrx_word' id='word_1_4' title='bbox 1964 350 2348 410; x_wconf 82' lang='lat' dir='ltr'>PORTARUM</span> <span class='ocrx_word' id='word_1_5' title='bbox 2385 353 2732 410; x_wconf 81' lang='lat' dir='ltr'>MONACHI.</span> 
     </span>
    </p>
   </div>
   <div class='ocr_carea' id='block_1_3' title="bbox 3591 357 3692 410">
    <p class='ocr_par' dir='ltr' id='par_1_3' title="bbox 3591 357 3692 410">
     <span class='ocr_line' id='line_1_3' title="bbox 3591 357 3692 410; baseline 0.01 -1"><span class='ocrx_word' id='word_1_6' title='bbox 3591 357 3692 410; x_wconf 64' lang='lat'>904</span> 
     </span>
    </p>
   </div>
   <div class='ocr_carea' id='block_1_4' title="bbox 373 479 3690 552">
    <p class='ocr_par' dir='ltr' id='par_1_4' title="bbox 373 479 3690 552">
     <span class='ocr_line' id='line_1_4' title="bbox 373 479 3690 552; baseline -0.003 -9"><span class='ocrx_word' id='word_1_7' title='bbox 373 489 508 543; x_wconf 88' lang='lat' dir='ltr'>lium</span> <span class='ocrx_word' id='word_1_8' title='bbox 539 487 767 542; x_wconf 75' lang='lat' dir='ltr'>salutem</span> <span class='ocrx_word' id='word_1_9' title='bbox 795 482 1108 538; x_wconf 87' lang='lat' dir='ltr'>desiderans</span> <span class='ocrx_word' id='word_1_10' title='bbox 1129 525 1142 551; x_wconf 93' lang='lat'>,</span> <span class='ocrx_word' id='word_1_11' title='bbox 1177 497 1285 537; x_wconf 90' lang='lat' dir='ltr'>non</span> <span class='ocrx_word' id='word_1_12' title='bbox 1316 497 1540 552; x_wconf 91' lang='lat' dir='ltr'>possum</span> <span class='ocrx_word' id='word_1_13' title='bbox 1569 481 1637 535; x_wconf 90' lang='lat' dir='ltr'>de</span> <span class='ocrx_word' id='word_1_14' title='bbox 1678 489 1768 535; x_wconf 91' lang='lat' dir='ltr'>tua</span> <span class='ocrx_word' id='word_1_15' title='bbox 1808 480 1979 534; x_wconf 84' lang='lat' dir='ltr'>salute</span> <span class='ocrx_word' id='word_1_16' title='bbox 2008 479 2061 538; x_wconf 77' lang='grc' dir='ltr'><strong>Δ</strong></span> <span class='ocrx_word' id='word_1_17' title='bbox 2084 495 2186 534; x_wconf 82' lang='lat' dir='ltr'>nec</span> <span class='ocrx_word' id='word_1_18' title='bbox 2203 479 2502 534; x_wconf 85' lang='lat' dir='ltr'>descendet</span> <span class='ocrx_word' id='word_1_19' title='bbox 2515 496 2644 534; x_wconf 89' lang='lat' dir='ltr'>cum</span> <span class='ocrx_word' id='word_1_20' title='bbox 2657 495 2716 534; x_wconf 89' lang='lat' dir='ltr'>eo</span> <span class='ocrx_word' id='word_1_21' title='bbox 2731 479 2911 550; x_wconf 83' lang='lat' dir='ltr'>gloria</span> <span class='ocrx_word' id='word_1_22' title='bbox 2928 479 3234 548; x_wconf 87' lang='lat' dir='ltr'>ejus(Psal.</span> <span class='ocrx_word' id='word_1_23' title='bbox 3256 492 3450 545; x_wconf 83' lang='lat' dir='ltr'>vaxxx,</span> <span class='ocrx_word' id='word_1_24' title='bbox 3474 480 3690 547; x_wconf 81' lang='lat'>17,18).</span> 
     </span>
    </p>
   </div>
   <div class='ocr_carea' id='block_1_5' title="bbox 376 561 2002 642">
    <p class='ocr_par' dir='ltr' id='par_1_5' title="bbox 376 561 2002 642">
     <span class='ocr_line' id='line_1_5' title="bbox 376 561 2002 642; baseline -0.007 -11"><span class='ocrx_word' id='word_1_25' title='bbox 376 592 486 632; x_wconf 93' lang='lat' dir='ltr'>non</span> <span class='ocrx_word' id='word_1_26' title='bbox 515 590 637 629; x_wconf 90' lang='lat' dir='ltr'>esse</span> <span class='ocrx_word' id='word_1_27' title='bbox 658 561 1006 634; x_wconf 80' lang='lat' dir='ltr'>sollicitus,et</span> <span class='ocrx_word' id='word_1_28' title='bbox 1035 585 1154 625; x_wconf 90' lang='lat' dir='ltr'>eam</span> <span class='ocrx_word' id='word_1_29' title='bbox 1187 586 1294 642; x_wconf 91' lang='lat' dir='ltr'>quo</span> <span class='ocrx_word' id='word_1_30' title='bbox 1322 586 1546 640; x_wconf 85' lang='lat' dir='ltr'>possum</span> <span class='ocrx_word' id='word_1_31' title='bbox 1578 568 1795 633; x_wconf 74' lang='lat' dir='ltr'>affectu,</span> <span class='ocrx_word' id='word_1_32' title='bbox 1828 575 1881 622; x_wconf 91' lang='lat' dir='ltr'>et</span> <span class='ocrx_word' id='word_1_33' title='bbox 1905 567 2002 620; x_wconf 90' lang='lat' dir='ltr'>de-</span> 
     </span>
    </p>
   </div>
   <div class='ocr_carea' id='block_1_6' title="bbox 381 656 2001 732">
    <p class='ocr_par' dir='ltr' id='par_1_6' title="bbox 381 656 2001 732">
     <span class='ocr_line' id='line_1_6' title="bbox 381 656 2001 732; baseline -0.006 -12"><span class='ocrx_word' id='word_1_34' title='bbox 381 665 583 720; x_wconf 88' lang='lat' dir='ltr'>siderio</span> <span class='ocrx_word' id='word_1_35' title='bbox 611 661 753 732; x_wconf 89' lang='lat' dir='ltr'>apud</span> <span class='ocrx_word' id='word_1_36' title='bbox 787 660 1076 715; x_wconf 90' lang='lat' dir='ltr'>Dominum</span> <span class='ocrx_word' id='word_1_37' title='bbox 1105 659 1374 730; x_wconf 87' lang='lat' dir='ltr'>flagitare.</span> <span class='ocrx_word' id='word_1_38' title='bbox 1401 659 1550 714; x_wconf 84' lang='lat' dir='ltr'>Hanc</span> <span class='ocrx_word' id='word_1_39' title='bbox 1570 658 1625 711; x_wconf 91' lang='lat' dir='ltr'>in</span> <span class='ocrx_word' id='word_1_40' title='bbox 1654 656 2001 712; x_wconf 80' lang='lat' dir='ltr'>orationibus</span> 
     </span>
    </p>
   </div>
   <div class='ocr_carea' id='block_1_7' title="bbox 388 744 2000 819">
    <p class='ocr_par' dir='ltr' id='par_1_7' title="bbox 388 744 2000 819">
     <span class='ocr_line' id='line_1_7' title="bbox 388 744 2000 819; baseline -0.008 -10"><span class='ocrx_word' id='word_1_41' title='bbox 388 753 526 809; x_wconf 87' lang='lat' dir='ltr'>meis</span> <span class='ocrx_word' id='word_1_42' title='bbox 554 767 588 806; x_wconf 88' lang='lat' dir='ltr'>a</span> <span class='ocrx_word' id='word_1_43' title='bbox 616 752 732 806; x_wconf 90' lang='lat' dir='ltr'>Deo</span> <span class='ocrx_word' id='word_1_44' title='bbox 761 749 1037 819; x_wconf 88' lang='lat' dir='ltr'>postulare</span> <span class='ocrx_word' id='word_1_45' title='bbox 1068 763 1176 801; x_wconf 90' lang='lat' dir='ltr'>non</span> <span class='ocrx_word' id='word_1_46' title='bbox 1207 763 1384 802; x_wconf 85' lang='lat' dir='ltr'>cesso.</span> <span class='ocrx_word' id='word_1_47' title='bbox 1421 747 1566 802; x_wconf 87' lang='lat' dir='ltr'>Raro</span> <span class='ocrx_word' id='word_1_48' title='bbox 1601 762 1703 816; x_wconf 84' lang='lat' dir='ltr'>pro</span> <span class='ocrx_word' id='word_1_49' title='bbox 1741 761 1850 810; x_wconf 90' lang='lat' dir='ltr'>me,</span> <span class='ocrx_word' id='word_1_50' title='bbox 1884 744 2000 798; x_wconf 89' lang='lat' dir='ltr'>sine</span> 
     </span>
    </p>
   </div>
   <div class='ocr_carea' id='block_1_8' title="bbox 391 831 2002 906">
    <p class='ocr_par' dir='ltr' id='par_1_8' title="bbox 391 831 2002 906">
     <span class='ocr_line' id='line_1_8' title="bbox 391 831 2002 906; baseline -0.009 -8"><span class='ocrx_word' id='word_1_51' title='bbox 391 842 466 898; x_wconf 88' lang='lat' dir='ltr'>tui</span> <span class='ocrx_word' id='word_1_52' title='bbox 495 838 777 902; x_wconf 82' lang='lat' dir='ltr'>memoria,</span> <span class='ocrx_word' id='word_1_53' title='bbox 812 836 882 891; x_wconf 90' lang='lat' dir='ltr'>ad</span> <span class='ocrx_word' id='word_1_54' title='bbox 910 838 1086 892; x_wconf 90' lang='lat' dir='ltr'>Deum</span> <span class='ocrx_word' id='word_1_55' title='bbox 1139 836 1581 906; x_wconf 83' lang='lat' dir='ltr'>deprecationem</span> <span class='ocrx_word' id='word_1_56' title='bbox 1625 835 1784 890; x_wconf 84' lang='lat' dir='ltr'>facio.</span> <span class='ocrx_word' id='word_1_57' title='bbox 1822 831 2002 902; x_wconf 86' lang='lat' dir='ltr'>Inspi-</span> 
     </span>
    </p>
   </div>
   <div class='ocr_carea' id='block_1_9' title="bbox 394 923 2006 1001">
    <p class='ocr_par' dir='ltr' id='par_1_9' title="bbox 394 923 2006 1001">
     <span class='ocr_line' id='line_1_9' title="bbox 394 923 2006 1001; baseline -0.007 -15"><span class='ocrx_word' id='word_1_58' title='bbox 394 938 542 985; x_wconf 89' lang='lat' dir='ltr'>rante</span> <span class='ocrx_word' id='word_1_59' title='bbox 562 927 734 1001; x_wconf 89' lang='lat' dir='ltr'>gratia</span> <span class='ocrx_word' id='word_1_60' title='bbox 760 927 887 993; x_wconf 87' lang='lat' dir='ltr'>Dei,</span> <span class='ocrx_word' id='word_1_61' title='bbox 921 925 1098 980; x_wconf 88' lang='lat' dir='ltr'>visum</span> <span class='ocrx_word' id='word_1_62' title='bbox 1129 933 1213 979; x_wconf 90' lang='lat' dir='ltr'>est</span> <span class='ocrx_word' id='word_1_63' title='bbox 1232 924 1363 977; x_wconf 91' lang='lat' dir='ltr'>mihi</span> <span class='ocrx_word' id='word_1_64' title='bbox 1396 940 1505 978; x_wconf 92' lang='lat' dir='ltr'>non</span> <span class='ocrx_word' id='word_1_65' title='bbox 1536 923 1669 977; x_wconf 83' lang='lat' dir='ltr'>satis</span> <span class='ocrx_word' id='word_1_66' title='bbox 1726 938 1847 976; x_wconf 90' lang='lat' dir='ltr'>esse</span> <span class='ocrx_word' id='word_1_67' title='bbox 1889 932 2006 975; x_wconf 75' lang='lat' dir='ltr'>ora‘</span> 
     </span>
    </p>
   </div>
   <div class='ocr_carea' id='block_1_10' title="bbox 392 1011 1997 1079">
    <p class='ocr_par' dir='ltr' id='par_1_10' title="bbox 392 1011 1997 1079">
     <span class='ocr_line' id='line_1_10' title="bbox 392 1011 1997 1079; baseline -0.008 -5"><span class='ocrx_word' id='word_1_68' title='bbox 392 1018 630 1074; x_wconf 76' lang='lat' dir='ltr'>tionibus</span> <span class='ocrx_word' id='word_1_69' title='bbox 658 1014 927 1079; x_wconf 83' lang='lat' dir='ltr'>insistere,</span> <span class='ocrx_word' id='word_1_70' title='bbox 986 1013 1091 1067; x_wconf 89' lang='lat' dir='ltr'>nisi</span> <span class='ocrx_word' id='word_1_71' title='bbox 1118 1020 1172 1066; x_wconf 90' lang='lat' dir='ltr'>et</span> <span class='ocrx_word' id='word_1_72' title='bbox 1217 1020 1482 1067; x_wconf 90' lang='lat' dir='ltr'>tentarem</span> <span class='ocrx_word' id='word_1_73' title='bbox 1535 1011 1776 1065; x_wconf 89' lang='lat' dir='ltr'>animum</span> <span class='ocrx_word' id='word_1_74' title='bbox 1825 1017 1997 1074; x_wconf 90' lang='lat' dir='ltr'>tuum,</span> 
     </span>
    </p>
   </div>
   <div class='ocr_carea' id='block_1_11' title="bbox 395 1097 2000 1172">
    <p class='ocr_par' dir='ltr' id='par_1_11' title="bbox 395 1097 2000 1172">
     <span class='ocr_line' id='line_1_11' title="bbox 395 1097 2000 1172; baseline -0.009 -8"><span class='ocrx_word' id='word_1_75' title='bbox 395 1116 448 1164; x_wconf 87' lang='lat' dir='ltr'>et</span> <span class='ocrx_word' id='word_1_76' title='bbox 475 1105 642 1161; x_wconf 86' lang='lat' dir='ltr'>verbo</span> <span class='ocrx_word' id='word_1_77' title='bbox 671 1101 1080 1166; x_wconf 84' lang='lat' dir='ltr'>exhortationis,</span> <span class='ocrx_word' id='word_1_78' title='bbox 1122 1109 1280 1172; x_wconf 87' lang='lat' dir='ltr'>prout</span> <span class='ocrx_word' id='word_1_79' title='bbox 1326 1100 1589 1155; x_wconf 88' lang='lat' dir='ltr'>Dominus</span> <span class='ocrx_word' id='word_1_80' title='bbox 1619 1100 1751 1154; x_wconf 91' lang='lat' dir='ltr'>dare</span> <span class='ocrx_word' id='word_1_81' title='bbox 1800 1097 2000 1168; x_wconf 88' lang='lat' dir='ltr'>digna-</span> 
     </span>
    </p>
   </div>
   <div class='ocr_carea' id='block_1_12' title="bbox 397 1193 932 1260">
    <p class='ocr_par' dir='ltr' id='par_1_12' title="bbox 397 1193 932 1260">
     <span class='ocr_line' id='line_1_12' title="bbox 397 1193 932 1260; baseline -0.015 -8"><span class='ocrx_word' id='word_1_82' title='bbox 397 1205 564 1260; x_wconf 86' lang='lat' dir='ltr'>retur,</span> <span class='ocrx_word' id='word_1_83' title='bbox 607 1193 906 1248; x_wconf 88' lang='lat' dir='ltr'>excitarem</span> <span class='ocrx_word' id='word_1_84' title='bbox 919 1231 932 1244; x_wconf 95' lang='lat'>.</span> 
     </span>
    </p>
   </div>
   <div class='ocr_carea' id='block_1_13' title="bbox 469 1275 2002 1353">
    <p class='ocr_par' dir='ltr' id='par_1_13' title="bbox 469 1275 2002 1353">
     <span class='ocr_line' id='line_1_13' title="bbox 469 1275 2002 1353; baseline -0.007 -13"><span class='ocrx_word' id='word_1_85' title='bbox 469 1283 641 1340; x_wconf 89' lang='lat' dir='ltr'>Petita</span> <span class='ocrx_word' id='word_1_86' title='bbox 661 1281 828 1353; x_wconf 82' lang='lat' dir='ltr'>igitur</span> <span class='ocrx_word' id='word_1_87' title='bbox 847 1295 880 1332; x_wconf 91' lang='lat' dir='ltr'>a</span> <span class='ocrx_word' id='word_1_88' title='bbox 897 1278 1128 1334; x_wconf 91' lang='lat' dir='ltr'>Domino</span> <span class='ocrx_word' id='word_1_89' title='bbox 1149 1277 1332 1348; x_wconf 88' lang='lat' dir='ltr'>priore</span> <span class='ocrx_word' id='word_1_90' title='bbox 1364 1277 1577 1332; x_wconf 89' lang='lat' dir='ltr'>licentia</span> <span class='ocrx_word' id='word_1_91' title='bbox 1601 1284 1653 1331; x_wconf 90' lang='lat' dir='ltr'>et</span> <span class='ocrx_word' id='word_1_92' title='bbox 1680 1276 1828 1344; x_wconf 86' lang='lat' dir='ltr'>data,</span> <span class='ocrx_word' id='word_1_93' title='bbox 1854 1275 2002 1347; x_wconf 91' lang='lat' dir='ltr'>quod</span> 
     </span>
    </p>
   </div>
   <div class='ocr_carea' id='block_1_14' title="bbox 394 1364 2000 1440">
    <p class='ocr_par' dir='ltr' id='par_1_14' title="bbox 394 1364 2000 1440">
     <span class='ocr_line' id='line_1_14' title="bbox 394 1364 2000 1440; baseline -0.009 -9"><span class='ocrx_word' id='word_1_94' title='bbox 394 1373 658 1431; x_wconf 91' lang='lat' dir='ltr'>Dominus</span> <span class='ocrx_word' id='word_1_95' title='bbox 687 1368 954 1440; x_wconf 87' lang='lat' dir='ltr'>inspirare</span> <span class='ocrx_word' id='word_1_96' title='bbox 977 1366 1294 1438; x_wconf 82' lang='lat' dir='ltr'>dignabitur</span> <span class='ocrx_word' id='word_1_97' title='bbox 1325 1381 1627 1438; x_wconf 77' lang='lat' dir='ltr'>aggressus</span> <span class='ocrx_word' id='word_1_98' title='bbox 1665 1380 1804 1418; x_wconf 91' lang='lat' dir='ltr'>sum.</span> <span class='ocrx_word' id='word_1_99' title='bbox 1841 1364 2000 1418; x_wconf 81' lang='lat' dir='ltr'>Adsit</span> 
     </span>
    </p>
   </div>
   <div class='ocr_carea' id='block_1_15' title="bbox 394 1452 1997 1535">
    <p class='ocr_par' dir='ltr' id='par_1_15' title="bbox 394 1452 1997 1535">
     <span class='ocr_line' id='line_1_15' title="bbox 394 1452 1997 1535; baseline -0.007 -17"><span class='ocrx_word' id='word_1_100' title='bbox 394 1463 558 1535; x_wconf 84' lang='lat' dir='ltr'>igitur</span> <span class='ocrx_word' id='word_1_101' title='bbox 587 1458 871 1514; x_wconf 87' lang='lat' dir='ltr'>vivificans</span> <span class='ocrx_word' id='word_1_102' title='bbox 892 1455 1124 1526; x_wconf 87' lang='lat' dir='ltr'>Spiritus</span> <span class='ocrx_word' id='word_1_103' title='bbox 1145 1462 1383 1519; x_wconf 90' lang='lat' dir='ltr'>sanctus,</span> <span class='ocrx_word' id='word_1_104' title='bbox 1402 1461 1454 1509; x_wconf 90' lang='lat' dir='ltr'>et</span> <span class='ocrx_word' id='word_1_105' title='bbox 1475 1462 1661 1524; x_wconf 79' lang='lat' dir='ltr'>pectus</span> <span class='ocrx_word' id='word_1_106' title='bbox 1691 1461 1842 1507; x_wconf 91' lang='lat' dir='ltr'>tuum</span> <span class='ocrx_word' id='word_1_107' title='bbox 1865 1452 1997 1507; x_wconf 86' lang='lat' dir='ltr'>ﬂatu</span> 
     </span>
    </p>
   </div>
   <div class='ocr_carea' id='block_1_16' title="bbox 399 1541 2002 1612">
    <p class='ocr_par' dir='ltr' id='par_1_16' title="bbox 399 1541 2002 1612">
     <span class='ocr_line' id='line_1_16' title="bbox 399 1541 2002 1612; baseline -0.008 -5"><span class='ocrx_word' id='word_1_108' title='bbox 399 1549 574 1607; x_wconf 86' lang='lat' dir='ltr'>sancti</span> <span class='ocrx_word' id='word_1_109' title='bbox 601 1544 880 1609; x_wconf 89' lang='lat' dir='ltr'>desiderii,</span> <span class='ocrx_word' id='word_1_110' title='bbox 921 1558 1018 1598; x_wconf 85' lang='lat' dir='ltr'>sua</span> <span class='ocrx_word' id='word_1_111' title='bbox 1061 1542 1418 1612; x_wconf 88' lang='lat' dir='ltr'>inspiratione</span> <span class='ocrx_word' id='word_1_112' title='bbox 1459 1541 1639 1612; x_wconf 86' lang='lat' dir='ltr'>potius</span> <span class='ocrx_word' id='word_1_113' title='bbox 1674 1555 1836 1612; x_wconf 87' lang='lat' dir='ltr'>quam</span> <span class='ocrx_word' id='word_1_114' title='bbox 1877 1555 2002 1594; x_wconf 92' lang='lat' dir='ltr'>mea</span> 
     </span>
    </p>
   </div>
   <div class='ocr_carea' id='block_1_17' title="bbox 398 1628 2002 1702">
    <p class='ocr_par' dir='ltr' id='par_1_17' title="bbox 398 1628 2002 1702">
     <span class='ocr_line' id='line_1_17' title="bbox 398 1628 2002 1702; baseline -0.007 -7"><span class='ocrx_word' id='word_1_115' title='bbox 398 1636 768 1696; x_wconf 80' lang='lat' dir='ltr'>exhortatione</span> <span class='ocrx_word' id='word_1_116' title='bbox 823 1631 1008 1686; x_wconf 75' lang='lat' dir='ltr'>aﬁlare</span> <span class='ocrx_word' id='word_1_117' title='bbox 1036 1630 1310 1702; x_wconf 82' lang='lat' dir='ltr'>dignetur.</span> <span class='ocrx_word' id='word_1_118' title='bbox 1360 1631 1503 1685; x_wconf 91' lang='lat' dir='ltr'>Ecce</span> <span class='ocrx_word' id='word_1_119' title='bbox 1550 1629 1716 1700; x_wconf 84' lang='lat' dir='ltr'>igitur</span> <span class='ocrx_word' id='word_1_120' title='bbox 1769 1628 2002 1684; x_wconf 91' lang='lat' dir='ltr'>Domino</span> 
     </span>
    </p>
   </div>
   <div class='ocr_carea' id='block_1_18' title="bbox 395 1717 2002 1798">
    <p class='ocr_par' dir='ltr' id='par_1_18' title="bbox 395 1717 2002 1798">
     <span class='ocr_line' id='line_1_18' title="bbox 395 1717 2002 1798; baseline -0.009 -13"><span class='ocrx_word' id='word_1_121' title='bbox 395 1727 714 1798; x_wconf 87' lang='lat' dir='ltr'>inspirante,</span> <span class='ocrx_word' id='word_1_122' title='bbox 763 1721 978 1776; x_wconf 84' lang='lat' dir='ltr'>favente</span> <span class='ocrx_word' id='word_1_123' title='bbox 1024 1719 1225 1790; x_wconf 91' lang='lat' dir='ltr'>Spiritu</span> <span class='ocrx_word' id='word_1_124' title='bbox 1273 1726 1484 1784; x_wconf 89' lang='lat' dir='ltr'>sancto,</span> <span class='ocrx_word' id='word_1_125' title='bbox 1526 1718 1583 1772; x_wconf 90' lang='lat' dir='ltr'>in</span> <span class='ocrx_word' id='word_1_126' title='bbox 1619 1717 1838 1772; x_wconf 88' lang='lat' dir='ltr'>nomine</span> <span class='ocrx_word' id='word_1_127' title='bbox 1887 1717 2002 1771; x_wconf 93' lang='lat' dir='ltr'>Do-</span> 
     </span>
    </p>
   </div>
   <div class='ocr_carea' id='block_1_19' title="bbox 2103 565 3695 635">
    <p class='ocr_par' dir='ltr' id='par_1_19' title="bbox 2103 565 3695 635">
     <span class='ocr_line' id='line_1_19' title="bbox 2103 565 3695 635; baseline 0 -15"><span class='ocrx_word' id='word_1_128' title='bbox 2103 566 2224 635; x_wconf 88' lang='lat' dir='ltr'>Quo</span> <span class='ocrx_word' id='word_1_129' title='bbox 2255 584 2383 622; x_wconf 89' lang='lat' dir='ltr'>vero</span> <span class='ocrx_word' id='word_1_130' title='bbox 2413 567 2756 622; x_wconf 84' lang='lat' dir='ltr'>descendet?</span> <span class='ocrx_word' id='word_1_131' title='bbox 2814 566 2905 620; x_wconf 92' lang='lat' dir='ltr'>ubi</span> <span class='ocrx_word' id='word_1_132' title='bbox 2945 565 3000 620; x_wconf 90' lang='lat' dir='ltr'>in</span> <span class='ocrx_word' id='word_1_133' title='bbox 3055 573 3320 621; x_wconf 74' lang='lat' dir='ltr'>aeternum</span> <span class='ocrx_word' id='word_1_134' title='bbox 3352 582 3458 621; x_wconf 90' lang='lat' dir='ltr'>non</span> <span class='ocrx_word' id='word_1_135' title='bbox 3491 566 3695 621; x_wconf 86' lang='lat' dir='ltr'>videbit</span> 
     </span>
    </p>
   </div>
   <div class='ocr_carea' id='block_1_20' title="bbox 2104 653 3696 726">
    <p class='ocr_par' dir='ltr' id='par_1_20' title="bbox 2104 653 3696 726">
     <span class='ocr_line' id='line_1_20' title="bbox 2104 653 3696 726; baseline 0.001 -19"><span class='ocrx_word' id='word_1_136' title='bbox 2104 655 2306 710; x_wconf 87' lang='lat' dir='ltr'>lumen.</span> <span class='ocrx_word' id='word_1_137' title='bbox 2341 656 2629 726; x_wconf 82' lang='lat' dir='ltr'>Relinquet</span> <span class='ocrx_word' id='word_1_138' title='bbox 2653 663 2833 710; x_wconf 87' lang='lat' dir='ltr'>autem</span> <span class='ocrx_word' id='word_1_139' title='bbox 2862 654 3055 709; x_wconf 90' lang='lat' dir='ltr'>alienis</span> <span class='ocrx_word' id='word_1_140' title='bbox 3086 653 3300 709; x_wconf 88' lang='lat' dir='ltr'>divitias</span> <span class='ocrx_word' id='word_1_141' title='bbox 3330 671 3456 708; x_wconf 87' lang='lat' dir='ltr'>suas</span> <span class='ocrx_word' id='word_1_142' title='bbox 3503 663 3556 709; x_wconf 90' lang='lat' dir='ltr'>et</span> <span class='ocrx_word' id='word_1_143' title='bbox 3586 655 3696 709; x_wconf 90' lang='lat' dir='ltr'>ina-</span> 
     </span>
    </p>
   </div>
   <div class='ocr_carea' id='block_1_21' title="bbox 2102 743 3694 815">
    <p class='ocr_par' dir='ltr' id='par_1_21' title="bbox 2102 743 3694 815">
     <span class='ocr_line' id='line_1_21' title="bbox 2102 743 3694 815; baseline 0.001 -18"><span class='ocrx_word' id='word_1_144' title='bbox 2102 743 2187 798; x_wconf 92' lang='lat' dir='ltr'>nis</span> <span class='ocrx_word' id='word_1_145' title='bbox 2218 745 2438 815; x_wconf 90' lang='lat' dir='ltr'>quidem</span> <span class='ocrx_word' id='word_1_146' title='bbox 2461 745 2560 799; x_wconf 90' lang='lat' dir='ltr'>erit</span> <span class='ocrx_word' id='word_1_147' title='bbox 2589 760 2729 810; x_wconf 88' lang='lat' dir='ltr'>arca,</span> <span class='ocrx_word' id='word_1_148' title='bbox 2761 743 2858 798; x_wconf 91' lang='lat' dir='ltr'>sed</span> <span class='ocrx_word' id='word_1_149' title='bbox 2902 743 3118 798; x_wconf 89' lang='lat' dir='ltr'>inanior</span> <span class='ocrx_word' id='word_1_150' title='bbox 3174 743 3524 798; x_wconf 87' lang='lat' dir='ltr'>conscientia.</span> <span class='ocrx_word' id='word_1_151' title='bbox 3587 744 3694 798; x_wconf 90' lang='lat' dir='ltr'>Sed</span> 
     </span>
    </p>
   </div>
   <div class='ocr_carea' id='block_1_22' title="bbox 2103 831 3729 904">
    <p class='ocr_par' dir='ltr' id='par_1_22' title="bbox 2103 831 3729 904">
     <span class='ocr_line' id='line_1_22' title="bbox 2103 831 3729 904; baseline -0.001 -18"><span class='ocrx_word' id='word_1_152' title='bbox 2103 831 2277 898; x_wconf 87' lang='lat' dir='ltr'>multi,</span> <span class='ocrx_word' id='word_1_153' title='bbox 2311 833 2510 904; x_wconf 90' lang='lat' dir='ltr'>inquis,</span> <span class='ocrx_word' id='word_1_154' title='bbox 2544 841 2668 903; x_wconf 90' lang='lat' dir='ltr'>post</span> <span class='ocrx_word' id='word_1_155' title='bbox 2688 831 2886 886; x_wconf 88' lang='lat' dir='ltr'>factum</span> <span class='ocrx_word' id='word_1_156' title='bbox 2923 831 3206 901; x_wconf 64' lang='lat' dir='ltr'>paenitent.</span> <span class='ocrx_word' id='word_1_157' title='bbox 3231 832 3300 885; x_wconf 88' lang='lat' dir='ltr'>Et</span> <span class='ocrx_word' id='word_1_158' title='bbox 3328 832 3545 903; x_wconf 90' lang='lat' dir='ltr'>quidam</span> <span class='ocrx_word' id='word_1_159' title='bbox 3575 839 3695 902; x_wconf 90' lang='lat' dir='ltr'>post</span> <span class='ocrx_word' id='word_1_160' title='bbox 3726 884 3729 885; x_wconf 30' lang='grc' dir='ltr'><em>ν</em></span> 
     </span>
    </p>
   </div>
   <div class='ocr_carea' id='block_1_23' title="bbox 2103 919 3692 991">
    <p class='ocr_par' dir='ltr' id='par_1_23' title="bbox 2103 919 3692 991">
     <span class='ocr_line' id='line_1_23' title="bbox 2103 919 3692 991; baseline 0.001 -18"><span class='ocrx_word' id='word_1_161' title='bbox 2103 919 2304 975; x_wconf 88' lang='lat' dir='ltr'>factum</span> <span class='ocrx_word' id='word_1_162' title='bbox 2327 929 2471 976; x_wconf 90' lang='lat' dir='ltr'>retro</span> <span class='ocrx_word' id='word_1_163' title='bbox 2529 920 2905 990; x_wconf 88' lang='lat' dir='ltr'>respicientes,</span> <span class='ocrx_word' id='word_1_164' title='bbox 2939 919 3276 991; x_wconf 91' lang='lat' dir='ltr'>propositum</span> <span class='ocrx_word' id='word_1_165' title='bbox 3291 921 3692 991; x_wconf 90' lang='lat' dir='ltr'>derelinquunt.</span> 
     </span>
    </p>
   </div>
   <div class='ocr_carea' id='block_1_24' title="bbox 2105 1008 3695 1081">
    <p class='ocr_par' dir='ltr' id='par_1_24' title="bbox 2105 1008 3695 1081">
     <span class='ocr_line' id='line_1_24' title="bbox 2105 1008 3695 1081; baseline 0 -19"><span class='ocrx_word' id='word_1_166' title='bbox 2105 1012 2186 1063; x_wconf 82' lang='lat' dir='ltr'>An</span> <span class='ocrx_word' id='word_1_167' title='bbox 2216 1009 2442 1081; x_wconf 89' lang='lat' dir='ltr'>ignoras</span> <span class='ocrx_word' id='word_1_168' title='bbox 2471 1009 2810 1080; x_wconf 90' lang='lat' dir='ltr'>quarundam</span> <span class='ocrx_word' id='word_1_169' title='bbox 2839 1009 3125 1079; x_wconf 86' lang='lat' dir='ltr'>palearum</span> <span class='ocrx_word' id='word_1_170' title='bbox 3156 1016 3356 1063; x_wconf 89' lang='lat' dir='ltr'>tantam</span> <span class='ocrx_word' id='word_1_171' title='bbox 3392 1025 3515 1063; x_wconf 91' lang='lat' dir='ltr'>esse</span> <span class='ocrx_word' id='word_1_172' title='bbox 3556 1008 3695 1063; x_wconf 91' lang='lat' dir='ltr'>levi-</span> 
     </span>
    </p>
   </div>
   <div class='ocr_carea' id='block_1_25' title="bbox 2103 1097 3697 1167">
    <p class='ocr_par' dir='ltr' id='par_1_25' title="bbox 2103 1097 3697 1167">
     <span class='ocr_line' id='line_1_25' title="bbox 2103 1097 3697 1167; baseline 0.001 -16"><span class='ocrx_word' id='word_1_173' title='bbox 2103 1104 2288 1165; x_wconf 87' lang='lat' dir='ltr'>tatem,</span> <span class='ocrx_word' id='word_1_174' title='bbox 2333 1106 2389 1152; x_wconf 92' lang='lat' dir='ltr'>ut</span> <span class='ocrx_word' id='word_1_175' title='bbox 2436 1113 2539 1154; x_wconf 89' lang='lat' dir='ltr'>nec</span> <span class='ocrx_word' id='word_1_176' title='bbox 2579 1114 2722 1152; x_wconf 74' lang='lat' dir='ltr'>areae</span> <span class='ocrx_word' id='word_1_177' title='bbox 2761 1097 3167 1160; x_wconf 86' lang='lat' dir='ltr'>ventilationem</span> <span class='ocrx_word' id='word_1_178' title='bbox 3205 1106 3536 1167; x_wconf 86' lang='lat' dir='ltr'>exspectent,</span> <span class='ocrx_word' id='word_1_179' title='bbox 3601 1098 3697 1152; x_wconf 91' lang='lat' dir='ltr'>sed</span> 
     </span>
    </p>
   </div>
   <div class='ocr_carea' id='block_1_26' title="bbox 2105 1185 3697 1257">
    <p class='ocr_par' dir='ltr' id='par_1_26' title="bbox 2105 1185 3697 1257">
     <span class='ocr_line' id='line_1_26' title="bbox 2105 1185 3697 1257; baseline -0.001 -16"><span class='ocrx_word' id='word_1_180' title='bbox 2105 1187 2248 1242; x_wconf 84' lang='lat' dir='ltr'>facili</span> <span class='ocrx_word' id='word_1_181' title='bbox 2307 1186 2540 1257; x_wconf 91' lang='lat' dir='ltr'>impulsu</span> <span class='ocrx_word' id='word_1_182' title='bbox 2623 1186 2770 1240; x_wconf 87' lang='lat' dir='ltr'>venti</span> <span class='ocrx_word' id='word_1_183' title='bbox 2825 1185 3087 1240; x_wconf 89' lang='lat' dir='ltr'>levissimi</span> <span class='ocrx_word' id='word_1_184' title='bbox 3155 1185 3459 1241; x_wconf 80' lang='lat' dir='ltr'>recedant?</span> <span class='ocrx_word' id='word_1_185' title='bbox 3505 1187 3697 1240; x_wconf 89' lang='lat' dir='ltr'>Nonne</span> 
     </span>
    </p>
   </div>
   <div class='ocr_carea' id='block_1_27' title="bbox 2105 1273 3696 1346">
    <p class='ocr_par' dir='ltr' id='par_1_27' title="bbox 2105 1273 3696 1346">
     <span class='ocr_line' id='line_1_27' title="bbox 2105 1273 3696 1346; baseline -0.001 -16"><span class='ocrx_word' id='word_1_186' title='bbox 2105 1275 2426 1330; x_wconf 87' lang='lat' dir='ltr'>abeuntibus</span> <span class='ocrx_word' id='word_1_187' title='bbox 2454 1274 2650 1345; x_wconf 91' lang='lat' dir='ltr'>paleis,</span> <span class='ocrx_word' id='word_1_188' title='bbox 2683 1281 2966 1328; x_wconf 89' lang='lat' dir='ltr'>ramanent</span> <span class='ocrx_word' id='word_1_189' title='bbox 3017 1289 3190 1346; x_wconf 88' lang='lat' dir='ltr'>grana</span> <span class='ocrx_word' id='word_1_190' title='bbox 3224 1273 3278 1328; x_wconf 88' lang='lat' dir='ltr'>in</span> <span class='ocrx_word' id='word_1_191' title='bbox 3321 1275 3579 1329; x_wconf 88' lang='lat' dir='ltr'>horreum</span> <span class='ocrx_word' id='word_1_192' title='bbox 3603 1290 3696 1329; x_wconf 90' lang='lat' dir='ltr'>re-</span> 
     </span>
    </p>
   </div>
   <div class='ocr_carea' id='block_1_28' title="bbox 2103 1361 3696 1433">
    <p class='ocr_par' dir='ltr' id='par_1_28' title="bbox 2103 1361 3696 1433">
     <span class='ocr_line' id='line_1_28' title="bbox 2103 1361 3696 1433; baseline 0 -15"><span class='ocrx_word' id='word_1_193' title='bbox 2103 1364 2386 1419; x_wconf 90' lang='lat' dir='ltr'>condenda</span> <span class='ocrx_word' id='word_1_194' title='bbox 2414 1364 2442 1417; x_wconf 91' lang='lat'>?</span> <span class='ocrx_word' id='word_1_195' title='bbox 2471 1363 2653 1431; x_wconf 89' lang='lat' dir='ltr'>Quare</span> <span class='ocrx_word' id='word_1_196' title='bbox 2672 1362 2796 1433; x_wconf 89' lang='lat' dir='ltr'>plus</span> <span class='ocrx_word' id='word_1_197' title='bbox 2825 1361 3034 1432; x_wconf 83' lang='lat' dir='ltr'>proficit</span> <span class='ocrx_word' id='word_1_198' title='bbox 3077 1362 3349 1432; x_wconf 88' lang='lat' dir='ltr'>apostasia</span> <span class='ocrx_word' id='word_1_199' title='bbox 3398 1379 3696 1433; x_wconf 87' lang='lat' dir='ltr'>paucorum</span> 
     </span>
    </p>
   </div>
   <div class='ocr_carea' id='block_1_29' title="bbox 2103 1451 3697 1522">
    <p class='ocr_par' dir='ltr' id='par_1_29' title="bbox 2103 1451 3697 1522">
     <span class='ocr_line' id='line_1_29' title="bbox 2103 1451 3697 1522; baseline -0.001 -15"><span class='ocrx_word' id='word_1_200' title='bbox 2103 1451 2478 1507; x_wconf 90' lang='lat' dir='ltr'>recedentium</span> <span class='ocrx_word' id='word_1_201' title='bbox 2504 1451 2573 1505; x_wconf 89' lang='lat' dir='ltr'>ad</span> <span class='ocrx_word' id='word_1_202' title='bbox 2594 1451 3055 1521; x_wconf 86' lang='lat' dir='ltr'>desperationem,</span> <span class='ocrx_word' id='word_1_203' title='bbox 3087 1466 3251 1522; x_wconf 88' lang='lat' dir='ltr'>quam</span> <span class='ocrx_word' id='word_1_204' title='bbox 3283 1451 3527 1521; x_wconf 87' lang='lat' dir='ltr'>exempla</span> <span class='ocrx_word' id='word_1_205' title='bbox 3559 1452 3697 1506; x_wconf 89' lang='lat' dir='ltr'>mul-</span> 
     </span>
    </p>
   </div>
   <div class='ocr_carea' id='block_1_30' title="bbox 2105 1537 3701 1610">
    <p class='ocr_par' dir='ltr' id='par_1_30' title="bbox 2105 1537 3701 1610">
     <span class='ocr_line' id='line_1_30' title="bbox 2105 1537 3701 1610; baseline 0.001 -16"><span class='ocrx_word' id='word_1_206' title='bbox 2105 1547 2278 1594; x_wconf 92' lang='lat' dir='ltr'>torum</span> <span class='ocrx_word' id='word_1_207' title='bbox 2310 1539 2782 1610; x_wconf 78' lang='lat' dir='ltr'>perseverantium</span> <span class='ocrx_word' id='word_1_208' title='bbox 2803 1540 2869 1594; x_wconf 92' lang='lat' dir='ltr'>ad</span> <span class='ocrx_word' id='word_1_209' title='bbox 2895 1537 3157 1609; x_wconf 87' lang='lat' dir='ltr'>propositi</span> <span class='ocrx_word' id='word_1_210' title='bbox 3187 1539 3650 1595; x_wconf 87' lang='lat' dir='ltr'>conﬁrmationem</span> <span class='ocrx_word' id='word_1_211' title='bbox 3673 1541 3701 1595; x_wconf 86' lang='lat'>?</span> 
     </span>
    </p>
   </div>
   <div class='ocr_carea' id='block_1_31' title="bbox 2104 1626 3694 1699">
    <p class='ocr_par' dir='ltr' id='par_1_31' title="bbox 2104 1626 3694 1699">
     <span class='ocr_line' id='line_1_31' title="bbox 2104 1626 3694 1699; baseline 0.002 -18"><span class='ocrx_word' id='word_1_212' title='bbox 2104 1628 2359 1698; x_wconf 87' lang='lat' dir='ltr'>Nunquid</span> <span class='ocrx_word' id='word_1_213' title='bbox 2391 1635 2615 1698; x_wconf 89' lang='lat' dir='ltr'>propter</span> <span class='ocrx_word' id='word_1_214' title='bbox 2660 1628 2839 1682; x_wconf 87' lang='lat' dir='ltr'>scelus</span> <span class='ocrx_word' id='word_1_215' title='bbox 2895 1627 3054 1681; x_wconf 90' lang='lat' dir='ltr'>unius</span> <span class='ocrx_word' id='word_1_216' title='bbox 3097 1626 3271 1694; x_wconf 64' lang='lat' dir='ltr'>Jude,</span> <span class='ocrx_word' id='word_1_217' title='bbox 3306 1627 3501 1682; x_wconf 88' lang='lat' dir='ltr'>Christi</span> <span class='ocrx_word' id='word_1_218' title='bbox 3556 1644 3694 1699; x_wconf 89' lang='lat' dir='ltr'>apo-</span> 
     </span>
    </p>
   </div>
   <div class='ocr_carea' id='block_1_32' title="bbox 2107 1716 2788 1772">
    <p class='ocr_par' dir='ltr' id='par_1_32' title="bbox 2107 1716 2788 1772">
     <span class='ocr_line' id='line_1_32' title="bbox 2107 1716 2788 1772; baseline -0.001 -2"><span class='ocrx_word' id='word_1_219' title='bbox 2107 1716 2230 1771; x_wconf 91' lang='lat' dir='ltr'>stoli</span> <span class='ocrx_word' id='word_1_220' title='bbox 2261 1724 2386 1770; x_wconf 91' lang='lat' dir='ltr'>sunt</span> <span class='ocrx_word' id='word_1_221' title='bbox 2417 1717 2470 1770; x_wconf 90' lang='lat' dir='ltr'>in</span> <span class='ocrx_word' id='word_1_222' title='bbox 2501 1716 2730 1772; x_wconf 89' lang='lat' dir='ltr'>crimine</span> <span class='ocrx_word' id='word_1_223' title='bbox 2759 1716 2788 1770; x_wconf 88' lang='lat'>?</span> 
     </span>
    </p>
   </div>
   <div class='ocr_carea' id='block_1_33' title="bbox 399 1803 3706 1888">
    <p class='ocr_par' dir='ltr' id='par_1_33' title="bbox 399 1803 3706 1888">
     <span class='ocr_line' id='line_1_33' title="bbox 399 1803 3706 1888; baseline -0.011 -17"><span class='ocrx_word' id='word_1_224' title='bbox 399 1815 532 1872; x_wconf 90' lang='lat' dir='ltr'>mini</span> <span class='ocrx_word' id='word_1_225' title='bbox 559 1816 688 1868; x_wconf 83' lang='lat' dir='ltr'>Jesu</span> <span class='ocrx_word' id='word_1_226' title='bbox 710 1809 910 1866; x_wconf 90' lang='lat' dir='ltr'>Christi</span> <span class='ocrx_word' id='word_1_227' title='bbox 948 1809 1240 1862; x_wconf 87' lang='lat' dir='ltr'>exhortans</span> <span class='ocrx_word' id='word_1_228' title='bbox 1283 1807 1544 1861; x_wconf 87' lang='lat' dir='ltr'>exhortor</span> <span class='ocrx_word' id='word_1_229' title='bbox 1585 1813 1659 1870; x_wconf 92' lang='lat' dir='ltr'>te,</span> <span class='ocrx_word' id='word_1_230' title='bbox 1719 1821 1829 1859; x_wconf 91' lang='lat' dir='ltr'>non</span> <span class='ocrx_word' id='word_1_231' title='bbox 1877 1820 2078 1888; x_wconf 82' lang='lat' dir='ltr'>meaB</span> <span class='ocrx_word' id='word_1_232' title='bbox 2178 1805 2284 1859; x_wconf 91' lang='lat' dir='ltr'>Sed</span> <span class='ocrx_word' id='word_1_233' title='bbox 2312 1804 2432 1874; x_wconf 84' lang='lat' dir='ltr'>quis</span> <span class='ocrx_word' id='word_1_234' title='bbox 2483 1804 2570 1868; x_wconf 90' lang='lat' dir='ltr'>sit,</span> <span class='ocrx_word' id='word_1_235' title='bbox 2629 1804 2720 1874; x_wconf 87' lang='lat' dir='ltr'>qui</span> <span class='ocrx_word' id='word_1_236' title='bbox 2749 1803 2879 1857; x_wconf 84' lang='lat' dir='ltr'>illud</span> <span class='ocrx_word' id='word_1_237' title='bbox 2927 1803 3241 1858; x_wconf 62' lang='lat' dir='ltr'>mandatum</span> <span class='ocrx_word' id='word_1_238' title='bbox 3291 1803 3706 1861; x_wconf 52' lang='lat' dir='ltr'>abl-enuntiandi</span> 
     </span>
    </p>
   </div>
   <div class='ocr_carea' id='block_1_34' title="bbox 401 1892 3701 1972">
    <p class='ocr_par' dir='ltr' id='par_1_34' title="bbox 401 1892 3701 1972">
     <span class='ocr_line' id='line_1_34' title="bbox 401 1892 3701 1972; baseline -0.004 -10"><span class='ocrx_word' id='word_1_239' title='bbox 401 1921 558 1970; x_wconf 90' lang='lat' dir='ltr'>voce,</span> <span class='ocrx_word' id='word_1_240' title='bbox 590 1917 700 1956; x_wconf 92' lang='lat' dir='ltr'>non</span> <span class='ocrx_word' id='word_1_241' title='bbox 725 1913 850 1954; x_wconf 91' lang='lat' dir='ltr'>mea</span> <span class='ocrx_word' id='word_1_242' title='bbox 867 1895 1204 1959; x_wconf 86' lang='lat' dir='ltr'>auctoritate,</span> <span class='ocrx_word' id='word_1_243' title='bbox 1231 1895 1329 1949; x_wconf 90' lang='lat' dir='ltr'>sed</span> <span class='ocrx_word' id='word_1_244' title='bbox 1352 1894 1587 1949; x_wconf 91' lang='lat' dir='ltr'>Domini.</span> <span class='ocrx_word' id='word_1_245' title='bbox 1620 1895 1778 1959; x_wconf 86' lang='lat' dir='ltr'>Vade,</span> <span class='ocrx_word' id='word_1_246' title='bbox 1811 1892 2011 1972; x_wconf 64' lang='lat' dir='ltr'>inquit,</span> <span class='ocrx_word' id='word_1_247' title='bbox 2113 1893 2350 1963; x_wconf 87' lang='lat' dir='ltr'>propriis</span> <span class='ocrx_word' id='word_1_248' title='bbox 2373 1892 2706 1946; x_wconf 86' lang='lat' dir='ltr'>facultatibus</span> <span class='ocrx_word' id='word_1_249' title='bbox 2736 1892 2974 1957; x_wconf 85' lang='lat' dir='ltr'>tradidit,</span> <span class='ocrx_word' id='word_1_250' title='bbox 3025 1899 3118 1946; x_wconf 89' lang='lat' dir='ltr'>aut</span> <span class='ocrx_word' id='word_1_251' title='bbox 3164 1892 3317 1960; x_wconf 86' lang='lat' dir='ltr'>cujus</span> <span class='ocrx_word' id='word_1_252' title='bbox 3369 1894 3701 1949; x_wconf 89' lang='lat' dir='ltr'>auctoritatis</span> 
     </span>
    </p>
   </div>
   <div class='ocr_carea' id='block_1_35' title="bbox 399 1979 3699 2058">
    <p class='ocr_par' dir='ltr' id='par_1_35' title="bbox 399 1979 3699 2058">
     <span class='ocr_line' id='line_1_35' title="bbox 399 1979 3699 2058; baseline -0.004 -8"><span class='ocrx_word' id='word_1_253' title='bbox 399 1993 575 2051; x_wconf 84' lang='lat' dir='ltr'>vende</span> <span class='ocrx_word' id='word_1_254' title='bbox 592 1989 785 2046; x_wconf 80' lang='lat' dir='ltr'>omnia</span> <span class='ocrx_word' id='word_1_255' title='bbox 805 2001 928 2058; x_wconf 74' lang='lat' dir='ltr'>quas</span> <span class='ocrx_word' id='word_1_256' title='bbox 957 1984 1121 2039; x_wconf 96' lang='lat' dir='ltr'>habes</span> <span class='ocrx_word' id='word_1_257' title='bbox 1151 1987 1208 2038; x_wconf 88' lang='lat' dir='ltr'>et</span> <span class='ocrx_word' id='word_1_258' title='bbox 1243 1984 1315 2038; x_wconf 86' lang='lat' dir='ltr'>da</span> <span class='ocrx_word' id='word_1_259' title='bbox 1341 1983 1706 2054; x_wconf 77' lang='lat' dir='ltr'>pauperibus,</span> <span class='ocrx_word' id='word_1_260' title='bbox 1741 1987 1796 2036; x_wconf 89' lang='lat' dir='ltr'>et</span> <span class='ocrx_word' id='word_1_261' title='bbox 1839 1982 2012 2036; x_wconf 88' lang='lat' dir='ltr'>habe-</span> <span class='ocrx_word' id='word_1_262' title='bbox 2113 1981 2292 2052; x_wconf 89' lang='lat' dir='ltr'>sitqui</span> <span class='ocrx_word' id='word_1_263' title='bbox 2322 1981 2426 2036; x_wconf 89' lang='lat' dir='ltr'>hoc</span> <span class='ocrx_word' id='word_1_264' title='bbox 2447 1979 2623 2049; x_wconf 83' lang='lat' dir='ltr'>jubet,</span> <span class='ocrx_word' id='word_1_265' title='bbox 2649 1981 2952 2035; x_wconf 89' lang='lat' dir='ltr'>videamus.</span> <span class='ocrx_word' id='word_1_266' title='bbox 2987 1979 3347 2050; x_wconf 88' lang='lat' dir='ltr'>Omnipotens</span> <span class='ocrx_word' id='word_1_267' title='bbox 3376 1981 3652 2050; x_wconf 89' lang='lat' dir='ltr'>hocjubet</span> <span class='ocrx_word' id='word_1_268' title='bbox 3679 2003 3699 2051; x_wconf 87' lang='lat'><strong><em>;</em></strong></span> 
     </span>
    </p>
   </div>
   <div class='ocr_carea' id='block_1_36' title="bbox 403 2067 3701 2141">
    <p class='ocr_par' dir='ltr' id='par_1_36' title="bbox 403 2067 3701 2141">
     <span class='ocr_line' id='line_1_36' title="bbox 403 2067 3701 2141; baseline -0.004 -3"><span class='ocrx_word' id='word_1_269' title='bbox 403 2085 484 2140; x_wconf 90' lang='lat' dir='ltr'>bis</span> <span class='ocrx_word' id='word_1_270' title='bbox 516 2081 848 2135; x_wconf 75' lang='lat' dir='ltr'>thesaurum</span> <span class='ocrx_word' id='word_1_271' title='bbox 862 2074 925 2127; x_wconf 89' lang='lat' dir='ltr'>in</span> <span class='ocrx_word' id='word_1_272' title='bbox 953 2072 1089 2127; x_wconf 70' lang='lat' dir='ltr'>calo</span> <span class='ocrx_word' id='word_1_273' title='bbox 1117 2070 1338 2141; x_wconf 77' lang='lat' dir='ltr'>(Matth.</span> <span class='ocrx_word' id='word_1_274' title='bbox 1372 2084 1498 2135; x_wconf 85' lang='lat' dir='ltr'>xxx,</span> <span class='ocrx_word' id='word_1_275' title='bbox 1534 2072 1648 2138; x_wconf 76' lang='lat'>21),</span> <span class='ocrx_word' id='word_1_276' title='bbox 1710 2078 1763 2124; x_wconf 92' lang='lat' dir='ltr'>et</span> <span class='ocrx_word' id='word_1_277' title='bbox 1821 2069 2003 2122; x_wconf 90' lang='lat' dir='ltr'>nullus</span> <span class='ocrx_word' id='word_1_278' title='bbox 2114 2071 2258 2123; x_wconf 89' lang='lat' dir='ltr'>Deus</span> <span class='ocrx_word' id='word_1_279' title='bbox 2279 2076 2420 2134; x_wconf 89' lang='lat' dir='ltr'>tuus,</span> <span class='ocrx_word' id='word_1_280' title='bbox 2457 2069 2546 2138; x_wconf 84' lang='lat' dir='ltr'>qui</span> <span class='ocrx_word' id='word_1_281' title='bbox 2581 2069 2798 2122; x_wconf 90' lang='lat' dir='ltr'>ossibus</span> <span class='ocrx_word' id='word_1_282' title='bbox 2827 2075 2880 2122; x_wconf 82' lang='lat' dir='ltr'>et</span> <span class='ocrx_word' id='word_1_283' title='bbox 2922 2067 3106 2122; x_wconf 86' lang='lat' dir='ltr'>nervis</span> <span class='ocrx_word' id='word_1_284' title='bbox 3156 2069 3431 2140; x_wconf 82' lang='lat' dir='ltr'>compegit</span> <span class='ocrx_word' id='word_1_285' title='bbox 3459 2077 3529 2135; x_wconf 86' lang='lat' dir='ltr'>te,</span> <span class='ocrx_word' id='word_1_286' title='bbox 3563 2077 3616 2124; x_wconf 89' lang='lat' dir='ltr'>et</span> <span class='ocrx_word' id='word_1_287' title='bbox 3646 2070 3701 2124; x_wconf 90' lang='lat' dir='ltr'>in</span> 
     </span>
    </p>
   </div>
   <div class='ocr_carea' id='block_1_37' title="bbox 405 2157 3701 2241">
    <p class='ocr_par' dir='ltr' id='par_1_37' title="bbox 405 2157 3701 2241">
     <span class='ocr_line' id='line_1_37' title="bbox 405 2157 3701 2241; baseline -0.004 -14"><span class='ocrx_word' id='word_1_288' title='bbox 405 2183 638 2241; x_wconf 91' lang='lat' dir='ltr'>sequere</span> <span class='ocrx_word' id='word_1_289' title='bbox 665 2179 772 2219; x_wconf 90' lang='lat' dir='ltr'>me.</span> <span class='ocrx_word' id='word_1_290' title='bbox 791 2161 911 2218; x_wconf 83' lang='lat' dir='ltr'>Nisi</span> <span class='ocrx_word' id='word_1_291' title='bbox 929 2161 1081 2215; x_wconf 82' lang='lat' dir='ltr'>enim</span> <span class='ocrx_word' id='word_1_292' title='bbox 1099 2161 1222 2232; x_wconf 85' lang='lat' dir='ltr'>quis</span> <span class='ocrx_word' id='word_1_293' title='bbox 1238 2159 1731 2214; x_wconf 85' lang='lat' dir='ltr'>abrenuntiaverit</span> <span class='ocrx_word' id='word_1_294' title='bbox 1755 2157 2013 2214; x_wconf 86' lang='lat' dir='ltr'>omnibus</span> <span class='ocrx_word' id='word_1_295' title='bbox 2112 2157 2389 2228; x_wconf 83' lang='lat' dir='ltr'>pulverem</span> <span class='ocrx_word' id='word_1_296' title='bbox 2413 2157 2635 2212; x_wconf 87' lang='lat' dir='ltr'>reducet</span> <span class='ocrx_word' id='word_1_297' title='bbox 2664 2165 2735 2222; x_wconf 92' lang='lat' dir='ltr'>te,</span> <span class='ocrx_word' id='word_1_298' title='bbox 2769 2164 2822 2210; x_wconf 89' lang='lat' dir='ltr'>et</span> <span class='ocrx_word' id='word_1_299' title='bbox 2851 2157 2920 2210; x_wconf 93' lang='lat' dir='ltr'>de</span> <span class='ocrx_word' id='word_1_300' title='bbox 2949 2171 3109 2211; x_wconf 89' lang='lat' dir='ltr'>mane</span> <span class='ocrx_word' id='word_1_301' title='bbox 3155 2173 3327 2228; x_wconf 90' lang='lat' dir='ltr'>usque</span> <span class='ocrx_word' id='word_1_302' title='bbox 3374 2157 3445 2212; x_wconf 87' lang='lat' dir='ltr'>ad</span> <span class='ocrx_word' id='word_1_303' title='bbox 3499 2173 3701 2229; x_wconf 86' lang='lat' dir='ltr'>vespe-</span> 
     </span>
    </p>
   </div>
   <div class='ocr_carea' id='block_1_38' title="bbox 401 2244 3701 2332">
    <p class='ocr_par' dir='ltr' id='par_1_38' title="bbox 401 2244 3701 2332">
     <span class='ocr_line' id='line_1_38' title="bbox 401 2244 3701 2332; baseline -0.003 -20"><span class='ocrx_word' id='word_1_304' title='bbox 401 2276 524 2332; x_wconf 70' lang='lat' dir='ltr'>qua:</span> <span class='ocrx_word' id='word_1_305' title='bbox 550 2253 816 2328; x_wconf 83' lang='lat' dir='ltr'>possidet,</span> <span class='ocrx_word' id='word_1_306' title='bbox 837 2266 953 2305; x_wconf 87' lang='lat' dir='ltr'>non</span> <span class='ocrx_word' id='word_1_307' title='bbox 983 2251 1168 2320; x_wconf 81' lang='lat' dir='ltr'>potest</span> <span class='ocrx_word' id='word_1_308' title='bbox 1195 2263 1354 2303; x_wconf 86' lang='lat' dir='ltr'>meus</span> <span class='ocrx_word' id='word_1_309' title='bbox 1383 2262 1501 2302; x_wconf 85' lang='lat' dir='ltr'>esse</span> <span class='ocrx_word' id='word_1_310' title='bbox 1531 2247 1868 2317; x_wconf 81' lang='lat' dir='ltr'>discipulus.</span> <span class='ocrx_word' id='word_1_311' title='bbox 1900 2246 2012 2299; x_wconf 92' lang='lat' dir='ltr'>Du-</span> <span class='ocrx_word' id='word_1_312' title='bbox 2111 2261 2230 2300; x_wconf 90' lang='lat' dir='ltr'>ram</span> <span class='ocrx_word' id='word_1_313' title='bbox 2257 2245 2404 2300; x_wconf 85' lang='lat' dir='ltr'>finiet</span> <span class='ocrx_word' id='word_1_314' title='bbox 2431 2253 2503 2299; x_wconf 91' lang='lat' dir='ltr'>te.</span> <span class='ocrx_word' id='word_1_315' title='bbox 2523 2246 2616 2300; x_wconf 90' lang='lat' dir='ltr'>Ille</span> <span class='ocrx_word' id='word_1_316' title='bbox 2645 2246 2800 2314; x_wconf 86' lang='lat' dir='ltr'>cujus</span> <span class='ocrx_word' id='word_1_317' title='bbox 2823 2244 3129 2300; x_wconf 89' lang='lat' dir='ltr'>auctoritati</span> <span class='ocrx_word' id='word_1_318' title='bbox 3148 2253 3294 2300; x_wconf 90' lang='lat' dir='ltr'>esset</span> <span class='ocrx_word' id='word_1_319' title='bbox 3313 2246 3635 2315; x_wconf 90' lang='lat' dir='ltr'>parendum,</span> <span class='ocrx_word' id='word_1_320' title='bbox 3655 2247 3701 2301; x_wconf 92' lang='lat' dir='ltr'>si</span> 
     </span>
    </p>
   </div>
   <div class='ocr_carea' id='block_1_39' title="bbox 398 2333 2006 2406">
    <p class='ocr_par' dir='ltr' id='par_1_39' title="bbox 398 2333 2006 2406">
     <span class='ocr_line' id='line_1_39' title="bbox 398 2333 2006 2406; baseline -0.011 -3"><span class='ocrx_word' id='word_1_321' title='bbox 398 2361 588 2403; x_wconf 92' lang='lat' dir='ltr'>rumne</span> <span class='ocrx_word' id='word_1_322' title='bbox 617 2341 713 2397; x_wconf 91' lang='lat' dir='ltr'>tibi</span> <span class='ocrx_word' id='word_1_323' title='bbox 739 2339 975 2401; x_wconf 90' lang='lat' dir='ltr'>videtur,</span> <span class='ocrx_word' id='word_1_324' title='bbox 1009 2344 1102 2390; x_wconf 89' lang='lat' dir='ltr'>aut</span> <span class='ocrx_word' id='word_1_325' title='bbox 1131 2335 1350 2391; x_wconf 80' lang='lat' dir='ltr'>diﬂicile</span> <span class='ocrx_word' id='word_1_326' title='bbox 1396 2333 1540 2406; x_wconf 90' lang='lat' dir='ltr'>quod</span> <span class='ocrx_word' id='word_1_327' title='bbox 1595 2334 1776 2403; x_wconf 88' lang='lat' dir='ltr'>jussit.</span> <span class='ocrx_word' id='word_1_328' title='bbox 1814 2333 2006 2388; x_wconf 87' lang='lat' dir='ltr'>Anim-</span> 
     </span>
    </p>
   </div>
   <div class='ocr_carea' id='block_1_40' title="bbox 402 2412 2007 2497">
    <p class='ocr_par' dir='ltr' id='par_1_40' title="bbox 402 2412 2007 2497">
     <span class='ocr_line' id='line_1_40' title="bbox 402 2412 2007 2497; baseline -0.01 -5"><span class='ocrx_word' id='word_1_329' title='bbox 402 2412 627 2493; x_wconf 82' lang='lat' dir='ltr'>adverte</span> <span class='ocrx_word' id='word_1_330' title='bbox 683 2428 780 2497; x_wconf 94' lang='lat' dir='ltr'>(mi</span> <span class='ocrx_word' id='word_1_331' title='bbox 826 2424 1202 2495; x_wconf 91' lang='lat' dir='ltr'>dilectissime)</span> <span class='ocrx_word' id='word_1_332' title='bbox 1262 2425 1411 2480; x_wconf 89' lang='lat' dir='ltr'>circa</span> <span class='ocrx_word' id='word_1_333' title='bbox 1483 2425 1589 2479; x_wconf 92' lang='lat' dir='ltr'>hoc</span> <span class='ocrx_word' id='word_1_334' title='bbox 1665 2422 2007 2478; x_wconf 91' lang='lat' dir='ltr'>Dominicum</span> 
     </span>
    </p>
   </div>
   <div class='ocr_carea' id='block_1_41' title="bbox 397 2510 2006 2588">
    <p class='ocr_par' dir='ltr' id='par_1_41' title="bbox 397 2510 2006 2588">
     <span class='ocr_line' id='line_1_41' title="bbox 397 2510 2006 2588; baseline -0.011 -7"><span class='ocrx_word' id='word_1_335' title='bbox 397 2523 733 2583; x_wconf 88' lang='lat' dir='ltr'>mandatum,</span> <span class='ocrx_word' id='word_1_336' title='bbox 767 2522 1026 2588; x_wconf 88' lang='lat' dir='ltr'>quantum</span> <span class='ocrx_word' id='word_1_337' title='bbox 1055 2515 1172 2584; x_wconf 91' lang='lat' dir='ltr'>ipse</span> <span class='ocrx_word' id='word_1_338' title='bbox 1202 2521 1394 2569; x_wconf 89' lang='lat' dir='ltr'>auctor</span> <span class='ocrx_word' id='word_1_339' title='bbox 1434 2510 1673 2566; x_wconf 87' lang='lat' dir='ltr'>mandati</span> <span class='ocrx_word' id='word_1_340' title='bbox 1730 2526 2006 2582; x_wconf 63' lang='lat' dir='ltr'>praemon-</span> 
     </span>
    </p>
   </div>
   <div class='ocr_carea' id='block_1_42' title="bbox 395 2601 2007 2680">
    <p class='ocr_par' dir='ltr' id='par_1_42' title="bbox 395 2601 2007 2680">
     <span class='ocr_line' id='line_1_42' title="bbox 395 2601 2007 2680; baseline -0.011 -11"><span class='ocrx_word' id='word_1_341' title='bbox 395 2622 569 2669; x_wconf 90' lang='lat' dir='ltr'>strare</span> <span class='ocrx_word' id='word_1_342' title='bbox 623 2604 974 2680; x_wconf 84' lang='lat' dir='ltr'>dignabitur,</span> <span class='ocrx_word' id='word_1_343' title='bbox 1030 2603 1148 2657; x_wconf 68' lang='lat' dir='ltr'>haec</span> <span class='ocrx_word' id='word_1_344' title='bbox 1223 2601 1481 2672; x_wconf 88' lang='lat' dir='ltr'>quinque.</span> <span class='ocrx_word' id='word_1_345' title='bbox 1561 2601 1838 2664; x_wconf 89' lang='lat' dir='ltr'>Primum,</span> <span class='ocrx_word' id='word_1_346' title='bbox 1897 2615 2007 2654; x_wconf 91' lang='lat' dir='ltr'>non</span> 
     </span>
    </p>
   </div>
   <div class='ocr_carea' id='block_1_43' title="bbox 397 2690 2006 2761">
    <p class='ocr_par' dir='ltr' id='par_1_43' title="bbox 397 2690 2006 2761">
     <span class='ocr_line' id='line_1_43' title="bbox 397 2690 2006 2761; baseline -0.01 -4"><span class='ocrx_word' id='word_1_347' title='bbox 397 2692 886 2758; x_wconf 72' lang='lat' dir='ltr'>difficiletdeinde,</span> <span class='ocrx_word' id='word_1_348' title='bbox 936 2691 1058 2761; x_wconf 89' lang='lat' dir='ltr'>quis</span> <span class='ocrx_word' id='word_1_349' title='bbox 1090 2690 1157 2744; x_wconf 83' lang='lat' dir='ltr'>sit</span> <span class='ocrx_word' id='word_1_350' title='bbox 1205 2690 1296 2761; x_wconf 88' lang='lat' dir='ltr'>qui</span> <span class='ocrx_word' id='word_1_351' title='bbox 1319 2690 1504 2758; x_wconf 86' lang='lat' dir='ltr'>jubet;</span> <span class='ocrx_word' id='word_1_352' title='bbox 1555 2696 1747 2758; x_wconf 87' lang='lat' dir='ltr'>postea</span> <span class='ocrx_word' id='word_1_353' title='bbox 1777 2703 2006 2743; x_wconf 87' lang='lat' dir='ltr'>causam</span> 
     </span>
    </p>
   </div>
   <div class='ocr_carea' id='block_1_44' title="bbox 395 2776 2006 2855">
    <p class='ocr_par' dir='ltr' id='par_1_44' title="bbox 395 2776 2006 2855">
     <span class='ocr_line' id='line_1_44' title="bbox 395 2776 2006 2855; baseline -0.009 -10"><span class='ocrx_word' id='word_1_354' title='bbox 395 2787 654 2851; x_wconf 88' lang='lat' dir='ltr'>mandati,</span> <span class='ocrx_word' id='word_1_355' title='bbox 687 2790 880 2855; x_wconf 88' lang='lat' dir='ltr'>quarto</span> <span class='ocrx_word' id='word_1_356' title='bbox 909 2781 1030 2834; x_wconf 89' lang='lat' dir='ltr'>loco</span> <span class='ocrx_word' id='word_1_357' title='bbox 1086 2779 1353 2833; x_wconf 89' lang='lat' dir='ltr'>rationem</span> <span class='ocrx_word' id='word_1_358' title='bbox 1398 2778 1604 2849; x_wconf 90' lang='lat' dir='ltr'>ipsius;</span> <span class='ocrx_word' id='word_1_359' title='bbox 1655 2776 1842 2848; x_wconf 90' lang='lat' dir='ltr'>quinto</span> <span class='ocrx_word' id='word_1_360' title='bbox 1875 2776 2006 2846; x_wconf 91' lang='lat' dir='ltr'>quid</span> 
     </span>
    </p>
   </div>
   <div class='ocr_carea' id='block_1_45' title="bbox 392 2864 2005 2950">
    <p class='ocr_par' dir='ltr' id='par_1_45' title="bbox 392 2864 2005 2950">
     <span class='ocr_line' id='line_1_45' title="bbox 392 2864 2005 2950; baseline -0.011 -15"><span class='ocrx_word' id='word_1_361' title='bbox 392 2880 512 2950; x_wconf 90' lang='lat' dir='ltr'>ipse</span> <span class='ocrx_word' id='word_1_362' title='bbox 533 2875 659 2932; x_wconf 85' lang='lat' dir='ltr'>fecit</span> <span class='ocrx_word' id='word_1_363' title='bbox 686 2887 784 2944; x_wconf 88' lang='lat' dir='ltr'>pro</span> <span class='ocrx_word' id='word_1_364' title='bbox 815 2878 867 2924; x_wconf 92' lang='lat' dir='ltr'>te</span> <span class='ocrx_word' id='word_1_365' title='bbox 898 2868 991 2939; x_wconf 91' lang='lat' dir='ltr'>qui</span> <span class='ocrx_word' id='word_1_366' title='bbox 1013 2867 1186 2935; x_wconf 90' lang='lat' dir='ltr'>jubet.</span> <span class='ocrx_word' id='word_1_367' title='bbox 1244 2866 1378 2934; x_wconf 62' lang='lat' dir='ltr'>Qum</span> <span class='ocrx_word' id='word_1_368' title='bbox 1407 2867 1599 2922; x_wconf 90' lang='lat' dir='ltr'>eodem</span> <span class='ocrx_word' id='word_1_369' title='bbox 1647 2865 1838 2920; x_wconf 89' lang='lat' dir='ltr'>ordine</span> <span class='ocrx_word' id='word_1_370' title='bbox 1882 2864 2005 2934; x_wconf 89' lang='lat' dir='ltr'>ipso</span> 
     </span>
    </p>
   </div>
   <div class='ocr_carea' id='block_1_46' title="bbox 399 2957 1149 3037">
    <p class='ocr_par' dir='ltr' id='par_1_46' title="bbox 399 2957 1149 3037">
     <span class='ocr_line' id='line_1_46' title="bbox 399 2957 1149 3037; baseline -0.021 -13"><span class='ocrx_word' id='word_1_371' title='bbox 399 2968 687 3037; x_wconf 88' lang='lat' dir='ltr'>adjuvante</span> <span class='ocrx_word' id='word_1_372' title='bbox 716 2957 1149 3015; x_wconf 90' lang='lat' dir='ltr'>consideremus.</span> 
     </span>
    </p>
   </div>
   <div class='ocr_carea' id='block_1_47' title="bbox 472 3041 2008 3113">
    <p class='ocr_par' dir='ltr' id='par_1_47' title="bbox 472 3041 2008 3113">
     <span class='ocr_line' id='line_1_47' title="bbox 472 3041 2008 3113; baseline -0.009 -5"><span class='ocrx_word' id='word_1_373' title='bbox 472 3053 709 3108; x_wconf 88' lang='lat' dir='ltr'>Primum</span> <span class='ocrx_word' id='word_1_374' title='bbox 740 3048 786 3102; x_wconf 88' lang='lat' dir='ltr'>si</span> <span class='ocrx_word' id='word_1_375' title='bbox 814 3043 1030 3101; x_wconf 78' lang='lat' dir='ltr'>difﬁcile</span> <span class='ocrx_word' id='word_1_376' title='bbox 1060 3043 1278 3098; x_wconf 89' lang='lat' dir='ltr'>videtur</span> <span class='ocrx_word' id='word_1_377' title='bbox 1307 3051 1360 3098; x_wconf 90' lang='lat' dir='ltr'>et</span> <span class='ocrx_word' id='word_1_378' title='bbox 1408 3041 1761 3108; x_wconf 90' lang='lat' dir='ltr'>laboriosum,</span> <span class='ocrx_word' id='word_1_379' title='bbox 1823 3041 2008 3113; x_wconf 86' lang='lat' dir='ltr'>cogita</span> 
     </span>
    </p>
   </div>
   <div class='ocr_carea' id='block_1_48' title="bbox 397 3131 2003 3216">
    <p class='ocr_par' dir='ltr' id='par_1_48' title="bbox 397 3131 2003 3216">
     <span class='ocr_line' id='line_1_48' title="bbox 397 3131 2003 3216; baseline -0.011 -17"><span class='ocrx_word' id='word_1_380' title='bbox 397 3142 544 3216; x_wconf 91' lang='lat' dir='ltr'>quod</span> <span class='ocrx_word' id='word_1_381' title='bbox 560 3141 716 3195; x_wconf 87' lang='lat' dir='ltr'>labor</span> <span class='ocrx_word' id='word_1_382' title='bbox 735 3132 1240 3202; x_wconf 71' lang='lat' dir='ltr'>brevis,przemium</span> <span class='ocrx_word' id='word_1_383' title='bbox 1251 3131 1482 3203; x_wconf 89' lang='lat' dir='ltr'>grande,</span> <span class='ocrx_word' id='word_1_384' title='bbox 1507 3147 1646 3202; x_wconf 90' lang='lat' dir='ltr'>opus</span> <span class='ocrx_word' id='word_1_385' title='bbox 1699 3145 2003 3200; x_wconf 87' lang='lat' dir='ltr'>paucorum</span> 
     </span>
    </p>
   </div>
   <div class='ocr_carea' id='block_1_49' title="bbox 397 3217 2009 3294">
    <p class='ocr_par' dir='ltr' id='par_1_49' title="bbox 397 3217 2009 3294">
     <span class='ocr_line' id='line_1_49' title="bbox 397 3217 2009 3294; baseline -0.011 -6"><span class='ocrx_word' id='word_1_386' title='bbox 397 3233 629 3294; x_wconf 89' lang='lat' dir='ltr'>dierum,</span> <span class='ocrx_word' id='word_1_387' title='bbox 663 3239 877 3280; x_wconf 89' lang='lat' dir='ltr'>merces</span> <span class='ocrx_word' id='word_1_388' title='bbox 905 3219 1241 3290; x_wconf 87' lang='lat' dir='ltr'>sempiterna</span> <span class='ocrx_word' id='word_1_389' title='bbox 1270 3228 1323 3274; x_wconf 91' lang='lat' dir='ltr'>et</span> <span class='ocrx_word' id='word_1_390' title='bbox 1353 3221 1569 3290; x_wconf 90' lang='lat' dir='ltr'>requies</span> <span class='ocrx_word' id='word_1_391' title='bbox 1607 3219 1723 3274; x_wconf 89' lang='lat' dir='ltr'>sine</span> <span class='ocrx_word' id='word_1_392' title='bbox 1775 3217 1901 3273; x_wconf 87' lang='lat' dir='ltr'>fine.</span> <span class='ocrx_word' id='word_1_393' title='bbox 1953 3217 2009 3272; x_wconf 90' lang='lat' dir='ltr'>Si</span> 
     </span>
    </p>
   </div>
   <div class='ocr_carea' id='block_1_50' title="bbox 399 3306 2006 3392">
    <p class='ocr_par' dir='ltr' id='par_1_50' title="bbox 399 3306 2006 3392">
     <span class='ocr_line' id='line_1_50' title="bbox 399 3306 2006 3392; baseline -0.011 -16"><span class='ocrx_word' id='word_1_394' title='bbox 399 3334 600 3392; x_wconf 87' lang='lat' dir='ltr'>pensas</span> <span class='ocrx_word' id='word_1_395' title='bbox 627 3315 893 3380; x_wconf 89' lang='lat' dir='ltr'>laborem,</span> <span class='ocrx_word' id='word_1_396' title='bbox 926 3324 1126 3380; x_wconf 90' lang='lat' dir='ltr'>pensas</span> <span class='ocrx_word' id='word_1_397' title='bbox 1154 3316 1208 3362; x_wconf 90' lang='lat' dir='ltr'>et</span> <span class='ocrx_word' id='word_1_398' title='bbox 1245 3309 1578 3364; x_wconf 87' lang='lat' dir='ltr'>mercedem.</span> <span class='ocrx_word' id='word_1_399' title='bbox 1638 3308 1759 3362; x_wconf 91' lang='lat' dir='ltr'>Non</span> <span class='ocrx_word' id='word_1_400' title='bbox 1801 3314 1884 3361; x_wconf 89' lang='lat' dir='ltr'>est</span> <span class='ocrx_word' id='word_1_401' title='bbox 1935 3306 2006 3359; x_wconf 93' lang='lat' dir='ltr'>ti-</span> 
     </span>
    </p>
   </div>
   <div class='ocr_carea' id='block_1_51' title="bbox 399 3394 2004 3469">
    <p class='ocr_par' dir='ltr' id='par_1_51' title="bbox 399 3394 2004 3469">
     <span class='ocr_line' id='line_1_51' title="bbox 399 3394 2004 3469; baseline -0.011 -4"><span class='ocrx_word' id='word_1_402' title='bbox 399 3407 632 3464; x_wconf 91' lang='lat' dir='ltr'>mendus</span> <span class='ocrx_word' id='word_1_403' title='bbox 679 3402 851 3466; x_wconf 89' lang='lat' dir='ltr'>labor,</span> <span class='ocrx_word' id='word_1_404' title='bbox 895 3414 1056 3469; x_wconf 90' lang='lat' dir='ltr'>quem</span> <span class='ocrx_word' id='word_1_405' title='bbox 1112 3405 1261 3452; x_wconf 88' lang='lat' dir='ltr'>tanta</span> <span class='ocrx_word' id='word_1_406' title='bbox 1316 3396 1545 3468; x_wconf 79' lang='lat' dir='ltr'>praemia</span> <span class='ocrx_word' id='word_1_407' title='bbox 1601 3394 2004 3450; x_wconf 90' lang='lat' dir='ltr'>commendant.</span> 
     </span>
    </p>
   </div>
   <div class='ocr_carea' id='block_1_52' title="bbox 399 3484 2006 3554">
    <p class='ocr_par' dir='ltr' id='par_1_52' title="bbox 399 3484 2006 3554">
     <span class='ocr_line' id='line_1_52' title="bbox 399 3484 2006 3554; baseline -0.012 0"><span class='ocrx_word' id='word_1_408' title='bbox 399 3498 507 3554; x_wconf 89' lang='lat' dir='ltr'>Sed</span> <span class='ocrx_word' id='word_1_409' title='bbox 545 3492 913 3550; x_wconf 80' lang='lat' dir='ltr'>difficultatem</span> <span class='ocrx_word' id='word_1_410' title='bbox 955 3493 1043 3541; x_wconf 90' lang='lat' dir='ltr'>aut</span> <span class='ocrx_word' id='word_1_411' title='bbox 1090 3485 1295 3540; x_wconf 91' lang='lat' dir='ltr'>nullam</span> <span class='ocrx_word' id='word_1_412' title='bbox 1351 3493 1442 3540; x_wconf 90' lang='lat' dir='ltr'>aut</span> <span class='ocrx_word' id='word_1_413' title='bbox 1517 3484 1787 3540; x_wconf 87' lang='lat' dir='ltr'>modicam</span> <span class='ocrx_word' id='word_1_414' title='bbox 1861 3499 2006 3538; x_wconf 90' lang='lat' dir='ltr'>esse.</span> 
     </span>
    </p>
   </div>
   <div class='ocr_carea' id='block_1_53' title="bbox 399 3573 2008 3649">
    <p class='ocr_par' dir='ltr' id='par_1_53' title="bbox 399 3573 2008 3649">
     <span class='ocr_line' id='line_1_53' title="bbox 399 3573 2008 3649; baseline -0.012 -7"><span class='ocrx_word' id='word_1_415' title='bbox 399 3587 499 3643; x_wconf 84' lang='lat' dir='ltr'>Via</span> <span class='ocrx_word' id='word_1_416' title='bbox 537 3583 682 3639; x_wconf 91' lang='lat' dir='ltr'>enim</span> <span class='ocrx_word' id='word_1_417' title='bbox 712 3581 824 3649; x_wconf 87' lang='lat' dir='ltr'>jam</span> <span class='ocrx_word' id='word_1_418' title='bbox 843 3576 967 3630; x_wconf 86' lang='lat' dir='ltr'>trita</span> <span class='ocrx_word' id='word_1_419' title='bbox 996 3581 1078 3627; x_wconf 88' lang='lat' dir='ltr'>est</span> <span class='ocrx_word' id='word_1_420' title='bbox 1103 3589 1133 3626; x_wconf 90' lang='lat' dir='ltr'>a</span> <span class='ocrx_word' id='word_1_421' title='bbox 1175 3574 1360 3628; x_wconf 89' lang='lat' dir='ltr'>multis</span> <span class='ocrx_word' id='word_1_422' title='bbox 1395 3589 1407 3627; x_wconf 88' lang='lat'><strong><em>:</em></strong></span> <span class='ocrx_word' id='word_1_423' title='bbox 1441 3581 1492 3627; x_wconf 92' lang='lat' dir='ltr'>et</span> <span class='ocrx_word' id='word_1_424' title='bbox 1526 3573 1837 3643; x_wconf 90' lang='lat' dir='ltr'>quotidiana</span> <span class='ocrx_word' id='word_1_425' title='bbox 1873 3587 2008 3626; x_wconf 91' lang='lat' dir='ltr'>con-</span> 
     </span>
    </p>
   </div>
   <div class='ocr_carea' id='block_1_54' title="bbox 399 3661 2012 3736">
    <p class='ocr_par' dir='ltr' id='par_1_54' title="bbox 399 3661 2012 3736">
     <span class='ocr_line' id='line_1_54' title="bbox 399 3661 2012 3736; baseline -0.012 -4"><span class='ocrx_word' id='word_1_426' title='bbox 399 3687 686 3733; x_wconf 88' lang='lat' dir='ltr'>versorum</span> <span class='ocrx_word' id='word_1_427' title='bbox 710 3665 958 3736; x_wconf 89' lang='lat' dir='ltr'>exempla</span> <span class='ocrx_word' id='word_1_428' title='bbox 971 3665 1074 3717; x_wconf 88' lang='lat' dir='ltr'>hoc</span> <span class='ocrx_word' id='word_1_429' title='bbox 1092 3662 1386 3718; x_wconf 88' lang='lat' dir='ltr'>declarant.</span> <span class='ocrx_word' id='word_1_430' title='bbox 1404 3661 1562 3730; x_wconf 86' lang='lat' dir='ltr'>Quod</span> <span class='ocrx_word' id='word_1_431' title='bbox 1575 3661 1621 3715; x_wconf 92' lang='lat' dir='ltr'>si</span> <span class='ocrx_word' id='word_1_432' title='bbox 1635 3661 1799 3715; x_wconf 88' lang='lat' dir='ltr'>etiam</span> <span class='ocrx_word' id='word_1_433' title='bbox 1815 3667 2012 3714; x_wconf 84' lang='lat' dir='ltr'>caetera</span> 
     </span>
    </p>
   </div>
   <div class='ocr_carea' id='block_1_55' title="bbox 400 3747 2011 3827">
    <p class='ocr_par' dir='ltr' id='par_1_55' title="bbox 400 3747 2011 3827">
     <span class='ocr_line' id='line_1_55' title="bbox 400 3747 2011 3827; baseline -0.011 -9"><span class='ocrx_word' id='word_1_434' title='bbox 400 3763 600 3827; x_wconf 89' lang='lat' dir='ltr'>desint,</span> <span class='ocrx_word' id='word_1_435' title='bbox 651 3758 721 3813; x_wconf 90' lang='lat' dir='ltr'>ad</span> <span class='ocrx_word' id='word_1_436' title='bbox 767 3754 1163 3810; x_wconf 89' lang='lat' dir='ltr'>ostendendum</span> <span class='ocrx_word' id='word_1_437' title='bbox 1221 3767 1332 3806; x_wconf 89' lang='lat' dir='ltr'>non</span> <span class='ocrx_word' id='word_1_438' title='bbox 1388 3766 1511 3804; x_wconf 89' lang='lat' dir='ltr'>esse</span> <span class='ocrx_word' id='word_1_439' title='bbox 1566 3748 1804 3810; x_wconf 79' lang='lat' dir='ltr'>difﬁcile,</span> <span class='ocrx_word' id='word_1_440' title='bbox 1868 3747 2011 3801; x_wconf 90' lang='lat' dir='ltr'>illius</span> 
     </span>
    </p>
   </div>
   <div class='ocr_carea' id='block_1_56' title="bbox 402 3836 2010 3909">
    <p class='ocr_par' dir='ltr' id='par_1_56' title="bbox 402 3836 2010 3909">
     <span class='ocr_line' id='line_1_56' title="bbox 402 3836 2010 3909; baseline -0.012 -1"><span class='ocrx_word' id='word_1_441' title='bbox 402 3849 599 3908; x_wconf 77' lang='lat' dir='ltr'>sufficit</span> <span class='ocrx_word' id='word_1_442' title='bbox 629 3843 1014 3909; x_wconf 90' lang='lat' dir='ltr'>testimonium,</span> <span class='ocrx_word' id='word_1_443' title='bbox 1047 3842 1135 3897; x_wconf 91' lang='lat' dir='ltr'>cui</span> <span class='ocrx_word' id='word_1_444' title='bbox 1166 3857 1275 3895; x_wconf 93' lang='lat' dir='ltr'>non</span> <span class='ocrx_word' id='word_1_445' title='bbox 1303 3839 1549 3904; x_wconf 88' lang='lat' dir='ltr'>credere,</span> <span class='ocrx_word' id='word_1_446' title='bbox 1583 3853 1613 3891; x_wconf 92' lang='lat' dir='ltr'>a</span> <span class='ocrx_word' id='word_1_447' title='bbox 1662 3837 1834 3891; x_wconf 87' lang='lat' dir='ltr'>salute</span> <span class='ocrx_word' id='word_1_448' title='bbox 1866 3836 2010 3890; x_wconf 90' lang='lat' dir='ltr'>resi-</span> 
     </span>
    </p>
   </div>
   <div class='ocr_carea' id='block_1_57' title="bbox 402 3930 2013 4003">
    <p class='ocr_par' dir='ltr' id='par_1_57' title="bbox 402 3930 2013 4003">
     <span class='ocr_line' id='line_1_57' title="bbox 402 3930 2013 4003; baseline -0.01 -7"><span class='ocrx_word' id='word_1_449' title='bbox 402 3942 504 3998; x_wconf 90' lang='lat' dir='ltr'>lire</span> <span class='ocrx_word' id='word_1_450' title='bbox 535 3945 637 3993; x_wconf 88' lang='lat' dir='ltr'>est.</span> <span class='ocrx_word' id='word_1_451' title='bbox 683 3937 908 4003; x_wconf 76' lang='lat' dir='ltr'>Iugum,</span> <span class='ocrx_word' id='word_1_452' title='bbox 943 3931 1135 4002; x_wconf 90' lang='lat' dir='ltr'>inquit,</span> <span class='ocrx_word' id='word_1_453' title='bbox 1191 3944 1382 3984; x_wconf 87' lang='lat' dir='ltr'>meum</span> <span class='ocrx_word' id='word_1_454' title='bbox 1426 3943 1595 3982; x_wconf 80' lang='lat' dir='ltr'>suave</span> <span class='ocrx_word' id='word_1_455' title='bbox 1623 3930 1729 3991; x_wconf 85' lang='lat' dir='ltr'>est,</span> <span class='ocrx_word' id='word_1_456' title='bbox 1770 3930 1826 3981; x_wconf 86' lang='lat' dir='ltr'>et</span> <span class='ocrx_word' id='word_1_457' title='bbox 1873 3941 2013 3982; x_wconf 85' lang='lat' dir='ltr'>onus</span> 
     </span>
    </p>
   </div>
   <div class='ocr_carea' id='block_1_58' title="bbox 401 4015 2013 4091">
    <p class='ocr_par' dir='ltr' id='par_1_58' title="bbox 401 4015 2013 4091">
     <span class='ocr_line' id='line_1_58' title="bbox 401 4015 2013 4091; baseline -0.012 -4"><span class='ocrx_word' id='word_1_458' title='bbox 401 4045 592 4088; x_wconf 87' lang='lat' dir='ltr'>meum</span> <span class='ocrx_word' id='word_1_459' title='bbox 626 4026 738 4080; x_wconf 85' lang='lat' dir='ltr'>leve</span> <span class='ocrx_word' id='word_1_460' title='bbox 769 4021 1089 4091; x_wconf 80' lang='lat' dir='ltr'>(Matth.xx,</span> <span class='ocrx_word' id='word_1_461' title='bbox 1123 4020 1233 4087; x_wconf 92' lang='lat'>30).</span> <span class='ocrx_word' id='word_1_462' title='bbox 1260 4017 1422 4084; x_wconf 87' lang='lat' dir='ltr'>Cujus</span> <span class='ocrx_word' id='word_1_463' title='bbox 1453 4015 1735 4070; x_wconf 65' lang='lat' dir='ltr'>sententiae</span> <span class='ocrx_word' id='word_1_464' title='bbox 1759 4015 2013 4068; x_wconf 90' lang='lat' dir='ltr'>virtutem</span> 
     </span>
    </p>
   </div>
   <div class='ocr_carea' id='block_1_59' title="bbox 401 4103 2013 4177">
    <p class='ocr_par' dir='ltr' id='par_1_59' title="bbox 401 4103 2013 4177">
     <span class='ocr_line' id='line_1_59' title="bbox 401 4103 2013 4177; baseline -0.014 -1"><span class='ocrx_word' id='word_1_465' title='bbox 401 4128 456 4177; x_wconf 89' lang='lat' dir='ltr'>et</span> <span class='ocrx_word' id='word_1_466' title='bbox 487 4115 763 4173; x_wconf 88' lang='lat' dir='ltr'>veritatem</span> <span class='ocrx_word' id='word_1_467' title='bbox 797 4107 940 4163; x_wconf 87' lang='lat' dir='ltr'>haud</span> <span class='ocrx_word' id='word_1_468' title='bbox 971 4107 1147 4172; x_wconf 86' lang='lat' dir='ltr'>facile,</span> <span class='ocrx_word' id='word_1_469' title='bbox 1181 4106 1285 4160; x_wconf 89' lang='lat' dir='ltr'>nisi</span> <span class='ocrx_word' id='word_1_470' title='bbox 1312 4104 1525 4174; x_wconf 89' lang='lat' dir='ltr'>experti</span> <span class='ocrx_word' id='word_1_471' title='bbox 1551 4103 1854 4175; x_wconf 87' lang='lat' dir='ltr'>intelligere</span> <span class='ocrx_word' id='word_1_472' title='bbox 1884 4119 2013 4174; x_wconf 90' lang='lat' dir='ltr'>pos-</span> 
     </span>
    </p>
   </div>
   <div class='ocr_carea' id='block_1_60' title="bbox 397 4192 2006 4266">
    <p class='ocr_par' dir='ltr' id='par_1_60' title="bbox 397 4192 2006 4266">
     <span class='ocr_line' id='line_1_60' title="bbox 397 4192 2006 4266; baseline -0.011 -2"><span class='ocrx_word' id='word_1_473' title='bbox 397 4214 540 4264; x_wconf 87' lang='lat' dir='ltr'>sunt.</span> <span class='ocrx_word' id='word_1_474' title='bbox 574 4206 657 4257; x_wconf 82' lang='lat' dir='ltr'>An</span> <span class='ocrx_word' id='word_1_475' title='bbox 684 4200 823 4256; x_wconf 87' lang='lat' dir='ltr'>forte</span> <span class='ocrx_word' id='word_1_476' title='bbox 846 4197 999 4265; x_wconf 89' lang='lat' dir='ltr'>jubet</span> <span class='ocrx_word' id='word_1_477' title='bbox 1029 4204 1081 4251; x_wconf 91' lang='lat' dir='ltr'>te</span> <span class='ocrx_word' id='word_1_478' title='bbox 1113 4194 1416 4266; x_wconf 88' lang='lat' dir='ltr'>relinquere</span> <span class='ocrx_word' id='word_1_479' title='bbox 1438 4236 1450 4259; x_wconf 94' lang='lat'>,</span> <span class='ocrx_word' id='word_1_480' title='bbox 1485 4193 1631 4264; x_wconf 91' lang='lat' dir='ltr'>quod</span> <span class='ocrx_word' id='word_1_481' title='bbox 1659 4208 1769 4246; x_wconf 91' lang='lat' dir='ltr'>non</span> <span class='ocrx_word' id='word_1_482' title='bbox 1799 4192 1875 4246; x_wconf 89' lang='lat' dir='ltr'>sis</span> <span class='ocrx_word' id='word_1_483' title='bbox 1905 4207 2006 4247; x_wconf 87' lang='lat' dir='ltr'>ac-</span> 
     </span>
    </p>
   </div>
   <div class='ocr_carea' id='block_1_61' title="bbox 399 4280 2007 4367">
    <p class='ocr_par' dir='ltr' id='par_1_61' title="bbox 399 4280 2007 4367">
     <span class='ocr_line' id='line_1_61' title="bbox 399 4280 2007 4367; baseline -0.011 -16"><span class='ocrx_word' id='word_1_484' title='bbox 399 4291 692 4367; x_wconf 89' lang='lat' dir='ltr'>cepturus?</span> <span class='ocrx_word' id='word_1_485' title='bbox 714 4287 955 4351; x_wconf 81' lang='lat' dir='ltr'>Habetis,</span> <span class='ocrx_word' id='word_1_486' title='bbox 981 4285 1172 4356; x_wconf 88' lang='lat' dir='ltr'>inquit,</span> <span class='ocrx_word' id='word_1_487' title='bbox 1201 4283 1532 4338; x_wconf 83' lang='lat' dir='ltr'>thesaurum</span> <span class='ocrx_word' id='word_1_488' title='bbox 1553 4283 1615 4335; x_wconf 85' lang='lat' dir='ltr'>in</span> <span class='ocrx_word' id='word_1_489' title='bbox 1634 4282 1770 4337; x_wconf 69' lang='lat' dir='ltr'>caelo</span> <span class='ocrx_word' id='word_1_490' title='bbox 1785 4280 2007 4349; x_wconf 83' lang='lat' dir='ltr'>(Matth.</span> 
     </span>
    </p>
   </div>
   <div class='ocr_carea' id='block_1_62' title="bbox 398 4367 2010 4449">
    <p class='ocr_par' dir='ltr' id='par_1_62' title="bbox 398 4367 2010 4449">
     <span class='ocr_line' id='line_1_62' title="bbox 398 4367 2010 4449; baseline -0.012 -9"><span class='ocrx_word' id='word_1_491' title='bbox 398 4399 522 4448; x_wconf 90' lang='lat' dir='ltr'>xxx,</span> <span class='ocrx_word' id='word_1_492' title='bbox 555 4383 668 4449; x_wconf 64' lang='grc'><strong>21),</strong></span> <span class='ocrx_word' id='word_1_493' title='bbox 710 4376 803 4432; x_wconf 89' lang='lat' dir='ltr'>ubi</span> <span class='ocrx_word' id='word_1_494' title='bbox 836 4374 981 4429; x_wconf 88' lang='lat' dir='ltr'>fures</span> <span class='ocrx_word' id='word_1_495' title='bbox 1011 4390 1122 4428; x_wconf 89' lang='lat' dir='ltr'>non</span> <span class='ocrx_word' id='word_1_496' title='bbox 1149 4373 1425 4436; x_wconf 90' lang='lat' dir='ltr'>timentur,</span> <span class='ocrx_word' id='word_1_497' title='bbox 1460 4379 1513 4425; x_wconf 90' lang='lat' dir='ltr'>et</span> <span class='ocrx_word' id='word_1_498' title='bbox 1542 4370 1849 4440; x_wconf 88' lang='lat' dir='ltr'>depositum</span> <span class='ocrx_word' id='word_1_499' title='bbox 1878 4367 2010 4422; x_wconf 80' lang='lat' dir='ltr'>fide-</span> 
     </span>
    </p>
   </div>
   <div class='ocr_carea' id='block_1_63' title="bbox 396 4457 2011 4534">
    <p class='ocr_par' dir='ltr' id='par_1_63' title="bbox 396 4457 2011 4534">
     <span class='ocr_line' id='line_1_63' title="bbox 396 4457 2011 4534; baseline -0.012 -5"><span class='ocrx_word' id='word_1_500' title='bbox 396 4474 519 4529; x_wconf 88' lang='lat' dir='ltr'>liter</span> <span class='ocrx_word' id='word_1_501' title='bbox 549 4467 868 4529; x_wconf 88' lang='lat' dir='ltr'>custoditur,</span> <span class='ocrx_word' id='word_1_502' title='bbox 901 4471 1131 4534; x_wconf 85' lang='lat' dir='ltr'>putasue</span> <span class='ocrx_word' id='word_1_503' title='bbox 1173 4461 1408 4531; x_wconf 83' lang='lat' dir='ltr'>accipies</span> <span class='ocrx_word' id='word_1_504' title='bbox 1450 4458 1743 4529; x_wconf 78' lang='lat' dir='ltr'>simplum?</span> <span class='ocrx_word' id='word_1_505' title='bbox 1795 4457 2011 4512; x_wconf 87' lang='lat' dir='ltr'>Centu-</span> 
     </span>
    </p>
   </div>
   <div class='ocr_carea' id='block_1_64' title="bbox 2038 3181 2086 3241">
    <p class='ocr_par' dir='ltr' id='par_1_64' title="bbox 2038 3181 2086 3241">
     <span class='ocr_line' id='line_1_64' title="bbox 2038 3181 2086 3241; baseline 0 0"><span class='ocrx_word' id='word_1_506' title='bbox 2038 3181 2086 3241; x_wconf 81' lang='grc' dir='ltr'><strong>Ο</strong></span> 
     </span>
    </p>
   </div>
   <div class='ocr_carea' id='block_1_65' title="bbox 2108 2333 3702 2404">
    <p class='ocr_par' dir='ltr' id='par_1_65' title="bbox 2108 2333 3702 2404">
     <span class='ocr_line' id='line_1_65' title="bbox 2108 2333 3702 2404; baseline 0.001 -15"><span class='ocrx_word' id='word_1_507' title='bbox 2108 2335 2274 2399; x_wconf 89' lang='lat' dir='ltr'>nulla,</span> <span class='ocrx_word' id='word_1_508' title='bbox 2312 2334 2474 2388; x_wconf 90' lang='lat' dir='ltr'>etiam</span> <span class='ocrx_word' id='word_1_509' title='bbox 2501 2335 2746 2404; x_wconf 90' lang='lat' dir='ltr'>parendo</span> <span class='ocrx_word' id='word_1_510' title='bbox 2776 2341 3104 2404; x_wconf 88' lang='lat' dir='ltr'>sequeretur</span> <span class='ocrx_word' id='word_1_511' title='bbox 3134 2333 3360 2387; x_wconf 88' lang='lat' dir='ltr'>utilitas.</span> <span class='ocrx_word' id='word_1_512' title='bbox 3393 2335 3529 2389; x_wconf 89' lang='lat' dir='ltr'>Vide</span> <span class='ocrx_word' id='word_1_513' title='bbox 3559 2335 3702 2390; x_wconf 88' lang='lat' dir='ltr'>enim</span> 
     </span>
    </p>
   </div>
   <div class='ocr_carea' id='block_1_66' title="bbox 2108 2421 3690 2493">
    <p class='ocr_par' dir='ltr' id='par_1_66' title="bbox 2108 2421 3690 2493">
     <span class='ocr_line' id='line_1_66' title="bbox 2108 2421 3690 2493; baseline 0.001 -17"><span class='ocrx_word' id='word_1_514' title='bbox 2108 2423 2290 2476; x_wconf 85' lang='lat' dir='ltr'>omnia</span> <span class='ocrx_word' id='word_1_515' title='bbox 2319 2422 2578 2486; x_wconf 87' lang='lat' dir='ltr'>animata,</span> <span class='ocrx_word' id='word_1_516' title='bbox 2629 2430 2740 2476; x_wconf 89' lang='lat' dir='ltr'>tam</span> <span class='ocrx_word' id='word_1_517' title='bbox 2783 2421 3080 2488; x_wconf 88' lang='lat' dir='ltr'>sensibilia,</span> <span class='ocrx_word' id='word_1_518' title='bbox 3134 2437 3293 2492; x_wconf 89' lang='lat' dir='ltr'>quam</span> <span class='ocrx_word' id='word_1_519' title='bbox 3334 2422 3690 2493; x_wconf 90' lang='lat' dir='ltr'>insensibilia,</span> 
     </span>
    </p>
   </div>
   <div class='ocr_carea' id='block_1_67' title="bbox 2109 2510 3702 2582">
    <p class='ocr_par' dir='ltr' id='par_1_67' title="bbox 2109 2510 3702 2582">
     <span class='ocr_line' id='line_1_67' title="bbox 2109 2510 3702 2582; baseline 0 -16"><span class='ocrx_word' id='word_1_520' title='bbox 2109 2512 2232 2566; x_wconf 88' lang='lat' dir='ltr'>vide</span> <span class='ocrx_word' id='word_1_521' title='bbox 2249 2511 2424 2582; x_wconf 90' lang='lat' dir='ltr'>ipsam</span> <span class='ocrx_word' id='word_1_522' title='bbox 2447 2510 2643 2565; x_wconf 89' lang='lat' dir='ltr'>molem</span> <span class='ocrx_word' id='word_1_523' title='bbox 2667 2510 3078 2576; x_wconf 89' lang='lat' dir='ltr'>elementorum,</span> <span class='ocrx_word' id='word_1_524' title='bbox 3132 2518 3185 2564; x_wconf 89' lang='lat' dir='ltr'>et</span> <span class='ocrx_word' id='word_1_525' title='bbox 3223 2510 3487 2581; x_wconf 89' lang='lat' dir='ltr'>quidquid</span> <span class='ocrx_word' id='word_1_526' title='bbox 3517 2513 3572 2565; x_wconf 89' lang='lat' dir='ltr'>in</span> <span class='ocrx_word' id='word_1_527' title='bbox 3623 2513 3702 2567; x_wconf 92' lang='lat' dir='ltr'>eis</span> 
     </span>
    </p>
   </div>
   <div class='ocr_carea' id='block_1_68' title="bbox 2108 2597 3704 2669">
    <p class='ocr_par' dir='ltr' id='par_1_68' title="bbox 2108 2597 3704 2669">
     <span class='ocr_line' id='line_1_68' title="bbox 2108 2597 3704 2669; baseline 0.003 -17"><span class='ocrx_word' id='word_1_528' title='bbox 2108 2598 2308 2654; x_wconf 89' lang='lat' dir='ltr'>factum</span> <span class='ocrx_word' id='word_1_529' title='bbox 2361 2607 2490 2663; x_wconf 88' lang='lat' dir='ltr'>est;</span> <span class='ocrx_word' id='word_1_530' title='bbox 2544 2599 2766 2664; x_wconf 83' lang='lat' dir='ltr'>Omnia,</span> <span class='ocrx_word' id='word_1_531' title='bbox 2811 2597 2984 2669; x_wconf 90' lang='lat' dir='ltr'>inquit</span> <span class='ocrx_word' id='word_1_532' title='bbox 3015 2598 3303 2668; x_wconf 88' lang='lat' dir='ltr'>PrOpbeta,</span> <span class='ocrx_word' id='word_1_533' title='bbox 3355 2602 3600 2655; x_wconf 82' lang='lat' dir='ltr'>servient</span> <span class='ocrx_word' id='word_1_534' title='bbox 3650 2605 3704 2656; x_wconf 86' lang='lat' dir='ltr'>ei</span> 
     </span>
    </p>
   </div>
   <div class='ocr_carea' id='block_1_69' title="bbox 2108 2686 3703 2759">
    <p class='ocr_par' dir='ltr' id='par_1_69' title="bbox 2108 2686 3703 2759">
     <span class='ocr_line' id='line_1_69' title="bbox 2108 2686 3703 2759; baseline 0 -17"><span class='ocrx_word' id='word_1_535' title='bbox 2108 2689 2284 2759; x_wconf 85' lang='lat' dir='ltr'>(Psal.</span> <span class='ocrx_word' id='word_1_536' title='bbox 2331 2702 2526 2755; x_wconf 82' lang='lat' dir='ltr'>cxvxxx,</span> <span class='ocrx_word' id='word_1_537' title='bbox 2577 2689 2684 2756; x_wconf 86' lang='lat'>19).</span> <span class='ocrx_word' id='word_1_538' title='bbox 2744 2687 2838 2741; x_wconf 72' lang='lat' dir='ltr'>Vae</span> <span class='ocrx_word' id='word_1_539' title='bbox 2888 2686 3122 2752; x_wconf 89' lang='lat' dir='ltr'>miseris,</span> <span class='ocrx_word' id='word_1_540' title='bbox 3193 2703 3276 2741; x_wconf 76' lang='lat' dir='ltr'>va:</span> <span class='ocrx_word' id='word_1_541' title='bbox 3323 2689 3703 2757; x_wconf 88' lang='lat' dir='ltr'>peccatoribus</span> 
     </span>
    </p>
   </div>
   <div class='ocr_carea' id='block_1_70' title="bbox 2107 2773 3701 2833">
    <p class='ocr_par' dir='ltr' id='par_1_70' title="bbox 2107 2773 3701 2833">
     <span class='ocr_line' id='line_1_70' title="bbox 2107 2773 3701 2833; baseline 0.002 -4"><span class='ocrx_word' id='word_1_542' title='bbox 2107 2775 2266 2830; x_wconf 79' lang='lat' dir='ltr'>nobis</span> <span class='ocrx_word' id='word_1_543' title='bbox 2296 2775 2306 2830; x_wconf 92' lang='lat' dir='ltr'>l</span> <span class='ocrx_word' id='word_1_544' title='bbox 2341 2776 2597 2830; x_wconf 86' lang='lat' dir='ltr'>universa</span> <span class='ocrx_word' id='word_1_545' title='bbox 2617 2773 2944 2829; x_wconf 89' lang='lat' dir='ltr'>irrationalis</span> <span class='ocrx_word' id='word_1_546' title='bbox 2973 2782 3222 2830; x_wconf 86' lang='lat' dir='ltr'>creatura</span> <span class='ocrx_word' id='word_1_547' title='bbox 3252 2790 3356 2830; x_wconf 91' lang='lat' dir='ltr'>nec</span> <span class='ocrx_word' id='word_1_548' title='bbox 3385 2776 3438 2829; x_wconf 91' lang='lat' dir='ltr'>in</span> <span class='ocrx_word' id='word_1_549' title='bbox 3485 2778 3701 2833; x_wconf 90' lang='lat' dir='ltr'>modico</span> 
     </span>
    </p>
   </div>
   <div class='ocr_carea' id='block_1_71' title="bbox 2106 2862 3702 2934">
    <p class='ocr_par' dir='ltr' id='par_1_71' title="bbox 2106 2862 3702 2934">
     <span class='ocr_line' id='line_1_71' title="bbox 2106 2862 3702 2934; baseline 0.001 -15"><span class='ocrx_word' id='word_1_550' title='bbox 2106 2864 2367 2920; x_wconf 91' lang='lat' dir='ltr'>voluntati</span> <span class='ocrx_word' id='word_1_551' title='bbox 2397 2874 2447 2918; x_wconf 89' lang='lat' dir='ltr'>et</span> <span class='ocrx_word' id='word_1_552' title='bbox 2476 2863 2707 2934; x_wconf 91' lang='lat' dir='ltr'>imperio</span> <span class='ocrx_word' id='word_1_553' title='bbox 2742 2862 3004 2918; x_wconf 91' lang='lat' dir='ltr'>creatoris</span> <span class='ocrx_word' id='word_1_554' title='bbox 3040 2863 3121 2917; x_wconf 92' lang='lat' dir='ltr'>sui</span> <span class='ocrx_word' id='word_1_555' title='bbox 3153 2863 3416 2929; x_wconf 91' lang='lat' dir='ltr'>renititur,</span> <span class='ocrx_word' id='word_1_556' title='bbox 3451 2880 3552 2918; x_wconf 91' lang='lat' dir='ltr'>nos</span> <span class='ocrx_word' id='word_1_557' title='bbox 3574 2881 3702 2920; x_wconf 89' lang='lat' dir='ltr'>vero</span> 
     </span>
    </p>
   </div>
   <div class='ocr_carea' id='block_1_72' title="bbox 2109 2951 3699 3024">
    <p class='ocr_par' dir='ltr' id='par_1_72' title="bbox 2109 2951 3699 3024">
     <span class='ocr_line' id='line_1_72' title="bbox 2109 2951 3699 3024; baseline 0.001 -18"><span class='ocrx_word' id='word_1_558' title='bbox 2109 2953 2199 3024; x_wconf 91' lang='lat' dir='ltr'>qui</span> <span class='ocrx_word' id='word_1_559' title='bbox 2230 2953 2296 3006; x_wconf 92' lang='lat' dir='ltr'>ad</span> <span class='ocrx_word' id='word_1_560' title='bbox 2326 2952 2619 3024; x_wconf 90' lang='lat' dir='ltr'>imaginem</span> <span class='ocrx_word' id='word_1_561' title='bbox 2650 2959 2700 3005; x_wconf 90' lang='lat' dir='ltr'>et</span> <span class='ocrx_word' id='word_1_562' title='bbox 2731 2951 3137 3005; x_wconf 90' lang='lat' dir='ltr'>similitudinem</span> <span class='ocrx_word' id='word_1_563' title='bbox 3168 2952 3285 3019; x_wconf 91' lang='lat' dir='ltr'>ejus</span> <span class='ocrx_word' id='word_1_564' title='bbox 3334 2951 3461 3006; x_wconf 84' lang='lat' dir='ltr'>facti</span> <span class='ocrx_word' id='word_1_565' title='bbox 3493 2969 3699 3018; x_wconf 91' lang='lat' dir='ltr'>sumus,</span> 
     </span>
    </p>
   </div>
   <div class='ocr_carea' id='block_1_73' title="bbox 2107 3039 3703 3112">
    <p class='ocr_par' dir='ltr' id='par_1_73' title="bbox 2107 3039 3703 3112">
     <span class='ocr_line' id='line_1_73' title="bbox 2107 3039 3703 3112; baseline 0.001 -18"><span class='ocrx_word' id='word_1_566' title='bbox 2107 3041 2303 3112; x_wconf 91' lang='lat' dir='ltr'>quibus</span> <span class='ocrx_word' id='word_1_567' title='bbox 2318 3049 2520 3096; x_wconf 65' lang='lat' dir='ltr'>aeterna</span> <span class='ocrx_word' id='word_1_568' title='bbox 2549 3039 2720 3110; x_wconf 91' lang='lat' dir='ltr'>ipsius</span> <span class='ocrx_word' id='word_1_569' title='bbox 2751 3039 3083 3094; x_wconf 81' lang='lat' dir='ltr'>beatitudine</span> <span class='ocrx_word' id='word_1_570' title='bbox 3132 3040 3334 3110; x_wconf 88' lang='lat' dir='ltr'>perfrui</span> <span class='ocrx_word' id='word_1_571' title='bbox 3380 3057 3703 3097; x_wconf 88' lang='lat' dir='ltr'>concessum</span> 
     </span>
    </p>
   </div>
   <div class='ocr_carea' id='block_1_74' title="bbox 2106 3128 3697 3200">
    <p class='ocr_par' dir='ltr' id='par_1_74' title="bbox 2106 3128 3697 3200">
     <span class='ocr_line' id='line_1_74' title="bbox 2106 3128 3697 3200; baseline 0.001 -16"><span class='ocrx_word' id='word_1_572' title='bbox 2106 3137 2209 3194; x_wconf 89' lang='lat' dir='ltr'>est,</span> <span class='ocrx_word' id='word_1_573' title='bbox 2239 3146 2350 3184; x_wconf 92' lang='lat' dir='ltr'>non</span> <span class='ocrx_word' id='word_1_574' title='bbox 2370 3129 2542 3183; x_wconf 92' lang='lat' dir='ltr'>solum</span> <span class='ocrx_word' id='word_1_575' title='bbox 2570 3144 2678 3182; x_wconf 90' lang='lat' dir='ltr'>non</span> <span class='ocrx_word' id='word_1_576' title='bbox 2700 3128 3006 3193; x_wconf 87' lang='lat' dir='ltr'>obedimus,</span> <span class='ocrx_word' id='word_1_577' title='bbox 3041 3129 3137 3182; x_wconf 91' lang='lat' dir='ltr'>sed</span> <span class='ocrx_word' id='word_1_578' title='bbox 3186 3128 3346 3184; x_wconf 90' lang='lat' dir='ltr'>etiam</span> <span class='ocrx_word' id='word_1_579' title='bbox 3379 3130 3548 3200; x_wconf 85' lang='lat' dir='ltr'>(quod</span> <span class='ocrx_word' id='word_1_580' title='bbox 3595 3147 3697 3185; x_wconf 91' lang='lat' dir='ltr'>ne-</span> 
     </span>
    </p>
   </div>
   <div class='ocr_carea' id='block_1_75' title="bbox 2109 3216 3703 3290">
    <p class='ocr_par' dir='ltr' id='par_1_75' title="bbox 2109 3216 3703 3290">
     <span class='ocr_line' id='line_1_75' title="bbox 2109 3216 3703 3290; baseline 0.001 -18"><span class='ocrx_word' id='word_1_581' title='bbox 2109 3218 2446 3290; x_wconf 88' lang='lat' dir='ltr'>quissimum,</span> <span class='ocrx_word' id='word_1_582' title='bbox 2481 3224 2533 3271; x_wconf 92' lang='lat' dir='ltr'>et</span> <span class='ocrx_word' id='word_1_583' title='bbox 2562 3232 2729 3286; x_wconf 87' lang='lat' dir='ltr'>supra</span> <span class='ocrx_word' id='word_1_584' title='bbox 2758 3231 2922 3287; x_wconf 89' lang='lat' dir='ltr'>quam</span> <span class='ocrx_word' id='word_1_585' title='bbox 2945 3216 3050 3271; x_wconf 91' lang='lat' dir='ltr'>dici</span> <span class='ocrx_word' id='word_1_586' title='bbox 3079 3225 3282 3286; x_wconf 92' lang='lat' dir='ltr'>posset,</span> <span class='ocrx_word' id='word_1_587' title='bbox 3325 3217 3703 3287; x_wconf 89' lang='lat' dir='ltr'>impiissimum</span> 
     </span>
    </p>
   </div>
   <div class='ocr_carea' id='block_1_76' title="bbox 2111 3304 3706 3375">
    <p class='ocr_par' dir='ltr' id='par_1_76' title="bbox 2111 3304 3706 3375">
     <span class='ocr_line' id='line_1_76' title="bbox 2111 3304 3706 3375; baseline 0 -14"><span class='ocrx_word' id='word_1_588' title='bbox 2111 3309 2214 3375; x_wconf 89' lang='lat' dir='ltr'>est)</span> <span class='ocrx_word' id='word_1_589' title='bbox 2243 3305 2500 3361; x_wconf 89' lang='lat' dir='ltr'>reluctari</span> <span class='ocrx_word' id='word_1_590' title='bbox 2531 3312 2583 3359; x_wconf 89' lang='lat' dir='ltr'>et</span> <span class='ocrx_word' id='word_1_591' title='bbox 2613 3305 2894 3359; x_wconf 88' lang='lat' dir='ltr'>adversari</span> <span class='ocrx_word' id='word_1_592' title='bbox 2927 3304 2976 3358; x_wconf 92' lang='lat' dir='ltr'>ei</span> <span class='ocrx_word' id='word_1_593' title='bbox 2998 3320 3106 3360; x_wconf 90' lang='lat' dir='ltr'>non</span> <span class='ocrx_word' id='word_1_594' title='bbox 3133 3321 3414 3360; x_wconf 85' lang='lat' dir='ltr'>cessamus</span> <span class='ocrx_word' id='word_1_595' title='bbox 3450 3321 3462 3359; x_wconf 88' lang='lat'>:</span> <span class='ocrx_word' id='word_1_596' title='bbox 3495 3307 3706 3375; x_wconf 89' lang='lat' dir='ltr'>etjuxta</span> 
     </span>
    </p>
   </div>
   <div class='ocr_carea' id='block_1_77' title="bbox 2110 3393 3702 3466">
    <p class='ocr_par' dir='ltr' id='par_1_77' title="bbox 2110 3393 3702 3466">
     <span class='ocr_line' id='line_1_77' title="bbox 2110 3393 3702 3466; baseline 0.001 -17"><span class='ocrx_word' id='word_1_597' title='bbox 2110 3394 2452 3466; x_wconf 89' lang='lat' dir='ltr'>prophetam,</span> <span class='ocrx_word' id='word_1_598' title='bbox 2478 3410 2609 3449; x_wconf 86' lang='lat' dir='ltr'>eum</span> <span class='ocrx_word' id='word_1_599' title='bbox 2645 3393 2807 3448; x_wconf 82' lang='lat' dir='ltr'>labiis</span> <span class='ocrx_word' id='word_1_600' title='bbox 2839 3394 3199 3460; x_wconf 86' lang='lat' dir='ltr'>honoramus,</span> <span class='ocrx_word' id='word_1_601' title='bbox 3220 3411 3316 3450; x_wconf 90' lang='lat' dir='ltr'>cor</span> <span class='ocrx_word' id='word_1_602' title='bbox 3349 3398 3542 3450; x_wconf 89' lang='lat' dir='ltr'>autem</span> <span class='ocrx_word' id='word_1_603' title='bbox 3570 3412 3702 3451; x_wconf 81' lang='lat' dir='ltr'>nos-</span> 
     </span>
    </p>
   </div>
   <div class='ocr_carea' id='block_1_78' title="bbox 2116 3481 3706 3553">
    <p class='ocr_par' dir='ltr' id='par_1_78' title="bbox 2116 3481 3706 3553">
     <span class='ocr_line' id='line_1_78' title="bbox 2116 3481 3706 3553; baseline 0.003 -17"><span class='ocrx_word' id='word_1_604' title='bbox 2116 3488 2270 3538; x_wconf 86' lang='lat' dir='ltr'>trum</span> <span class='ocrx_word' id='word_1_605' title='bbox 2295 3484 2451 3553; x_wconf 86' lang='lat' dir='ltr'>longe</span> <span class='ocrx_word' id='word_1_606' title='bbox 2473 3486 2559 3536; x_wconf 87' lang='lat' dir='ltr'>est</span> <span class='ocrx_word' id='word_1_607' title='bbox 2575 3481 2641 3536; x_wconf 89' lang='lat' dir='ltr'>ab</span> <span class='ocrx_word' id='word_1_608' title='bbox 2662 3497 2722 3536; x_wconf 89' lang='lat' dir='ltr'>eo</span> <span class='ocrx_word' id='word_1_609' title='bbox 2745 3481 2873 3551; x_wconf 86' lang='lat' dir='ltr'>(Isa.</span> <span class='ocrx_word' id='word_1_610' title='bbox 2909 3496 3074 3550; x_wconf 89' lang='lat' dir='ltr'>xxxx,</span> <span class='ocrx_word' id='word_1_611' title='bbox 3102 3485 3210 3552; x_wconf 88' lang='lat'>13).</span> <span class='ocrx_word' id='word_1_612' title='bbox 3242 3483 3307 3535; x_wconf 88' lang='lat' dir='ltr'>Et</span> <span class='ocrx_word' id='word_1_613' title='bbox 3330 3482 3542 3537; x_wconf 89' lang='lat' dir='ltr'>iterum.</span> <span class='ocrx_word' id='word_1_614' title='bbox 3567 3485 3706 3540; x_wconf 83' lang='lat' dir='ltr'>Con-</span> 
     </span>
    </p>
   </div>
   <div class='ocr_carea' id='block_1_79' title="bbox 2111 3572 3705 3642">
    <p class='ocr_par' dir='ltr' id='par_1_79' title="bbox 2111 3572 3705 3642">
     <span class='ocr_line' id='line_1_79' title="bbox 2111 3572 3705 3642; baseline 0.003 -17"><span class='ocrx_word' id='word_1_615' title='bbox 2111 3572 2454 3641; x_wconf 80' lang='lat' dir='ltr'>ﬁtemurnos</span> <span class='ocrx_word' id='word_1_616' title='bbox 2485 3586 2645 3625; x_wconf 84' lang='lat' dir='ltr'>nosse</span> <span class='ocrx_word' id='word_1_617' title='bbox 2671 3572 2992 3634; x_wconf 83' lang='lat' dir='ltr'>Dominum,</span> <span class='ocrx_word' id='word_1_618' title='bbox 3007 3573 3184 3640; x_wconf 77' lang='lat' dir='ltr'>factis</span> <span class='ocrx_word' id='word_1_619' title='bbox 3211 3575 3402 3627; x_wconf 88' lang='lat' dir='ltr'>autem</span> <span class='ocrx_word' id='word_1_620' title='bbox 3435 3588 3705 3642; x_wconf 85' lang='lat' dir='ltr'>negamus</span> 
     </span>
    </p>
   </div>
   <div class='ocr_carea' id='block_1_80' title="bbox 2115 3657 3704 3728">
    <p class='ocr_par' dir='ltr' id='par_1_80' title="bbox 2115 3657 3704 3728">
     <span class='ocr_line' id='line_1_80' title="bbox 2115 3657 3704 3728; baseline 0.001 -14"><span class='ocrx_word' id='word_1_621' title='bbox 2115 3662 2248 3728; x_wconf 73' lang='lat' dir='ltr'>(Tit.</span> <span class='ocrx_word' id='word_1_622' title='bbox 2273 3676 2310 3728; x_wconf 92' lang='lat' dir='ltr'>x,</span> <span class='ocrx_word' id='word_1_623' title='bbox 2345 3659 2450 3728; x_wconf 85' lang='lat'>16).</span> <span class='ocrx_word' id='word_1_624' title='bbox 2487 3659 2593 3713; x_wconf 92' lang='lat' dir='ltr'>Sed</span> <span class='ocrx_word' id='word_1_625' title='bbox 2617 3657 2746 3728; x_wconf 91' lang='lat' dir='ltr'>quid</span> <span class='ocrx_word' id='word_1_626' title='bbox 2775 3658 2803 3710; x_wconf 88' lang='lat'>?</span> <span class='ocrx_word' id='word_1_627' title='bbox 2846 3658 3000 3726; x_wconf 90' lang='lat' dir='ltr'>juxta</span> <span class='ocrx_word' id='word_1_628' title='bbox 3039 3659 3360 3728; x_wconf 83' lang='lat' dir='ltr'>Apostolum</span> <span class='ocrx_word' id='word_1_629' title='bbox 3390 3659 3481 3714; x_wconf 92' lang='lat' dir='ltr'>ille</span> <span class='ocrx_word' id='word_1_630' title='bbox 3530 3659 3704 3716; x_wconf 84' lang='lat' dir='ltr'>fidelis</span> 
     </span>
    </p>
   </div>
   <div class='ocr_carea' id='block_1_81' title="bbox 2113 3747 3704 3820">
    <p class='ocr_par' dir='ltr' id='par_1_81' title="bbox 2113 3747 3704 3820">
     <span class='ocr_line' id='line_1_81' title="bbox 2113 3747 3704 3820; baseline 0.002 -17"><span class='ocrx_word' id='word_1_631' title='bbox 2113 3757 2214 3814; x_wconf 90' lang='lat' dir='ltr'>est,</span> <span class='ocrx_word' id='word_1_632' title='bbox 2238 3764 2442 3818; x_wconf 88' lang='lat' dir='ltr'>negare</span> <span class='ocrx_word' id='word_1_633' title='bbox 2466 3747 2704 3817; x_wconf 91' lang='lat' dir='ltr'>seipsum</span> <span class='ocrx_word' id='word_1_634' title='bbox 2735 3761 2841 3800; x_wconf 90' lang='lat' dir='ltr'>non</span> <span class='ocrx_word' id='word_1_635' title='bbox 2864 3754 3060 3816; x_wconf 89' lang='lat' dir='ltr'>potest.</span> <span class='ocrx_word' id='word_1_636' title='bbox 3094 3747 3292 3818; x_wconf 93' lang='lat' dir='ltr'>Impios</span> <span class='ocrx_word' id='word_1_637' title='bbox 3321 3763 3456 3803; x_wconf 89' lang='lat' dir='ltr'>vero</span> <span class='ocrx_word' id='word_1_638' title='bbox 3495 3757 3546 3804; x_wconf 89' lang='lat' dir='ltr'>et</span> <span class='ocrx_word' id='word_1_639' title='bbox 3577 3765 3704 3820; x_wconf 90' lang='lat' dir='ltr'>pec-</span> 
     </span>
    </p>
   </div>
   <div class='ocr_carea' id='block_1_82' title="bbox 2112 3831 2916 3902">
    <p class='ocr_par' dir='ltr' id='par_1_82' title="bbox 2112 3831 2916 3902">
     <span class='ocr_line' id='line_1_82' title="bbox 2112 3831 2916 3902; baseline -0.005 -14"><span class='ocrx_word' id='word_1_640' title='bbox 2112 3841 2327 3888; x_wconf 89' lang='lat' dir='ltr'>catores</span> <span class='ocrx_word' id='word_1_641' title='bbox 2356 3831 2610 3902; x_wconf 84' lang='lat' dir='ltr'>gehenna</span> <span class='ocrx_word' id='word_1_642' title='bbox 2641 3831 2916 3901; x_wconf 89' lang='lat' dir='ltr'>suscipiet.</span> 
     </span>
    </p>
   </div>
   <div class='ocr_carea' id='block_1_83' title="bbox 2185 3919 3696 3991">
    <p class='ocr_par' dir='ltr' id='par_1_83' title="bbox 2185 3919 3696 3991">
     <span class='ocr_line' id='line_1_83' title="bbox 2185 3919 3696 3991; baseline 0.002 -16"><span class='ocrx_word' id='word_1_643' title='bbox 2185 3922 2428 3975; x_wconf 88' lang='lat' dir='ltr'>Diximus</span> <span class='ocrx_word' id='word_1_644' title='bbox 2454 3919 2617 3991; x_wconf 88' lang='lat' dir='ltr'>paulo</span> <span class='ocrx_word' id='word_1_645' title='bbox 2645 3928 2787 3988; x_wconf 88' lang='lat' dir='ltr'>ante,</span> <span class='ocrx_word' id='word_1_646' title='bbox 2821 3928 2878 3973; x_wconf 89' lang='lat' dir='ltr'>ut</span> <span class='ocrx_word' id='word_1_647' title='bbox 2908 3920 3066 3974; x_wconf 86' lang='lat' dir='ltr'>tertio</span> <span class='ocrx_word' id='word_1_648' title='bbox 3087 3928 3137 3974; x_wconf 87' lang='lat' dir='ltr'>et</span> <span class='ocrx_word' id='word_1_649' title='bbox 3185 3936 3354 3991; x_wconf 89' lang='lat' dir='ltr'>quaro</span> <span class='ocrx_word' id='word_1_650' title='bbox 3387 3921 3529 3985; x_wconf 90' lang='lat' dir='ltr'>loco,</span> <span class='ocrx_word' id='word_1_651' title='bbox 3577 3938 3696 3978; x_wconf 85' lang='lat' dir='ltr'>cau-</span> 
     </span>
    </p>
   </div>
   <div class='ocr_carea' id='block_1_84' title="bbox 2114 4008 3705 4066">
    <p class='ocr_par' dir='ltr' id='par_1_84' title="bbox 2114 4008 3705 4066">
     <span class='ocr_line' id='line_1_84' title="bbox 2114 4008 3705 4066; baseline -0.001 -1"><span class='ocrx_word' id='word_1_652' title='bbox 2114 4026 2230 4065; x_wconf 90' lang='lat' dir='ltr'>sam</span> <span class='ocrx_word' id='word_1_653' title='bbox 2261 4018 2313 4064; x_wconf 89' lang='lat' dir='ltr'>et</span> <span class='ocrx_word' id='word_1_654' title='bbox 2343 4009 2609 4063; x_wconf 90' lang='lat' dir='ltr'>rationem</span> <span class='ocrx_word' id='word_1_655' title='bbox 2650 4008 2891 4062; x_wconf 87' lang='lat' dir='ltr'>mandati</span> <span class='ocrx_word' id='word_1_656' title='bbox 2922 4008 3424 4063; x_wconf 87' lang='lat' dir='ltr'>consideraremus.</span> <span class='ocrx_word' id='word_1_657' title='bbox 3473 4012 3705 4066; x_wconf 90' lang='lat' dir='ltr'>Causam</span> 
     </span>
    </p>
   </div>
   <div class='ocr_carea' id='block_1_85' title="bbox 2112 4096 3702 4168">
    <p class='ocr_par' dir='ltr' id='par_1_85' title="bbox 2112 4096 3702 4168">
     <span class='ocr_line' id='line_1_85' title="bbox 2112 4096 3702 4168; baseline 0.001 -14"><span class='ocrx_word' id='word_1_658' title='bbox 2112 4114 2240 4154; x_wconf 86' lang='lat' dir='ltr'>vero</span> <span class='ocrx_word' id='word_1_659' title='bbox 2264 4099 2379 4166; x_wconf 87' lang='lat' dir='ltr'>ejus</span> <span class='ocrx_word' id='word_1_660' title='bbox 2409 4097 2762 4152; x_wconf 89' lang='lat' dir='ltr'>considerare</span> <span class='ocrx_word' id='word_1_661' title='bbox 2794 4096 2949 4152; x_wconf 84' lang='lat' dir='ltr'>facile</span> <span class='ocrx_word' id='word_1_662' title='bbox 2979 4105 3079 4151; x_wconf 90' lang='lat' dir='ltr'>est.</span> <span class='ocrx_word' id='word_1_663' title='bbox 3130 4098 3270 4151; x_wconf 92' lang='lat' dir='ltr'>Nam</span> <span class='ocrx_word' id='word_1_664' title='bbox 3299 4097 3471 4168; x_wconf 91' lang='lat' dir='ltr'>ipsius</span> <span class='ocrx_word' id='word_1_665' title='bbox 3517 4116 3702 4164; x_wconf 83' lang='lat' dir='ltr'>causa,</span> 
     </span>
    </p>
   </div>
   <div class='ocr_carea' id='block_1_86' title="bbox 2114 4184 3703 4258">
    <p class='ocr_par' dir='ltr' id='par_1_86' title="bbox 2114 4184 3703 4258">
     <span class='ocr_line' id='line_1_86' title="bbox 2114 4184 3703 4258; baseline 0.001 -17"><span class='ocrx_word' id='word_1_666' title='bbox 2114 4188 2220 4241; x_wconf 88' lang='lat' dir='ltr'>vita</span> <span class='ocrx_word' id='word_1_667' title='bbox 2254 4193 2336 4240; x_wconf 86' lang='lat' dir='ltr'>est</span> <span class='ocrx_word' id='word_1_668' title='bbox 2365 4193 2586 4239; x_wconf 83' lang='lat' dir='ltr'>aeterna.</span> <span class='ocrx_word' id='word_1_669' title='bbox 2618 4186 2809 4255; x_wconf 91' lang='lat' dir='ltr'>Neque</span> <span class='ocrx_word' id='word_1_670' title='bbox 2834 4184 2977 4239; x_wconf 91' lang='lat' dir='ltr'>enim</span> <span class='ocrx_word' id='word_1_671' title='bbox 3010 4185 3304 4256; x_wconf 89' lang='lat' dir='ltr'>quidquam</span> <span class='ocrx_word' id='word_1_672' title='bbox 3334 4187 3578 4258; x_wconf 66' lang='lat' dir='ltr'>praecipit</span> <span class='ocrx_word' id='word_1_673' title='bbox 3600 4205 3703 4243; x_wconf 89' lang='lat' dir='ltr'>no-</span> 
     </span>
    </p>
   </div>
   <div class='ocr_carea' id='block_1_87' title="bbox 2114 4273 3707 4347">
    <p class='ocr_par' dir='ltr' id='par_1_87' title="bbox 2114 4273 3707 4347">
     <span class='ocr_line' id='line_1_87' title="bbox 2114 4273 3707 4347; baseline 0.002 -19"><span class='ocrx_word' id='word_1_674' title='bbox 2114 4275 2197 4328; x_wconf 92' lang='lat' dir='ltr'>bis</span> <span class='ocrx_word' id='word_1_675' title='bbox 2247 4273 2508 4328; x_wconf 90' lang='lat' dir='ltr'>Dominus</span> <span class='ocrx_word' id='word_1_676' title='bbox 2562 4274 2677 4343; x_wconf 90' lang='lat' dir='ltr'>(qui</span> <span class='ocrx_word' id='word_1_677' title='bbox 2726 4273 2989 4327; x_wconf 88' lang='lat' dir='ltr'>bonorum</span> <span class='ocrx_word' id='word_1_678' title='bbox 3048 4282 3357 4328; x_wconf 85' lang='lat' dir='ltr'>nostrorum</span> <span class='ocrx_word' id='word_1_679' title='bbox 3395 4291 3503 4329; x_wconf 89' lang='lat' dir='ltr'>non</span> <span class='ocrx_word' id='word_1_680' title='bbox 3558 4279 3707 4347; x_wconf 87' lang='lat' dir='ltr'>eget)</span> 
     </span>
    </p>
   </div>
   <div class='ocr_carea' id='block_1_88' title="bbox 2112 4362 3700 4434">
    <p class='ocr_par' dir='ltr' id='par_1_88' title="bbox 2112 4362 3700 4434">
     <span class='ocr_line' id='line_1_88' title="bbox 2112 4362 3700 4434; baseline 0 -17"><span class='ocrx_word' id='word_1_681' title='bbox 2112 4371 2334 4434; x_wconf 85' lang='lat' dir='ltr'>prepter</span> <span class='ocrx_word' id='word_1_682' title='bbox 2381 4378 2458 4427; x_wconf 89' lang='lat' dir='ltr'>se,</span> <span class='ocrx_word' id='word_1_683' title='bbox 2494 4362 2591 4416; x_wconf 91' lang='lat' dir='ltr'>sed</span> <span class='ocrx_word' id='word_1_684' title='bbox 2625 4369 2850 4432; x_wconf 90' lang='lat' dir='ltr'>propter</span> <span class='ocrx_word' id='word_1_685' title='bbox 2876 4379 3010 4428; x_wconf 89' lang='lat' dir='ltr'>nos;</span> <span class='ocrx_word' id='word_1_686' title='bbox 3043 4378 3149 4416; x_wconf 89' lang='lat' dir='ltr'>non</span> <span class='ocrx_word' id='word_1_687' title='bbox 3176 4370 3233 4416; x_wconf 89' lang='lat' dir='ltr'>ut</span> <span class='ocrx_word' id='word_1_688' title='bbox 3262 4363 3401 4418; x_wconf 89' lang='lat' dir='ltr'>bene</span> <span class='ocrx_word' id='word_1_689' title='bbox 3453 4363 3522 4417; x_wconf 90' lang='lat' dir='ltr'>sit</span> <span class='ocrx_word' id='word_1_690' title='bbox 3578 4364 3700 4432; x_wconf 89' lang='lat' dir='ltr'>sibi,</span> 
     </span>
    </p>
   </div>
   <div class='ocr_carea' id='block_1_89' title="bbox 2113 4449 3704 4522">
    <p class='ocr_par' dir='ltr' id='par_1_89' title="bbox 2113 4449 3704 4522">
     <span class='ocr_line' id='line_1_89' title="bbox 2113 4449 3704 4522; baseline 0.001 -17"><span class='ocrx_word' id='word_1_691' title='bbox 2113 4451 2211 4505; x_wconf 85' lang='lat' dir='ltr'>sed</span> <span class='ocrx_word' id='word_1_692' title='bbox 2239 4458 2298 4505; x_wconf 92' lang='lat' dir='ltr'>ut</span> <span class='ocrx_word' id='word_1_693' title='bbox 2327 4451 2466 4504; x_wconf 91' lang='lat' dir='ltr'>bene</span> <span class='ocrx_word' id='word_1_694' title='bbox 2482 4449 2548 4503; x_wconf 89' lang='lat' dir='ltr'>sit</span> <span class='ocrx_word' id='word_1_695' title='bbox 2569 4449 2746 4505; x_wconf 89' lang='lat' dir='ltr'>nobis.</span> <span class='ocrx_word' id='word_1_696' title='bbox 2779 4449 3064 4505; x_wconf 87' lang='lat' dir='ltr'>Rationem</span> <span class='ocrx_word' id='word_1_697' title='bbox 3081 4450 3245 4522; x_wconf 87' lang='lat' dir='ltr'>igitur</span> <span class='ocrx_word' id='word_1_698' title='bbox 3272 4451 3434 4520; x_wconf 91' lang='lat' dir='ltr'>paulo</span> <span class='ocrx_word' id='word_1_699' title='bbox 3450 4453 3704 4507; x_wconf 87' lang='lat' dir='ltr'>attentius</span> 
     </span>
    </p>
   </div>
   <div class='ocr_carea' id='block_1_90' title="bbox 395 4534 3704 4635">
    <p class='ocr_par' dir='ltr' id='par_1_90' title="bbox 395 4534 3704 4635">
     <span class='ocr_line' id='line_1_90' title="bbox 395 4534 3704 4635; baseline -0.005 -22"><span class='ocrx_word' id='word_1_700' title='bbox 395 4563 579 4635; x_wconf 85' lang='lat' dir='ltr'>plum,</span> <span class='ocrx_word' id='word_1_701' title='bbox 604 4556 796 4627; x_wconf 90' lang='lat' dir='ltr'>inquit,</span> <span class='ocrx_word' id='word_1_702' title='bbox 820 4555 1080 4625; x_wconf 88' lang='lat' dir='ltr'>accipies,</span> <span class='ocrx_word' id='word_1_703' title='bbox 1107 4555 1163 4606; x_wconf 89' lang='lat' dir='ltr'>et</span> <span class='ocrx_word' id='word_1_704' title='bbox 1186 4553 1363 4606; x_wconf 86' lang='lat' dir='ltr'>vitam</span> <span class='ocrx_word' id='word_1_705' title='bbox 1393 4553 1672 4603; x_wconf 62' lang='lat' dir='ltr'>aeternam</span> <span class='ocrx_word' id='word_1_706' title='bbox 1705 4546 2015 4618; x_wconf 81' lang='lat' dir='ltr'>possidebis</span> <span class='ocrx_word' id='word_1_707' title='bbox 2036 4534 2089 4592; x_wconf 86' lang='lat' dir='ltr'>D</span> <span class='ocrx_word' id='word_1_708' title='bbox 2117 4539 2556 4635; x_wconf 48' lang='lat' dir='ltr'>consideremus:</span> <span class='ocrx_word' id='word_1_709' title='bbox 2583 4537 2850 4635; x_wconf 70' lang='lat' dir='ltr'>Omnibus</span> <span class='ocrx_word' id='word_1_710' title='bbox 2894 4537 3179 4635; x_wconf 77' lang='lat' dir='ltr'>mundanis</span> <span class='ocrx_word' id='word_1_711' title='bbox 3227 4539 3482 4635; x_wconf 74' lang='lat' dir='ltr'>iubemur</span> <span class='ocrx_word' id='word_1_712' title='bbox 3537 4541 3704 4596; x_wconf 88' lang='lat' dir='ltr'>abre-</span> 
     </span>
    </p>
   </div>
   <div class='ocr_carea' id='block_1_91' title="bbox 398 4634 2015 4721">
    <p class='ocr_par' dir='ltr' id='par_1_91' title="bbox 398 4634 2015 4721">
     <span class='ocr_line' id='line_1_91' title="bbox 398 4634 2015 4721; baseline -0.011 -16"><span class='ocrx_word' id='word_1_713' title='bbox 398 4634 620 4721; x_wconf 79' lang='lat' dir='ltr'>(Matth.</span> <span class='ocrx_word' id='word_1_714' title='bbox 667 4659 788 4708; x_wconf 88' lang='lat' dir='ltr'>xxx,</span> <span class='ocrx_word' id='word_1_715' title='bbox 819 4641 932 4711; x_wconf 76' lang='grc'><strong>29).</strong></span> <span class='ocrx_word' id='word_1_716' title='bbox 986 4643 1070 4695; x_wconf 81' lang='lat' dir='ltr'>An</span> <span class='ocrx_word' id='word_1_717' title='bbox 1099 4655 1232 4694; x_wconf 91' lang='lat' dir='ltr'>vero</span> <span class='ocrx_word' id='word_1_718' title='bbox 1265 4638 1422 4707; x_wconf 87' lang='lat' dir='ltr'>jubet</span> <span class='ocrx_word' id='word_1_719' title='bbox 1470 4645 1521 4690; x_wconf 89' lang='lat' dir='ltr'>te</span> <span class='ocrx_word' id='word_1_720' title='bbox 1568 4635 1840 4690; x_wconf 90' lang='lat' dir='ltr'>dimittere</span> <span class='ocrx_word' id='word_1_721' title='bbox 1873 4634 2015 4704; x_wconf 90' lang='lat' dir='ltr'>quod</span> 
     </span>
    </p>
   </div>
   <div class='ocr_carea' id='block_1_92' title="bbox 397 4724 2012 4808">
    <p class='ocr_par' dir='ltr' id='par_1_92' title="bbox 397 4724 2012 4808">
     <span class='ocr_line' id='line_1_92' title="bbox 397 4724 2012 4808; baseline -0.011 -15"><span class='ocrx_word' id='word_1_722' title='bbox 397 4752 614 4808; x_wconf 91' lang='lat' dir='ltr'>semper</span> <span class='ocrx_word' id='word_1_723' title='bbox 642 4747 767 4789; x_wconf 89' lang='lat' dir='ltr'>eras</span> <span class='ocrx_word' id='word_1_724' title='bbox 796 4727 1120 4785; x_wconf 86' lang='lat' dir='ltr'>habiturus?</span> <span class='ocrx_word' id='word_1_725' title='bbox 1150 4728 1292 4792; x_wconf 88' lang='lat' dir='ltr'>Non,</span> <span class='ocrx_word' id='word_1_726' title='bbox 1317 4741 1446 4780; x_wconf 92' lang='lat' dir='ltr'>nam</span> <span class='ocrx_word' id='word_1_727' title='bbox 1466 4724 1653 4779; x_wconf 86' lang='lat' dir='ltr'>nudus</span> <span class='ocrx_word' id='word_1_728' title='bbox 1674 4738 1930 4794; x_wconf 86' lang='lat' dir='ltr'>egressus</span> <span class='ocrx_word' id='word_1_729' title='bbox 1955 4739 2012 4777; x_wconf 88' lang='lat' dir='ltr'>es</span> 
     </span>
    </p>
   </div>
   <div class='ocr_carea' id='block_1_93' title="bbox 399 4812 2012 4883">
    <p class='ocr_par' dir='ltr' id='par_1_93' title="bbox 399 4812 2012 4883">
     <span class='ocr_line' id='line_1_93' title="bbox 399 4812 2012 4883; baseline -0.011 0"><span class='ocrx_word' id='word_1_730' title='bbox 399 4827 465 4883; x_wconf 87' lang='lat' dir='ltr'>de</span> <span class='ocrx_word' id='word_1_731' title='bbox 495 4829 658 4880; x_wconf 86' lang='lat' dir='ltr'>utero</span> <span class='ocrx_word' id='word_1_732' title='bbox 685 4821 888 4875; x_wconf 87' lang='lat' dir='ltr'>matris</span> <span class='ocrx_word' id='word_1_733' title='bbox 913 4822 1042 4882; x_wconf 66' lang='lat' dir='ltr'>tuas,</span> <span class='ocrx_word' id='word_1_734' title='bbox 1069 4819 1126 4871; x_wconf 89' lang='lat' dir='ltr'>et</span> <span class='ocrx_word' id='word_1_735' title='bbox 1165 4815 1353 4870; x_wconf 86' lang='lat' dir='ltr'>nudus</span> <span class='ocrx_word' id='word_1_736' title='bbox 1382 4814 1523 4868; x_wconf 87' lang='lat' dir='ltr'>illuc</span> <span class='ocrx_word' id='word_1_737' title='bbox 1553 4813 1860 4868; x_wconf 77' lang='lat' dir='ltr'>reverteris</span> <span class='ocrx_word' id='word_1_738' title='bbox 1892 4812 2012 4880; x_wconf 89' lang='lat' dir='ltr'>(Job</span> 
     </span>
    </p>
   </div>
   <div class='ocr_carea' id='block_1_94' title="bbox 399 4900 2012 4982">
    <p class='ocr_par' dir='ltr' id='par_1_94' title="bbox 399 4900 2012 4982">
     <span class='ocr_line' id='line_1_94' title="bbox 399 4900 2012 4982; baseline -0.011 -12"><span class='ocrx_word' id='word_1_739' title='bbox 399 4931 438 4982; x_wconf 93' lang='lat' dir='ltr'>x,</span> <span class='ocrx_word' id='word_1_740' title='bbox 470 4914 584 4982; x_wconf 81' lang='grc'><strong>21).</strong></span> <span class='ocrx_word' id='word_1_741' title='bbox 609 4912 676 4966; x_wconf 86' lang='lat' dir='ltr'>Et</span> <span class='ocrx_word' id='word_1_742' title='bbox 695 4904 1006 4979; x_wconf 87' lang='lat' dir='ltr'>Apostolus.</span> <span class='ocrx_word' id='word_1_743' title='bbox 1029 4904 1204 4967; x_wconf 82' lang='lat' dir='ltr'>Nihil,</span> <span class='ocrx_word' id='word_1_744' title='bbox 1225 4901 1418 4972; x_wconf 90' lang='lat' dir='ltr'>inquit,</span> <span class='ocrx_word' id='word_1_745' title='bbox 1442 4901 1748 4956; x_wconf 83' lang='lat' dir='ltr'>intulimus</span> <span class='ocrx_word' id='word_1_746' title='bbox 1769 4901 1830 4954; x_wconf 87' lang='lat' dir='ltr'>in</span> <span class='ocrx_word' id='word_1_747' title='bbox 1862 4900 2012 4954; x_wconf 83' lang='lat' dir='ltr'>hunc</span> 
     </span>
    </p>
   </div>
   <div class='ocr_carea' id='block_1_95' title="bbox 400 4988 2015 5064">
    <p class='ocr_par' dir='ltr' id='par_1_95' title="bbox 400 4988 2015 5064">
     <span class='ocr_line' id='line_1_95' title="bbox 400 4988 2015 5064; baseline -0.01 -6"><span class='ocrx_word' id='word_1_748' title='bbox 400 5001 703 5064; x_wconf 83' lang='lat' dir='ltr'>mundum,</span> <span class='ocrx_word' id='word_1_749' title='bbox 721 4995 871 5051; x_wconf 85' lang='lat' dir='ltr'>haud</span> <span class='ocrx_word' id='word_1_750' title='bbox 887 4993 1118 5048; x_wconf 87' lang='lat' dir='ltr'>dubium</span> <span class='ocrx_word' id='word_1_751' title='bbox 1138 4990 1280 5060; x_wconf 83' lang='lat' dir='ltr'>quod</span> <span class='ocrx_word' id='word_1_752' title='bbox 1298 5005 1400 5044; x_wconf 85' lang='lat' dir='ltr'>nec</span> <span class='ocrx_word' id='word_1_753' title='bbox 1421 4991 1649 5058; x_wconf 82' lang='lat' dir='ltr'>auferre</span> <span class='ocrx_word' id='word_1_754' title='bbox 1672 4988 1803 5058; x_wconf 86' lang='lat' dir='ltr'>quid</span> <span class='ocrx_word' id='word_1_755' title='bbox 1823 5003 2015 5058; x_wconf 89' lang='lat' dir='ltr'>possu-</span> 
     </span>
    </p>
   </div>
   <div class='ocr_carea' id='block_1_96' title="bbox 402 5074 2010 5156">
    <p class='ocr_par' dir='ltr' id='par_1_96' title="bbox 402 5074 2010 5156">
     <span class='ocr_line' id='line_1_96' title="bbox 402 5074 2010 5156; baseline -0.01 -12"><span class='ocrx_word' id='word_1_756' title='bbox 402 5105 546 5144; x_wconf 88' lang='lat' dir='ltr'>mus.</span> <span class='ocrx_word' id='word_1_757' title='bbox 572 5085 708 5154; x_wconf 84' lang='lat' dir='ltr'>Quis</span> <span class='ocrx_word' id='word_1_758' title='bbox 729 5083 894 5156; x_wconf 88' lang='lat' dir='ltr'>igitur</span> <span class='ocrx_word' id='word_1_759' title='bbox 908 5082 1026 5136; x_wconf 68' lang='lat' dir='ltr'>haec</span> <span class='ocrx_word' id='word_1_760' title='bbox 1052 5078 1231 5133; x_wconf 84' lang='lat' dir='ltr'>sciens</span> <span class='ocrx_word' id='word_1_761' title='bbox 1251 5085 1301 5132; x_wconf 91' lang='lat' dir='ltr'>et</span> <span class='ocrx_word' id='word_1_762' title='bbox 1321 5076 1651 5146; x_wconf 84' lang='lat' dir='ltr'>intelligens,</span> <span class='ocrx_word' id='word_1_763' title='bbox 1677 5074 1886 5129; x_wconf 87' lang='lat' dir='ltr'>dubitat</span> <span class='ocrx_word' id='word_1_764' title='bbox 1916 5091 2010 5129; x_wconf 93' lang='lat' dir='ltr'>re-</span> 
     </span>
    </p>
   </div>
   <div class='ocr_carea' id='block_1_97' title="bbox 405 5162 2010 5247">
    <p class='ocr_par' dir='ltr' id='par_1_97' title="bbox 405 5162 2010 5247">
     <span class='ocr_line' id='line_1_97' title="bbox 405 5162 2010 5247; baseline -0.008 -16"><span class='ocrx_word' id='word_1_765' title='bbox 405 5177 674 5247; x_wconf 90' lang='lat' dir='ltr'>linquere,</span> <span class='ocrx_word' id='word_1_766' title='bbox 699 5172 808 5225; x_wconf 90' lang='lat' dir='ltr'>imo</span> <span class='ocrx_word' id='word_1_767' title='bbox 829 5175 1165 5225; x_wconf 88' lang='lat' dir='ltr'>commutare</span> <span class='ocrx_word' id='word_1_768' title='bbox 1181 5181 1278 5236; x_wconf 92' lang='lat' dir='ltr'>pro</span> <span class='ocrx_word' id='word_1_769' title='bbox 1295 5164 1512 5219; x_wconf 68' lang='lat' dir='ltr'>aeternis</span> <span class='ocrx_word' id='word_1_770' title='bbox 1532 5162 1707 5229; x_wconf 88' lang='lat' dir='ltr'>bonis,</span> <span class='ocrx_word' id='word_1_771' title='bbox 1734 5163 1877 5217; x_wconf 91' lang='lat' dir='ltr'>bona</span> <span class='ocrx_word' id='word_1_772' title='bbox 1891 5179 2010 5233; x_wconf 65' lang='lat' dir='ltr'>quae</span> 
     </span>
    </p>
   </div>
   <div class='ocr_carea' id='block_1_98' title="bbox 402 5253 2004 5328">
    <p class='ocr_par' dir='ltr' id='par_1_98' title="bbox 402 5253 2004 5328">
     <span class='ocr_line' id='line_1_98' title="bbox 402 5253 2004 5328; baseline -0.01 -7"><span class='ocrx_word' id='word_1_773' title='bbox 402 5281 515 5321; x_wconf 90' lang='lat' dir='ltr'>non</span> <span class='ocrx_word' id='word_1_774' title='bbox 528 5263 705 5318; x_wconf 90' lang='lat' dir='ltr'>solum</span> <span class='ocrx_word' id='word_1_775' title='bbox 729 5276 835 5315; x_wconf 91' lang='lat' dir='ltr'>non</span> <span class='ocrx_word' id='word_1_776' title='bbox 863 5264 1089 5328; x_wconf 90' lang='lat' dir='ltr'>possunt</span> <span class='ocrx_word' id='word_1_777' title='bbox 1110 5271 1232 5310; x_wconf 90' lang='lat' dir='ltr'>esse</span> <span class='ocrx_word' id='word_1_778' title='bbox 1251 5261 1475 5321; x_wconf 66' lang='lat' dir='ltr'>aeterna,</span> <span class='ocrx_word' id='word_1_779' title='bbox 1499 5253 1596 5307; x_wconf 89' lang='lat' dir='ltr'>sed</span> <span class='ocrx_word' id='word_1_780' title='bbox 1617 5267 1718 5307; x_wconf 88' lang='lat' dir='ltr'>nec</span> <span class='ocrx_word' id='word_1_781' title='bbox 1731 5253 2004 5306; x_wconf 89' lang='lat' dir='ltr'>diuturna.</span> 
     </span>
    </p>
   </div>
   <div class='ocr_carea' id='block_1_99' title="bbox 403 5339 2006 5422">
    <p class='ocr_par' dir='ltr' id='par_1_99' title="bbox 403 5339 2006 5422">
     <span class='ocr_line' id='line_1_99' title="bbox 403 5339 2006 5422; baseline -0.011 -13"><span class='ocrx_word' id='word_1_782' title='bbox 403 5353 450 5409; x_wconf 91' lang='grc' dir='ltr'>Ο</span> <span class='ocrx_word' id='word_1_783' title='bbox 481 5367 628 5422; x_wconf 90' lang='lat' dir='ltr'>spes,</span> <span class='ocrx_word' id='word_1_784' title='bbox 652 5366 685 5404; x_wconf 92' lang='grc' dir='ltr'>ο</span> <span class='ocrx_word' id='word_1_785' title='bbox 712 5364 885 5413; x_wconf 89' lang='lat' dir='ltr'>amor,</span> <span class='ocrx_word' id='word_1_786' title='bbox 910 5363 943 5401; x_wconf 94' lang='lat' dir='ltr'>o</span> <span class='ocrx_word' id='word_1_787' title='bbox 964 5345 1170 5400; x_wconf 88' lang='lat' dir='ltr'>fructus</span> <span class='ocrx_word' id='word_1_788' title='bbox 1192 5341 1563 5413; x_wconf 88' lang='lat' dir='ltr'>temporalium</span> <span class='ocrx_word' id='word_1_789' title='bbox 1587 5340 1778 5406; x_wconf 89' lang='lat' dir='ltr'>inanis,</span> <span class='ocrx_word' id='word_1_790' title='bbox 1803 5339 2006 5394; x_wconf 87' lang='lat' dir='ltr'>utinam</span> 
     </span>
    </p>
   </div>
   <div class='ocr_carea' id='block_1_100' title="bbox 401 5428 2006 5506">
    <p class='ocr_par' dir='ltr' id='par_1_100' title="bbox 401 5428 2006 5506">
     <span class='ocr_line' id='line_1_100' title="bbox 401 5428 2006 5506; baseline -0.009 -10"><span class='ocrx_word' id='word_1_791' title='bbox 401 5440 580 5497; x_wconf 90' lang='lat' dir='ltr'>inanis</span> <span class='ocrx_word' id='word_1_792' title='bbox 609 5445 848 5506; x_wconf 89' lang='lat' dir='ltr'>tantum,</span> <span class='ocrx_word' id='word_1_793' title='bbox 899 5451 1008 5490; x_wconf 89' lang='lat' dir='ltr'>non</span> <span class='ocrx_word' id='word_1_794' title='bbox 1053 5433 1216 5488; x_wconf 90' lang='lat' dir='ltr'>etiam</span> <span class='ocrx_word' id='word_1_795' title='bbox 1273 5428 1639 5502; x_wconf 83' lang='lat' dir='ltr'>perniciosus!</span> <span class='ocrx_word' id='word_1_796' title='bbox 1687 5429 1822 5485; x_wconf 84' lang='lat' dir='ltr'>Cum</span> <span class='ocrx_word' id='word_1_797' title='bbox 1854 5429 2006 5483; x_wconf 86' lang='lat' dir='ltr'>enim</span> 
     </span>
    </p>
   </div>
   <div class='ocr_carea' id='block_1_101' title="bbox 401 5517 2005 5600">
    <p class='ocr_par' dir='ltr' id='par_1_101' title="bbox 401 5517 2005 5600">
     <span class='ocr_line' id='line_1_101' title="bbox 401 5517 2005 5600; baseline -0.011 -13"><span class='ocrx_word' id='word_1_798' title='bbox 401 5531 552 5588; x_wconf 86' lang='lat' dir='ltr'>dives</span> <span class='ocrx_word' id='word_1_799' title='bbox 571 5531 763 5600; x_wconf 87' lang='lat' dir='ltr'>factus</span> <span class='ocrx_word' id='word_1_800' title='bbox 783 5526 963 5597; x_wconf 85' lang='lat' dir='ltr'>fuerit</span> <span class='ocrx_word' id='word_1_801' title='bbox 985 5524 1166 5587; x_wconf 85' lang='lat' dir='ltr'>homo,</span> <span class='ocrx_word' id='word_1_802' title='bbox 1190 5525 1393 5576; x_wconf 86' lang='lat' dir='ltr'>etcum</span> <span class='ocrx_word' id='word_1_803' title='bbox 1412 5521 1804 5590; x_wconf 82' lang='lat' dir='ltr'>multiplicata</span> <span class='ocrx_word' id='word_1_804' title='bbox 1824 5517 2005 5588; x_wconf 80' lang='lat' dir='ltr'>fuerit</span> 
     </span>
    </p>
   </div>
   <div class='ocr_carea' id='block_1_102' title="bbox 403 5607 2000 5691">
    <p class='ocr_par' dir='ltr' id='par_1_102' title="bbox 403 5607 2000 5691">
     <span class='ocr_line' id='line_1_102' title="bbox 403 5607 2000 5691; baseline -0.011 -15"><span class='ocrx_word' id='word_1_805' title='bbox 403 5619 586 5691; x_wconf 80' lang='lat' dir='ltr'>gloria</span> <span class='ocrx_word' id='word_1_806' title='bbox 605 5617 802 5675; x_wconf 85' lang='lat' dir='ltr'>domus</span> <span class='ocrx_word' id='word_1_807' title='bbox 822 5615 944 5686; x_wconf 85' lang='lat' dir='ltr'>ejus</span> <span class='ocrx_word' id='word_1_808' title='bbox 959 5628 1087 5669; x_wconf 86' lang='lat' dir='ltr'>cum</span> <span class='ocrx_word' id='word_1_809' title='bbox 1105 5610 1414 5676; x_wconf 85' lang='lat' dir='ltr'>interierit,</span> <span class='ocrx_word' id='word_1_810' title='bbox 1435 5624 1552 5664; x_wconf 86' lang='lat' dir='ltr'>non</span> <span class='ocrx_word' id='word_1_811' title='bbox 1580 5611 1763 5664; x_wconf 87' lang='lat' dir='ltr'>sumet</span> <span class='ocrx_word' id='word_1_812' title='bbox 1787 5607 2000 5672; x_wconf 83' lang='lat' dir='ltr'>omnia,</span> 
     </span>
    </p>
   </div>
   <div class='ocr_carea' id='block_1_103' title="bbox 2113 4626 3706 4697">
    <p class='ocr_par' dir='ltr' id='par_1_103' title="bbox 2113 4626 3706 4697">
     <span class='ocr_line' id='line_1_103' title="bbox 2113 4626 3706 4697; baseline 0.001 -15"><span class='ocrx_word' id='word_1_813' title='bbox 2113 4628 2378 4692; x_wconf 86' lang='lat' dir='ltr'>nuntiare,</span> <span class='ocrx_word' id='word_1_814' title='bbox 2416 4627 2561 4697; x_wconf 90' lang='lat' dir='ltr'>quod</span> <span class='ocrx_word' id='word_1_815' title='bbox 2592 4626 2808 4697; x_wconf 91' lang='lat' dir='ltr'>quidem</span> <span class='ocrx_word' id='word_1_816' title='bbox 2840 4626 2975 4691; x_wconf 89' lang='lat' dir='ltr'>sola,</span> <span class='ocrx_word' id='word_1_817' title='bbox 3009 4626 3146 4681; x_wconf 88' lang='lat' dir='ltr'>sicut</span> <span class='ocrx_word' id='word_1_818' title='bbox 3171 4627 3333 4697; x_wconf 91' lang='lat' dir='ltr'>paulo</span> <span class='ocrx_word' id='word_1_819' title='bbox 3363 4636 3484 4682; x_wconf 90' lang='lat' dir='ltr'>ante</span> <span class='ocrx_word' id='word_1_820' title='bbox 3501 4628 3706 4684; x_wconf 88' lang='lat' dir='ltr'>dictum</span> 
     </span>
    </p>
   </div>
   <div class='ocr_carea' id='block_1_104' title="bbox 2113 4715 3705 4783">
    <p class='ocr_par' dir='ltr' id='par_1_104' title="bbox 2113 4715 3705 4783">
     <span class='ocr_line' id='line_1_104' title="bbox 2113 4715 3705 4783; baseline 0.001 -14"><span class='ocrx_word' id='word_1_821' title='bbox 2113 4723 2214 4783; x_wconf 88' lang='lat' dir='ltr'>est,</span> <span class='ocrx_word' id='word_1_822' title='bbox 2247 4715 2562 4770; x_wconf 89' lang='lat' dir='ltr'>auctoritate</span> <span class='ocrx_word' id='word_1_823' title='bbox 2583 4715 2840 4783; x_wconf 88' lang='lat' dir='ltr'>jubentis,</span> <span class='ocrx_word' id='word_1_824' title='bbox 2892 4715 2938 4768; x_wconf 90' lang='lat' dir='ltr'>si</span> <span class='ocrx_word' id='word_1_825' title='bbox 2979 4715 3148 4769; x_wconf 89' lang='lat' dir='ltr'>multa</span> <span class='ocrx_word' id='word_1_826' title='bbox 3177 4715 3334 4770; x_wconf 88' lang='lat' dir='ltr'>etiam</span> <span class='ocrx_word' id='word_1_827' title='bbox 3387 4725 3533 4771; x_wconf 90' lang='lat' dir='ltr'>esset</span> <span class='ocrx_word' id='word_1_828' title='bbox 3559 4717 3705 4771; x_wconf 75' lang='lat' dir='ltr'>diffi-</span> 
     </span>
    </p>
   </div>
   <div class='ocr_carea' id='block_1_105' title="bbox 2112 4802 3700 4874">
    <p class='ocr_par' dir='ltr' id='par_1_105' title="bbox 2112 4802 3700 4874">
     <span class='ocr_line' id='line_1_105' title="bbox 2112 4802 3700 4874; baseline -0.001 -14"><span class='ocrx_word' id='word_1_829' title='bbox 2112 4805 2286 4860; x_wconf 88' lang='lat' dir='ltr'>cultas</span> <span class='ocrx_word' id='word_1_830' title='bbox 2315 4811 2367 4858; x_wconf 88' lang='lat' dir='ltr'>et</span> <span class='ocrx_word' id='word_1_831' title='bbox 2388 4804 2562 4868; x_wconf 87' lang='lat' dir='ltr'>labor,</span> <span class='ocrx_word' id='word_1_832' title='bbox 2589 4802 2635 4856; x_wconf 89' lang='lat' dir='ltr'>si</span> <span class='ocrx_word' id='word_1_833' title='bbox 2662 4802 2807 4856; x_wconf 88' lang='lat' dir='ltr'>nulla</span> <span class='ocrx_word' id='word_1_834' title='bbox 2838 4811 2984 4857; x_wconf 89' lang='lat' dir='ltr'>esset</span> <span class='ocrx_word' id='word_1_835' title='bbox 3013 4819 3139 4873; x_wconf 90' lang='lat' dir='ltr'>spes</span> <span class='ocrx_word' id='word_1_836' title='bbox 3169 4812 3224 4858; x_wconf 89' lang='lat' dir='ltr'>et</span> <span class='ocrx_word' id='word_1_837' title='bbox 3255 4819 3419 4858; x_wconf 89' lang='lat' dir='ltr'>causa</span> <span class='ocrx_word' id='word_1_838' title='bbox 3470 4806 3700 4874; x_wconf 67' lang='lat' dir='ltr'>praemii,</span> 
     </span>
    </p>
   </div>
   <div class='ocr_carea' id='block_1_106' title="bbox 2113 4891 3705 4964">
    <p class='ocr_par' dir='ltr' id='par_1_106' title="bbox 2113 4891 3705 4964">
     <span class='ocr_line' id='line_1_106' title="bbox 2113 4891 3705 4964; baseline 0.001 -18"><span class='ocrx_word' id='word_1_839' title='bbox 2113 4892 2160 4946; x_wconf 92' lang='lat' dir='ltr'>si</span> <span class='ocrx_word' id='word_1_840' title='bbox 2188 4891 2335 4946; x_wconf 88' lang='lat' dir='ltr'>nulla</span> <span class='ocrx_word' id='word_1_841' title='bbox 2373 4891 2513 4946; x_wconf 87' lang='lat' dir='ltr'>ratio</span> <span class='ocrx_word' id='word_1_842' title='bbox 2544 4891 2918 4960; x_wconf 89' lang='lat' dir='ltr'>persuaderet,</span> <span class='ocrx_word' id='word_1_843' title='bbox 2952 4891 2997 4944; x_wconf 90' lang='lat' dir='ltr'>si</span> <span class='ocrx_word' id='word_1_844' title='bbox 3028 4891 3185 4946; x_wconf 88' lang='lat' dir='ltr'>etiam</span> <span class='ocrx_word' id='word_1_845' title='bbox 3221 4892 3495 4962; x_wconf 89' lang='lat' dir='ltr'>quoddam</span> <span class='ocrx_word' id='word_1_846' title='bbox 3550 4894 3705 4964; x_wconf 88' lang='lat' dir='ltr'>quasi</span> 
     </span>
    </p>
   </div>
   <div class='ocr_carea' id='block_1_107' title="bbox 2112 4979 3706 5048">
    <p class='ocr_par' dir='ltr' id='par_1_107' title="bbox 2112 4979 3706 5048">
     <span class='ocr_line' id='line_1_107' title="bbox 2112 4979 3706 5048; baseline 0.001 -14"><span class='ocrx_word' id='word_1_847' title='bbox 2112 4980 2482 5036; x_wconf 86' lang='lat' dir='ltr'>irrationabile</span> <span class='ocrx_word' id='word_1_848' title='bbox 2507 4979 2697 5048; x_wconf 89' lang='lat' dir='ltr'>jubere</span> <span class='ocrx_word' id='word_1_849' title='bbox 2715 4979 3011 5044; x_wconf 86' lang='lat' dir='ltr'>videretur,</span> <span class='ocrx_word' id='word_1_850' title='bbox 3045 4979 3190 5034; x_wconf 90' lang='lat' dir='ltr'>omni</span> <span class='ocrx_word' id='word_1_851' title='bbox 3221 4981 3399 5034; x_wconf 91' lang='lat' dir='ltr'>studio</span> <span class='ocrx_word' id='word_1_852' title='bbox 3440 4989 3621 5035; x_wconf 88' lang='lat' dir='ltr'>tamen</span> <span class='ocrx_word' id='word_1_853' title='bbox 3652 4990 3706 5036; x_wconf 87' lang='lat' dir='ltr'>et</span> 
     </span>
    </p>
   </div>
   <div class='ocr_carea' id='block_1_108' title="bbox 2112 5068 3704 5140">
    <p class='ocr_par' dir='ltr' id='par_1_108' title="bbox 2112 5068 3704 5140">
     <span class='ocr_line' id='line_1_108' title="bbox 2112 5068 3704 5140; baseline 0.003 -18"><span class='ocrx_word' id='word_1_854' title='bbox 2112 5069 2393 5140; x_wconf 85' lang='lat' dir='ltr'>diligentia</span> <span class='ocrx_word' id='word_1_855' title='bbox 2421 5068 2652 5138; x_wconf 85' lang='lat' dir='ltr'>implere</span> <span class='ocrx_word' id='word_1_856' title='bbox 2673 5068 3028 5123; x_wconf 87' lang='lat' dir='ltr'>deberemus.</span> <span class='ocrx_word' id='word_1_857' title='bbox 3068 5068 3225 5122; x_wconf 78' lang='lat' dir='ltr'>Ratio</span> <span class='ocrx_word' id='word_1_858' title='bbox 3256 5085 3473 5138; x_wconf 87' lang='lat' dir='ltr'>quoque</span> <span class='ocrx_word' id='word_1_859' title='bbox 3491 5072 3704 5126; x_wconf 88' lang='lat' dir='ltr'>curhoc</span> 
     </span>
    </p>
   </div>
   <div class='ocr_carea' id='block_1_109' title="bbox 2103 5157 3704 5227">
    <p class='ocr_par' dir='ltr' id='par_1_109' title="bbox 2103 5157 3704 5227">
     <span class='ocr_line' id='line_1_109' title="bbox 2103 5157 3704 5227; baseline 0.001 -17"><span class='ocrx_word' id='word_1_860' title='bbox 2103 5157 2286 5226; x_wconf 91' lang='lat' dir='ltr'>jussit,</span> <span class='ocrx_word' id='word_1_861' title='bbox 2311 5173 2506 5227; x_wconf 85' lang='lat' dir='ltr'>magna</span> <span class='ocrx_word' id='word_1_862' title='bbox 2537 5165 2638 5221; x_wconf 90' lang='lat' dir='ltr'>est,</span> <span class='ocrx_word' id='word_1_863' title='bbox 2673 5165 2726 5210; x_wconf 91' lang='lat' dir='ltr'>et</span> <span class='ocrx_word' id='word_1_864' title='bbox 2755 5157 3069 5222; x_wconf 86' lang='lat' dir='ltr'>vehemens,</span> <span class='ocrx_word' id='word_1_865' title='bbox 3095 5165 3147 5211; x_wconf 90' lang='lat' dir='ltr'>et</span> <span class='ocrx_word' id='word_1_866' title='bbox 3169 5157 3447 5211; x_wconf 65' lang='lat' dir='ltr'>immensae</span> <span class='ocrx_word' id='word_1_867' title='bbox 3462 5159 3704 5212; x_wconf 87' lang='lat' dir='ltr'>necessi-</span> 
     </span>
    </p>
   </div>
   <div class='ocr_carea' id='block_1_110' title="bbox 2109 5245 3699 5316">
    <p class='ocr_par' dir='ltr' id='par_1_110' title="bbox 2109 5245 3699 5316">
     <span class='ocr_line' id='line_1_110' title="bbox 2109 5245 3699 5316; baseline 0.001 -18"><span class='ocrx_word' id='word_1_868' title='bbox 2109 5246 2230 5298; x_wconf 83' lang='lat' dir='ltr'>tatis</span> <span class='ocrx_word' id='word_1_869' title='bbox 2259 5245 2474 5315; x_wconf 90' lang='lat' dir='ltr'>pondus</span> <span class='ocrx_word' id='word_1_870' title='bbox 2500 5245 2740 5298; x_wconf 87' lang='lat' dir='ltr'>tarditati</span> <span class='ocrx_word' id='word_1_871' title='bbox 2767 5253 2967 5299; x_wconf 74' lang='lat' dir='ltr'>nostra:</span> <span class='ocrx_word' id='word_1_872' title='bbox 2997 5245 3325 5316; x_wconf 88' lang='lat' dir='ltr'>impingens.</span> <span class='ocrx_word' id='word_1_873' title='bbox 3359 5246 3426 5300; x_wconf 89' lang='lat' dir='ltr'>Ut</span> <span class='ocrx_word' id='word_1_874' title='bbox 3447 5246 3590 5299; x_wconf 90' lang='lat' dir='ltr'>enim</span> <span class='ocrx_word' id='word_1_875' title='bbox 3605 5261 3699 5300; x_wconf 85' lang='lat' dir='ltr'>ra-</span> 
     </span>
    </p>
   </div>
   <div class='ocr_carea' id='block_1_111' title="bbox 2107 5332 3706 5403">
    <p class='ocr_par' dir='ltr' id='par_1_111' title="bbox 2107 5332 3706 5403">
     <span class='ocr_line' id='line_1_111' title="bbox 2107 5332 3706 5403; baseline 0.001 -17"><span class='ocrx_word' id='word_1_876' title='bbox 2107 5334 2309 5388; x_wconf 86' lang='lat' dir='ltr'>tionem</span> <span class='ocrx_word' id='word_1_877' title='bbox 2338 5333 2498 5401; x_wconf 85' lang='lat' dir='ltr'>hujus</span> <span class='ocrx_word' id='word_1_878' title='bbox 2526 5332 2763 5386; x_wconf 90' lang='lat' dir='ltr'>mandati</span> <span class='ocrx_word' id='word_1_879' title='bbox 2805 5333 3134 5397; x_wconf 81' lang='lat' dir='ltr'>ostenderet,</span> <span class='ocrx_word' id='word_1_880' title='bbox 3169 5334 3367 5388; x_wconf 88' lang='lat' dir='ltr'>clamat</span> <span class='ocrx_word' id='word_1_881' title='bbox 3413 5335 3706 5403; x_wconf 80' lang='lat' dir='ltr'>Apostolus</span> 
     </span>
    </p>
   </div>
   <div class='ocr_carea' id='block_1_112' title="bbox 2106 5421 3702 5492">
    <p class='ocr_par' dir='ltr' id='par_1_112' title="bbox 2106 5421 3702 5492">
     <span class='ocr_line' id='line_1_112' title="bbox 2106 5421 3702 5492; baseline 0.002 -18"><span class='ocrx_word' id='word_1_882' title='bbox 2106 5422 2361 5485; x_wconf 71' lang='lat' dir='ltr'>Iacobus,</span> <span class='ocrx_word' id='word_1_883' title='bbox 2379 5421 2582 5476; x_wconf 90' lang='lat' dir='ltr'>dicens.</span> <span class='ocrx_word' id='word_1_884' title='bbox 2599 5422 2878 5485; x_wconf 82' lang='lat' dir='ltr'>Adulteri,</span> <span class='ocrx_word' id='word_1_885' title='bbox 2903 5439 2979 5476; x_wconf 88' lang='lat' dir='ltr'>an</span> <span class='ocrx_word' id='word_1_886' title='bbox 2997 5422 3276 5490; x_wconf 82' lang='lat' dir='ltr'>ignoratis</span> <span class='ocrx_word' id='word_1_887' title='bbox 3291 5421 3431 5492; x_wconf 78' lang='lat' dir='ltr'>quod</span> <span class='ocrx_word' id='word_1_888' title='bbox 3443 5423 3702 5477; x_wconf 83' lang='lat' dir='ltr'>amicitia</span> 
     </span>
    </p>
   </div>
   <div class='ocr_carea' id='block_1_113' title="bbox 2107 5509 3698 5580">
    <p class='ocr_par' dir='ltr' id='par_1_113' title="bbox 2107 5509 3698 5580">
     <span class='ocr_line' id='line_1_113' title="bbox 2107 5509 3698 5580; baseline 0.001 -17"><span class='ocrx_word' id='word_1_889' title='bbox 2107 5511 2276 5580; x_wconf 87' lang='lat' dir='ltr'>hujus</span> <span class='ocrx_word' id='word_1_890' title='bbox 2298 5510 2516 5574; x_wconf 86' lang='lat' dir='ltr'>mundi,</span> <span class='ocrx_word' id='word_1_891' title='bbox 2533 5510 2771 5563; x_wconf 84' lang='lat' dir='ltr'>ini-mica</span> <span class='ocrx_word' id='word_1_892' title='bbox 2791 5513 2877 5564; x_wconf 88' lang='lat' dir='ltr'>est</span> <span class='ocrx_word' id='word_1_893' title='bbox 2904 5509 3043 5564; x_wconf 89' lang='lat' dir='ltr'>Dei?</span> <span class='ocrx_word' id='word_1_894' title='bbox 3067 5510 3325 5580; x_wconf 84' lang='lat' dir='ltr'>Quisquis</span> <span class='ocrx_word' id='word_1_895' title='bbox 3335 5511 3490 5564; x_wconf 86' lang='lat' dir='ltr'>enim</span> <span class='ocrx_word' id='word_1_896' title='bbox 3507 5512 3698 5566; x_wconf 83' lang='lat' dir='ltr'>volue—</span> 
     </span>
    </p>
   </div>
   <div class='ocr_carea' id='block_1_114' title="bbox 2105 5597 3700 5667">
    <p class='ocr_par' dir='ltr' id='par_1_114' title="bbox 2105 5597 3700 5667">
     <span class='ocr_line' id='line_1_114' title="bbox 2105 5597 3700 5667; baseline 0.001 -15"><span class='ocrx_word' id='word_1_897' title='bbox 2105 5601 2183 5653; x_wconf 85' lang='lat' dir='ltr'>rit</span> <span class='ocrx_word' id='word_1_898' title='bbox 2215 5599 2430 5653; x_wconf 84' lang='lat' dir='ltr'>a-micus</span> <span class='ocrx_word' id='word_1_899' title='bbox 2451 5613 2568 5654; x_wconf 89' lang='lat' dir='ltr'>esse</span> <span class='ocrx_word' id='word_1_900' title='bbox 2601 5597 2768 5667; x_wconf 86' lang='lat' dir='ltr'>hujus</span> <span class='ocrx_word' id='word_1_901' title='bbox 2795 5599 3008 5663; x_wconf 63' lang='lat' dir='ltr'>seaculi,</span> <span class='ocrx_word' id='word_1_902' title='bbox 3029 5599 3300 5653; x_wconf 87' lang='lat' dir='ltr'>inimicus</span> <span class='ocrx_word' id='word_1_903' title='bbox 3316 5600 3700 5655; x_wconf 85' lang='lat' dir='ltr'>constituetur</span> 
     </span>
    </p>
   </div>
  </div>
