3938 6400
171 381 278 432 905

1455 357 1809 426 EPISTOLE
1848 365 2189 436 QUINQUE.

3339 422 3342 424 ν
3382 361 3487 415 906

179 505 284 558 Dei
313 504 460 573 (Jac.
495 516 572 566 ιν,
604 501 680 568 4).
715 498 954 553 Primum
993 513 1209 569 quoque
1255 467 1570 552 mandatum
1617 494 1779 565 legis,
1814 490 2215 550 Airremeabili
2245 488 2461 554 cadent,
2495 487 2644 540 nulla
2673 501 2769 540 eos
2799 486 2852 539 in
2893 486 3109 540 aeternis
3151 484 3488 541 cruciatibus

184 601 240 646 et
270 591 569 645 maximum
599 595 684 642 est
702 587 921 642 dilectio
938 587 1056 641 Dei.
1080 586 1216 654 Quia
1243 587 1408 656 igitur
1419 587 1572 654 juxta
1602 582 1787 637 Jacobi

188 679 542 741 sententiam,
577 691 687 730 non
715 689 1006 744 possumus
1049 675 1278 746 diligere
1326 676 1498 728 Deum
1543 672 1701 725 simul
1739 677 1792 723 et

191 768 496 831 mundum;
532 765 604 820 ad
657 764 834 817 Deum
877 771 1074 828 autem,
1124 764 1229 817 nisi
1280 763 1430 831 juxta
1457 767 1793 832 praeceptum

189 856 337 929 legis
357 856 536 926 ipsmn
559 851 860 923 diligendo,
889 851 1176 920 pervenire
1197 865 1303 905 non
1325 866 1618 921 possumus
1642 868 1656 913 ;
1691 848 1796 903 evi-

189 943 517 1000 dentissima
545 948 598 996 et
653 939 1132 993 vehementissima
1167 939 1301 993 ratio
1348 954 1448 992 nos
1496 937 1793 1007 compellit,

193 1031 404 1088 relictis
433 1028 688 1085 omnibus
732 1026 1003 1081 Christum
1051 1027 1328 1100 sequi;ut
1367 1026 1444 1080 sic
1499 1042 1619 1080 eum
1679 1024 1800 1078 dili-

196 1121 404 1192 gendo,
436 1119 504 1174 ad
534 1121 711 1190 ipsum
753 1118 1157 1189 perveniamus.
1211 1115 1488 1182 Adulteri,
1521 1113 1712 1183 inquit,
1744 1112 1799 1164 in

198 1225 361 1265 sacro
408 1225 644 1281 namque
689 1209 1037 1279 baptismate,
1087 1203 1294 1260 caelesti
1339 1210 1390 1257 et
1418 1217 1550 1256 vero
1599 1215 1801 1270 sponso

203 1298 422 1353 Christo
450 1298 689 1353 animam
741 1305 890 1351 tuam
919 1292 1264 1365 deSponsasti
1299 1305 1311 1344 :
1342 1290 1418 1344 ibi
1462 1288 1697 1351 diabolo,
1750 1294 1804 1341 et

203 1386 458 1441 omnibus
488 1385 766 1456 operibus,
791 1392 844 1438 et
869 1382 1085 1454 pompis
1113 1382 1233 1450 ejus
1255 1377 1664 1433 abrenuntiasti.
1697 1375 1804 1429 Sed

208 1475 341 1545 quid
393 1482 476 1528 est
523 1473 906 1528 abrenuntiare
951 1469 1206 1535 diabolo,
1267 1467 1371 1521 nisi
1420 1463 1806 1519 abrenuntiare

219 1561 428 1617 mundo
447 1561 476 1615 ?
498 1561 633 1629 Quae
654 1569 779 1615 sunt
793 1573 925 1615 vero
942 1573 1112 1628 opera
1127 1555 1349 1621 diaboli,
1373 1562 1424 1609 et
1444 1569 1676 1624 pompae,
1705 1550 1810 1604 nisi

211 1665 382 1722 opera
399 1658 452 1704 et
469 1665 684 1720 pompae
706 1649 866 1716 hujus
882 1645 1109 1701 mundi?
1129 1644 1387 1713 Princeps
1403 1643 1603 1713 quippe
1623 1639 1810 1694 mundi

210 1739 396 1807 hujus,
419 1746 556 1793 teste
569 1737 818 1802 Domino,
834 1733 1084 1789 diabolus
1101 1739 1202 1798 est,
1229 1733 1408 1795 Nunc,
1429 1729 1619 1800 inquit,
1643 1731 1809 1799 prin-

1895 579 2100 648 positos
2131 577 2370 631 manebit
2407 575 2633 629 ulterius
2688 574 3004 639 consolatio,
3064 575 3215 628 nulla
3268 574 3490 629 omnino

1895 681 2021 736 spes
2050 665 2296 729 remedii,
2327 663 2478 718 nulla
2522 662 2604 717 vel
2661 663 2730 717 ad
2795 662 3065 717 modicum
3124 661 3493 734 indulgebitur

1893 754 2200 823 respiratio.
2236 754 2365 807 Haec
2420 751 2585 822 igitur
2639 765 2742 822 age
2791 751 2887 819 (mi
2944 750 3316 819 dilectissime)
3375 751 3494 806 haec

1894 842 2110 912 cogita;
2142 842 2257 895 haec
2286 848 2409 894 ante
2439 839 2628 894 oculos
2671 839 2852 894 cordis
2906 839 2980 892 tui
3037 838 3376 893 incessanter
3406 839 3496 894 ha-

1897 931 2041 984 beto.
2081 929 2136 983 Si
2166 945 2276 983 non
2307 928 2534 982 invitant
2554 926 2799 996 prmmia,
2826 933 3059 981 terreant
3073 927 3158 981 vel
3188 927 3492 998 supplicia;

1898 1018 1942 1070 si
1971 1033 2080 1071 non
2111 1017 2274 1071 trahit
2303 1031 2478 1080 amor,
2510 1014 2750 1085 impellat
2781 1022 2832 1068 te
2887 1014 2978 1069 ille
3027 1015 3264 1070 omnium
3323 1015 3498 1069 maxi-

1898 1121 2020 1158 mus
2080 1104 2349 1158 tremendi
2401 1103 2611 1172 judicii,
2673 1109 2725 1156 et
2779 1110 3108 1156 mternorum
3163 1102 3498 1158 cruciatuum

1902 1193 2083 1247 timor.
2107 1194 2247 1247 Nam
2276 1192 2512 1246 initium
2542 1191 2842 1263 sapientia:
2874 1192 3042 1246 timor
3069 1191 3294 1247 Domini
3311 1192 3498 1260 (Prov.

1903 1296 1942 1347 ι,
1975 1283 2051 1348 7).
2083 1279 2163 1335 De
2184 1281 2376 1334 timore
2393 1293 2625 1350 namque
2655 1279 2942 1349 pervenies
2963 1279 3032 1332 ad
3054 1293 3319 1334 amorem.
3343 1277 3504 1347 Quod

1905 1369 1951 1422 si
1980 1383 2087 1438 quo
2115 1368 2253 1423 forte
2300 1367 2482 1435 modo,
2540 1375 2600 1421 ut
2655 1366 2810 1431 solet,
2853 1367 2944 1422 ille
2992 1369 3182 1422 aeterni
3233 1367 3421 1436 judicii
3449 1367 3504 1421 in

1905 1457 2083 1510 animo
2114 1465 2206 1510 tuo
2235 1456 2508 1527 levigatur
2535 1455 2696 1509 timor
2729 1471 2741 1509 :
2775 1455 2830 1508 in
2846 1463 3026 1510 mente
3055 1455 3197 1510 habe
3225 1455 3374 1510 illum
3406 1471 3505 1510 cx-

1908 1545 2014 1599 itus
2036 1544 2113 1598 tui
2143 1544 2309 1611 diem,
2342 1559 2502 1614 quem
2530 1543 2667 1598 sicut
2713 1543 2979 1598 incertum
3026 1543 3216 1609 habes,
3250 1544 3325 1598 ita
3370 1559 3504 1614 pro-

1907 1635 2165 1704 pinquum
2196 1647 2320 1687 esse
2349 1640 2558 1687 certum
2587 1631 2754 1686 habes
2789 1648 2801 1684 :
2833 1631 2890 1685 in
2919 1647 3028 1703 quo
3057 1647 3155 1702 pro
3184 1631 3392 1686 meritis
3419 1631 3508 1686 vel

1911 1721 2055 1775 bona
2085 1721 2171 1773 vel
2199 1721 2362 1785 male,
2389 1720 2552 1789 (sicut
2581 1719 2949 1790 supradictum
2969 1721 3070 1788 est)
3093 1719 3358 1786 invenies,
3389 1736 3512 1791 qua:

213 1843 342 1898 ceps
367 1826 570 1881 mundi
595 1825 763 1896 hujus
811 1823 1072 1893 ejiciatur
1118 1823 1273 1890 foras
1317 1821 1504 1888 (Joan.
1562 1831 1663 1882 xu,
1698 1808 1968 1899 3t).Bin
2022 1808 2412 1899 sempiternum
2477 1823 2586 1899 non
2641 1815 2936 1899 mutantur.
3003 1807 3150 1863 Sicut
3188 1808 3333 1863 enim
3388 1808 3515 1863 laeta

212 1914 452 1982 Quidam
480 1914 641 1969 etiam
671 1913 745 1967 ait
787 1928 802 1966 :

291 2083 528 2138 Innexis
559 2081 768 2136 mundo
795 2094 929 2150 pars
959 2081 1042 2133 est
1081 2092 1210 2131 cum
1242 2076 1496 2147 principe
1521 2074 1742 2130 mundi.

293 2251 351 2305 Si
379 2249 546 2321 igitur
573 2249 794 2304 omnino
825 2247 986 2306 aliud.
1015 2261 1175 2318 quam
1214 2245 1485 2299 Christum
1513 2243 1696 2313 diligis
1730 2258 1743 2297 :
1776 2242 1822 2297 si

223 2338 509 2401 mundum,
561 2337 647 2392 cui
693 2337 749 2391 in
792 2335 1061 2406 baptismo
1111 2332 1502 2388 abrenuntiasti
1551 2331 1818 2401 sequeris,

223 2434 277 2482 et
303 2425 672 2497 amplecteris,
706 2424 940 2478 animam
973 2430 1122 2477 tuam
1167 2435 1319 2476 ream
1366 2419 1616 2475 adulterii
1647 2419 1821 2484 facis;

225 2523 279 2570 et
307 2530 423 2570 non
451 2512 707 2576 hominis,
740 2511 836 2567 sed
865 2511 985 2576 Dei,
1044 2509 1212 2581 (quod
1259 2507 1667 2580 gravissimium
1722 2509 1826 2575 est)

225 2603 439 2658 adulter
467 2617 591 2656 esse
621 2599 982 2656 convinceris.
1043 2597 1182 2665 Quid
1243 2612 1380 2667 ergo
1419 2596 1565 2650 aliud
1607 2610 1823 2659 moneo,

227 2691 314 2746 vel
346 2689 479 2761 quid
511 2705 544 2744 a
571 2696 625 2742 te
655 2687 822 2752 aliud,
855 2686 962 2740 nisi
992 2686 1138 2756 quod
1165 2685 1220 2738 in
1268 2685 1585 2753 baptismate
1636 2683 1831 2738 vovisti

229 2779 401 2849 exigit
429 2777 673 2832 Christus
692 2775 719 2828 ?
749 2775 1038 2840 Inimicus,
1080 2772 1271 2844 inquit,
1304 2773 1406 2827 Dei
1433 2771 1827 2826 constituitur.

229 2867 308 2921 Tu
338 2880 478 2937 ergo
506 2864 589 2920 vis
645 2879 768 2918 esse
827 2861 1035 2916 amicus
1091 2861 1298 2929 mundi,
1347 2868 1402 2913 ut
1445 2859 1694 2914 inimicus
1734 2859 1832 2913 Dei

233 2952 581 3010 constituaris
606 2953 635 3006 9
682 2951 942 3006 Eamdem
969 2965 1203 3020 quoque,
1237 2965 1358 3019 quae
1407 2948 1551 3002 circa
1581 2947 1832 3000 dilectio-

233 3058 359 3098 nem
392 3040 492 3096 Dei
521 3047 742 3094 ostensa
773 3047 874 3104 est,
906 3037 1051 3093 circa
1071 3037 1414 3091 dilectionem
1445 3035 1676 3105 proximi
1707 3050 1836 3088 con-

239 3131 490 3186 siderare
519 3128 804 3193 rationem,
847 3141 1011 3197 quam
1061 3125 1220 3180 facile
1261 3132 1363 3178 est.
1424 3122 1634 3192 Quanta
1694 3122 1838 3176 enim

236 3219 380 3279 odia,
411 3217 528 3283 iraa,
560 3215 712 3283 rixae,
746 3213 1144 3277 contentiones,
1196 3212 1495 3266 simultates
1539 3211 1675 3264 inter
1705 3226 1837 3280 pro-
1861 3185 1909 3246 θ

241 3307 439 3371 ximos,
464 3312 689 3376 propter
707 3302 1038 3373 temporales
1057 3303 1436 3371 possessiones
1452 3300 1842 3354 contrahantur

242 3395 403 3461 (adeo
433 3401 492 3448 ut
525 3407 646 3446 rara
674 3391 743 3445 sit
791 3390 951 3445 etiam
995 3389 1290 3445 concordia
1335 3388 1584 3456 fratrum)
1612 3402 1720 3440 non
1752 3401 1841 3441 ra-

243 3483 391 3537 tione
420 3480 852 3544 monstrandum,
901 3478 999 3532 sed
1045 3477 1361 3548 quotidiano
1417 3476 1693 3530 hominum
1742 3491 1844 3528 usu

245 3569 645 3640 inspiciendum
697 3575 797 3622 est.
854 3565 1128 3634 Quantum
1175 3572 1353 3620 autem
1409 3565 1477 3617 ad
1534 3563 1843 3618 habendum

245 3658 480 3730 geminae
509 3655 788 3712 charitatis
831 3653 1099 3720 effectum,
1153 3651 1466 3722 temporalia
1495 3651 1640 3705 bona
1669 3651 1845 3720 impe-

246 3747 414 3813 diant,
467 3742 866 3799 abrenuntiatio
924 3757 1112 3796 eorum
1169 3740 1456 3810 proﬁciat;
1491 3740 1591 3794 soli
1640 3737 1848 3808 experti

249 3841 396 3900 sunt,
432 3833 543 3904 qui,
579 3830 784 3886 relictis
813 3829 1089 3897 omnibus,
1111 3828 1179 3882 ad
1201 3827 1536 3900 diligendum
1559 3826 1849 3880 Dominum

251 3930 305 3977 et
334 3921 647 3994 proximum
666 3934 726 3972 se
753 3918 1115 3973 contulerunt.
1150 3916 1203 3970 Si
1233 3917 1416 3988 igitur,
1437 3917 1591 3983 juxta
1610 3914 1851 3968 Domini-

253 4025 372 4066 cam
395 4007 737 4072 sententiam,
764 4009 826 4062 in
849 4006 936 4060 his
957 4005 1168 4062 duobus
1194 4005 1482 4059 mandatis
1512 4004 1589 4068 (id
1614 4012 1696 4057 est
1725 4002 1855 4056 dile-

253 4100 433 4155 ctione
451 4096 614 4151 Deiet
635 4094 890 4165 proximi)
909 4094 1117 4164 pendet
1137 4094 1402 4148 universa
1421 4093 1535 4156 lex,
1552 4095 1609 4146 et
1621 4090 1856 4162 prophe-

256 4191 329 4242 ιω
359 4185 580 4256 (Matth.
614 4198 756 4248 χιιι,
791 4183 922 4252 LO);
957 4190 1010 4235 et
1025 4182 1176 4248 juxta
1206 4179 1856 4250 Apostolum,plenitud0

260 4276 398 4344 tegis
427 4277 514 4328 est
541 4272 766 4326 dilectio
791 4272 968 4339 (Rom.
989 4284 1156 4333 xxxi,
1178 4272 1243 4323 10
1271 4286 1283 4322 :
1307 4283 1429 4322 cum
1464 4267 1662 4321 divitia:
1695 4263 1857 4320 simul

257 4372 310 4418 et
363 4360 600 4418 charitas
646 4358 838 4412 haberi
898 4357 985 4412 vix
1045 4365 1134 4410 aut
1191 4357 1337 4410 nullo
1395 4355 1558 4409 modo
1611 4353 1857 4424 possint;

259 4449 432 4505 amari
468 4455 652 4502 autem
682 4445 902 4511 divitiae,
939 4453 992 4499 et
1023 4444 1257 4499 charitas
1301 4443 1514 4507 haberi,
1556 4442 1863 4496 nullatenus

1917 1904 1999 1952 est
2027 1913 2154 1967 spes
2186 1897 2471 1964 bonorum,
2500 1895 2575 1950 ita
2604 1895 2862 1951 terribilis
2892 1903 2975 1950 est
3020 1896 3344 1952 incertitudo
3389 1911 3515 1952 ma-

1917 1986 2112 2041 lorum.
2142 1983 2259 2039 Nisi
2289 1985 2375 2039 hic
2397 1999 2560 2045 caves
2579 1984 2815 2055 lapsum,
2844 1992 3136 2056 postquam
3165 1983 3278 2040 illic
3306 1985 3520 2041 decide-

1921 2074 2012 2137 ris,
2047 2073 2255 2128 frustra
2301 2071 2566 2144 suﬁ'ragia
2624 2072 2921 2127 amicorum
2971 2072 3264 2144 ﬂagitabis,
3320 2072 3520 2128 frustra

1921 2161 2160 2216 divinam
2189 2160 2621 2216 misericordiam
2658 2159 2992 2231 implorabis.
3051 2161 3174 2216 Non
3214 2160 3310 2215 tibi
3338 2160 3518 2229 amici,

1924 2264 2033 2304 non
2062 2249 2256 2303 fratres
2286 2248 2396 2303 illic
2436 2256 2690 2319 poterunt
2719 2264 2880 2318 opem
2945 2249 3108 2315 ferre,
3164 2264 3273 2304 non
3329 2265 3524 2304 nmnes

1927 2338 2118 2404 sancti,
2150 2351 2260 2390 non
2290 2336 2608 2408 angelorum
2666 2336 2818 2391 chori
2877 2336 3161 2405 (audacter
3216 2337 3382 2406 dico),
3416 2352 3525 2392 non

1925 2425 2044 2495 ipse
2075 2427 2220 2479 Deus
2249 2425 2375 2480 inde
2405 2433 2456 2479 te
2489 2424 2684 2495 poterit
2700 2424 2931 2495 eripere.
2952 2425 3134 2479 Justus
3161 2432 3261 2492 est,
3295 2425 3526 2494 injustos

1929 2523 1982 2568 et
2011 2513 2411 2582 impmnitentes
2445 2513 2656 2567 salvare
2685 2527 2794 2567 non
2832 2520 3029 2582 potest.
3076 2514 3199 2568 Non
3227 2511 3338 2569 illic
3367 2513 3525 2570 inve-

1928 2602 2048 2656 nies
2080 2601 2342 2665 remedia,
2379 2617 2500 2671 qum
2528 2616 2636 2655 non
2682 2601 2962 2671 qumsieris
3018 2600 3166 2671 prius
3222 2601 3278 2655 in
3307 2601 3437 2656 vita.
3471 2601 3529 2657 Si

1931 2690 2098 2759 igitur
2127 2696 2470 2759 peccatorem
2502 2697 2552 2742 te
2582 2705 2705 2743 esse
2733 2689 3108 2760 recognoscis,
3146 2689 3255 2744 imo
3285 2689 3409 2760 quia
3438 2706 3530 2744 re-

1932 2793 2064 2832 vera
2095 2785 2422 2846 peccatores
2444 2776 2581 2846 (non
2603 2781 2686 2831 est
2716 2777 2868 2831 enim
2888 2778 3012 2832 sine
3031 2781 3278 2847 peccato,
3310 2794 3414 2834 nec
3434 2779 3531 2833 in-

1933 2869 2066 2936 fans
2089 2866 2250 2934 cujus
2270 2869 2355 2920 est
2373 2864 2485 2918 diei
2505 2866 2679 2918 unius
2699 2866 2816 2919 vita
2835 2881 3006 2935 super
3027 2869 3240 2920 terram
3265 2865 3382 2935 (Job
3410 2880 3531 2931 xlv,

1939 2953 1990 3017 4,
2023 2968 2134 3007 sec.
2168 2953 2359 3020 LXX).
2394 2951 2554 3019 Quia,
2597 2951 2836 3022 inquam,
2885 2959 3146 3022 peccator
3174 2969 3254 3018 es,
3306 2960 3396 3007 aut
3425 2953 3530 3018 hic,

1937 3048 2027 3094 aut
2056 3040 2182 3102 illic,
2211 3039 2517 3110 poenitebis,
2545 3039 2641 3092 sed
2671 3039 2780 3093 illic
2801 3038 3132 3095 infructuose
3166 3054 3179 3094 :
3212 3054 3342 3095 nam
3370 3039 3426 3094 in
3456 3039 3538 3094 in—

1940 3128 2093 3182 ferno
2125 3128 2269 3182 nulla
2298 3135 2379 3182 est
2425 3127 2746 3197 redemptio.
2797 3127 3056 3199 Nunquid
3103 3128 3245 3182 enim
3292 3128 3539 3183 Christus

1939 3217 2131 3271 iterum
2164 3231 2263 3285 pro
2292 3215 2371 3270 eis
2402 3215 2492 3285 qui
2523 3215 2860 3269 descendunt
2889 3215 2959 3269 ad
3013 3215 3224 3271 inferna
3265 3216 3544 3287 patietur?

1940 3305 2255 3376 Resurgens
2286 3319 2318 3357 a
2348 3303 2576 3357 mortuis
2601 3304 2712 3371 jam
2758 3319 2868 3358 non
2914 3303 3154 3358 moritur.
3187 3305 3324 3360 Vide
3353 3305 3542 3378 igitur,

1943 3400 1996 3446 et
2023 3392 2170 3446 omni
2199 3391 2398 3455 studio,
2448 3399 2501 3444 et
2555 3391 2839 3462 vigilantia
2897 3391 3288 3458 animadverte,
3349 3400 3546 3464 quanta

1944 3480 2038 3534 tibi
2067 3479 2362 3534 necessitas
2391 3478 2669 3543 incumbit,
2716 3486 2774 3532 ut
2830 3478 2944 3534 sive
2996 3494 3094 3549 pro
3147 3479 3381 3547 levibus,
3431 3481 3548 3535 sive

1945 3583 2046 3638 pro
2076 3567 2335 3639 gravibus
2367 3566 2696 3631 commissis,
2741 3567 2938 3636 dignos
2983 3567 3313 3637 poenitentia
3340 3569 3545 3624 fructus

1949 3655 2132 3711 facias.
2168 3655 2272 3709 Sed
2304 3654 2430 3726 quid
2462 3654 2592 3724 dixi,
2623 3653 2882 3709 levibus?
2914 3654 3129 3709 Utinam
3158 3654 3284 3710 leve
3314 3655 3548 3710 aestima-

1949 3753 2033 3798 ret
2064 3743 2324 3797 Dominus
2354 3742 2571 3812 aliquod
2626 3750 2909 3812 peccatum
2935 3741 2947 3796 l
2979 3740 3263 3810 Quomodo
3319 3743 3439 3800 leve
3469 3752 3553 3798 est

1950 3831 2249 3903 putandum
2310 3831 2529 3902 aliquod
2599 3839 2903 3901 peccatum,
2977 3847 3099 3885 cum
3156 3831 3403 3887 Christus
3449 3848 3553 3904 pro

1953 3919 2192 3990 peccatis
2220 3919 2420 3973 nostris
2451 3926 2692 3974 mortuus
2723 3918 2789 3974 sit
2812 3918 2840 3972 ξ)
2866 3919 2998 3972 Tam
3021 3919 3226 3990 gravis,
3243 3927 3350 3974 tam
3379 3935 3555 3992 gran-

1955 4008 2060 4075 dis,
2091 4015 2201 4060 tam
2249 4006 2482 4062 difﬁcilis
2539 4023 2629 4061 res
2671 4015 2972 4076 peccatum,
3018 4015 3076 4060 ut
3118 4022 3229 4063 non
3280 4009 3558 4079 potuerint

1956 4104 2177 4166 peccata
2207 4095 2392 4148 mundi
2421 4094 2610 4159 deleri,
2645 4095 2750 4148 nisi
2796 4095 2898 4149 Dei
2943 4095 3108 4150 Filius
3164 4111 3266 4167 pro
3304 4097 3558 4153 omnibus

1957 4190 2199 4251 gustaret
2227 4190 2474 4237 mortem.
2509 4183 2577 4236 Et
2601 4181 2720 4236 leve
2751 4183 2913 4237 audet
2958 4184 3120 4238 homo
3151 4183 3419 4240 :estimare
3449 4185 3557 4240 ali—

1961 4271 2103 4341 quod
2133 4271 2463 4340 peccatum?
2495 4269 2657 4325 Levia
2685 4270 2904 4340 quidem
2934 4278 2987 4325 et
3017 4271 3248 4326 venialia
3278 4280 3402 4326 sunt
3431 4288 3557 4328 om-

1961 4359 2050 4412 nia
2082 4367 2302 4428 peccata
2334 4359 2387 4410 in
2443 4358 2520 4411 eis
2579 4357 2670 4426 qui
2721 4358 2917 4428 dignos
2966 4359 3297 4428 pmnitcntia:
3347 4359 3558 4416 fructus

1962 4445 2200 4508 faciunt;
2235 4446 2287 4497 in
2343 4445 2804 4515 imptenitentibus
2833 4453 3014 4500 autem
3073 4446 3272 4512 omnia,
3331 4456 3385 4502 et
3434 4465 3559 4520 qua)

261 4538 510 4610 possint;
543 4535 666 4606 quis
699 4533 938 4604 sapiens,
972 4531 1094 4604 quis
1125 4533 1241 4587 haec
1270 4531 1599 4602 intelligens,
1631 4538 1852 4584 cuncta-
1874 4529 1929 4590 D
1956 4533 2100 4589 levia
2139 4533 2404 4597 videntur,
2455 4532 2640 4602 gravia
2688 4540 2740 4587 et
2794 4533 3136 4589 damnatione
3191 4534 3351 4605 plena
3407 4545 3556 4592 sunt.

261 4634 346 4681 tur
376 4624 463 4680 vel
492 4623 768 4678 modicum
797 4621 982 4676 omnia
1010 4620 1366 4690 relinquendo
1413 4619 1703 4672 Dominum
1732 4617 1853 4672 dili-

262 4730 414 4786 gere,
448 4711 727 4784 diligendo
781 4725 1045 4782 quaerere,
1107 4707 1402 4778 querendo
1440 4707 1701 4786 invenire,
1734 4721 1857 4760 cum

264 4784 484 4857 invento
515 4799 633 4854 sine
660 4797 766 4854 ﬁne
796 4796 1070 4868 regnare?
1101 4796 1352 4866 Undique
1409 4784 1574 4864 igitur
1621 4794 1859 4849 circum-

267 4897 488 4960 specta,
568 4886 805 4957 undique
890 4885 1263 4941 circumventa
1335 4891 1417 4938 est
1478 4881 1860 4952 tergiversatio

269 4985 471 5032 nostra.
521 4975 823 5030 Auctoritas
881 4973 1120 5042 jubentis
1167 4987 1267 5026 nos
1311 4971 1524 5041 premit,
1574 4969 1862 5025 difﬁcultas

269 5065 415 5120 nulla
484 5063 728 5133 impedit,
785 5075 952 5117 causa
1009 5060 1319 5130 persuadet,
1380 5058 1512 5113 ratio
1570 5057 1858 5124 convincit,

270 5161 542 5224 postremo
609 5166 738 5206 vero
799 5149 1086 5204 ineﬂ‘abilis
1161 5147 1460 5203 necessitas
1517 5147 1864 5215 praemiorum

274 5249 433 5312 atque
463 5254 766 5311 poenarum,
827 5236 1170 5292 ineﬁ'abilitcr
1225 5235 1391 5306 cogit,
1442 5243 1612 5290 arctat
1659 5242 1712 5290 et
1758 5235 1863 5288 im—

277 5328 450 5399 pellit.
491 5329 596 5382 Aut
627 5326 772 5381 enim
830 5325 1149 5380 obedientes
1204 5323 1427 5394 praemia
1480 5323 1862 5387 obtinebimus,

277 5433 395 5487 qua:
423 5432 528 5472 nec
557 5416 752 5472 acutus
781 5414 940 5478 vidit,
965 5429 1067 5469 nec
1090 5413 1250 5468 auris
1277 5411 1516 5476 audivit,
1548 5427 1652 5466 nec
1681 5412 1745 5464 in
1775 5425 1871 5464 cor

279 5502 521 5561 hominis
534 5502 935 5568 ascenderunt,
955 5499 1425 5573 quaprceparavit
1446 5498 1716 5556 Dominus
1743 5497 1874 5552 diti-

276 5591 535 5662 gentibus
565 5606 623 5646 se
653 5589 704 5660 (Ι
730 5589 850 5645 Cor.
884 5605 942 5655 ιι,
985 5591 1040 5657 9)
1075 5605 1089 5641 :
1123 5594 1214 5642 aut
1256 5585 1631 5641 inobedientes
1661 5584 1872 5656 suppli-

277 5679 362 5734 cia
393 5678 726 5750 sempiterna
766 5677 996 5744 luemus,
1057 5674 1125 5728 ad
1181 5689 1300 5745 quae
1359 5671 1661 5743 quicunque
1718 5672 1874 5740 lapsu

495 5776 734 5830 ΡΛτιιοι..
766 5773 946 5830 CLIII.

1961 4621 2246 4690 Quomodo
2277 4629 2458 4676 autem
2479 4619 2759 4692 digniores
2774 4620 3105 4692 poenitentiae
3135 4620 3343 4678 fructus
3372 4621 3558 4680 facere

1959 4719 2135 4781 potes,
2169 4724 2333 4779 quam
2363 4716 2421 4761 ut
2441 4709 2613 4776 (juxta
2656 4708 2870 4762 Domini
2917 4717 3273 4781 praeceptum,
3305 4719 3358 4767 et
3385 4710 3558 4782 ipsius

1961 4799 2313 4864 voluntatem)
2365 4796 2545 4850 omnia
2593 4796 2968 4868 relinquendo,
3028 4805 3081 4852 et
3121 4798 3301 4854 nudus
3350 4799 3558 4859 nudum

1962 4885 2233 4941 Christum
2265 4885 2562 4954 sequendo,
2614 4900 2722 4939 non
2755 4885 2928 4940 solum
2976 4884 3324 4953 voluntatem,
3373 4885 3472 4942 sed
3506 4895 3563 4943 et

1962 4974 2157 5038 locum,
2191 4981 2244 5026 et
2290 4973 2745 5042 opportunitatem
2793 4973 3054 5043 peccandi
3101 4973 3299 5046 fugias,
3348 4983 3401 5030 et
3442 4975 3561 5037 Deo

1964 5061 2130 5117 corde
2160 5067 2210 5114 et
2239 5076 2470 5130 corpore
2500 5061 2703 5116 vaces?
2737 5062 2897 5127 Dura,
2947 5061 3145 5133 inquis,
3198 5077 3320 5118 sors
3376 5062 3425 5118 si
3460 5063 3565 5123 soli

1967 5149 2262 5213 salvantur,
2314 5149 2404 5218 qui
2461 5149 2664 5204 mundo
2714 5149 3112 5205 abrenuntiant.
3159 5150 3566 5208 Dissimulantis

1956 5245 2039 5292 est
2067 5238 2185 5292 lucc
2212 5251 2337 5302 vox,
2371 5251 2480 5291 non
2507 5238 2683 5292 Deum
2715 5237 2972 5292 timentis.
3007 5237 3113 5306 Qui
3142 5238 3246 5293 hoc
3277 5239 3425 5301 dicit,
3455 5256 3568 5296 non

1959 5341 2082 5380 cum
2121 5325 2201 5379 eis
2233 5324 2322 5394 qui
2371 5324 2426 5377 in
2467 5339 2643 5395 agone
2685 5333 2922 5390 certant,
2977 5327 3222 5380 coronari
3269 5329 3565 5397 contendit,

1962 5413 2061 5468 sed
2092 5412 2210 5467 solo
2241 5412 2433 5482 agonis
2465 5412 2684 5467 nomine
2711 5413 2885 5469 victus
2916 5413 3129 5468 fatiscit.
3162 5415 3305 5478 Noli,
3341 5416 3411 5468 mi
3442 5417 3573 5471 cha-

1973 5499 2188 5554 rissime
2220 5506 2273 5552 et
2301 5499 2780 5563 desideratissime,
2815 5499 2926 5554 noli
2973 5500 3411 5557 animadvertere
3440 5503 3572 5573 quid
3616 5495 3626 5506 ’

1974 5587 2064 5641 alii
2091 5585 2308 5650 faciant,
2342 5587 2440 5640 sed
2472 5586 2616 5651 vide,
2649 5593 2702 5642 et
2738 5585 2880 5641 aliud
2929 5587 3165 5652 attende,
3216 5596 3270 5642 et
3318 5590 3574 5643 attentius

1979 5671 2284 5736 considera,
2319 5673 2448 5742 quizl
2486 5672 2602 5742 ipse
2649 5673 2826 5728 facere
2875 5673 3099 5729 debeas.
3151 5673 3287 5742 Qua:
3326 5674 3573 5743 stultitia,

3292 5775 3359 5826 29
