3938 6400
397 343 501 397 907

1352 339 1648 395 JOANNIS
1687 340 1936 395 CARTH.
1978 338 2359 395 PORTABUM
2396 337 2734 393 MONACHI.

3581 339 3684 392 908

396 465 509 521 imo
539 481 660 537 qua;
688 463 902 519 insania
931 471 1032 530 est,
1066 462 1112 516 si
1141 462 1271 518 caeci
1300 462 1356 516 in
1401 462 1617 518 foveam
1660 464 1876 533 cadant,
1910 464 1995 519 vi-
2020 467 2068 526 Α
2097 469 2178 517 est
2229 461 2460 520 Domino
2503 477 2621 527 suo,
2667 461 2714 514 si
2761 476 2871 515 non
2928 459 3086 515 faciat
3143 459 3267 530 plus
3310 475 3408 531 pro
3455 459 3685 516 Domino

399 553 619 608 dentem
651 568 865 624 quoque
894 551 1093 608 cadere
1123 551 1260 606 velle
1289 555 1310 605 ἵ
1346 550 1391 603 si
1437 567 1574 620 quos
1602 553 1826 607 vesania
1872 552 1995 624 agi-

399 648 495 707 tat,
526 641 580 694 in
605 640 791 712 ignem
823 640 1091 706 desiliunt,
1124 639 1448 709 prudentem
1492 655 1705 710 quoque
1744 648 1797 694 et
1828 640 1996 694 scien-

399 736 508 783 tem
540 729 679 782 velle
707 729 913 798 pariter
933 728 1194 782 desilire?
1243 736 1292 781 et
1343 726 1389 780 si
1433 728 1612 782 cuncti
1651 729 1994 796 damnentur,

401 816 806 871 damnationem
836 832 942 871 non
970 832 1185 881 cavere,
1221 833 1400 889 neque
1452 813 1784 873 farmidare?
1816 815 1999 884 Quare

401 919 512 959 non
539 904 692 958 audis
724 921 739 958 :
773 905 1032 976 Angusta
1060 910 1144 960 est
1174 909 1265 962 via
1294 925 1416 979 qua:
1444 908 1604 962 ducit
1630 906 1700 960 ad
1720 907 1918 970 vitam,
1942 907 1997 959 et

401 992 571 1064 pauci
585 996 724 1047 sunt
741 994 836 1064 qui
855 993 1161 1050 inveniunt
1171 1011 1296 1051 eam
1307 995 1556 1065 ?(Matth.
1573 1009 1670 1059 vn,
1687 994 1800 1061 14.)
1817 991 1999 1059 Quare

403 1095 512 1136 non
529 1079 686 1134 audis
708 1095 720 1133 ε
737 1081 992 1136 Pusillus
1005 1085 1090 1136 est
1119 1098 1279 1153 grex,
1295 1085 1388 1138 cui
1408 1083 1753 1153 complacuit
1767 1080 2000 1136 Domino

405 1167 540 1223 dare
561 1167 954 1224 haereditate":
974 1174 1000 1224 !
1021 1171 1178 1240 (Luc,
1203 1184 1305 1236 xu,
1329 1173 1442 1239 32.)
1467 1170 1652 1237 Quare
1672 1183 1780 1224 non
1807 1167 1960 1222 audis
1984 1181 1997 1221 :

405 1256 571 1310 Multi
600 1257 799 1323 vocati,
822 1258 1172 1328 paucielecti
1197 1262 1220 1313 ἵ
1249 1258 1470 1324 (Matth.
1496 1258 1834 1326 xxvm,10.)
1858 1257 1997 1328 Ego,

407 1342 480 1396 mi
511 1343 880 1410 dilectissime,
912 1360 1018 1399 non
1051 1361 1274 1415 possum
1304 1345 1468 1413 aliud,
1519 1345 1622 1399 nisi
1671 1361 1895 1400 monere
1927 1353 1997 1399 te.

408 1429 463 1485 Si
492 1431 637 1485 enim
674 1431 742 1486 ad
768 1433 914 1504 quod
943 1432 1233 1487 salubriter
1277 1449 1491 1500 moneo,
1537 1442 1589 1487 et
1616 1432 1818 1487 utinam
1849 1433 2000 1487 salu-

409 1518 597 1587 briter,
643 1527 697 1574 te
757 1535 976 1591 possem
1035 1530 1087 1575 et
1127 1521 1398 1575 salubrius
1446 1521 1772 1590 compellere
1814 1521 2002 1591 (crede

405 1606 560 1677 mihi)
591 1607 679 1661 vix
709 1608 858 1662 bidui
887 1609 1204 1664 dilationem
1234 1609 1328 1663 tibi
1378 1609 1802 1664 concederemus
1827 1608 1839 1662 l
1876 1609 2003 1664 Haec

407 1694 625 1764 quidem
656 1703 711 1750 et
738 1695 870 1750 mihi
901 1697 971 1751 ad
999 1696 1462 1766 persuadendum,
1497 1706 1549 1751 et
1570 1696 1665 1750 tibi
1686 1697 1753 1751 ad
1781 1711 2005 1752 consen-

407 1782 651 1838 tiendum
681 1783 929 1839 sufﬁcere
962 1800 1122 1854 posse
1152 1785 1487 1840 viderentur.

482 1871 591 1926 Sed
620 1879 786 1927 restat
813 1872 994 1927 adhuc
1023 1872 1170 1943 quod
1186 1873 1372 1942 quinto
1401 1872 1522 1927 loco
1551 1872 1805 1942 superius
1832 1872 2006 1943 inspi-

413 1958 667 2014 ciendum
697 1959 827 2028 dixi,
859 1959 1066 2015 scilicet
1098 1959 1226 2030 quid
1257 1961 1356 2014 Dei
1383 1960 1550 2015 Filius
1587 1976 1686 2030 pro
1715 1968 1768 2014 te
1797 1959 2003 2025 fecerit,

415 2054 674 2117 quantum
705 2047 824 2117 ipse
864 2047 1052 2102 oculos
1081 2047 1265 2102 cordis
1314 2047 1618 2103 illuminare
1674 2047 2005 2118 dignabitur,

413 2134 797 2201 considerare;
827 2143 886 2189 ut
913 2135 1193 2190 videamus
1224 2143 1405 2189 utrum
1437 2135 1576 2190 forte
1604 2135 1806 2205 aliquid
1835 2136 2008 2204 majus

404 2223 628 2291 jusserit
664 2229 716 2277 te
767 2221 948 2278 facere
991 2239 1088 2293 pro
1135 2239 1212 2288 se,
1267 2239 1428 2294 quam
1475 2225 1591 2293 ipse
1639 2223 1825 2278 fecerit
1854 2223 2006 2292 prior

407 2325 511 2380 pro
543 2317 614 2366 te.
646 2310 884 2365 Primum
922 2311 1089 2381 igitur
1133 2311 1350 2366 attende
1410 2328 1551 2377 eum,
1602 2311 1877 2365 hominem
1919 2310 2005 2364 fa-

409 2405 574 2464 ctum,
611 2398 750 2454 adeo
781 2414 1078 2470 pauperem
1109 2407 1162 2453 et
1189 2414 1423 2470 egenum
1444 2407 1502 2452 ut
1522 2414 1630 2453 non
1660 2398 1881 2452 haberet
1911 2398 2003 2452 ubi

407 2495 570 2557 caput
598 2487 904 2542 reclinaret.
937 2488 1065 2549 Post
1108 2488 1213 2542 hoc
1259 2487 1649 2554 animadverte,
1675 2495 1725 2540 et
1756 2487 2009 2541 attentius

408 2574 564 2645 quasi
593 2574 646 2628 in
701 2574 934 2644 quodam
991 2575 1248 2628 thesauro
1297 2575 1492 2627 mentis
1535 2581 1639 2628 tuae
1687 2573 2004 2640 considera;

405 2660 570 2726 fame,
603 2661 708 2730 siti,
743 2661 1061 2716 lassitudine
1089 2661 1430 2716 laborantem
1460 2680 1474 2727 ;
1507 2661 1836 2732 Opprobriis,
1872 2677 2008 2717 con-

405 2749 660 2816 tumeliis,
695 2749 1068 2819 blasphemiis,
1103 2758 1154 2804 et
1207 2749 1468 2804 conviciis
1498 2748 1752 2803 affectum
1789 2767 1800 2803 :
1832 2749 2006 2818 ipsum

404 2852 620 2908 quoque
643 2837 978 2907 proditorem
1006 2853 1177 2907 usque
1216 2837 1287 2891 ad
1338 2852 1608 2906 mensam,
1641 2837 1696 2891 in
1729 2837 1848 2907 ipsa
1877 2852 2010 2892 vero

408 2925 716 2995 proditione
765 2941 937 2995 usque
983 2925 1052 2978 ad
1105 2924 1353 2980 osculum
1401 2925 1741 2994 pertulisse:
1793 2925 2010 2979 demum

408 3019 591 3066 autem
643 3011 903 3075 vinctum,
961 3011 1134 3081 sputis
1177 3010 1406 3078 linitum,
1475 3010 1648 3081 alapis
1696 3026 2006 3076 excussum,

408 3097 640 3170 ﬂagellis
668 3113 908 3154 cassum:
940 3097 1107 3152 falsos
1137 3104 1302 3152 testes
1357 3098 1722 3168 nequissimos
1778 3113 2010 3153 accusa-

406 3193 589 3252 tores,
651 3193 705 3240 et
780 3185 1024 3257 iniquum
1097 3185 1336 3254 judicem
1394 3187 1787 3252 sustinentem,
1847 3184 2016 3256 spinis

406 3282 740 3343 coronatum,
771 3289 991 3329 crucem
1021 3273 1123 3327 sibi
1169 3281 1497 3344 portantem,
1549 3289 1674 3328 cum
1713 3273 2016 3328 latronibus

409 3362 745 3433 deputatum,
795 3361 998 3417 nudum
1032 3362 1086 3415 in
1129 3377 1291 3418 cruce
1349 3361 1696 3431 pendentem,
1746 3361 1821 3414 ibi
1869 3360 2015 3416 ludi-

408 3450 590 3504 brium
639 3449 824 3521 pOpuli
878 3449 1139 3514 habitum,
1200 3458 1354 3505 aceto
1412 3457 1674 3519 potatum,
1736 3456 2015 3519 postremo

410 3545 706 3594 mortuum.
741 3539 869 3593 Haec
897 3537 1100 3604 omnia,
1125 3537 1367 3608 inquam,
1402 3536 1552 3592 circa
1581 3535 1781 3607 ipsum,
1814 3545 2016 3607 quanto

412 3626 726 3699 diligentius
749 3633 925 3697 potes,
959 3626 1116 3697 quasi
1153 3625 1254 3679 sub
1297 3624 1470 3681 oculis
1501 3625 1679 3696 posita
1709 3624 2013 3680 considera.

410 3714 545 3783 Quae
582 3715 802 3786 quidem
842 3715 1026 3768 omnia
1071 3712 1420 3784 perferendo,
1470 3721 1524 3766 et
1571 3712 1887 3783 mysterium
1933 3729 2016 3767 re-

417 3802 747 3872 demptionis
772 3801 1052 3871 implebat,
1088 3809 1142 3854 et
1172 3801 1310 3855 viam
1345 3800 1438 3854 tibi
1498 3800 1815 3855 imitationis
1869 3805 2021 3855 mon;

414 3889 639 3944 strabat.
675 3890 783 3945 Sed
814 3889 941 3960 quid
975 3897 1055 3943 est
1085 3889 1190 3943 hoc
1209 3888 1236 3942 ?
1265 3888 1414 3960 quid,
1447 3888 1687 3960 inquam,
1733 3896 1814 3942 est
1844 3889 2020 3943 Deum

419 3978 537 4033 haec
593 3977 745 4048 pati?
801 3976 1034 4032 Attende
1058 4019 1071 4042 ,
1123 3976 1489 4032 animadverte
1542 3975 1816 4030 attentius.
1877 3975 2021 4044 Quid

421 4065 589 4138 igitur
619 4073 702 4121 est
730 4066 905 4120 Deum
935 4065 1210 4120 hominem
1237 4064 1356 4120 fieri
1384 4064 1412 4118 ?
1441 4064 1575 4120 Vide
1598 4064 1727 4135 quid
1756 4063 1824 4118 sit
1849 4065 2018 4119 Deus.

424 4153 562 4210 Vide
590 4153 720 4225 quid
767 4154 950 4208 horno.
998 4152 1141 4220 Quid
1188 4160 1270 4207 est
1321 4154 1494 4208 Deum
1542 4152 1817 4208 hominem
1856 4151 2024 4207 ﬁeri?

422 4241 564 4310 Quid
593 4248 679 4297 est
706 4241 858 4297 illum
887 4241 1084 4305 omnia,
1125 4240 1216 4295 illa
1264 4241 1393 4311 pati,
1441 4241 1532 4312 qui
1579 4240 1760 4296 omnia
1790 4240 2025 4296 visibilia

421 4338 474 4385 et
495 4329 788 4385 invisibilia
818 4329 959 4402 regit
989 4336 1043 4385 et
1063 4328 1349 4384 condidit?
1380 4328 1519 4397 Quid
1570 4337 1653 4384 est
1697 4328 1848 4382 illum
1897 4344 2023 4383 cru-

423 4416 607 4489 cifigi,
659 4418 748 4490 qui
811 4415 1160 4473 crucifixores
1204 4432 1333 4472 suos
1384 4432 1495 4472 non
1539 4416 1712 4470 solum
1744 4431 1774 4468 a
1817 4416 2024 4471 scelere

2024 1811 2077 1870 B

2098 566 2256 620 quam
2291 549 2551 604 Dominus
2579 564 2680 618 pro
2713 564 2873 604 servo
2893 549 2921 602 ?
2952 548 3008 603 Si
3037 562 3168 602 vero
3216 547 3318 602 tale
3348 548 3477 619 quid
3507 563 3611 603 nec
3638 547 3694 601 in

2096 637 2386 706 praeceptis
2449 637 2562 704 ejus
2601 636 2866 700 invenire,
2932 651 3034 691 nec
3092 635 3237 706 apud
3286 644 3337 690 te
3385 635 3694 708 excogitare

2096 732 2273 794 potes,
2305 740 2406 794 par
2437 725 2628 778 saltem
2659 740 2760 794 pro
2789 724 2910 794 pari
2957 724 3128 778 debes
3173 725 3407 778 reddere
3451 724 3695 778 Creatori

2099 821 2209 867 tuo.
2244 812 2402 880 Quod
2435 813 2480 866 si
2509 827 2611 868 nec
2658 813 2762 867 hoc
2806 811 3051 867 invenire
3095 820 3270 882 potes,
3323 812 3410 868 vel
3453 812 3521 866 ad
3567 810 3697 864 illud

2098 900 2354 972 exiguum
2385 899 2712 966 faciendum,
2748 900 2892 972 quod
2910 915 3015 971 ego
3035 915 3232 956 moneo
3257 919 3270 966 ;
3304 907 3356 955 et
3383 899 3500 970 ipse
3522 899 3695 968 jubet,

2097 987 2208 1042 noli
2239 987 2465 1042 ulterius
2495 974 2866 1043 dissimulare.
2906 987 3065 1055 Quod
3086 988 3310 1059 quidem
3338 987 3387 1043 ei
3414 987 3601 1052 debes,
3636 1001 3701 1040 ex

2097 1091 2163 1130 eo
2193 1076 2340 1146 quod
2370 1075 2692 1144 Christiana,
2727 1076 2866 1131 sicut
2895 1091 3058 1146 supra
3100 1076 3303 1132 dictum
3346 1083 3446 1141 est,
3481 1073 3698 1146 profes-

2100 1164 2254 1219 sione
2282 1163 2527 1219 censeris
2551 1182 2566 1231 ;
2599 1163 2644 1217 si
2665 1163 2826 1218 etiam
2845 1164 2900 1217 in
2920 1164 3244 1230 innocentia,
3269 1179 3432 1235 quam
3460 1163 3515 1217 in
3545 1177 3700 1218 sacro

2101 1250 2425 1321 baptismate
2468 1267 2785 1322 acceperas,
2833 1267 3266 1322 perseverasses.
3317 1251 3476 1320 Quod
3504 1251 3549 1306 si
3577 1265 3704 1320 pec-

2100 1346 2254 1394 cator
2283 1355 2362 1408 es,
2417 1339 2583 1410 imple
2632 1340 2962 1406 mandatum,
3015 1340 3169 1408 cujus
3215 1339 3448 1395 faciendi
3492 1337 3705 1393 debitor

2100 1441 2180 1491 es,
2213 1435 2266 1480 et
2295 1442 2476 1496 quaere
2506 1426 2635 1497 quid
2666 1427 2832 1482 facias
2883 1443 2981 1498 pro
3029 1427 3398 1483 satisfactione
3444 1434 3702 1498 peccato-

2099 1530 2242 1568 rum.
2296 1514 2352 1568 Si
2397 1529 2523 1570 vero
2570 1530 2672 1584 pro
2720 1515 2963 1585 utrisque
3009 1515 3142 1570 nihil
3186 1516 3382 1584 majus,
3431 1516 3563 1570 nihil
3607 1516 3706 1583 tibi

2103 1601 2376 1656 efficacius
2406 1602 2662 1672 suppetit,
2695 1602 2782 1658 fac
2802 1603 3135 1659 voluntatem
3161 1604 3396 1671 Domini,
3427 1603 3702 1674 implendo

2103 1690 2435 1758 mandatum,
2471 1697 2525 1744 et
2556 1691 2892 1760 reputabitur
2919 1691 3012 1745 tibi
3038 1707 3139 1762 pro
3171 1691 3542 1748 satisfactione
3570 1708 3706 1762 pec-

2104 1785 2365 1833 catorum.
2415 1778 2472 1833 Si
2516 1779 2832 1849 inexpertus
2879 1787 2932 1834 te
2979 1795 3282 1846 monerem,
3325 1780 3522 1836 rectius
3571 1780 3708 1835 forte

2108 1865 2514 1920 calculationem
2563 1865 2891 1920 difficultatis
2957 1882 3234 1938 opponere
3282 1883 3496 1938 posses.
3554 1869 3710 1924 Nunc

2109 1969 2238 2007 vero
2287 1953 2379 2024 qui
2428 1954 2534 2008 hoc
2585 1969 2782 2009 moneo
2834 1970 2956 2009 cum
3001 1963 3274 2024 expertus,
3307 1963 3358 2011 et
3387 1954 3713 2010 difﬁcultatis

2109 2041 2356 2096 timorem
2413 2042 2736 2097 removerim
2791 2049 2843 2096 et
2889 2043 2968 2113 (ut
3015 2043 3194 2098 minus
3239 2044 3456 2114 sapiens
3501 2044 3714 2114 loquor)

2109 2129 2419 2199 exemplum
2449 2129 2885 2196 moustraverim,
2919 2138 2977 2184 ut
3014 2130 3101 2186 vel
3153 2132 3419 2202 sequaris,
3453 2131 3543 2203 qui
3572 2148 3715 2201 prae-

2111 2217 2317 2272 cessise
2347 2217 2643 2283 debueras,
2674 2217 2856 2271 nullus
2886 2217 2982 2275 tibi
3028 2217 3170 2288 apud
3201 2235 3289 2274 me
3318 2218 3713 2285 calculationis,

2109 2304 2287 2358 nullus
2315 2305 2457 2374 apud
2488 2306 2663 2360 Deum
2693 2305 3079 2372 excusationis,
3104 2305 3284 2360 nullus
3306 2307 3528 2362 omnino
3557 2307 3715 2363 relin-

2110 2391 2293 2462 quitur
2355 2392 2801 2448 dissimulationis
2841 2392 3012 2448 locus.
3058 2395 3142 2448 An
3189 2393 3415 2466 ignoras
3463 2397 3607 2466 quod
3651 2411 3714 2449 ex

2110 2479 2253 2534 facto
2283 2495 2406 2534 meo
2449 2481 2649 2550 pendet
2689 2480 2951 2548 judicium
3001 2481 3198 2535 tuum?
3241 2480 3400 2549 Quod
3445 2482 3492 2537 si
3539 2483 3717 2538 adhuc

2117 2566 2465 2623 dissimulare
2487 2568 2792 2634 contendis,
2818 2577 3000 2624 certus
3022 2585 3142 2624 sum
3173 2569 3317 2640 quod
3335 2585 3434 2640 pro
3462 2570 3718 2641 praesenti

2112 2655 2488 2712 exhortatione
2518 2656 2888 2712 accedetmihi
2915 2657 3120 2727 aliquid
3149 2657 3357 2728 praemii
3387 2674 3416 2711 a
3445 2657 3710 2712 Domino:

2111 2742 2206 2796 tibi
2247 2752 2433 2798 autem
2481 2744 2772 2816 augebitur
2800 2753 3079 2814 peccatum
3121 2760 3223 2815 pro
3268 2753 3600 2816 contemptu.
3652 2747 3720 2800 Et

2112 2830 2241 2900 quid
2287 2831 2514 2886 dicam?
2562 2832 2812 2888 lassescit
2865 2848 3061 2887 manus
3109 2841 3161 2886 et
3225 2847 3333 2888 non
3384 2832 3586 2888 fatiscit
3632 2833 3718 2888 vel

2111 2917 2378 2984 affectus;
2411 2920 2720 2990 languescit
2767 2921 3012 2988 dextera,
3066 2928 3117 2975 et
3161 2935 3270 2976 non
3318 2921 3562 2992 tepescit,
3607 2920 3718 2977 imo

2111 3004 2368 3062 fervescit
2397 3015 2450 3062 et
2470 3008 2701 3079 ignescit
2728 3009 2984 3065 cliaritas.
3010 3008 3200 3065 Adhuc
3230 3024 3368 3082 ergo
3412 3009 3483 3064 ad
3513 3017 3719 3081 myste-

2115 3093 2256 3148 rium
2288 3095 2701 3166 redemptionis,
2737 3097 2883 3151 unde
2913 3096 3162 3167 superius
3209 3097 3490 3169 agebatur,
3527 3113 3716 3154 rever-

2038 3161 2084 3222 C
2116 3188 2312 3250 tamur,
2348 3191 2401 3238 et
2427 3161 2705 3238 videamus
2737 3184 2866 3255 quid
2898 3161 2997 3238 tibi
3020 3184 3115 3240 illa
3157 3161 3277 3256 qua;
3306 3161 3569 3256 praedicta
3598 3194 3722 3241 sunt

2116 3269 2373 3340 patiendo
2405 3271 2670 3326 Dominus
2718 3271 3020 3337 contulerit,
3073 3273 3120 3326 si
3168 3272 3305 3328 forte
3348 3281 3440 3328 tua
3484 3289 3718 3345 namque

2114 3356 2359 3428 ignescet
2388 3359 2643 3423 charitas,
2677 3359 2765 3414 vel
2793 3368 3077 3416 moveatur
3113 3359 3360 3415 affectus.
3405 3361 3560 3416 Adsit
3589 3377 3720 3434 ergo

2116 3447 2206 3502 ille
2239 3447 2328 3518 qui
2357 3447 2573 3519 linguas
2602 3446 2887 3502 infantium
2919 3448 3050 3503 facit
3078 3448 3334 3514 disertae,
3367 3457 3421 3504 et
3469 3466 3590 3520 qua;
3618 3449 3719 3504 sibi

2116 3535 2310 3605 placita
2341 3543 2467 3590 sunt
2497 3535 2684 3591 dicere
2732 3536 2918 3591 donet.
2970 3536 3145 3605 Adsit,
3194 3535 3436 3608 inquam,
3489 3537 3720 3607 Spiritus

2117 3631 2170 3678 et
2199 3638 2265 3678 eo
2308 3622 2434 3693 igne
2480 3623 2782 3678 inflammet
2824 3624 3033 3679 viscera
3080 3624 3278 3680 animae
3304 3632 3410 3680 tua:
3437 3624 3641 3695 pariter
3669 3633 3721 3680 et

2118 3727 2274 3776 meae,
2308 3727 2468 3782 quem
2498 3711 2762 3767 Dominus
2783 3712 2942 3767 Jesus
2986 3711 3134 3768 venit
3170 3712 3385 3767 mittere
3431 3712 3486 3766 in
3517 3720 3720 3768 terram

2120 3808 2172 3854 et
2201 3799 2370 3855 voluit
2390 3800 2742 3856 vehementer
2783 3800 2997 3855 ardere.
3027 3799 3265 3854 Primum
3285 3799 3452 3872 igitur
3475 3801 3532 3872 (ο
3558 3801 3721 3856 homo

2121 3888 2237 3943 sine
2266 3888 2382 3943 Deo
2413 3903 2536 3943 eras
2565 3887 2620 3941 in
2669 3888 2893 3956 mundo,
2925 3888 3100 3945 Deum
3131 3895 3184 3944 et
3225 3888 3541 3943 Creatorem
3570 3897 3722 3942 tuum

2119 3975 2384 4048 ignorans
2421 3991 2434 4029 :
2472 3975 2528 4030 in
2578 3975 2832 4046 praesenti
2861 3975 2974 4032 vita
3019 3975 3088 4030 ad
3128 3975 3345 4031 labores
3393 3985 3446 4032 et
3481 3974 3722 4047 pericula

2119 4059 2452 4125 nascebaris,
2485 4059 2555 4114 de
2593 4059 2854 4129 praesenti
2903 4075 3031 4115 vero
3077 4059 3292 4115 miseria
3335 4060 3406 4114 ad
3452 4059 3721 4116 cruciatus

2122 4147 2481 4217 sempiternos
2511 4146 2982 4202 irremediabiliter
2999 4146 3200 4202 ruebas
3231 4161 3246 4201 :
3280 4154 3334 4202 et
3361 4147 3532 4219 (quod
3559 4146 3724 4202 mise-

2121 4234 2343 4289 rabilius
2372 4242 2454 4289 est
2479 4233 2517 4304 Ι)
2566 4235 2709 4290 hunc
2756 4234 2939 4305 ipsum
2983 4235 3303 4306 perditionis
3349 4243 3455 4291 tua:
3499 4234 3722 4290 modum

2121 4322 2438 4394 ignorabas,
2453 4322 2596 4378 unde
2609 4330 2663 4379 et
2681 4322 2914 4393 teipsum
2930 4322 3238 4378 nesciebas.
3253 4321 3361 4390 Qui
3381 4323 3526 4378 enim
3545 4325 3725 4395 neque

2123 4409 2306 4477 finem,
2352 4425 2527 4482 neque
2577 4410 2903 4481 principium
2950 4419 3101 4466 tuum
3148 4425 3396 4478 noveras,
3448 4412 3721 4484 quomodo

421 4505 735 4576 prohibere,
786 4521 978 4561 verum
1023 4504 1181 4560 etiam
1234 4504 1350 4558 solo
1401 4512 1533 4558 nutu
1575 4511 1788 4574 poterat
1834 4505 2098 4564 omnesD
2127 4498 2360 4569 teipsum
2425 4497 2680 4554 sciebas?
2728 4498 2886 4554 Venit
2931 4498 3113 4570 itaque
3157 4498 3444 4554 miseratus
3477 4499 3548 4554 ab
3595 4499 3722 4568 alto,

424 4593 581 4664 quasi
609 4593 836 4650 culicem
848 4609 1015 4647 unum
1036 4600 1319 4648 conterere
1339 4593 1368 4645 ‘I
1396 4591 1529 4659 Quae
1551 4599 1692 4645 tanta
1720 4591 2012 4656 humilitas,

427 4698 548 4753 quas
576 4689 721 4736 tanta
748 4681 1005 4752 patientia
1034 4680 1122 4746 vel
1153 4678 1450 4750 excogitari
1482 4679 1614 4733 alias
1644 4679 1862 4748 potest?
1884 4677 2018 4746 Quae

426 4785 561 4824 vero
611 4769 869 4824 bonitas?
919 4784 1041 4838 quae
1089 4766 1396 4831 clementia,
1451 4773 1506 4820 ut
1554 4767 1699 4821 Deus
1748 4766 1865 4822 haec
1919 4781 2020 4836 pro

429 4857 668 4922 homine,
730 4857 954 4910 Creator
1010 4869 1106 4924 pro
1164 4862 1405 4909 creatura
1452 4854 1738 4924 patiatur?
1792 4854 1876 4909 Ad
1917 4855 2023 4909 hoc

429 4939 817 5006 meditandum,
852 4939 918 4992 ad
946 4940 1050 4992 hoc
1086 4938 1412 5005 mirandum,
1448 4938 1766 5010 cujusquam
1809 4938 2024 4992 animus

433 5036 600 5098 tepet,
631 5028 951 5096 cujusquam
981 5042 1134 5080 mens
1163 5034 1382 5095 torpore
1411 5026 1668 5098 languida
1697 5026 1936 5082 marcet?
1959 5027 2027 5080 Et

435 5115 566 5168 mihi
616 5113 896 5185 quisquam
945 5113 1162 5184 aliquod
1212 5114 1384 5183 ipsius
1431 5121 1764 5183 prteceptum
1807 5114 2023 5178 durum,

437 5202 524 5256 vel
554 5199 770 5256 difﬁcile
799 5202 960 5255 audet
989 5201 1272 5255 nominare
1292 5201 1319 5254 ε)
1345 5200 1488 5267 Quid
1505 5201 1649 5255 enim
1671 5200 2029 5254 retribuemus

439 5289 672 5344 Domino
703 5304 802 5359 pro
833 5289 1081 5344 omnibus
1110 5305 1230 5360 qua:
1251 5288 1495 5342 retribuit
1511 5288 1668 5342 nobis
1687 5289 1715 5342 ’ἲ
1744 5288 1799 5342 Si
1819 5287 2032 5342 invenis

439 5376 644 5447 aliquid
671 5378 814 5448 quod
844 5376 1009 5432 facias
1039 5392 1139 5446 pro
1169 5377 1288 5446 ipso
1308 5374 1503 5442 majus,
1529 5390 1687 5445 quam
1709 5374 1826 5444 ipse
1847 5373 2032 5430 fecerit

443 5481 543 5535 pro
572 5472 641 5532 te,
693 5465 977 5520 consilium
1035 5463 1217 5517 laudo.
1278 5463 1419 5516 Nam
1467 5463 1570 5516 hoc
1628 5461 1808 5532 utique
1863 5461 2033 5516 debes

445 5553 688 5609 Creatori
707 5561 759 5609 et
781 5551 1129 5621 Redemptori
1150 5559 1258 5604 tuo.
1293 5549 1426 5614 Quis
1459 5549 1602 5604 enim
1623 5565 1812 5605 servus
1845 5556 2033 5621 gratus

2119 4586 2266 4641 venit
2293 4587 2362 4640 ad
2391 4594 2443 4641 te
2473 4585 2637 4641 Filius
2655 4586 2775 4655 Dei,
2809 4594 2861 4641 et
2877 4586 3061 4642 lumen
3081 4602 3270 4642 verum
3290 4586 3387 4642 tibi
3415 4587 3470 4641 in
3499 4587 3725 4659 regione

2121 4674 2331 4730 umbrae
2355 4675 2548 4730 mortis
2587 4673 2850 4729 habitanti
2883 4674 3207 4731 illucescens
3253 4674 3574 4747 ignorantiae
3619 4682 3724 4730 tua!

2122 4761 2379 4818 tenebras
2435 4761 2668 4832 repulit;
2719 4763 2896 4817 Deum
2953 4770 3007 4817 et
3073 4762 3386 4818 Creatorem
3441 4769 3592 4818 tuum
3627 4763 3728 4824 tibi

2125 4849 2481 4916 ostendendo,
2513 4857 2566 4904 et
2594 4857 2793 4904 statum
2817 4857 2968 4904 tuum
3016 4849 3248 4919 (scilicet
3294 4850 3440 4906 unde
3469 4866 3640 4916 esses,
3677 4858 3729 4905 et

2128 4937 2402 5008 quomodo
2432 4937 2607 5007 esses)
2655 4937 2750 4991 tibi
2794 4937 3215 4993 manifestando.
3259 4936 3364 5006 Qui
3411 4953 3530 4992 eras
3583 4937 3725 4993 ﬁlius

2127 5025 2465 5095 perditionis,
2499 5025 2592 5096 qui
2621 5041 2743 5079 eras
2791 5041 2885 5080 vas
2929 5025 3026 5081 irae
3066 5033 3121 5081 et
3160 5025 3520 5095 contumeliae,
3585 5025 3728 5081 inter

2128 5129 2256 5169 vasa
2301 5113 2542 5178 honoris,
2593 5112 2981 5169 misericordiae
3026 5114 3236 5184 posuit;
3288 5129 3397 5168 non
3434 5113 3609 5168 solum
3656 5113 3725 5168 ab

2129 5208 2328 5254 aeterna
2357 5200 2701 5256 damnatione
2729 5199 3028 5271 eripiendo,
3053 5201 3152 5255 sed
3184 5202 3252 5255 ad
3273 5201 3438 5256 vitam
3467 5208 3726 5256 aeternam

2131 5287 2511 5344 miserabiliter
2587 5287 2908 5359 reparando.
2988 5288 3308 5343 Paradisum
3383 5289 3723 5358 perdideras,

2131 5375 2327 5429 ccelum
2359 5375 2630 5446 recepisti.
2682 5374 2788 5443 Qui
2832 5391 2952 5432 eras
2992 5374 3264 5446 particeps
3312 5375 3725 5445 daemoniorum,

2134 5462 2307 5518 factus
2339 5480 2399 5519 es
2436 5463 2687 5519 conscius
2734 5472 2787 5518 et
2826 5465 3006 5520 socius
3053 5463 3390 5536 angelorum.
3442 5464 3550 5519 Sed
3597 5463 3725 5535 quid

2134 5550 2313 5606 dicam
2332 5551 2360 5604 εἰ
2387 5551 2508 5621 plus
2538 5551 2716 5607 adhuc
2746 5552 2943 5617 dicam,
2978 5552 3046 5606 de
3077 5568 3238 5607 servo
3268 5553 3554 5622 adoptatus
3583 5567 3642 5607 es
3672 5552 3724 5605 in
