3938 6444
235 379 332 430 909
1487 371 1842 428 ΕΡΙΞΤΟΙΛΕ

1967 369 2254 438 UlNQUE.
3425 371 3529 425 910

244 496 431 551 ﬁlium.
468 497 610 565 Quid
639 496 792 551 dixi?
822 498 916 563 Ita,
963 496 1206 568 inquam.
1254 496 1359 564 Qui
1389 496 1532 550 enim
1553 511 1678 550 eras
1710 510 1832 548 ser-
1861 493 1918 552 Α
1939 490 2394 561 contemplatione
2445 491 2806 560 reparationis
2861 499 2966 545 tum
3025 499 3238 547 crescat
3267 491 3394 547 ﬁdei
3423 499 3527 546 tute

247 601 364 651 vus,
400 600 510 640 non
545 584 664 650 Dei,
697 584 782 640 cui
840 584 1048 639 servire
1091 599 1327 656 regnare
1373 593 1482 652 est,
1517 584 1614 638 sed
1642 599 1837 638 servus
1937 579 2119 634 fervor
2147 578 2410 644 invictus;
2444 586 2496 632 et
2517 579 2682 632 oblita
2715 579 3106 633 transeuntium
3141 580 3423 648 bonorum,
3457 581 3529 636 ad

246 672 477 743 peccati,
503 689 695 727 servus
716 671 1108 727 daemoniorum
1139 672 1423 742 adoptatus
1446 680 1527 727 est
1561 672 1614 724 in
1645 670 1836 724 ﬁlium.

249 759 354 814 Sed
375 760 534 828 cujus
565 759 776 813 tilium?
805 760 1078 815 Audacter
1124 760 1266 827 dico,
1310 759 1648 816 conﬁdenter
1690 759 1834 824 dico,

249 848 496 903 laetanter
526 848 670 916 dico,
703 847 760 901 in
788 847 961 902 filium
988 847 1109 903 Dei.
1133 848 1312 918 Inquit
1341 847 1485 904 enim
1520 863 1532 901 :
1563 849 1840 918 Quotquot

250 940 585 1007 receperunt
606 952 757 1002 eum,
780 936 934 991 dedit
954 937 1034 991 eis
1053 940 1395 1007 potestatem
1416 937 1563 1004 ﬁlios
1581 936 1678 991 Dei
1717 934 1843 1002 ﬁeri

250 1020 434 1089 (Joan.
460 1035 498 1085 ι,
525 1023 635 1090 12).
657 1021 752 1076 Vis
774 1035 892 1075 rem
907 1019 1146 1090 apertius
1167 1019 1490 1092 designari?
1530 1021 1730 1073 Iterum
1774 1017 1842 1071 ﬁ-

252 1106 531 1162 ducialiter
559 1114 614 1162 et
650 1107 978 1162 exsultanter
1007 1107 1171 1174 dico;
1203 1107 1370 1162 Filius
1417 1106 1518 1162 Dei
1552 1106 1726 1162 factus
1763 1113 1845 1160 est

256 1193 420 1249 Filius
440 1195 696 1262 hominis,
723 1203 782 1250 ut
826 1203 882 1249 tu
915 1193 1058 1250 ﬁlius
1089 1195 1186 1251 Dei
1221 1195 1536 1251 efﬁcereris.
1571 1195 1839 1258 Narrabo,

255 1282 666 1353 inquit,nomen
690 1286 855 1339 tuum
889 1283 1165 1355 fratribus
1197 1286 1338 1339 meis
1370 1284 1546 1352 (Psal.
1572 1297 1694 1348 xxx,
1728 1282 1842 1351 23),

254 1379 305 1425 et
338 1387 351 1423 :
387 1371 467 1426 Ite
493 1374 767 1427 nuntiate
796 1373 1071 1444 fratribus
1102 1373 1240 1428 meis
1275 1372 1496 1440 (Matth.
1533 1371 1845 1438 xxvu,lO).

256 1459 309 1514 Si
331 1467 515 1514 autem
530 1458 762 1528 ﬁlius,et
781 1460 978 1525 haeres,
994 1461 1168 1515 haeres
1201 1455 1422 1530 quidem
1456 1459 1578 1524 Dei,
1602 1458 1848 1514 cohaeres

259 1555 438 1603 autem
479 1546 694 1601 Christi.
733 1548 804 1601 Et
837 1547 967 1618 quid
987 1547 1167 1602 adhuc
1198 1547 1415 1602 dicam?
1436 1554 1684 1602 naturam
1699 1553 1849 1600 tuam

260 1634 424 1689 Filius
446 1635 548 1689 Dei
579 1643 903 1703 coaeternus,
920 1634 1334 1706 coomnipotens
1346 1643 1399 1691 et
1417 1633 1846 1690 consubstantia-

261 1722 326 1776 lis
348 1722 517 1789 Patri,
539 1722 641 1778 sibi
656 1723 712 1777 in
730 1739 893 1778 unam
911 1739 1204 1795 personam
1225 1724 1452 1790 unitam,
1479 1739 1638 1794 supra
1659 1738 1849 1777 omnes

1940 666 2185 722 cmlestia
2215 683 2274 721 se
2303 666 2510 721 attollat
2535 667 2651 736 spei
2684 675 2788 721 tuae
2808 667 3103 721 indubitata
3139 670 3473 738 exspectatio
3511 685 3524 723 :

1942 754 2161 808 assidua
2204 761 2476 808 tantorum
2531 753 2919 809 beneﬁciorum
2973 755 3342 821 meditatione,
3377 773 3532 812 more

1941 849 2132 897 rotata
2188 829 2668 897 rhedaa'fervescat
2721 842 3074 908 desiderium,
3107 843 3350 914 ignescat
3393 845 3534 900 cha-

1945 930 2094 995 ritas,
2155 945 2276 1000 quae
2333 930 2578 984 cmlestia
2623 937 2829 985 tantum
2877 931 3017 986 bona
3063 930 3206 986 norit
3239 947 3446 998 amare,
3480 939 3535 988 et

1942 1016 2278 1072 adulterinos
2298 1017 2591 1073 visibilium
2620 1018 2890 1088 appetitus
2917 1018 3216 1088 prudenter
3234 1019 3532 1076 declinare.

1947 1105 2149 1161 Mirare
2169 1120 2316 1171 vero,
2342 1105 2599 1175 praedica,
2623 1113 2677 1160 et
2705 1106 2866 1161 lauda
2886 1105 3224 1162 incessanter
3242 1107 3536 1163 bonitatem

1950 1192 2207 1248 divinam.
2243 1193 2391 1261 Quas
2412 1194 2557 1248 enim
2573 1194 2786 1260 laudes,
2811 1209 2946 1265 quas
2968 1195 3270 1266 gratiarum
3292 1195 3540 1252 actiones

1949 1281 2114 1353 digne
2145 1282 2353 1336 referes
2380 1281 2623 1337 Creatori
2654 1289 2745 1336 tuo
2767 1282 2794 1337 ?
2833 1280 2975 1349 Quid
3005 1283 3278 1338 retribues
3305 1284 3539 1340 Domino

1949 1385 2052 1440 pro
2080 1369 2332 1424 omnibus
2363 1385 2484 1440 quae
2513 1369 2764 1424 retribuit
2800 1369 2943 1425 tibi?
2984 1369 3126 1438 Quid
3157 1386 3285 1426 vero
3313 1371 3543 1444 dignum

1949 1456 2152 1527 poteris
2190 1457 2392 1523 facere,
2425 1465 2482 1512 ut
2510 1456 2673 1512 tantis
2693 1455 2974 1513 beneﬁciis
3003 1458 3203 1530 dignus
3242 1459 3544 1514 habearis?

1955 1546 2075 1600 Non
2105 1549 2244 1600 sunt
2269 1544 2471 1615 quippe
2498 1545 2790 1616 condigna:
2802 1547 3094 1616 passiones
3127 1546 3294 1617 hujus
3327 1552 3545 1618 tempo-

1952 1632 2034 1688 ris
2066 1632 2137 1687 ad
2165 1636 2428 1702 futuram
2457 1634 2719 1702 gloriam,
2752 1649 2874 1704 qua:
2903 1634 3248 1690 revelabitur
3273 1637 3337 1690 in
3367 1635 3542 1692 nobis.

1955 1720 2133 1787 (Rom.
2167 1735 2289 1787 vm,
2323 1724 2440 1790 18).
2498 1719 2643 1787 Quid
2695 1720 2897 1788 dicam,
2932 1737 2966 1775 ο
2996 1721 3067 1777 mi
3123 1721 3443 1778 charissima
3495 1731 3547 1778 et

268 1809 453 1878 caelos,
471 1827 630 1882 supra
641 1827 857 1866 omnem
875 1812 1238 1883 principatum
1253 1819 1304 1868 et
1316 1819 1658 1882 potestatem,
1675 1826 1848 1881 usque
1870 1840 1923 1900 B
1956 1807 2437 1874 desideratissime,
2462 1807 2507 1862 si
2529 1809 2599 1863 ad
2629 1815 2829 1863 tantam
2859 1808 3108 1875 salutem,
3141 1810 3210 1865 ad
3237 1817 3388 1865 tanta
3415 1827 3550 1881 gau-

265 1899 333 1952 ad
371 1914 692 1954 consessum
714 1899 908 1964 Patris,
943 1916 1119 1971 usque
1150 1900 1221 1955 ad
1249 1900 1532 1955 dexteram
1556 1897 1851 1968 majestatis

265 1986 534 2041 exaltavit.
567 1987 772 2042 Natura
800 1987 886 2042 cui
915 1987 1116 2043 dictum
1146 1987 1319 2044 fuerat
1352 2003 1364 2042 :
1405 1990 1571 2044 Terra
1596 2004 1674 2053 es,
1707 1991 1763 2042 et
1796 1987 1855 2040 in

269 2079 481 2129 terram
509 2075 615 2130 ibis
644 2075 804 2143 (Gen.
856 2091 934 2141 ιιι,
971 2077 1079 2145 19),
1141 2076 1213 2130 ad
1263 2084 1465 2130 tantam
1505 2075 1757 2145 gloriam,
1789 2074 1857 2128 ad

266 2169 474 2216 tantum
505 2163 788 2228 honorem,
824 2178 937 2217 non
966 2163 1089 2218 dico
1110 2164 1175 2217 ad
1225 2163 1649 2234 inaequalitatem
1679 2178 1855 2232 ange-

268 2249 466 2316 lorum,
498 2251 596 2304 sed
624 2265 788 2321 supra
816 2265 1033 2306 omnem
1062 2251 1856 2306 sublimataestcelsitudinem

269 2338 743 2409 archangelorum,
811 2338 887 2392 ita
925 2346 982 2393 ut
1049 2339 1281 2394 audierit
1312 2356 1324 2392 :
1355 2339 1493 2394 Sede
1544 2357 1579 2393 a
1635 2339 1860 2394 dextris

265 2427 404 2481 meis
428 2427 603 2494 (Psal.
627 2441 739 2492 c1x,
775 2428 847 2495 1).
881 2426 988 2482 Sed
1017 2428 1087 2482 ad
1118 2427 1248 2497 quid
1273 2427 1301 2480 ?
1349 2428 1416 2482 Ut
1453 2427 1571 2498 ipse
1614 2426 1762 2481 solus
1793 2426 1862 2481 sit

273 2514 390 2567 ibi?
416 2515 561 2569 Non.
594 2515 707 2568 Imo
738 2522 793 2568 ut
822 2521 879 2568 tu
927 2514 1004 2568 sis
1030 2515 1103 2568 ibi
1133 2531 1254 2570 cum
1287 2530 1372 2570 eo.
1411 2518 1475 2572 Ut
1504 2515 1618 2580 ubi,
1663 2515 1856 2585 inquit,

271 2618 366 2671 ego
406 2618 552 2668 sum,
595 2606 650 2656 et
681 2603 773 2656 illi
800 2602 918 2656 sint
943 2619 1167 2658 mecum
1205 2603 1388 2672 (Joan.
1424 2617 1565 2670 xvu,
1595 2603 1706 2672 24).
1748 2603 1816 2655 Et
1844 2619 1856 2654 :

285 2691 425 2756 Volo,
443 2694 628 2762 pater,
649 2693 716 2744 ut
745 2690 840 2744 ubi
855 2707 947 2761 ego
968 2707 1114 2756 sum,
1138 2691 1217 2744 ibi
1235 2691 1312 2744 sit
1331 2694 1387 2745 et
1407 2691 1675 2746 minister
1703 2705 1862 2744 meus

271 2778 457 2847 (Joan.
481 2793 582 2847 xu,
599 2778 708 2848 56).
727 2777 854 2844 Sed,
876 2778 1006 2849 quid
1027 2787 1108 2833 est
1125 2779 1229 2833 hoc
1242 2778 1268 2830 ?
1282 2777 1449 2848 Aperi
1462 2778 1645 2833 oculos
1657 2777 1859 2842 cordis,

270 2865 476 2930 cordis,
517 2865 757 2936 inquam,
800 2865 990 2922 oculos
1011 2866 1186 2936 aperi,
1211 2865 1380 2922 excita
1419 2864 1602 2935 ﬁdem,
1625 2866 1864 2920 accende

271 2953 630 3019 charitatem;
689 2954 936 3024 ignescat
993 2953 1344 3022 desiderium,
1407 2953 1578 3008 ﬂuant
1615 2953 1866 3023 lacrymze

280 3036 494 3106 pietatis
544 3043 597 3090 et
636 3037 984 3102 humilitatis;
1035 3037 1290 3108 lacrymte
1314 3037 1392 3108 pii
1422 3037 1700 3092 desiderii.
1721 3036 1867 3103 Quid

273 3125 440 3197 igitur
471 3133 555 3181 est
598 3125 750 3180 hoc?
788 3125 921 3196 quid
971 3125 1234 3197 (inquam)
1284 3134 1367 3180 est
1421 3125 1694 3180 hominem
1725 3124 1862 3191 ﬁeri,

274 3189 444 3266 ﬁ'lium
493 3212 638 3268 Dei?
696 3189 841 3280 Quid
899 3189 990 3268 est.
1038 3189 1224 3268 filium,
1261 3213 1516 3278 hominis,
1562 3213 1671 3266 imo
1701 3189 1938 3266 ﬁliumC

273 3299 620 3371 perditionis,
652 3298 771 3354 ﬁeri
800 3299 1022 3354 fratrem
1082 3308 1134 3354 et
1181 3300 1522 3355 cohaeredem
1582 3299 1700 3354 Filii
1745 3299 1865 3367 Dei,

279 3388 347 3442 ad
377 3387 769 3458 possidendam
796 3387 1172 3443 haereditatem
1227 3387 1443 3442 Patris?
1475 3385 1609 3454 Quae
1640 3395 1723 3442 est
1767 3387 1870 3441 ista

271 3476 532 3546 dignitas,
568 3492 688 3546 quae
734 3483 934 3531 nostrae
983 3483 1194 3531 natura:
1247 3476 1438 3531 collata
1467 3482 1565 3542 est,
1601 3482 1658 3529 ut
1685 3475 1871 3530 sedeat

273 3563 344 3616 ad
374 3564 658 3619 dexteram
688 3563 948 3624 Altissimi
968 3563 994 3617 ?
1044 3562 1179 3630 Quae
1224 3571 1306 3618 est
1336 3563 1440 3618 ista
1480 3561 1796 3618 excellentia
1813 3569 1871 3616 ut

269 3651 439 3706 homo
489 3668 654 3722 supra
699 3667 916 3706 omnem
959 3659 1204 3707 naturam
1241 3651 1564 3722 angelicam,
1601 3666 1772 3722 usque
1802 3649 1872 3702 ad

271 3739 556 3795 dexteram
583 3740 880 3808 majestatis
937 3739 1004 3794 sit
1046 3739 1395 3804 sublimatus,
1441 3739 1533 3809 qui
1579 3754 1753 3810 usque
1801 3736 1872 3792 ad

275 3825 464 3882 inﬁma
492 3826 688 3882 inferni
731 3827 835 3882 sub
880 3827 1166 3898 tyrannide
1203 3827 1594 3882 daemoniorum
1646 3841 1870 3896 preme-

275 3914 469 3970 batur?
500 3915 636 3984 Quae
663 3931 796 3972 vero
825 3923 972 3970 tanta
1011 3914 1207 3986 pietas,
1258 3931 1378 3986 quae
1404 3922 1555 3969 tanta
1584 3913 1872 3969 clementia

273 4002 477 4059 divinae
534 4003 807 4071 bonitatis,
849 4012 908 4058 ut
963 4017 1072 4059 non
1122 4003 1296 4058 solum
1342 4003 1580 4075 dignitas
1625 4017 1789 4074 quam
1815 4001 1872 4054 in

272 4091 456 4160 primo
488 4099 716 4162 parente
745 4091 1189 4162 perdideramus,
1222 4091 1380 4147 nobis
1408 4091 1739 4155 restituatur,
1774 4089 1872 4144 sed

270 4177 503 4249 insuper
521 4179 663 4234 dona
691 4187 745 4233 et
789 4177 1054 4235 beneﬁcia
1079 4177 1518 4251 magniﬁcentius
1559 4185 1612 4232 et
1640 4176 1874 4233 cumula-

273 4266 382 4322 tius
411 4267 702 4323 crescant?
733 4267 844 4322 Ubi
866 4266 1082 4337 pietas?
1111 4267 1202 4321 ubi
1231 4266 1450 4322 devotio
1467 4266 1496 4320 ?
1523 4264 1618 4319 ubi
1638 4265 1826 4319 laudes
1845 4263 1873 4316 ?

275 4355 367 4408 ubi
397 4355 698 4425 gratiarum
727 4355 867 4410 actio
886 4355 913 4407 ?
935 4355 1028 4409 ubi
1068 4363 1150 4409 est
1183 4354 1380 4410 laetitiae
1410 4356 1463 4409 et
1492 4351 1873 4408 exsultationis

267 4442 561 4510 jubilatio?
592 4443 638 4498 Ο
667 4442 980 4513 mysterium
1017 4443 1086 4497 ab
1107 4450 1314 4498 aeterno
1343 4441 1685 4513 dispositum,
1719 4457 1750 4494 a
1779 4455 1874 4495 sae-

1958 1895 2069 1961 dia,
2103 1904 2302 1968 quanto
2325 1896 2542 1964 certius,
2577 1904 2778 1966 quanto
2807 1897 3053 1952 securius
3082 1906 3258 1968 potes,
3291 1897 3549 1955 festinare

1957 2000 2068 2038 non
2098 1984 2422 2040 contendis?
2450 1982 2593 2051 Quid
2616 1984 2791 2039 dicam
2821 1984 2867 2039 si
2896 1985 3077 2041 socius
3098 1985 3422 2055 angelorum
3443 2001 3553 2042 non

1959 2071 2130 2141 timet,
2167 2071 2276 2126 imo
2307 2071 2585 2127 contendit
2613 2070 2733 2126 ﬁeri
2789 2073 2968 2127 socius
3023 2073 3417 2128 daemoniorum
3447 2073 3475 2127 ?
3506 2073 3552 2128 si

1958 2160 2134 2215 haeres
2164 2160 2307 2228 coeli,
2341 2160 2450 2214 imo
2478 2160 2654 2214 haeres
2685 2159 2804 2227 Dei,
2843 2168 2897 2214 et
2925 2161 3165 2216 cohaeres
3197 2160 3415 2230 Christi,
3440 2161 3554 2216 vult

1961 2263 2249 2303 remanere
2278 2247 2333 2301 in
2363 2247 2552 2302 terra?
2583 2247 2628 2301 si
2659 2246 2802 2303 filius
2832 2248 2932 2302 Dei
2952 2248 3064 2303 vult
3082 2249 3289 2303 servire
3308 2247 3555 2303 mundo?

1962 2335 2104 2403 Quid
2149 2335 2349 2402 dicam,
2401 2336 2446 2389 si
2506 2343 2758 2390 naturam
2815 2336 3163 2390 humanitatis
3217 2345 3343 2404 tuae,
3393 2351 3556 2408 quam

1961 2424 2232 2478 debueras
2262 2423 2317 2477 in
2367 2422 2796 2478 sanctiﬁcatione
2855 2431 2908 2478 et
2964 2424 3172 2478 honore
3229 2425 3552 2491 custodisse,

1960 2520 2187 2582 propter
2221 2511 2480 2566 honorem
2511 2519 2566 2566 et
2609 2511 2976 2568 reverentiam
3005 2511 3150 2567 illius
3179 2511 3437 2579 hominis,
3464 2512 3557 2584 qui

1961 2600 2113 2654 sedet
2142 2599 2212 2653 ad
2243 2599 2526 2654 dexteram
2556 2599 2674 2665 Dei,
2707 2599 2789 2654 vis
2827 2599 3005 2654 adhuc
3033 2599 3236 2654 mundo
3265 2607 3319 2655 et
3344 2600 3557 2655 actibus

1964 2688 2100 2755 ejus,
2135 2687 2220 2741 vel
2240 2686 2440 2742 illicitis
2457 2686 2748 2741 desideriis
2776 2686 3056 2756 implicare
3070 2689 3098 2742 ?
3114 2686 3405 2756 Quomodo
3425 2703 3560 2743 vero

1964 2775 2248 2845 effugiens,
2271 2775 2316 2827 si
2348 2782 2553 2830 tantam
2581 2775 2895 2846 neglexeris
2920 2775 3193 2830 salutem?
3239 2777 3296 2831 Si
3326 2776 3416 2846 qui
3445 2775 3562 2830 vias

1965 2864 2088 2917 vitae
2121 2871 2173 2916 et
2201 2862 2438 2916 veritatis
2484 2878 2592 2917 non
2631 2863 2952 2931 audierunt,
2996 2863 3112 2918 sine
3150 2861 3257 2918 ﬁne
3287 2863 3560 2918 damnan-

1966 2959 2068 3018 tur,
2099 2966 2258 3020 quam
2298 2950 2658 3004 damnationis
2703 2949 3027 3005 sententiam
3077 2951 3408 3021 suscipient,
3470 2950 3566 3022 qui

1965 3038 2190 3093 audiunt
2221 3045 2272 3092 et
2327 3037 2654 3109 intelligunt,
2687 3047 2742 3093 et
2795 3038 3127 3110 negligunt?
3156 3041 3278 3111 Age
3301 3055 3434 3110 ergo
3463 3039 3564 3109 (mi

1968 3125 2364 3192 dilectissime),
2405 3126 2550 3190 veni,
2585 3133 2638 3180 et
2667 3126 2738 3180 ad
2797 3133 2945 3180 tanta
2999 3134 3051 3181 et
3108 3133 3216 3180 tam
3271 3125 3568 3182 ineffabilia

1972 3214 2210 3285 gaudia,
2271 3213 2418 3268 omni
2471 3214 2651 3268 studio
2705 3214 2962 3285 omnique
3015 3214 3305 3270 devotione
3359 3215 3567 3286 pariter

1970 3302 2278 3367 tendamus,
2310 3301 2514 3371 pariter
2541 3302 2657 3358 Deo
2687 3309 2977 3371 praestante
3005 3302 3409 3372 perveniamus.
3441 3303 3564 3375 Ego

1975 3397 2026 3444 te
2056 3405 2254 3446 moneo
2281 3389 2336 3443 in
2368 3389 2600 3454 Christo,
2641 3389 2734 3460 qui
2762 3390 2829 3444 de
2860 3397 3122 3460 provectu
3152 3399 3244 3446 tuo
3265 3391 3318 3445 in
3348 3399 3566 3462 tempo-

1971 3477 2179 3531 ralibus
2212 3477 2397 3544 bonis,
2431 3476 2606 3548 magis
2637 3476 2717 3546 (ni
2746 3476 2929 3548 fallor)
2958 3477 3133 3549 teipso
3162 3478 3400 3550 gaudere
3429 3479 3569 3534 sole-

1974 3565 2119 3620 bam.
2178 3565 2336 3620 Nunc
2391 3579 2520 3619 vero
2550 3563 2782 3619 arbitror
2834 3564 3016 3619 omnia
3078 3573 3136 3620 ut
3182 3573 3446 3635 stercora,
3508 3573 3567 3621 ut

1973 3653 2247 3707 Christum
2277 3651 2631 3708 lucrifaciam.
2663 3654 2803 3724 Age,
2837 3652 2987 3720 veni,
3020 3653 3201 3724 angeli
3232 3659 3286 3709 te
3316 3653 3566 3721 invitant,

1975 3741 2168 3813 quibus
2198 3740 2458 3812 gaudium
2487 3747 2571 3795 est
2611 3755 2776 3812 super
2805 3755 2913 3795 uno
2970 3748 3261 3810 peccatore
3288 3741 3566 3812 pmniten-

1973 3829 2098 3882 tiam
2125 3836 2327 3900 agente
2363 3843 2374 3881 :
2409 3828 2502 3900 qui
2532 3828 2579 3882 si
2610 3843 2704 3882 eos
2748 3828 2817 3883 de
2865 3828 3180 3898 poenitentia
3211 3836 3299 3884 tua
3327 3829 3568 3900 gaudere

1973 3915 2192 3984 feceris,
2225 3916 2417 3986 procul
2445 3916 2611 3971 dubio
2641 3931 2862 3971 suorum
2910 3916 3233 3988 gaudiorum
3265 3924 3317 3972 te
3342 3916 3567 3988 partici-

1973 4020 2098 4074 pem
2129 4002 2346 4060 facient.
2389 4004 2469 4058 Tu
2498 4019 2609 4059 non
2637 4005 2913 4075 relinques
2951 4019 3094 4060 vana
3123 4004 3328 4076 gaudia
3353 4005 3562 4074 mundi,

1973 4101 2031 4146 ut
2059 4093 2382 4164 angelorum
2401 4093 2616 4164 gaudiis
2636 4093 2900 4148 inseraris
2914 4093 2942 4146 ?
2957 4096 3096 4166 Age,
3131 4094 3256 4149 veni
3278 4112 3294 4161 ;
3318 4093 3568 4150 Christus

1975 4189 2026 4235 te
2057 4188 2237 4236 vocat.
2271 4179 2416 4248 Quid
2435 4180 2462 4233 ?
2492 4181 2608 4235 Imo
2637 4188 2690 4236 et
2728 4188 2957 4252 apparet
2987 4181 3152 4237 vultui
3181 4181 3283 4236 Dei
3338 4197 3440 4253 pro
3489 4189 3568 4249 te,

1976 4276 2028 4322 et
2055 4267 2357 4338 interpellat
2384 4283 2482 4338 pro
2512 4276 2564 4323 te
2589 4287 2603 4334 ;
2636 4284 2744 4323 non
2773 4268 2918 4324 enim
2949 4269 3062 4324 vult
3080 4268 3317 4339 pretium
3345 4269 3571 4342 sangui-

1974 4356 2059 4410 nis
2091 4355 2174 4410 sui
2194 4355 2401 4410 irritum
2433 4355 2628 4410 essein
2657 4363 2730 4410 te.
2761 4357 2840 4409 Tu
2869 4364 3049 4410 autem
3080 4356 3249 4411 facies
3279 4356 3377 4410 tibi
3433 4356 3568 4412 irri-

1975 4452 2084 4497 tam
2113 4441 2432 4497 effusionem
2471 4443 2755 4514 sanguinis
2800 4443 3044 4498 Christi?
3075 4443 3321 4498 Obsecro
3352 4451 3422 4509 te,
3454 4443 3569 4500 imo

273 4531 415 4585 culis
471 4539 527 4586 et
582 4531 1020 4603 generationibus
1077 4531 1436 4602 promissum,
1472 4537 1524 4586 et
1582 4529 1758 4601 signis
1824 4535 1876 4582 et
1895 4534 1948 4593 D
1977 4539 2030 4586 et
2060 4531 2322 4599 obtestor,
2356 4546 2458 4601 pro
2487 4530 2608 4600 ipso
2637 4538 2690 4584 et
2717 4546 2818 4600 per
2847 4530 3047 4600 ipsum,
3071 4538 3129 4586 ut
3147 4546 3255 4586 non
3278 4530 3498 4588 auferas
3517 4533 3571 4588 ei

275 4618 661 4690 aenigmatibus
712 4619 1027 4674 mirabiliter
1055 4619 1469 4690 praesignatum,
1529 4617 1586 4671 in
1635 4615 1742 4672 ﬁne
1774 4631 1875 4670 sae-

274 4706 529 4762 culorum
557 4706 857 4762 mirabilius
883 4705 1240 4778 adimpletum
1265 4705 1276 4760 l
1303 4706 1436 4760 Cum
1457 4704 1603 4760 enim
1623 4703 1876 4774 omnipo-

273 4800 396 4849 tens
426 4795 585 4848 Pater
629 4810 730 4865 per
767 4794 1108 4866 unigenitum
1151 4795 1410 4860 Verbum,
1441 4792 1678 4849 visibilia
1707 4798 1759 4847 et
1788 4791 1876 4845 in-

273 4881 519 4937 visibilia
534 4889 730 4938 cuncta
751 4881 1186 4949 creaverit,mihi
1207 4881 1427 4952 quidem
1447 4897 1562 4952 prae
1584 4879 1875 4945 universis,

279 4985 404 5040 quae
433 4969 756 5024 mirabiliter
785 4969 1047 5037 condidit,
1080 4971 1137 5024 in
1165 4986 1333 5040 opere
1353 4968 1744 5040 redemptionis
1788 4982 1879 5020 no-

277 5060 408 5108 stra
424 5052 665 5108 maxime
677 5053 938 5108 mirabilis
956 5062 1195 5124 apparet.
1211 5056 1293 5107 An
1306 5053 1398 5108 alii
1419 5053 1604 5106 itidem
1621 5051 1875 5118 sentiant,

277 5139 426 5195 haud
459 5140 574 5194 scio
600 5159 614 5207 ;
649 5141 779 5195 mihi
807 5156 936 5196 vero
965 5141 1116 5212 pium
1146 5148 1229 5195 est
1257 5148 1309 5196 et
1339 5140 1499 5195 dulce
1527 5139 1602 5194 ita
1659 5138 1877 5193 sentire.

281 5225 328 5282 Ο
361 5228 644 5299 gaudium,
678 5244 786 5299 quo
813 5228 1064 5283 latantur
1092 5228 1237 5294 caeli,
1289 5235 1342 5282 et
1369 5227 1600 5283 exsultat
1629 5224 1808 5280 terra!
1835 5223 1881 5279 Ο

282 5315 611 5386 mysterium
641 5317 794 5384 cujus
834 5316 1086 5371 virtutem
1129 5315 1290 5372 etiam
1319 5322 1606 5371 senserunt
1633 5311 1878 5368 infernal

278 5404 535 5460 Jubilate
563 5405 820 5471 Domino,
884 5405 1066 5461 omnis
1105 5408 1280 5470 terra,
1314 5407 1564 5467 cantate,
1600 5406 1657 5458 et
1692 5401 1885 5457 exsul-

280 5494 424 5558 tate,
450 5496 512 5547 et
527 5493 758 5563 psallite
779 5492 955 5564 (Psal.
971 5507 1145 5559 xcvu,
1163 5493 1237 5562 4).
1261 5492 1635 5561 Recognosce,
1651 5505 1685 5544 ο
1700 5490 1881 5554 homo,

283 5579 356 5634 ad
381 5587 646 5650 quantam
660 5580 996 5652 dignitatem,
1013 5580 1084 5635 ad
1115 5586 1317 5652 quanta
1334 5577 1534 5649 gaudia
1557 5576 1769 5633 vocaris
1793 5574 1805 5630 ι
1827 5577 1887 5629 In

1978 4619 2123 4691 quod
2153 4624 2280 4676 emit
2308 4618 2363 4672 in
2417 4627 2489 4673 te.
2535 4618 2784 4672 Animam
2832 4634 3006 4686 suam,
3051 4618 3378 4690 sanguinem
3407 4635 3570 4676 suum

1973 4707 2126 4762 dedit
2156 4722 2257 4777 pro
2285 4705 2468 4760 anima
2494 4713 2602 4760 tua.
2652 4707 2775 4762 Non
2804 4705 2960 4761 vides
2988 4714 3193 4778 quanto
3212 4707 3390 4777 pretio
3412 4707 3566 4763 aesti-

1976 4803 2155 4850 matus
2185 4793 2293 4849 es?
2330 4793 2474 4863 Quid
2529 4793 2695 4850 facies
2740 4793 2943 4849 homini
2995 4794 3042 4849 si
3088 4794 3302 4851 Christo
3351 4794 3571 4852 auferas

1973 4883 2064 4952 jus
2095 4898 2254 4937 suum
2273 4881 2301 4935 ?
2352 4884 2509 4949 Ecce,
2541 4882 2734 4953 inquit,
2793 4886 2880 4938 sto
2908 4882 2981 4937 ad
3008 4884 3238 4952 ostium,
3270 4886 3326 4938 et
3351 4883 3516 4954 pulso
3550 4903 3571 4941 :

1979 4972 2031 5025 si
2058 4972 2181 5042 quis
2211 4970 2500 5041 aperuerit
2519 4970 2682 5034 mihi,
2711 4969 2931 5024 intrabo
2962 4969 3034 5025 ad
3055 4970 3241 5034 illum,
3268 4974 3326 5027 et
3343 4971 3570 5026 ctenabo
3600 4985 3603 4987 '

1981 5075 2111 5113 cum
2154 5058 2254 5114 illo
2305 5059 2492 5128 (Apoc.
2541 5072 2621 5121 ιιι,
2654 5060 2766 5124 20).
2801 5057 2988 5124 Curre,
3020 5057 3359 5124 charissime,
3391 5073 3575 5125 curre,

1981 5144 2179 5199 festina
2198 5144 2412 5215 aperire
2433 5143 2644 5199 Christo
2664 5144 2919 5214 pulsanti.
2945 5144 3220 5215 Gustabis,
3235 5145 3400 5201 crede
3419 5145 3576 5214 mihi,

1983 5241 2037 5287 et
2051 5231 2260 5287 videbis
2291 5247 2454 5303 quam
2485 5233 2668 5287 suavis
2688 5239 2770 5288 est
2791 5231 3075 5288 Dominus.
3101 5233 3260 5300 Quod
3285 5233 3330 5288 si
3351 5249 3439 5288 me
3456 5248 3577 5289 mo-

1982 5329 2221 5386 nentem,
2253 5327 2306 5374 et
2343 5320 2572 5374 devotas
2614 5335 2830 5390 preces,
2892 5327 2944 5374 et
3001 5319 3120 5389 pias
3153 5320 3419 5392 lacrymas
3472 5335 3574 5390 pro

1985 5409 2159 5464 salute
2189 5415 2282 5462 tua
2311 5407 2381 5461 ad
2412 5407 2702 5462 Dominum
2721 5407 3038 5462 fundentem
3065 5425 3079 5474 ;
3113 5407 3159 5462 si
3189 5409 3418 5480 angelos
3447 5408 3581 5463 invi-

1985 5503 2181 5564 tantes,
2233 5502 2288 5549 et
2339 5509 2500 5564 opem
2550 5494 2691 5550 ferre
2728 5495 2823 5548 tibi
2882 5501 3146 5565 paratos;
3198 5496 3245 5551 si
3301 5496 3580 5551 Christum

1986 5589 2293 5648 vocantem,
2328 5589 2381 5637 et
2427 5583 2572 5652 apud
2611 5583 2824 5639 Patrem
2875 5597 2978 5653 pro
3003 5590 3063 5637 te
3119 5582 3555 5654 interpellantem
