3938 6404
385 352 482 404 9H

1325 347 1617 402 JOANNIS
1656 346 1902 402 CARTH.
1947 342 2327 400 PORTARUM
2365 343 2701 399 MONACHI.

3569 346 3671 399 912

387 479 441 526 et
468 471 700 542 pretium
758 470 1042 540 sanguinis
1091 469 1172 524 sui
1217 470 1312 523 tibi
1345 469 1412 539 (si
1442 469 1773 541 neglexeris)
1805 469 1976 538 impu-
1999 469 2052 526 A
2083 467 2128 520 si
2162 465 2404 532 viriliter,
2434 481 2542 519 non
2572 465 2695 521 ficte
2728 465 2809 520 vis
2833 480 3020 536 agere,
3046 463 3410 519 consiliarium
3441 463 3672 518 habebis

388 566 612 624 tantem,
644 557 983 620 contemnis;
1016 558 1318 627 apostolico
1349 565 1473 612 utor
1508 558 1696 620 verbo,
1731 557 1978 611 mundus

389 662 484 717 eqo
515 662 642 701 sum
670 662 704 700 a
725 645 998 714 sanguine
1033 650 1125 699 tuo
1146 646 1290 704 (Aet.
1319 659 1420 709 xx,
1443 649 1554 712 26).
1592 645 1824 715 Sanguis
1855 653 1978 697 tuus

391 749 554 803 super
582 741 744 803 caput
772 740 949 787 tuum.
976 733 1150 786 Testis
1179 733 1321 786 enim
1362 732 1494 786 mihi
1531 741 1612 786 est
1642 732 1807 793 Deus,
1844 747 1980 801 quo-

389 821 553 875 modo
583 820 806 890 cupiens
837 827 889 875 te
920 819 973 873 in
996 819 1298 874 visceribus
1317 820 1446 873 .lesu
1468 819 1687 883 Christi,
1713 828 1766 872 et
1793 819 1978 888 preci-

390 907 512 973 bus,
545 915 599 962 et
625 905 883 977 lacrymis
931 908 1035 962 hoc
1080 923 1112 961 a
1142 907 1258 962 Deo
1310 906 1718 977 postulaverim,
1753 913 1806 960 et
1833 921 1977 975 prae-

391 994 529 1050 senti
557 994 931 1050 exhortatione
959 1009 1068 1049 non
1095 994 1211 1048 sine
1240 993 1425 1049 labore
1455 993 1834 1064 ﬂagitaverim.
1870 993 1978 1047 Sed

391 1097 501 1137 non
530 1081 736 1148 dubito,
778 1082 890 1136 imo
939 1090 992 1136 et
1043 1089 1226 1137 certus
1275 1097 1392 1136 sum
1439 1089 1489 1134 te
1539 1080 1801 1135 facturum
1832 1080 1980 1151 quod

389 1170 597 1238 hortor,
630 1169 740 1225 imo
793 1169 862 1224 ad
912 1169 1058 1240 quod
1113 1175 1262 1224 tanta
1297 1168 1536 1240 undique
1594 1168 1979 1224 necessitatum

388 1256 672 1312 multitudo
715 1265 766 1312 te
822 1255 1065 1327 impellit.
1129 1255 1359 1326 Spiritus
1417 1255 1559 1311 enim
1620 1255 1853 1322 Domini,
1887 1256 1980 1325 qui

391 1344 524 1400 mihi
551 1345 668 1400 haec
695 1344 954 1400 scribenti
982 1343 1151 1398 adfuit
1179 1345 1312 1413 (non
1343 1344 1484 1399 enim
1517 1360 1633 1398 sum
1667 1343 1796 1397 mihi
1843 1358 1978 1398 con-

393 1432 559 1498 scius,
592 1431 662 1487 de
691 1432 859 1488 corde
901 1446 1025 1486 meo
1077 1433 1192 1486 haec
1247 1431 1587 1501 protulisse),
1625 1439 1866 1496 sanctus,
1898 1431 1980 1484 in-

391 1535 574 1592 quam,
594 1518 840 1590 Spiritus,
875 1527 926 1574 et
957 1518 1228 1574 scribendi
1251 1517 1500 1573 fiduciam
1519 1518 1768 1588 praestitit
1793 1536 1807 1581 ;
1844 1517 1980 1571 fidu-

392 1606 533 1663 ciam
550 1621 766 1678 quoque
785 1606 1033 1677 praestitit
1054 1606 1311 1675 lacrymis
1333 1614 1384 1660 et
1403 1605 1714 1671 scribendo,
1747 1613 1800 1658 et
1829 1620 1983 1658 oran-

391 1695 466 1750 do
493 1693 751 1765 profusis,
783 1709 843 1748 se
873 1693 967 1748 tibi
987 1693 1193 1763 pariter
1222 1693 1554 1747 adfuturum.
1587 1692 1864 1763 Quidquid
1885 1693 1982 1763 igi-

394 1790 482 1837 tur
525 1781 823 1853 inspirante
867 1781 1060 1836 eodem
1096 1781 1293 1850 Spiritu
1332 1789 1518 1836 sancto
1549 1780 1732 1836 facere
1789 1780 1978 1850 dispo-
2001 1813 2053 1873 Β

395 1869 594 1935 sueris,
607 1869 706 1924 etsi
728 1869 884 1938 plura
898 1883 1168 1934 moneam,
1192 1869 1296 1923 hoc
1307 1868 1540 1938 primum
1558 1883 1772 1933 moneo,
1798 1875 1854 1922 ut
1873 1883 1982 1922 non

395 1955 652 2026 praeferas
683 1955 970 2011 consilium
1014 1955 1292 2010 hominum
1329 1955 1556 2010 consilio
1585 1955 1788 2010 divino.
1823 1956 1983 2024 Cave.

393 2043 632 2114 inquam,
648 2042 931 2098 consilium
947 2042 1224 2098 hominum
1259 2059 1272 2096 :
1304 2042 1446 2097 labia
1467 2043 1611 2096 enim
1632 2042 1813 2114 iniqua
1835 2050 1980 2107 sunt,

397 2137 452 2185 et
477 2129 667 2202 lingua
711 2130 924 2185 dolosa.
975 2129 1133 2198 Quod
1169 2130 1215 2184 si
1236 2129 1456 2184 omnino
1488 2128 1625 2184 forte
1658 2145 1848 2184 cavere
1874 2144 1984 2184 non

394 2218 616 2288 poteris,
629 2217 866 2286 jaculare
895 2225 1085 2274 contra
1102 2217 1353 2289 sagittam
1383 2217 1618 2287 potentis
1638 2224 1690 2272 et
1719 2217 1982 2272 carbones

395 2305 778 2362 desolatorios.
830 2305 1038 2362 Deinde
1092 2320 1323 2370 moneo,
1382 2313 1440 2361 ut
1467 2320 1574 2360 non
1631 2321 1750 2376 quae
1780 2305 1982 2360 leviora

393 2400 539 2460 sunt,
570 2401 623 2449 et
651 2393 832 2448 minus
858 2393 1020 2448 etiam
1051 2393 1121 2448 ad
1178 2393 1427 2460 salutem,
1476 2392 1654 2448 facere
1683 2408 1978 2464 proponas.

392 2480 548 2536 Absit
575 2481 992 2552 pusillanimitas
1020 2496 1049 2535 a
1083 2480 1222 2536 forti.
1272 2483 1434 2537 laeta
1477 2482 1786 2551 cogitatum
1821 2485 1983 2535 tuum

393 2569 456 2622 in
487 2569 745 2637 Domino,
778 2573 837 2624 et
874 2571 988 2639 ipse
1022 2573 1074 2623 te
1130 2569 1385 2624 enutriet
1415 2569 1589 2635 (Psal.
1643 2583 1751 2632 Liv,
1783 2573 1893 2636 23),
1929 2576 1982 2622 et

390 2655 602 2712 salvum
631 2655 792 2712 faciet
812 2673 846 2710 a
863 2657 1344 2727 pusillanimitate
1365 2657 1602 2727 spiritus
1619 2657 1705 2710 tui
1725 2656 1878 2725 (ibid.
1902 2658 1977 2722 9).

389 2743 473 2798 Ne
499 2743 692 2800 credas
721 2743 1222 2813 pusillanimitatem
1252 2743 1532 2797 minimum
1563 2758 1779 2808 nocere,
1813 2759 1846 2797 a
1874 2758 1982 2814 qua

384 2838 566 2886 tantus
595 2832 867 2902 Propheta
896 2847 956 2886 se
1003 2831 1340 2901 gloriabatur
1369 2831 1574 2885 salvum
1597 2846 1629 2885 a
1652 2831 1884 2886 Domino
1904 2830 1982 2884 fa-

386 2926 552 2974 ctum.
569 2920 806 2990 Tempus
820 2919 982 2974 breve
997 2925 1096 2983 est,
1125 2918 1271 2972 salus
1293 2918 1644 2988 sempiterna.
1659 2919 1858 2990 Jugum
1874 2918 1982 2972 Do-

385 3006 518 3060 mini
547 3021 716 3061 suave
746 3014 847 3061 est.
880 3007 1120 3075 Experto
1151 3005 1334 3060 crede.
1385 3006 1445 3058 In
1475 3015 1655 3059 mente
1683 3006 1824 3060 habe
1852 3022 1980 3076 pas-

385 3093 568 3149 siones
597 3093 834 3148 Domini.
868 3092 1010 3160 Quid
1040 3093 1198 3148 etiam
1249 3092 1367 3162 ipse
1396 3092 1615 3158 feceris,
1650 3100 1702 3148 et
1731 3093 1862 3163 quid
1892 3092 1969 3147 fa-

2081 553 2339 623 Spiritum
2371 562 2639 607 sanctum.
2679 555 2924 622 Spiritus
2963 555 3114 607 enim
3147 556 3381 607 sanctus
3413 551 3671 622 discipli-

2080 659 2169 695 na:
2189 643 2417 712 effugiet
2438 643 2638 708 ﬁctum
2669 642 2825 712 (Sap.
2867 656 2910 694 ι.
2953 641 3028 709 5).
3064 640 3143 694 lbi
3174 639 3438 711 quidquid
3469 639 3668 710 benig-

2081 729 2291 782 nissimi
2321 736 2373 782 et
2400 728 2808 783 clementissimi
2840 728 2999 782 ﬂatus
3056 728 3175 796 ejus
3227 743 3358 782 aura
3413 727 3665 792 suaserit,

2080 815 2264 869 divino
2295 816 2522 871 consilio
2544 817 2854 882 roboratus,
2879 815 3274 879 incunctanter,
3305 823 3358 869 et
3389 815 3506 869 sine
3523 815 3670 869 omni

2079 903 2334 958 dilatione
2370 904 2675 975 aggredere
2707 917 2721 956 ε
2755 911 2838 958 est
2868 903 3011 957 enim
3058 903 3164 958 hoc
3219 909 3492 973 quartum,
3528 903 3671 974 quod

2080 990 2207 1044 volo
2235 998 2286 1045 te
2308 990 2658 1056 commoneri,
2690 998 2749 1046 ut
2793 991 3080 1046 dilationes
3115 990 3312 1062 fugias.
3363 990 3515 1045 Multi
3543 991 3672 1044 dum

2079 1077 2368 1133 dilationes
2399 1086 2667 1149 quierunt,
2698 1079 2754 1132 in
2782 1077 3037 1148 laqueum
3081 1077 3407 1133 inciderunt.
3443 1077 3670 1148 Semper

2081 1166 2225 1220 enim
2255 1167 2438 1222 nocuit
2467 1165 2687 1221 differre
2715 1166 2943 1236 paratis.
2990 1167 3244 1232 Dimitte,
3281 1165 3356 1220 ait
3383 1165 3667 1233 Dominus,

2080 1258 2332 1308 mortuos
2362 1255 2602 1325 sepelire
2630 1258 2882 1310 mortuos
2909 1269 3037 1309 suos
3055 1254 3276 1320 (Matth.
3300 1267 3421 1317 vm,
3452 1254 3582 1322 22);
3615 1260 3671 1307 tu

2081 1349 2260 1395 autem
2283 1357 2514 1411 sequere
2536 1357 2642 1396 me.
2667 1341 2805 1396 Nam
2835 1341 2944 1408 ille,
2964 1341 3049 1396 cui
3068 1341 3172 1395 hoc
3200 1340 3353 1409 dixit,
3385 1339 3672 1396 dilationes

2081 1428 2379 1498 quaerebat.
2413 1427 2643 1482 Corvina
2678 1443 2779 1482 vox
2837 1435 2939 1492 est,
2975 1443 3117 1493 cras,
3158 1443 3303 1492 cras,
3339 1428 3525 1482 beatus
3554 1430 3671 1482 Au-

2080 1516 2335 1586 gustinus
2365 1515 2498 1568 dixit
2530 1516 2720 1582 (serm.
2751 1518 2840 1579 7t,
2874 1515 2946 1569 ad
2966 1519 3178 1585 fratres
3194 1517 3258 1569 in
3280 1516 3506 1584 eremo).
3533 1515 3672 1570 Cor-

2079 1618 2180 1656 vus
2211 1602 2444 1656 emissus
2473 1602 2541 1657 de
2558 1617 2710 1667 arca,
2736 1618 2843 1656 non
2866 1609 2949 1655 est
2969 1618 3244 1668 reversus,
3268 1601 3519 1657 columba
3540 1617 3671 1661 vero

2081 1705 2302 1744 reversa
2333 1697 2435 1758 est,
2469 1690 2593 1761 quia
2639 1705 2746 1745 non
2797 1697 2944 1744 amat
2972 1690 3237 1745 Dominus
3275 1689 3589 1745 dilationem
3619 1690 3674 1744 in

2079 1792 2212 1832 voce
2226 1778 2466 1842 corvina,
2493 1778 2590 1832 sed
2610 1777 3011 1832 confessionem
3027 1778 3082 1832 in
3097 1777 3302 1849 gemitu
3340 1777 3670 1832 columbino.

2083 1867 2210 1920 Haec
2241 1865 2406 1937 igitur
2433 1881 2557 1936 age,
2582 1866 2718 1930 hmc,
2752 1882 2786 1919 ο
2815 1865 3184 1930 dilectissime,
3219 1865 3366 1920 omni
3397 1865 3673 1937 vigilantia

2083 1953 2460 2022 circumspice.
2495 1955 2622 2008 llaec
2643 1953 2786 2006 enim
2810 1953 3286 2022 incircumspecta,
3318 1960 3550 2023 quantos
3558 1953 3672 2020 jam

2083 2038 2234 2093 initia
2261 2039 2419 2095 bona:
2443 2040 2733 2095 voluntatis
2763 2041 3048 2108 habentes,
3082 2041 3167 2096 vel
3197 2055 3231 2094 a
3259 2048 3446 2095 sancto
3474 2055 3675 2110 propo-

2084 2126 2184 2180 sito
2213 2128 2548 2193 deﬂexerint,
2589 2128 2672 2182 vel
2703 2128 2771 2182 ad
2802 2129 2981 2182 minus
3005 2127 3206 2183 idonea
3235 2127 3509 2183 declinare
3525 2127 3670 2184 fece-

2081 2213 2189 2268 rint
2219 2215 2428 2283 (nescio
2459 2215 2621 2270 etiam
2659 2230 2729 2270 an
2788 2215 2841 2268 in
2891 2215 3289 2270 damnationem
3341 2214 3672 2285 impulerint)

2081 2303 2498 2367 reminiscimur,
2563 2302 2834 2368 audimu’s,
2880 2302 3127 2357 videmus
3169 2310 3224 2357 et
3280 2301 3548 2358 dolemus.
3607 2303 3675 2357 Ut

2081 2406 2214 2445 vero
2245 2406 2357 2444 rem
2387 2390 2458 2445 ad
2489 2389 2737 2446 effectum
2779 2390 3116 2460 perduxeris,
3152 2389 3274 2444 vide
3305 2405 3443 2460 quos
3471 2389 3676 2445 fructus

2082 2477 2256 2532 beatae
2287 2477 2410 2532 vitae
2458 2476 2639 2531 statim
2679 2492 2873 2547 capere
2904 2477 3151 2547 incipies.
3208 2476 3466 2544 Primum,
3498 2477 3674 2532 omnis

2081 2565 2280 2637 pagina
2313 2565 2453 2620 sacri
2480 2565 2701 2636 eloquii,
2742 2577 2904 2636 quam
2935 2565 3098 2619 modo
3128 2571 3352 2635 propter
3378 2580 3591 2620 morum
3623 2572 3676 2620 et

2081 2653 2203 2708 vitae
2255 2653 2770 2718 dissimilitudinem,
2804 2653 2951 2708 velut
2982 2653 3274 2724 quemdam
3303 2653 3671 2709 invincibilem

2081 2740 2453 2796 adversarium
2495 2741 2654 2794 reniti
2710 2739 2805 2794 tibi
2858 2739 3046 2804 sentis,
3098 2748 3151 2796 et
3179 2740 3428 2795 reluctari
3478 2740 3550 2794 ita
3579 2739 3674 2794 tibi

2081 2827 2384 2893 conveniet,
2411 2828 2482 2882 ita
2508 2828 2632 2883 vitm
2659 2835 2766 2883 tuae
2789 2828 3132 2892 consonabit,
3156 2835 3211 2882 ut
3240 2827 3506 2883 cantando
3525 2827 3674 2898 psal-

2081 2931 2220 2981 mos,
2246 2931 2355 2970 non
2377 2915 2474 2970 tibi
2501 2915 2861 2986 prophetiam,
2885 2931 2995 2970 non
3024 2915 3197 2970 verba
3226 2915 3294 2970 ab
3325 2915 3433 2971 alio
3475 2915 3674 2970 dictata

2080 3018 2324 3074 pangere
2354 3003 2613 3069 videaris,
2634 3004 2731 3058 sed
2754 3003 2907 3073 quasi
2925 3003 3141 3074 propria
3165 3003 3532 3058 devotissima:
3550 3017 3675 3058 ora-

2080 3089 2241 3144 tionis
2273 3090 2442 3146 verba
2471 3106 2654 3146 coram
2675 3091 2792 3147 Deo
2825 3090 3069 3146 fundere.
3108 3092 3175 3146 Ut
3191 3106 3324 3146 vero
3346 3090 3551 3146 morale
3571 3091 3675 3145 erit

388 3193 518 3237 cere
546 3180 803 3236 debueris
831 3153 1238 3235 animadverte:
1269 3153 1622 3250 quantitatem
1653 3153 1796 3235 enim
1826 3195 1980 3235 man-
2011 3153 2058 3216 ο
2085 3178 2231 3248 quod
2259 3178 2487 3243 dicetur,
2519 3178 2666 3233 velut
2695 3179 2986 3250 quamdam
3013 3178 3184 3243 vocis,
3215 3186 3269 3234 et
3298 3179 3422 3234 vitae
3450 3179 3673 3233 harmo-

387 3267 497 3323 dati
523 3267 740 3339 quidam
771 3267 1134 3334 advertentes,
1170 3268 1545 3338 scelerumque
1604 3283 1827 3322 suorum
1869 3283 1983 3322 ma-

387 3355 687 3429 gnitudinis
711 3355 880 3418 obliti,
895 3371 1003 3410 non
1023 3355 1147 3426 quid
1171 3354 1413 3420 fecerint,
1439 3355 1536 3409 sed
1557 3355 1686 3425 quid
1697 3355 1984 3423 jubeantur

386 3443 694 3500 attendunt.
722 3444 970 3514 Dumque
1000 3443 1069 3497 ad
1099 3443 1275 3498 levem
1307 3443 1571 3498 sarcinam
1586 3451 1638 3497 et
1662 3443 1853 3514 jugum
1881 3444 1984 3497 Do.

386 3531 520 3586 mini
548 3546 717 3587 suave
737 3531 1028 3602 trepidant,
1062 3530 1116 3584 in
1169 3530 1280 3586 suis
1310 3531 1564 3585 sordibus
1611 3539 1979 3595 remanentes,

383 3619 749 3674 damnationis
779 3619 881 3674 sibi
907 3619 1184 3674 cumulum
1214 3632 1418 3690 augere
1463 3633 1571 3673 non
1623 3625 1888 3673 metuunt.
1922 3620 1982 3672 In

384 3707 581 3778 quibus
599 3707 733 3760 illud
758 3706 1050 3761 verisimile
1072 3705 1340 3775 impletur,
1365 3705 1508 3776 quod
1529 3722 1628 3775 per
1658 3707 1981 3775 Prophetam

384 3794 590 3850 dictum
611 3801 692 3849 est
724 3810 736 3848 :
762 3794 886 3849 Illic
911 3794 1339 3864 trepidaverit-nt
1362 3796 1580 3857 timore,
1607 3795 1700 3849 ubi
1718 3811 1831 3850 non
1854 3799 1980 3848 erat

395 3884 569 3936 timor
586 3882 758 3950 (Psal.
794 3895 918 3946 xm,
951 3881 1027 3949 5).
1065 3881 1131 3935 Et
1162 3880 1293 3934 illud
1329 3895 1341 3933 :
1379 3883 1442 3937 Ut
1499 3883 1594 3952 qui
1633 3883 1696 3935 in
1730 3882 1981 3937 sordibus

387 3973 490 4034 est,
520 3968 747 4024 sordeat
765 3968 947 4024 adhuc
965 3969 1152 4038 (Apoc.
1178 3982 1314 4037 xxii,
1349 3971 1457 4036 tt).
1479 3969 1613 4023 Vide
1635 3969 1797 4024 etiam
1820 3984 1982 4040 quan-

387 4063 498 4110 tam
527 4054 965 4126 tranquillitatem
988 4055 1142 4110 bona;
1163 4056 1509 4110 conscientiae
1524 4055 1728 4122 afferat,
1755 4057 1981 4112 certiori

388 4150 442 4198 et
463 4142 709 4198 viciniori
730 4143 797 4197 ad
819 4142 1045 4198 salutem
1068 4143 1156 4197 via
1188 4143 1460 4208 incedere,
1483 4151 1536 4198 et
1556 4144 1712 4215 quasi
1741 4144 1980 4214 quodam

387 4237 549 4301 portu
578 4229 768 4286 salutis
797 4231 1168 4302 quiescentem
1224 4230 1575 4286 novissimam
1618 4233 1806 4286 horam
1836 4231 1979 4287 fidu-

389 4318 596 4375 cialiter
625 4326 962 4390 exspectare.
982 4318 1137 4386 Vide,
1172 4319 1410 4390 inquam,
1445 4327 1696 4391 quantam
1726 4318 1979 4375 fiduciam

391 4405 588 4462 haheat
641 4407 784 4478 apud
843 4407 1012 4462 Deum
1069 4407 1400 4462 conscientia
1454 4408 1627 4472 bona;
1662 4407 1742 4463 sic
1773 4407 1981 4463 scilicet

2082 3266 2248 3333 niam,
2271 3266 2368 3320 tibi
2395 3266 2788 3335 dulcissimam,
2821 3267 2937 3322 Deo
2965 3273 3143 3322 autem
3172 3266 3539 3336 gratissimam
3573 3281 3669 3321 re-

2084 3353 2320 3408 sonabis.
2357 3353 2567 3421 Quibus
2629 3353 2825 3425 epulis,
2856 3354 3050 3426 quibus
3106 3355 3434 3410 musicorum
3463 3353 3674 3408 instru-

2082 3441 2298 3508 mentis,
2333 3441 2529 3512 quibus
2559 3442 2793 3512 gaudiis,
2827 3442 2913 3496 vel
2942 3441 3030 3497 cui
3060 3442 3184 3496 vita:
3209 3442 3461 3497 humanae
3511 3441 3667 3496 dele-

2083 3528 2304 3584 ctationi
2335 3538 2417 3584 est
2444 3529 2550 3583 ista
2590 3529 2904 3598 jucunditas
2951 3529 3326 3585 conferenda?
3354 3529 3591 3585 Adverte
3622 3537 3676 3584 et

2084 3615 2252 3682 aliud,
2285 3631 2392 3672 non
2423 3617 2620 3671 minori
2669 3617 3022 3686 jucunditate,
3075 3625 3127 3672 et
3165 3617 3524 3672 delectatione
3553 3616 3676 3687 ple-

2087 3721 2234 3769 num,
2269 3704 2377 3760 imo
2407 3705 2660 3760 omnibus
2689 3704 2911 3772 divitiis,
2946 3705 3199 3760 omnibus
3259 3705 3501 3770 omnino,
3551 3720 3672 3775 quae

2075 3791 2318 3860 jucunda
2348 3792 2432 3846 vel
2475 3791 2815 3847 delectabilia
2843 3791 2898 3846 in
2929 3792 3039 3847 vita
3096 3792 3334 3846 humana
3381 3792 3669 3859 ducuntur,

2079 3879 2503 3950 prmferendum.
2542 3879 2846 3935 Beatissimi
2877 3881 3064 3935 Patres
3096 3879 3436 3948 Ambrosius,
3474 3882 3668 3952 Augu-

2081 3966 2274 4030 stinus,
2309 3967 2690 4037 Hieronymus,
2742 3967 3063 4038 Gregorius,
3106 3975 3270 4038 atque
3299 3967 3410 4034 alii,
3444 3982 3673 4039 quorum

2083 4055 2312 4124 quisque
2341 4053 2397 4108 in
2425 4054 2777 4110 tabernaculo
2807 4054 2907 4109 Dei
2935 4053 3113 4120 oﬂ‘ert,
3147 4055 3293 4125 quod
3322 4062 3520 4126 potest,
3552 4069 3670 4110 cer-

2081 4141 2226 4195 tatim
2277 4142 2375 4196 tibi
2423 4142 2563 4214 legis
2603 4143 2894 4214 aenigmata
2947 4142 3241 4206 resolvent,
3275 4143 3670 4213 prophetarum

2079 4229 2293 4284 oracula
2325 4238 2616 4300 exponant,
2651 4238 2703 4285 et
2733 4230 3015 4300 quamdam
3039 4229 3296 4284 ineffabili
3327 4230 3531 4301 gaudio
3548 4230 3674 4300 ple-

2080 4331 2207 4371 nam
2235 4317 2375 4372 Novi
2408 4325 2461 4372 et
2486 4313 2705 4373 Veteris
2752 4318 3081 4372 Testamenti
3109 4317 3544 4373 convenientiam
3575 4317 3672 4372 tibi

2080 4412 2385 4460 monstrare
2410 4406 2758 4462 contendent.
2794 4406 2890 4461 Ille
2927 4405 3024 4460 tibi
3044 4405 3426 4460 retributiones
3471 4405 3674 4476 impio-

388 4494 592 4562 vivere,
625 4502 683 4549 ut
702 4495 998 4551 secundum
1020 4495 1378 4566 apostolicam
1408 4495 1728 4549 sententiam
1763 4511 1775 4548 :
1810 4495 1864 4548 in
1897 4493 1980 4549 his
2007 4503 2060 4564 Ῑ)
2081 4508 2198 4546 rum
2227 4493 2546 4561 declarabit,
2579 4493 2672 4548 ille
2701 4493 2900 4566 gaudia
2928 4501 3147 4549 aeternis
3175 4493 3299 4550 vita:
3317 4493 3675 4561 monstrabit;

389 4598 509 4654 quae
565 4582 799 4655 agimus,
842 4599 939 4640 cor
974 4587 1238 4638 nostrum
1284 4599 1401 4639 non
1465 4582 1843 4653 reprehendat
1880 4598 1982 4637 nos

392 4671 440 4737 (l
465 4672 634 4726 Joan.
673 4685 750 4737 ιιι,
783 4672 896 4740 21).
930 4672 1124 4725 Tutum
1151 4669 1317 4742 igitur
1373 4677 1496 4740 pete
1527 4677 1761 4740 portum.
1795 4670 1982 4726 Merito

391 4757 674 4829 imperitiae
703 4758 950 4830 arguitur
977 4765 1159 4823 nauta,
1192 4757 1303 4827 qui,
1361 4773 1483 4812 cum
1538 4766 1723 4828 posset
1772 4757 1981 4813 tutioris

387 4852 579 4918 portus
609 4844 760 4900 sinus
789 4845 1009 4909 intrare,
1069 4851 1437 4914 tempestuoso
1468 4844 1633 4899 littori
1664 4860 1724 4900 se
1754 4845 1980 4900 credere

389 4948 500 4990 non
546 4932 815 4988 formidat.
877 4931 1017 4999 Quid
1071 4931 1295 5002 prodest
1351 4931 1673 5003 enavigasse
1728 4932 1974 5003 pelagus,

389 5020 632 5076 evasisse
661 5019 945 5090 procellas,
982 5019 1026 5073 si
1055 5019 1124 5074 ad
1144 5018 1292 5073 littus
1320 5029 1532 5074 metuas
1580 5020 1723 5074 idem
1755 5019 1977 5074 naufra-

394 5107 565 5178 gium,
599 5114 652 5160 et
680 5107 985 5176 importuna
1006 5105 1230 5175 crepido
1260 5105 1504 5177 naufragi
1535 5106 1727 5161 littoris
1753 5107 1978 5178 puppim

393 5193 614 5249 illidat?
644 5195 772 5248 Haec
802 5193 966 5265 igitur
993 5193 1368 5262 circumspice,
1403 5200 1457 5247 et
1492 5201 1550 5247 ut
1581 5193 1756 5248 fidelis
1786 5194 1979 5249 anima:

397 5288 502 5335 tua:
531 5280 874 5335 consiliarius
903 5279 1192 5352 diligenter
1220 5281 1442 5336 adverte
1478 5296 1489 5332 :
1523 5289 1574 5334 et
1619 5281 1977 5352 pusillanimis

393 5368 439 5421 si
471 5366 609 5422 forte
632 5366 764 5422 illud
807 5383 867 5422 es
899 5367 1019 5435 (sed
1069 5367 1208 5421 absit
1229 5369 1330 5422 hoc
1361 5383 1394 5422 a
1424 5376 1474 5423 te
1501 5367 1540 5436 l)
1572 5384 1694 5423 esse
1722 5369 1987 5424 desistas.-

389 5453 630 5510 Tertium
652 5469 864 5526 quoque
893 5470 1107 5522 moneo,
1152 5464 1209 5510 ut
1263 5456 1496 5511 orationi
1545 5457 1877 5512 creberrime
1925 5465 1978 5512 et

391 5542 744 5597 vehementer
771 5542 1006 5598 insistas.
1042 5542 1119 5597 lbi
1151 5544 1194 5598 si
1228 5543 1560 5608 ﬁducialiter,
1611 5560 1720 5600 non
1750 5545 1972 5609 timide;

2080 4579 2171 4636 ille
2198 4588 2250 4636 te
2279 4580 2335 4635 in
2366 4581 2879 4652 contemplationem
2911 4581 3102 4652 rapiet,
3136 4581 3226 4636 ille
3269 4580 3364 4635 tibi
3403 4580 3676 4652 lacrymas

2080 4667 2185 4738 piae
2215 4669 2649 4740 compunctionis
2681 4669 2936 4735 excutiet,
2966 4668 3059 4724 ille
3088 4675 3140 4724 te
3171 4669 3242 4723 ad
3296 4668 3672 4738 humilitatem,

2080 4753 2171 4811 ille
2199 4755 2269 4811 ad
2311 4757 2644 4826 patientiam,
2676 4756 2768 4812 ille
2799 4757 2869 4812 ad
2898 4757 3222 4823 castitatem,
3254 4755 3344 4812 hic
3376 4756 3444 4810 ad
3474 4755 3673 4812 mode-

2081 4843 2259 4909 stiam,
2289 4844 2380 4900 ille
2407 4845 2477 4900 ad
2507 4844 2914 4917 benignitatem,
2947 4843 3037 4900 hic
3063 4845 3132 4899 ad
3173 4843 3667 4910 mansuetudinem,

2078 4929 2171 4986 ille
2199 4931 2268 4986 ad
2299 4929 2483 4999 ﬁdem,
2515 4932 2618 4987 iste
2645 4933 2713 4986 ad
2743 4947 2917 5003 spem,
2955 4947 3147 4987 omnes
3177 4947 3306 4987 vero
3327 4938 3379 4986 te
3401 4931 3669 4987 informa-

2079 5017 2211 5072 bunt
2255 5019 2326 5074 ad
2361 5019 2675 5076 charitatem
2698 5035 2712 5073 :
2736 5035 2839 5076 nec
2881 5027 3007 5075 ante
3027 5019 3343 5085 cessabunt,
3386 5018 3564 5075 donec
3596 5019 3671 5073 ita

2079 5115 2485 5162 consummatus
2517 5107 2829 5173 inveniaris,
2866 5107 3063 5179 Spiritu
3093 5115 3280 5163 sancto
3315 5105 3516 5178 ubique
3531 5121 3671 5177 ope-

2078 5203 2250 5263 rante,
2269 5195 2470 5267 ubique
2491 5195 2860 5267 dispensante,
2882 5203 2940 5251 ut
2955 5210 3207 5252 occurras
3227 5195 3283 5249 in
3302 5194 3478 5250 virum
3498 5195 3675 5265 perfe-

2077 5290 2242 5349 ctum,
2268 5283 2321 5338 in
2355 5298 2670 5338 mensuram
2708 5283 2880 5339 aetatis
2900 5282 3248 5354 plenitudinis
3287 5281 3508 5337 Christi.
3542 5282 3670 5338 Haec

2077 5370 2280 5442 gaudia
2300 5379 2354 5425 et
2371 5371 2681 5439 hujusmodi
2698 5370 3234 5442 dispensatChristus
3246 5369 3510 5424 militibus
3531 5369 3665 5437 suis,

2077 5456 2290 5512 interim
2319 5458 2447 5513 dum
2469 5457 2648 5513 ditfert
2667 5465 2891 5513 aeterna.
2915 5459 3070 5514 Hanc
3087 5473 3333 5513 mensam
3353 5456 3434 5512 eis
3449 5455 3668 5512 interim

2075 5545 2329 5626 apposuit
2344 5545 2521 5601 donec
2531 5546 2818 5616 epulentur
2833 5554 2886 5601 et
2901 5545 3176 5602 exsultent
3191 5545 3246 5600 in
3259 5553 3553 5615 conspectu
3569 5545 3672 5601 Dei
