3938 6408
278 379 382 431 913
445 382 463 395 ⁸
1563 371 1874 430 EPISTOL}.

1976 371 2286 444 IUINQUE.
3469 377 3572 432 sit

290 498 978 556 etdelectenturinlsetitia.
1003 500 1076 555 lis
1090 500 1309 554 interim
1335 475 1552 572 gaudiis
1565 514 1659 554 eos
1676 497 1896 563 solatur,
1928 498 1984 558 Α
2008 509 2117 555 tem
2137 507 2417 563 aeternam,
2454 513 2572 570 qum
2603 507 2685 552 est
2713 499 2767 552 in
2798 499 3029 554 Christo.
3064 501 3123 554 ln
3169 500 3237 554 iis
3278 507 3459 555 autem
3485 515 3584 572 pe-

291 586 403 642 imo
436 587 555 644 haec
583 587 784 659 gaudia
805 587 1270 659 superabundanti
1296 587 1485 643 fenore
1535 594 1882 657 compensata
1988 589 2186 654 tendis,
2217 587 2380 642 modo
2409 585 2692 656 prolixius,
2723 587 2886 642 modo
2915 588 3453 658 compendiosiusest
3480 590 3583 644 im-

290 674 630 746 multiplicat,
663 691 764 746 pro
793 676 1010 748 gaudiis
1041 676 1164 731 vitae
1191 676 1496 746 praesentis,
1516 691 1636 746 qum
1653 675 1884 744 relique-

291 770 437 829 runt,
460 761 636 818 donec
665 762 980 834 centuplum
1009 763 1279 834 accipiant
1307 771 1361 818 et
1398 764 1564 818 vitam
1623 771 1885 818 aeternam

295 850 635 921 possideant.
697 852 878 906 Pauca
926 851 1142 922 quidem
1197 859 1340 917 sunt,
1392 866 1514 921 qum
1553 850 1648 904 tibi
1700 850 1885 905 dicere

287 953 534 1008 possum,
559 945 746 1008 utpote
776 939 933 994 miles
963 939 1138 995 adhuc
1165 939 1236 992 ad
1254 953 1398 994 nova
1414 938 1558 992 bella
1580 937 1765 1004 rudis;
1786 936 1884 992 sed

289 1033 347 1081 tu
375 1041 544 1097 pensa
573 1041 776 1098 magna
805 1027 874 1081 de
902 1027 1160 1093 minimis,
1193 1025 1430 1098 plurima
1450 1027 1518 1081 de
1548 1026 1762 1096 paucis.
1799 1026 1882 1080 Ab

290 1113 358 1168 iis
387 1113 600 1185 gaudiis
630 1122 682 1169 et
710 1115 899 1170 tandiu
926 1114 1167 1170 abfuisse
1189 1131 1404 1188 gemes,
1458 1122 1511 1169 et
1539 1115 1689 1170 dices
1723 1129 1735 1167 :
1767 1116 1884 1169 Heu

290 1203 458 1258 mihi!
488 1203 622 1274 quia
648 1203 936 1260 incolatu:
965 1217 1122 1259 meus
1172 1203 1544 1274 prolongata:
1573 1205 1658 1258 est
1703 1202 1878 1268 (Psal.

289 1303 444 1357 cxrx,
478 1289 555 1359 5),
589 1297 692 1346 etc.
725 1289 809 1344 Ad
829 1289 1048 1346 labores
1069 1297 1122 1345 te
1151 1291 1336 1345 vocari
1349 1290 1723 1356 credebas,ad
1747 1305 1882 1362 gau-

290 1375 382 1432 dia
407 1384 460 1432 te
481 1376 667 1432 invito.
697 1377 834 1434 Veni
863 1393 1016 1450 ergo,
1049 1393 1120 1433 ne
1161 1377 1402 1444 differas,
1435 1385 1490 1433 et
1532 1393 1747 1434 mecum
1777 1379 1881 1432 ho-

287 1479 409 1519 rum
428 1464 755 1536 gaudiorum
802 1464 1024 1532 fructus,
1059 1471 1113 1521 et
1140 1465 1343 1537 pariter
1396 1465 1513 1536 spei
1553 1473 1881 1522 aeternorum

286 1565 451 1623 carpe
478 1552 758 1610 libamina.
789 1552 920 1609 Haec
949 1553 1153 1624 gaudia
1183 1568 1286 1610 nec
1326 1554 1600 1610 somniare
1654 1561 1883 1625 possunt

285 1639 380 1712 qui
408 1641 764 1696 saacularibus
792 1643 977 1698 causis
1007 1649 1062 1698 et
1090 1641 1346 1714 negotiis,
1377 1649 1431 1697 et
1451 1642 1615 1697 variis
1635 1642 1758 1698 vitae
1785 1658 1881 1698 vo-

285 1728 580 1799 luptatibus
609 1736 660 1784 et
691 1729 836 1785 curis
880 1729 1206 1785 inserviunt.
1244 1729 1462 1786 Amisso
1492 1731 1634 1785 enim
1693 1746 1878 1797 sensu,

1985 676 2330 739 morandum,
2365 682 2525 744 prout
2545 691 2603 728 se
2633 674 2796 728 habet
2826 674 2909 729 vel
2941 676 3198 746 temporis
3255 677 3576 747 opportuni-

1985 774 2088 830 tas,
2113 764 2198 819 vel
2215 762 2516 818 devotionis
2546 761 2793 817 affectus.
2835 762 2961 816 Plus
2992 779 3120 818 vero
3164 779 3272 835 quo
3302 763 3499 820 affectu
3528 773 3582 821 et

1984 851 2278 912 desiderio.
2321 864 2483 920 quam
2511 849 2707 920 quibus
2736 849 2918 904 verbis
2948 849 3051 904 ista
3078 851 3315 920 petenda
3352 851 3462 908 sint
3488 867 3580 909 cu-

1985 956 2108 995 rare
2137 939 2420 994 debemus.
2463 937 2610 994 Deus
2631 937 2777 992 enim
2801 952 2912 992 non
2940 927 3166 994 necesse
3196 939 3360 995 habet
3390 947 3450 995 ut
3476 955 3579 997 nos

1984 1027 2034 1083 ei
2066 1025 2468 1092 necessitatem,
2500 1023 2589 1081 vel
2619 1025 2950 1081 voluntatem
2964 1033 3206 1081 nostram
3225 1026 3406 1082 verbis
3422 1027 3581 1099 quasi

1981 1113 2415 1179 manifestemus,
2449 1111 2542 1184 qui
2579 1112 2741 1182 (sicut
2793 1111 3017 1185 legitur)
3043 1113 3148 1169 scit
3202 1113 3401 1185 quibus
3436 1129 3578 1187 opus

1984 1203 2054 1257 sit
2081 1201 2260 1268 nobis,
2293 1208 2588 1272 antequam
2616 1207 2868 1271 petamus
2887 1216 3052 1268 eum;
3084 1200 3183 1257 sed
3202 1216 3304 1258 nos
3329 1200 3577 1260 inetfabi-

1983 1290 2106 1346 liter
2131 1289 2463 1362 indigemus,
2505 1297 2563 1344 ut
2599 1288 2717 1357 ejus
2746 1287 3013 1344 beneficia
3067 1289 3276 1346 ardenti
3302 1290 3576 1348 desiderio

1983 1378 2312 1450 ﬂagitamus.
2345 1377 2460 1433 Hoc
2488 1383 2672 1432 autem
2728 1381 2878 1433 tanto
2916 1375 3188 1434 efﬁcacius
3233 1392 3527 1449 possumus
3561 1399 3576 1446 ;

1984 1471 2185 1537 quanto
2215 1464 2391 1538 gratia
2419 1463 2652 1535 Spiritus
2676 1463 2854 1520 sancti
2881 1464 3138 1534 adjuvare
3194 1465 3452 1538 dignatur
3478 1483 3580 1523 no-

1984 1561 2151 1608 stram
2183 1551 2569 1607 infirmitatem.
2602 1551 2832 1608 Dicente
2856 1566 3092 1624 namque
3112 1553 3375 1624 Apostolo
3399 1571 3412 1608 :
3435 1554 3577 1622 Quid

1983 1657 2206 1696 ore-mus
2223 1641 2371 1696 sicut
2390 1644 2610 1712 oportet
2626 1640 2930 1704 nescimus,
2945 1639 3040 1695 sed
3051 1641 3171 1711 ipse
3185 1641 3438 1711 Spiritus
3449 1657 3578 1698 san-

1983 1733 2108 1784 ctus
2137 1729 2394 1800 postulat
2417 1743 2522 1800 pro
2551 1728 2708 1784 nobis
2761 1728 3062 1798 gemitibus
3091 1729 3574 1787 inenarrabilibus

285 1814 488 1886 stupidi
519 1816 706 1882 corde,
741 1823 795 1872 et
823 1817 976 1888 quasi
1005 1816 1374 1873 febricitantes
1391 1826 1540 1872 sunt.
1571 1818 1718 1874 Licet
1748 1834 1878 1874 sua-
1900 1844 1954 1911 Β
1983 1819 2164 1886 (Rom.
2204 1830 2323 1882 vui,
2500 1814 2929 1911 PostulatLdixit,
2958 1815 3116 1911 idest
3134 1815 3413 1911 postulare
3427 1817 3574 1884 facit,

286 1902 396 1970 via,
428 1903 556 1958 licet
594 1903 778 1959 dulcia
813 1903 1040 1971 fercula,
1073 1913 1127 1960 et
1156 1905 1352 1975 pocula
1409 1904 1610 1961 offeras
1661 1905 1881 1962 febrici-
1902 1900 1952 1911 "
1984 1904 2070 1959 vel
2102 1901 2410 1973 postulandi
2437 1909 2662 1973 praestat
2691 1900 2963 1958 affectum.
2995 1903 3152 1959 Nunc
3171 1903 3243 1960 ad
3271 1912 3379 1960 tres
3413 1921 3580 1977 supra

283 1990 438 2057 tanti,
467 2005 577 2046 non
606 1991 820 2062 sapiunt
848 1991 918 2058 ei,
954 1992 1082 2063 quia
1112 2009 1334 2048 sensum
1365 2008 1472 2048 non
1495 1993 1678 2048 habet.
1696 1993 1880 2048 Multi-
1982 1991 2188 2061 positas
2217 1989 2506 2061 petitiones
2525 1997 2886 2045 revertamur.
2911 1990 3152 2046 Primum
3181 2007 3316 2064 ergo
3343 1993 3581 2064 petenda

283 2077 526 2134 tudinem
557 2078 760 2150 quippe
791 2079 1097 2134 dulcedinis
1136 2096 1248 2136 suae
1277 2081 1563 2137 abscondit
1615 2080 1882 2136 Dominus
1983 2087 2066 2134 est
2094 2077 2434 2149 indulgentia
2461 2084 2832 2148 peccatorum,
2852 2093 2962 2134 non
2991 2093 3177 2134 eorum
3196 2086 3421 2146 tantum,
3445 2097 3582 2153 quo-

283 2166 598 2222 timentibus
628 2183 708 2222 se.
741 2167 854 2222 Illis
884 2167 1093 2224 scilicet
1121 2168 1407 2224 abscondit
1433 2169 1502 2223 ab
1530 2169 1679 2235 aliis;
1721 2177 1777 2223 ut
1807 2168 1883 2224 illi
1982 2183 2104 2220 rum
2129 2166 2286 2220 nobis
2317 2165 2524 2222 conscii
2551 2181 2762 2236 sumus,
2794 2165 2848 2220 id
2875 2173 2979 2236 est,
3011 2165 3066 2221 in
3087 2166 3285 2238 quibus
3315 2183 3416 2224 nos
3444 2167 3581 2226 deli-

282 2254 532 2320 sentiant,
565 2254 657 2309 alii
686 2269 815 2310 non.
863 2255 1018 2327 Rogo
1056 2263 1240 2311 autem
1271 2264 1326 2311 ut
1355 2271 1464 2311 non
1517 2257 1878 2327 prolixitatem

281 2342 578 2398 verborum
606 2358 806 2412 penses
835 2343 1239 2399 multitudinem
1259 2343 1559 2399 charitatis.
1590 2345 1880 2416 Nunquam

285 2429 428 2486 enim
459 2429 592 2484 mihi
621 2429 756 2484 satis
787 2429 1010 2498 dixisse,
1035 2447 1316 2502 nunquam
1347 2431 1476 2486 satis
1506 2431 1702 2488 fecisse
1729 2433 1878 2487 vide-

284 2517 406 2584 bor,
438 2518 619 2574 donec
639 2517 971 2574 voluntatem
991 2519 1211 2586 Christi,
1245 2527 1294 2575 et
1327 2519 1660 2575 desiderium
1697 2536 1879 2576 meum

283 2603 618 2676 impleveris.
655 2605 808 2661 Vale.
841 2597 1053 2662 Educet
1083 2614 1136 2662 te
1165 2607 1430 2662 Dominus
1460 2608 1528 2663 de
1557 2607 1678 2664 lacu
1709 2608 1877 2664 mise-

281 2691 376 2747 riae
401 2699 454 2749 et
483 2691 554 2749 de
568 2693 683 2748 luto
711 2691 881 2760 fascis,
915 2701 969 2749 et
998 2701 1200 2750 statuat
1249 2711 1412 2766 supra
1439 2702 1649 2766 petram
1707 2696 1878 2767 pedes

278 2788 420 2848 tuos,
445 2788 500 2836 et
528 2780 766 2854 dirigere
795 2781 1050 2854 dignetur
1077 2799 1305 2856 gressus
1333 2791 1472 2839 tuos.
1503 2783 1710 2854 Eripiat
1755 2785 1876 2839 ani-

277 2882 424 2924 mam
453 2876 602 2924 tuam
631 2869 702 2924 de
730 2877 926 2938 morte,
960 2869 1152 2927 oculos
1179 2878 1302 2927 tuos
1332 2887 1363 2925 a
1391 2871 1672 2942 lacrymis,
1706 2873 1876 2944 pedes

275 2963 396 3012 tuos
423 2972 457 3011 a
485 2957 664 3028 lapsu.
713 2959 908 3014 Amen.

789 3107 1204 3165 EPISTOLA
1275 3109 1364 3165 II.

864 3227 938 3268 ΔΙ)
957 3227 1271 3270 ιΑτοιῡωί.

815 3320 894 3376 De
919 3320 1081 3376 modo
1109 3318 1330 3376 orandi.

343 3423 608 3480 Lucano
637 3423 794 3480 fratri
811 3423 1154 3492 charissima,
1178 3424 1347 3482 frater
1401 3427 1674 3494 Imma,
1726 3427 1872 3484 salu-

277 3517 412 3567 tem.

343 3600 530 3671 Nuper
557 3613 683 3657 cum
711 3600 782 3656 de
805 3600 971 3658 modo
1013 3601 1206 3657 orandi
1263 3603 1527 3674 quaerenti
1556 3603 1670 3674 tibi,
1724 3603 1871 3676 quod

274 3687 506 3744 Domino
525 3687 692 3744 dante
720 3687 855 3744 mihi
883 3689 1063 3745 visum
1111 3697 1194 3745 est
1227 3691 1658 3761 respondissem,
1715 3707 1870 3747 sum-

273 3790 497 3846 mopere
525 3775 831 3846 postulasti,
863 3783 920 3831 ut
949 3777 1155 3848 scripto
1173 3777 1271 3832 tibi
1291 3777 1586 3849 dirigerem
1633 3787 1744 3841 tres
1767 3795 1870 3852 pe-

273 3862 510 3931 titiones,
543 3863 598 3919 in
638 3864 833 3936 quibus
880 3881 1149 3920 summam
1187 3866 1516 3932 orationum,
1576 3883 1716 3940 quas
1769 3884 1870 3939 pro

274 3951 434 4006 nobis
453 3951 656 4022 singuli
684 3951 932 4019 facimus,
963 3953 1212 4009 dixeram
1238 3962 1490 4010 constare
1547 3955 1769 4012 debere.
1801 3957 1872 4011 Et

273 4039 400 4112 quia
426 4040 496 4095 ad
525 4039 868 4096 excitandum
898 4041 1202 4098 devotionis
1244 4041 1518 4108 affectum,
1562 4044 1676 4100 hoc‘
1695 4044 1868 4115 pluri-

273 4143 424 4182 mum
453 4127 637 4184 valere
692 4128 960 4196 dixeram,
1005 4130 1052 4184 si
1108 4146 1218 4186 non
1277 4146 1493 4201 semper
1550 4132 1868 4188 eorumdem

273 4231 433 4270 usum
464 4215 755 4272 verborum
775 4232 1070 4289 sequamur
1099 4236 1114 4284 ;
1146 4217 1246 4274 sed
1263 4226 1421 4289 prout
1447 4217 1676 4275 affectus
1707 4219 1870 4276 dicta-

272 4303 429 4370 verit,
455 4302 623 4358 verba
651 4303 947 4371 variantes,
976 4304 1064 4361 vel
1093 4321 1158 4361 ex
1187 4305 1322 4377 ipsis
1371 4306 1726 4375 orationibus,
1760 4308 1871 4380 qui-

269 4389 371 4446 bus
400 4389 600 4446 utimur
623 4391 679 4446 in
705 4392 974 4460 Ecclesia,
1007 4392 1094 4448 vel
1123 4409 1190 4448 ex
1219 4394 1402 4449 verbis
1422 4409 1703 4450 sacrarum
1734 4395 1871 4452 Scri-

269 4486 576 4550 pturarum,
608 4479 899 4550 petitiones
927 4489 1143 4536 nostras
1182 4481 1558 4549 informemus,
1589 4484 1695 4539 hoc
1723 4499 1866 4556 quo-

269 4583 377 4639 que
405 4566 758 4624 devotissime
803 4567 1030 4639 petiisti,
1062 4576 1120 4624 ut
1149 4569 1333 4641 aliqua
1360 4570 1458 4625 tibi
1485 4571 1543 4626 in
1569 4571 1713 4628 hunc
1740 4588 1858 4626 mo-

268 4655 402 4710 dum
429 4655 876 4724 conscriberem;
909 4656 1108 4728 quibus
1124 4658 1488 4714 commonitus
1516 4659 1657 4715 hanc
1675 4661 1868 4715 orandi

268 4741 501 4799 formam
531 4743 686 4815 sequi
706 4744 940 4800 valeres.
965 4745 1278 4815 Postposita
1305 4746 1472 4818 igitur
1493 4748 1862 4815 excusatione,

265 4845 336 4886 ne
363 4830 548 4902 potius
576 4831 828 4888 charitati
856 4830 1118 4900 defuisse,
1154 4848 1318 4906 quam
1371 4834 1518 4902 juste
1574 4851 1868 4892 excusasse

267 4917 508 4985 viderer,
539 4933 641 4989 pro
668 4918 875 4975 viribus
912 4937 1048 4992 quas
1077 4921 1342 4976 Dominus
1371 4923 1503 4978 dare
1531 4923 1864 4996 dignabitur,

266 5005 544 5062 desiderio
565 5015 655 5062 tuo
685 5007 1000 5065 satisfacere
1043 5010 1270 5065 curabo.
1309 5011 1452 5066 Malo
1498 5011 1641 5068 enim
1675 5020 1731 5066 ut
1782 5029 1868 5068 me

263 5093 538 5166 imperitia
566 5111 688 5150 mea
715 5103 956 5164 accuset,
989 5112 1152 5169 quam
1183 5113 1305 5169 quae
1326 5099 1395 5154 de
1447 5100 1615 5156 corde
1646 5109 1737 5155 tuo
1768 5103 1869 5156 hoc

250 5182 413 5251 jubet
440 5183 702 5250 charitas,
739 5192 980 5240 accuset.

515 5289 614 5345 Hic
669 5291 935 5362 proponit
961 5291 1076 5346 tria
1105 5307 1222 5348 esse
1258 5294 1625 5362 postulanda.

338 5411 507 5483 Igitur
538 5420 802 5484 quantum
831 5413 1084 5485 parvitati
1113 5430 1252 5471 mea:
1283 5415 1434 5471 dedit
1489 5417 1755 5472 Dominus
1787 5418 1868 5472 in-

265 5499 534 5570 telligere,
571 5499 676 5554 tria
706 5501 969 5556 debemus
1001 5502 1201 5573 singuli
1230 5519 1330 5573 pro
1357 5504 1516 5559 nobis
1536 5505 1592 5559 in
1621 5504 1869 5561 oratione

262 5597 476 5660 petere.
513 5587 754 5644 Primum
785 5589 1002 5644 veniam
1033 5591 1376 5647 delictorum.
1401 5592 1610 5648 Deinde
1631 5591 1868 5664 agnitio-

261 5693 388 5736 nem
421 5683 476 5733 et
505 5675 881 5749 operationem
910 5678 1109 5734 divina:
1139 5679 1450 5746 voluntatis.
1485 5680 1665 5735 Tertio
1724 5680 1870 5734 salu-

1983 2255 2166 2326 quisse
2183 2253 2560 2326 cognovimus,
2586 2253 2686 2309 sed
2717 2259 2770 2310 et
2795 2268 2981 2310 eorum
3015 2253 3072 2309 in
3106 2255 3302 2326 quibus
3319 2256 3577 2328 ignoran-

1981 2349 2063 2397 ter
2090 2342 2228 2412 lapsi
2285 2357 2492 2396 sumus.
2551 2341 2609 2397 Si
2656 2341 2799 2397 enim
2856 2341 3028 2414 culpae
3075 2357 3212 2414 quas
3263 2344 3579 2417 ignoranter

1981 2429 2354 2486 commisimus
2383 2445 2494 2485 non
2541 2437 2726 2485 essent
2772 2429 3046 2500 timendae,
3084 2447 3195 2487 non
3219 2431 3494 2489 diceretur
3521 2433 3577 2488 in

1981 2517 2195 2573 Psalmo
2210 2535 2224 2572 :
2240 2519 2603 2590 Ignorantia:
2611 2533 2769 2574 mea:
2787 2534 2859 2575 ne
2873 2521 3204 2578 memineris
3221 2519 3394 2592 (Psal.
3409 2535 3573 2588 xxxv,

1979 2606 2055 2674 '7).
2090 2607 2155 2660 Et
2185 2604 2478 2677 Apostolus
2499 2621 2621 2662 cum
2669 2606 2896 2662 dixisset
2921 2622 2934 2661 :
2967 2608 3122 2665 Nihil
3147 2608 3293 2665 mihi
3319 2611 3578 2666 conscius

1978 2709 2125 2760 sum,
2155 2692 2412 2750 continuo
2429 2693 2639 2749 addidit
2669 2709 2682 2748 :
2717 2695 2815 2752 sed
2833 2711 2950 2751 non
2976 2697 3041 2752 in
3070 2697 3169 2753 hoc
3213 2697 3575 2767 justiﬁcatus

1979 2797 2103 2836 sum
2135 2781 2184 2851 (l
2213 2782 2334 2838 Cor.
2369 2797 2445 2847 IV,
2483 2782 2537 2852 4)
2572 2796 2583 2835 :
2618 2781 2872 2838 videlicet
2902 2799 2962 2839 se
3001 2783 3056 2838 in
3086 2783 3270 2839 multis
3300 2799 3398 2856 per
3425 2784 3578 2858 igno-

1978 2869 2205 2925 rantiam
2229 2867 2550 2941 deliquisse,
2602 2870 2692 2926 vel
2720 2870 3043 2943 delinquere
3071 2871 3317 2942 potuisse
3362 2873 3578 2944 signifi-

1977 2971 2129 3012 cans.
2147 2958 2305 3012 Juxta
2337 2957 2484 3029 quod
2514 2965 2566 3013 et
2595 2957 2732 3013 alius
2761 2959 3044 3030 apostolus
3071 2959 3206 3016 dixit
3237 2978 3251 3014 :
3285 2961 3351 3016 In
3375 2961 3577 3018 multis

1977 3047 2132 3100 enim
2161 3045 2500 3116 offendimus
2520 3061 2712 3102 omnes
2735 3048 2877 3117 (Jac.
2899 3060 2980 3114 nt,
3002 3048 3080 3118 2).
3101 3049 3160 3102 In
3183 3048 3425 3104 secunda
3442 3065 3575 3106 vero

1976 3133 2238 3202 petitione
2268 3132 2375 3188 duo
2394 3140 2658 3204 praeterea
2689 3133 2799 3190 dixi
2819 3150 2943 3190 esse
2998 3135 3340 3207 postulanda,
3384 3136 3440 3191 id
3469 3145 3571 3206 est,

1906 3195 1954 3259 ο
1974 3235 2085 3276 non
2114 3220 2291 3276 solum
2321 3221 2716 3292 operationem,
2747 3223 2848 3279 sed
2877 3231 2931 3279 et
2958 3195 3329 3296 cognitionem
3375 3224 3574 3282 divina:

1973 3307 2304 3400 voluntatis:
2337 3307 2468 3380 quia
2511 3308 2688 3400 facile,
2717 3318 2866 3400 errat
2897 3311 3020 3400 qu‘is
3043 3311 3100 3366 in
3127 3327 3214 3400 reo
3263 3312 3412 3400 quod
3461 3327 3572 3369 non

1974 3395 2248 3469 intelligit,
2279 3403 2334 3452 et
2361 3404 2541 3468 potest
2569 3397 2749 3469 decipi
2777 3395 2985 3470 specie‘
3003 3399 3158 3468 recti,
3217 3407 3277 3456 ut
3325 3399 3573 3458 videatur

1973 3483 2044 3549 ei,
2078 3484 2224 3555 quod
2253 3484 2456 3540 bonum
2485 3492 2589 3550 est,
2622 3485 2847 3556 malum,
2871 3494 2926 3543 et
2957 3487 3104 3559 quod
3133 3487 3341 3544 malum
3357 3488 3572 3556 est,bo-

1971 3587 2121 3628 num.
2155 3571 2308 3628 Unde
2337 3572 2604 3644 pr0pheta
2629 3589 2643 3628 :
2669 3575 2752 3630 Vce
2779 3574 2868 3630 his
2886 3576 2984 3648 qui
3013 3575 3214 3633 dicunt
3234 3577 3455 3633 malum
3482 3576 3572 3634 bo-

1971 3676 2133 3727 num,
2167 3665 2222 3716 et
2241 3660 2449 3716 bonum
2463 3662 2684 3718 malum
2706 3662 2836 3732 (Isa.
2869 3677 2926 3730 v,
2948 3663 3062 3734 20).
3087 3661 3246 3732 Quod
3264 3679 3334 3720 ne
3371 3679 3473 3720 nos
3493 3663 3570 3720 in-

1973 3762 2280 3816 curramus,
2305 3747 2564 3818 jubemur
2591 3748 2648 3804 in
2675 3749 2982 3822 Evangelio
3011 3751 3413 3808 cumcolumbae
3432 3751 3568 3807 sim-

1969 3835 2232 3907 plicitate,
2278 3836 2624 3908 prudentiam
2682 3839 2950 3910 serpentis
2993 3839 3200 3896 habere
3249 3841 3470 3910 (Matth.
3503 3855 3564 3908 ι,

1973 3925 2085 3992 16);
2119 3939 2278 3995 quam
2312 3923 2405 3998 qui
2434 3925 2657 3994 habent,
2687 3925 2842 4000 luget
2869 3941 2966 3982 eos
3015 3927 3299 3999 propheta,
3332 3927 3520 3985 dicens
3550 3948 3564 3984 :

1973 4011 2242 4083 Ephraim
2263 4015 2458 4084 [actus
2475 4019 2560 4070 est
2588 4014 2739 4072 sicut
2768 4015 3024 4072 columba
3055 4016 3308 4086 seducta,
3331 4033 3447 4076 non
3469 4016 3570 4073 ha-

1971 4099 2104 4156 ben:
2115 4115 2212 4156 cor
2231 4101 2376 4169 (Ore.
2392 4115 2489 4168 vu,
2506 4105 2615 4172 11).
2641 4102 2784 4170 Quia
2799 4102 3018 4174 quidam
3035 4103 3281 4160 volentes
3297 4103 3567 4160 columba:

1969 4187 2370 4259 simplicitatem
2399 4189 2619 4256 sectari,
2652 4205 2718 4245 eo
2747 4191 2893 4262 quod
2935 4205 3052 4257 cor,
3114 4190 3169 4246 id
3199 4199 3302 4260 est,
3360 4191 3564 4248 intelli-

1971 4275 2210 4346 gentiam
2239 4276 2483 4332 veritatis
2511 4292 2620 4332 non
2651 4277 2868 4346 habent,
2894 4278 3231 4336 seducuntur
3259 4287 3314 4334 et
3359 4287 3561 4335 errant.

1971 4362 2118 4432 Quas
2147 4363 2404 4420 tenebras
2435 4365 2636 4420 erroris
2664 4373 2718 4422 et
2745 4365 3069 4438 ignorantia:
3096 4382 3167 4423 ne
3193 4382 3294 4423 nos
3323 4367 3573 4424 incurra-

1969 4467 2111 4516 mus,
2143 4451 2292 4507 omni
2322 4452 2578 4508 instantia
2607 4460 2663 4509 et
2682 4453 2860 4508 studio
2889 4453 3158 4510 orandum
3191 4463 3292 4522 est,
3326 4461 3386 4511 ut
3413 4454 3568 4511 illum

1885 4543 1938 4604 D
1967 4538 2336 4595 sincerissima
2356 4547 2410 4596 et
2459 4540 3002 4610 perseverantissima
3053 4540 3357 4597 imitatione
3411 4543 3566 4614 sequi

1970 4642 2296 4694 mereamur,
2319 4627 2412 4699 qui
2433 4627 2564 4684 dicit
2597 4643 2610 4682 :
2650 4629 3022 4700 Quisequitur
3039 4645 3154 4696 me,
3180 4646 3296 4686 non
3309 4630 3564 4686 ambulat

1967 4714 2031 4769 in
2063 4715 2328 4781 tenebris,
2363 4715 2458 4772 sed
2489 4715 2653 4772 habet
2688 4717 2882 4772 lumen
2915 4717 3046 4772 vita:
3079 4718 3262 4785 (Joan.
3296 4732 3417 4785 νιιι,
3451 4721 3562 4789 12).

1969 4801 2229 4874 Operatio
2253 4818 2385 4859 vero
2405 4803 2604 4860 divina:
2647 4803 2934 4860 voluntatis
2971 4805 3026 4860 in
3055 4804 3162 4860 illis
3191 4805 3407 4862 duobus
3437 4820 3567 4861 con-

1969 4891 2128 4955 sistit,
2164 4907 2286 4962 quae
2318 4891 2558 4948 breviter
2579 4907 2840 4964 expressa
2883 4900 3026 4964 sunt,
3071 4893 3165 4949 ubi
3194 4893 3396 4949 dictum
3453 4902 3564 4950 est:

1969 4979 2203 5035 Declina
2234 4996 2269 5034 a
2297 4981 2448 5037 malo
2479 4984 2537 5036 et
2554 4983 2648 5050 fac
2679 4981 3078 5051 bonum(Psal.
3101 4996 3305 5046 xxxvr,
3324 4979 3565 5051 27.Quae

1969 5070 2076 5122 duo
2098 5083 2261 5138 quam
2293 5068 2624 5138 generaliter
2651 5069 3119 5140 comprehendant
3149 5069 3414 5143 quidquid
3444 5069 3570 5125 ubi-

1971 5171 2076 5225 que
2098 5155 2149 5209 in
2183 5156 2476 5226 Scripturis
2503 5157 2834 5228 praecipitur,
2867 5157 3030 5214 facile
3068 5157 3294 5230 quilibet
3320 5157 3570 5214 animad-

1971 5243 2146 5298 vertit.
2181 5244 2359 5300 Tertio
2389 5244 2550 5313 (sicut
2597 5244 2730 5313 dixi)
2773 5246 3016 5316 petenda
3053 5255 3136 5301 est
3179 5247 3287 5302 vita
3341 5253 3566 5313 aeterna,

1972 5339 2028 5387 ut
2059 5331 2291 5402 simplici
2323 5332 2500 5399 oculo,
2531 5333 2585 5387 id
2634 5340 2736 5399 est,
2787 5333 3001 5390 sincera
3051 5334 3350 5390 intentione
3397 5335 3572 5390 Deum

1974 5435 2285 5490 quaeramus
2320 5438 2334 5484 ;
2367 5429 2420 5475 et
2471 5419 2528 5474 in
2561 5420 2812 5476 omnibus
2845 5437 2967 5493 qua:
3021 5422 3255 5494 agimus,
3298 5438 3474 5494 neque
3503 5423 3573 5477 ad

1971 5507 2268 5577 appetitum
2288 5507 2465 5563 laudis
2495 5509 2764 5575 humanae,
2790 5507 2938 5578 quod
2981 5517 3061 5565 est
3077 5510 3436 5581 hypocrysis;
3471 5527 3573 5565 ne-

1975 5611 2080 5666 que
2097 5595 2164 5650 ad
2197 5594 2463 5666 quidlibet
2492 5595 2660 5662 aliud,
2694 5596 2801 5650 nisi
2821 5604 3028 5652 tantum
3050 5599 3121 5653 ad
3143 5599 3319 5653 Deum
3365 5597 3577 5652 haben-

1973 5683 2103 5740 dum
2118 5691 2303 5737 nostra
2326 5683 2575 5739 ﬂectatur
2602 5682 2848 5743 intentio.
2871 5686 2936 5740 In
2956 5687 3350 5756 simplicitate,
3374 5685 3569 5755 inquit,
