3938 6398
353 389 456 441 915

1307 393 1602 449 JOANNIS
1642 395 1886 450 CARTH.
1931 393 2310 452 PORTARUM
2347 398 2684 455 MONACHI.

3534 404 3636 456 916

355 511 540 567 cordis
563 515 976 584 quariteillum
995 516 1150 588 (Sap.
1184 533 1219 582 ι,
1258 519 1328 586 1).
1353 519 1422 573 Et
1444 521 1549 575 :Ne
1567 520 1948 576 accesserisad
1967 521 2020 580 A
2050 530 2156 590 tur,
2191 524 2545 590 ostendimus,
2580 532 2759 596 potest
2789 525 3013 597 quilibet
3041 541 3149 580 una
3187 525 3347 580 simul
3390 525 3635 581 oratione

355 599 529 656 Deum
559 600 772 672 duplici
802 603 965 659 corde
997 605 1168 674 (Eccl.
1193 620 1230 671 ι,
1256 609 1367 677 36).

565 707 642 761 De
671 708 789 763 illis
829 727 951 781 quae
981 712 1360 769 inveniuntur
1392 716 1453 769 in
1475 715 1728 785 psalmis.

422 824 550 879 Haac
575 833 752 880 autem
785 827 906 894 tria,
939 829 1054 884 sive
1103 839 1335 900 quatuor
1365 847 1523 902 quam
1580 831 1947 902 multipliciter

353 918 406 966 et
425 911 570 966 varie
600 912 655 966 in
686 913 1001 984 Scripturis,
1029 925 1078 970 et
1115 919 1348 973 maxime
1380 920 1432 972 in
1470 919 1694 989 psalmis
1750 928 1945 989 petan-

353 1006 457 1063 tur,
487 997 645 1054 facile
676 1009 855 1070 potest
899 1003 1206 1070 advertere,
1242 1006 1330 1076 qui
1362 1007 1677 1078 diligentem
1707 1008 1946 1061 auditum

355 1086 551 1140 divinis
580 1087 811 1159 eloquiis
833 1091 980 1145 novit
1003 1092 1284 1148 adhibere.
1311 1095 1389 1148 Ex
1413 1096 1604 1165 quibus
1629 1095 1777 1163 juxta
1807 1095 1949 1164 peti-

353 1173 552 1228 tionem
583 1183 732 1229 tuam
763 1176 945 1248 aliqua
974 1194 1192 1248 ponam,
1219 1188 1276 1234 ut
1296 1197 1360 1235 ex
1382 1182 1467 1235 his
1499 1191 1662 1252 prout
1693 1183 1786 1236 tibi
1821 1183 1948 1252 Spi-

356 1261 487 1315 ritus
515 1271 735 1318 sanctus
766 1263 1034 1334 inspirare
1072 1268 1404 1339 dignabitur)
1435 1278 1486 1324 et
1517 1271 1677 1324 verba
1708 1270 1764 1324 in
1819 1286 1951 1324 ora-

355 1349 502 1404 tione
524 1350 738 1406 variare
779 1351 979 1417 discas,
1013 1356 1158 1424 quod
1201 1356 1268 1410 ad
1316 1357 1653 1412 excitandam
1702 1358 1952 1412 devotio-

355 1453 482 1492 nem
503 1437 689 1494 valere
719 1439 850 1508 dixi,
884 1449 936 1496 et
962 1442 1251 1511 petitiones
1280 1452 1402 1498 tuas
1431 1461 1601 1517 queas
1641 1445 1949 1500 informare.

501 1561 578 1617 De
597 1562 714 1617 illis
745 1579 866 1634 qua:
897 1565 1087 1620 valent
1120 1566 1192 1620 ad
1218 1568 1521 1639 petendam
1555 1570 1803 1625 veniam.

435 1683 516 1737 Ad
544 1685 837 1754 petendam
853 1685 1018 1756 igitur
1048 1688 1262 1743 veniam
1283 1689 1624 1759 delictorum,
1645 1695 1751 1746 ista
1779 1692 1961 1746 valent

369 1787 488 1841 qua:
517 1770 572 1826 in
589 1771 812 1840 psalmis
832 1774 1005 1843 posita
1026 1784 1151 1830 sunt
1175 1791 1187 1830 :
1209 1779 1286 1833 Ab
1312 1781 1548 1834 occultis
1577 1781 1717 1834 meis
1744 1780 1961 1834 munda

2043 620 2250 682 petere,
2275 613 2348 667 ita
2378 613 2611 669 dicendo
2637 630 2648 667 :

2555 721 2742 775 Oratio
2764 721 2835 774 ad
2866 723 3114 775 Patrem.

2117 807 2344 861 Domine
2366 816 2552 862 sancte
2588 809 2767 872 Pater,
2801 807 2893 878 qui
2923 808 3162 863 vivificas
3183 817 3445 874 mortuos,
3480 817 3530 862 et
3548 825 3640 863 vo-

2047 909 2137 949 cas
2168 911 2229 948 ea
2252 911 2372 964 quae
2402 911 2509 949 non
2541 905 2662 950 sunt
2691 905 2948 966 tanquam
2979 911 3045 950 ea
3072 913 3191 967 quae
3214 904 3356 962 sunt,
3389 904 3638 966 peccato-

2051 997 2166 1036 rem
2195 999 2279 1035 me
2319 992 2726 1048 servumtuum,
2760 1000 2923 1054 quem
2967 985 3035 1037 de
3061 992 3234 1038 morte
3295 992 3640 1053 peccatorum

2050 1085 2294 1124 meorum
2325 1071 2392 1124 ad
2424 1079 2571 1125 tuam
2601 1071 3028 1126 misericordiam
3059 1087 3258 1127 vocare
3288 1072 3541 1141 dignatus
3563 1087 3640 1135 es,

2051 1159 2117 1210 ab
2138 1159 2389 1212 omnibus
2419 1159 2658 1213 reatibus
2689 1167 2741 1212 et
2782 1159 3020 1228 peccatis
3051 1160 3188 1214 meis
3226 1159 3645 1214 misericorditer

2053 1246 2273 1300 absolve
2307 1255 2399 1300 :et
2429 1247 2554 1300 data
2586 1247 2715 1301 mihi
2756 1247 3116 1317 intelligentia
3172 1263 3280 1318 qua
3307 1247 3543 1313 videam,
3595 1255 3649 1301 et

2054 1333 2318 1387 charitate
2349 1350 2458 1404 qua
2490 1335 2721 1388 serviam
2751 1335 2847 1388 tibi
2879 1343 2931 1390 et
2961 1335 3135 1390 servis
3162 1335 3289 1403 tuis,
3322 1334 3410 1390 fac
3437 1350 3525 1388 me
3574 1334 3649 1388 ita

2055 1437 2272 1490 semper
2302 1421 2358 1475 in
2387 1430 2478 1476 tuo
2497 1421 2759 1476 famulatu
2789 1423 2855 1476 ad
2903 1422 3131 1477 meliora
3173 1421 3457 1492 proﬁcere,
3510 1429 3566 1475 ut
3595 1421 3649 1474 in

2057 1523 2232 1580 regno
2261 1517 2352 1563 tuo
2381 1519 2617 1580 coeptum
2639 1525 2777 1580 opus
2805 1509 3310 1565 misericordimtuaa
3327 1509 3382 1564 in
3402 1525 3488 1564 me
3517 1524 3648 1578 per-

2059 1595 2232 1651 ﬁcias.
2277 1597 2379 1651 Per
2409 1598 2719 1663 Dominum,
2755 1605 2860 1653 etc.

2489 1705 2618 1758 Alia
2648 1705 2831 1760 oratio
2861 1704 2932 1758 ad
2971 1705 3222 1758 Patrem.

2133 1790 2362 1845 Domine
2394 1798 2580 1846 sancte
2609 1791 2786 1856 Pater,
2833 1790 2924 1862 qui
2954 1791 3100 1861 quod
3131 1789 3368 1860 perierat
3397 1789 3650 1860 requiris,

369 1874 477 1924 me,
513 1860 744 1916 Domine
770 1861 1374 1934 (Psal.xvm,13).Et:
1408 1867 1627 1921 Delicta
1641 1869 1961 1934 iuventutis
1981 1864 2033 1924 B
2065 1886 2117 1932 ei
2147 1879 2293 1948 quod
2323 1879 2591 1946 abjectum
2639 1887 2756 1934 erat
2813 1860 3050 1945 reduc’iS,
3081 1885 3134 1932 et
3189 1877 3335 1948 quod
3373 1876 3575 1946 pingue
3605 1884 3657 1932 et

368 1961 526 2014 meas,
573 1951 629 2002 et
657 1948 1010 2019 ignorantia:
1057 1966 1212 2006 meas
1267 1969 1339 2008 ne
1403 1956 1734 2010 memineris
1774 1956 1956 2022 (Psal.

371 2049 531 2101 xxxv,
553 2035 630 2104 '7).
653 2035 721 2090 Et
744 2051 757 2089 :
776 2039 1012 2109 Propter
1031 2054 1236 2094 nomen
1257 2044 1421 2095 tuum
1439 2043 1853 2113 propitiaberis,
1871 2043 1966 2099 Do-

372 2123 548 2188 minc,
570 2128 802 2194 peccato
822 2141 962 2192 meo,
987 2127 1238 2182 multum
1267 2133 1349 2184 est
1370 2131 1523 2184 enim
1538 2130 1691 2198 (ibid.
1709 2131 1818 2199 11).
1854 2131 1922 2183 Et
1953 2145 1965 2184 :

379 2211 504 2266 Vide
516 2212 903 2267 humilitatem
915 2229 1100 2269 meam
1117 2219 1172 2270 et
1187 2215 1430 2270 laborem
1448 2232 1657 2282 meum,
1673 2221 1729 2272 et
1741 2218 1968 2273 dimitte

375 2299 649 2354 universa
675 2300 883 2355 delicta
907 2317 1034 2356 mea
1062 2302 1240 2370 (ibid.,
1267 2305 1376 2372 18).
1401 2304 1469 2357 Et
1499 2322 1512 2358 :
1545 2306 1620 2360 Ne
1642 2306 1970 2361 memineris

379 2386 753 2458 iniquitatum
791 2393 1121 2444 nostrarum
1161 2393 1552 2462 antiquarum,
1575 2393 1667 2448 sed
1689 2395 1972 2464 propitius

378 2477 494 2529 esto
541 2475 788 2545 peccatis
823 2476 1034 2531 nostris
1066 2482 1298 2549 prapter
1342 2495 1549 2536 nomen
1597 2485 1762 2535 tuum
1794 2481 1968 2548 (Psal.

378 2574 616 2629 Lxxvm,
640 2563 774 2630 8,9).
798 2562 866 2617 Et
890 2577 902 2616 :
926 2564 1046 2620 Non
1076 2566 1258 2620 intres
1287 2566 1349 2620 in
1368 2567 1655 2636 judicium
1676 2585 1804 2623 cum
1817 2583 1974 2623 servo

381 2653 498 2716 tuo,
531 2650 785 2714 Domine,
817 2653 950 2722 quia
987 2668 1102 2707 non
1130 2653 1548 2722 justiﬁcabitur
1577 2658 1640 2710 in
1673 2660 1975 2727 conspectu

384 2741 482 2792 tuo
499 2738 684 2803 omnis
703 2738 890 2794 vivens
909 2740 1084 2809 (Psal.
1107 2755 1273 2806 chu,
1293 2744 1368 2810 2).
1391 2743 1459 2796 Et
1493 2760 1506 2796 :
1538 2743 1740 2798 Averte
1769 2745 1976 2814 faciem

385 2830 544 2880 tuam
590 2842 626 2880 a
651 2827 901 2897 peccatis
928 2829 1089 2894 meis,
1115 2833 1175 2884 et
1201 2845 1396 2885 omnes
1439 2831 1774 2901 iniquitates
1821 2847 1976 2886 meas

384 2913 506 2968 dele
528 2914 704 2983 (Psal.
723 2929 773 2979 L,
796 2915 904 2984 11),
921 2922 975 2970 et
995 2923 1208 2981 cratera,
1233 2932 1354 2988 quae
1372 2917 1427 2971 in
1448 2918 1661 2985 eodem,
1689 2927 1742 2972 et
1773 2919 1828 2972 in
1857 2919 1977 2974 aliis

387 3000 612 3071 psalmis
643 3001 843 3070 scripta
874 3010 1017 3056 sunt.
1051 3005 1184 3058 Item
1205 3003 1333 3058 alibi
1382 3022 1396 3058 :
1448 3006 1524 3060 Ne
1569 3007 1976 3072 reminiscaris,

389 3090 644 3154 Domine,
660 3088 870 3145 delicta
885 3105 1031 3156 mea,
1054 3092 1142 3156 vel
1168 3097 1475 3163 parentum
1495 3107 1771 3161 meorum,
1802 3110 1980 3166 neque

395 3177 708 3232 vindictam
737 3192 929 3232 sumas
956 3178 1022 3234 de
1050 3181 1300 3250 peccatis
1347 3182 1487 3237 meis
1517 3183 1662 3250 (Tob.
1714 3196 1795 3248 ιιι,
1819 3184 1899 3251 3).

435 3299 643 3368 Quibus
664 3301 940 3355 utendum
961 3301 1038 3357 sit
1063 3302 1135 3357 ad
1151 3303 1455 3374 petendam
1475 3305 1942 3377 intelligentiam.

459 3423 544 3478 Ad
581 3423 870 3494 petendam
900 3440 1028 3481 vero
1047 3425 1461 3500 intelligentiam
1491 3428 1746 3497 veritatis,
1794 3429 1879 3484 his
1907 3431 1985 3486 uti

395 3526 704 3582 possumus,
739 3527 860 3584 qua:
889 3513 958 3569 de
987 3515 1170 3570 multis
1193 3530 1371 3586 pauca
1400 3532 1809 3574 commemoro:
1842 3521 1984 3575 Illu-

394 3599 556 3656 mina
584 3600 774 3657 oculos
786 3615 954 3668 meos,
989 3619 1062 3658 ne
1080 3621 1332 3675 unquam
1361 3605 1702 3662 obdormiam
1722 3608 1784 3662 in
1807 3612 1986 3664 morte

395 3686 572 3757 (Psal.
606 3703 710 3755 xu,
746 3689 820 3759 ι).
852 3689 950 3744 Et:
989 3691 1262 3758 Quoniam
1279 3696 1342 3747 tu
1371 3693 1670 3749 illuminas
1695 3695 1986 3751 lucernam

393 3791 599 3840 meam,
618 3778 872 3844 Domine;
894 3778 1040 3834 Deus
1057 3795 1233 3848 meus,
1252 3782 1296 3835 il
1303 3781 1524 3836 lumina
1541 3782 1800 3838 tenebras
1811 3800 1984 3852 meas,

399 3863 572 3931 (Psal.
605 3878 748 3931 xvu,
773 3865 892 3935 29).
921 3865 1057 3920 Item
1081 3883 1095 3921 :
1116 3869 1237 3923 Vias
1277 3872 1424 3934 tuas,
1451 3870 1706 3937 Domine,
1755 3872 1987 3928 demon-

399 3954 521 4006 stra
548 3950 712 4016 mihi,
745 3957 801 4007 et
830 3955 1064 4010 semitas
1095 3959 1223 4011 tuas
1251 3957 1413 4012 edoce
1429 3957 1703 4027 me(Psal.
1735 3973 1890 4026 xxiv,
1911 3960 1985 4030 4).

397 4037 468 4092 Et
502 4052 517 4091 :
550 4039 752 4094 Notam
779 4041 874 4110 fac
902 4039 1046 4097 mihi
1069 4043 1220 4098 viam
1266 4044 1331 4099 in
1361 4061 1470 4116 qua
1501 4044 1782 4100 ambulem
1812 4047 1986 4113 (Psal.

399 4140 568 4193 exui,
589 4126 664 4195 8).
679 4127 744 4182 Et
761 4143 773 4182 :
793 4128 932 4186 Doce
949 4145 1037 4186 me
1055 4136 1243 4200 [acere
1260 4133 1614 4189 voluntatem
1628 4138 1788 4190 tuam
1809 4136 1986 4203 (ibid.,

402 4213 596 4284 10).Et
618 4228 631 4268 :
653 4216 794 4270 Doce
823 4231 912 4272 me
940 4219 1383 4288 justiﬁcationes
1417 4226 1546 4276 tuas
1577 4223 1752 4291 (Psal.
1791 4238 1988 4291 cxvm,

398 4301 510 4370 26).
525 4302 621 4356 Et:
646 4304 728 4358 Da
739 4305 881 4359 mihi
897 4305 1348 4372 intellectum,ut
1363 4307 1578 4364 discam
1596 4311 1870 4366 mandata
1891 4315 1992 4366 tua

402 4387 580 4457 (ibid.,
611 4392 724 4461 73),
758 4398 861 4446 etc.
896 4391 1001 4462 Qui
1030 4409 1160 4449 vero
1190 4394 1321 4452 dicit
1355 4411 1366 4449 :
1404 4398 1632 4454 Utinam
1664 4399 1994 4469 dirigantur

398 4478 502 4532 vice
530 4493 670 4534 mea
696 4479 769 4535 ad
797 4481 1192 4538 custodiendas
1215 4484 1661 4554 justi/icationes
1673 4489 1801 4541 tuas
1830 4486 1989 4555 (ibid.

399 4565 473 4635 ὃ).
493 4565 562 4619 Et
585 4583 598 4619 :
618 4566 802 4623 Deduc
813 4585 903 4624 me
916 4569 982 4624 in
998 4571 1260 4626 semitam
1271 4573 1673 4629 mandatorum
1694 4573 1848 4644 (ibid.
1860 4578 1990 4644 ,35);

401 4661 453 4708 et
478 4671 492 4708 :
529 4655 759 4712 Gressus
789 4673 941 4713 meos
970 4657 1146 4730 dirige
1173 4660 1485 4716 secundum
1519 4663 1800 4732 eloquium
1831 4667 1996 4718 tuum

399 4741 580 4812 (ibid.,
607 4744 731 4814 133)
756 4760 768 4799 :
792 4752 846 4800 et
874 4753 1074 4801 cetera
1105 4762 1226 4818 quae
1246 4747 1301 4801 in
1329 4748 1433 4804 hoc
1464 4749 1736 4819 prmeipue
1763 4750 1992 4819 psalmo,

403 4829 497 4900 qui
526 4845 643 4900 prae
664 4831 878 4887 caeteris
907 4832 1126 4888 moralis
1148 4841 1251 4897 est,
1300 4841 1461 4906 atque
1517 4837 1572 4890 in
1619 4837 1740 4892 aliis
1771 4838 1996 4908 psalmis

399 4917 455 4972 in
501 4917 648 4974 hunc
705 4919 927 4974 modum
982 4921 1176 4990 posita,
1234 4921 1465 4994 intelligi
1495 4924 1712 4995 quidem
1744 4933 1993 4996 possunt,

399 5006 499 5061 sed
527 5007 806 5062 numerari
837 5007 925 5062 vix
953 5016 1200 5077 possunt.
1261 5009 1367 5078 Qui
1397 5026 1533 5083 ergo
1585 5013 1702 5067 haec
1732 5021 1784 5067 et
1815 5015 1996 5082 hujus-

399 5093 546 5148 modi
576 5093 724 5162 dicit,
761 5093 891 5164 quid
930 5095 1032 5148 nisi
1063 5096 1395 5152 voluntatem
1424 5099 1526 5154 Dei
1553 5098 1734 5156 facere
1765 5102 1991 5172 quierit;

402 5179 494 5250 qui
525 5187 709 5235 autem
739 5181 829 5251 pio
859 5183 1062 5254 gemitu
1090 5183 1257 5240 dicit:
1287 5187 1402 5241 Heu
1426 5188 1600 5243 mihi!
1621 5191 1750 5260 quia
1781 5191 1994 5245 incola-

401 5273 492 5322 tus
521 5283 679 5323 meus
703 5271 1076 5342 prolongatus
1109 5277 1221 5327 est!
1245 5275 1418 5343 (Psal.
1453 5289 1608 5342 cxlx,
1630 5278 1706 5345 5.)
1736 5277 1840 5331 Et:
1874 5279 1994 5334 Non

399 5357 719 5426 confundas
755 5373 845 5413 me
875 5359 942 5414 ab
985 5361 1410 5432 exspectatione
1433 5380 1558 5418 mea
1585 5364 1758 5434 (Psal.
1795 5380 1988 5434 cxvm,

403 5444 546 5513 116).
581 5444 646 5498 Et
680 5459 693 5497 :
729 5444 957 5512 Quando
986 5449 1211 5504 veniam
1235 5453 1291 5504 et
1317 5453 1590 5522 apparebo
1619 5458 1754 5508 ante
1784 5455 1993 5524 faciem

402 5532 503 5587 Dei
531 5532 706 5601 (Psal.
744 5547 858 5599 xm,
893 5535 966 5605 3),
995 5543 1047 5590 et
1074 5545 1268 5592 cmtera
1297 5539 1601 5608 hujusmodi
1637 5559 1650 5607 ;
1690 5541 1876 5612 utique
1906 5542 1991 5597 vi-

406 5615 613 5671 sionem
634 5617 754 5685 Dei,
788 5626 841 5672 et
867 5618 988 5675 vitae
1019 5628 1237 5677 internae
1256 5624 1530 5693 promissa
1559 5625 1831 5680 desidera.
1866 5627 1993 5681 Haec

403 5711 582 5761 autem
614 5723 733 5778 qua:
768 5709 1036 5780 quomodo
1095 5710 1368 5784 sigillatim
1396 5713 1449 5768 in
1481 5714 1768 5784 Scripturis
1798 5722 1992 5784 petan-

2067 1964 2202 2020 forte
2225 1967 2469 2021 custodis
2501 1985 2514 2031 ;
2545 1965 2755 2022 custodi
2787 1966 2931 2022 circa
2959 1981 3048 2020 me
3076 1979 3244 2035 opera
3271 1963 3656 2019 misericordias

2067 2060 2189 2121 tua},
2223 2069 2383 2124 quem
2411 2060 2680 2108 errantem
2713 2053 3011 2124 requirere,
3037 2059 3089 2107 et
3109 2053 3180 2106 ad
3209 2067 3340 2108 oves
3365 2059 3486 2106 tuas
3506 2050 3660 2105 redu-

2069 2131 2193 2196 cere
2224 2141 2480 2210 dignatus
2512 2157 2592 2206 es,
2624 2149 2678 2196 et
2707 2155 2969 2196 concessa
2999 2140 3130 2194 mihi
3159 2141 3318 2209 plena
3347 2139 3507 2194 venia
3535 2153 3656 2193 om-

2068 2228 2217 2282 nium
2248 2224 2572 2284 delictorum
2609 2243 2878 2290 meorum,
2911 2229 2982 2282 da
3019 2227 3150 2280 mihi
3193 2227 3268 2280 ita
3313 2225 3616 2298 intelligere
3641 2269 3654 2289 ,

2071 2323 2124 2370 et
2152 2332 2276 2370 cum
2307 2317 2489 2371 debita
2510 2315 2919 2386 perseverantia
2934 2315 3116 2371 facere
3137 2314 3468 2370 voluntatem
3487 2321 3653 2377 tuam,

2070 2411 2130 2459 ut
2157 2403 2531 2460 misericordia
2561 2404 2887 2475 sempiterna
2908 2402 3216 2458 miserearis
3243 2401 3372 2457 mei.
3404 2401 3509 2456 Per
3557 2402 3657 2454 Do-

2071 2493 2298 2560 minum,
2323 2500 2429 2547 etc.
3169 2510 3174 2514 δ

2616 2560 2754 2616 Item
2784 2562 2904 2616 alia
2932 2562 3132 2618 oratio.

2146 2666 2376 2722 Domine
2402 2674 2585 2721 sancte
2607 2667 2784 2735 Pater,
2821 2665 2914 2737 qui
2942 2681 3051 2721 non
3097 2665 3180 2719 vis
3207 2671 3438 2719 mortem
3467 2677 3662 2734 pecca-

2075 2762 2275 2820 torum,
2305 2769 2408 2810 nec
2434 2753 2720 2810 delectaris
2750 2754 2805 2808 in
2834 2751 3229 2824 perditionibus
3284 2751 3507 2816 nostris,
3541 2749 3662 2804 dele

2075 2851 2132 2898 ut
2150 2843 2352 2898 nubem
2395 2841 2707 2912 iniquitates
2752 2857 2923 2907 meas,
2955 2849 3009 2896 et
3038 2841 3192 2911 quasi
3247 2839 3500 2894 nebulam
3528 2852 3662 2909 pec-

2078 2939 2203 2986 cata
2228 2945 2372 2995 mea,
2406 2937 2459 2985 et
2496 2930 2550 2984 in
2607 2929 2884 3001 agnitione
2913 2936 2965 2983 et
3003 2927 3318 2998 operatione
3376 2925 3666 2982 voluntatis

2077 3026 2202 3083 tuae,
2238 3018 2325 3073 fac
2345 3033 2432 3072 me
2455 3018 2524 3072 ita
2575 3033 2700 3072 cum
2729 3017 2939 3072 sincera
2978 3015 3277 3070 humilitate
3307 3028 3667 3085 perseveran-

2077 3114 2186 3162 tem
2216 3105 2415 3160 habere
2444 3105 2767 3176 profectum,
2800 3113 2858 3158 ut
2887 3103 3098 3160 salvum
3127 3119 3216 3158 me
3237 3102 3404 3158 facias
3423 3102 3477 3157 in
3499 3115 3668 3172 regno

2012 3209 2056 3268 ο
2078 3203 2170 3250 tuo
2195 3193 2423 3250 coelesti.
2477 3194 2581 3248 Per
2611 3192 2928 3249 Dominum.

2606 3299 2797 3354 Oratio
2825 3297 2897 3352 ad
2935 3298 3166 3354 Filium.

2153 3386 2382 3442 Domine
2411 3386 2543 3442 Jesu
2576 3385 2806 3451 Christe,
2843 3385 2936 3456 qui
2964 3384 3166 3440 venisti
3194 3397 3439 3455 querere
3473 3389 3526 3437 et
3559 3381 3673 3437 sal-

2085 3491 2210 3532 vum
2241 3475 2422 3530 facere
2463 3475 2608 3546 quod
2663 3473 2922 3544 perierat,
2955 3471 3169 3528 vivifica
3196 3488 3282 3526 me
3330 3479 3673 3541 peccatorem

2087 3579 2305 3620 servum
2353 3570 2522 3627 tuum,
2564 3578 2727 3634 quem
2780 3559 2988 3617 vocasti
3020 3567 3110 3615 :et
3137 3559 3275 3614 dans
3305 3558 3433 3612 mihi
3469 3558 3673 3613 intelli-

2086 3652 2325 3727 gentiam
2354 3658 2410 3708 et
2457 3649 2861 3706 observantiam
2897 3648 3279 3703 mandatorum
3315 3654 3550 3710 tuorum,
3583 3644 3676 3700 ubi

2086 3739 2380 3795 abundavit
2405 3746 2711 3810 peccatum,
2751 3737 2827 3792 ita
2855 3735 2940 3792 fac
2969 3735 3197 3808 gratiam
3213 3734 3674 3805 superabundare,

2089 3838 2147 3884 ut
2176 3826 2570 3898 redemptionis
2599 3834 2652 3881 et
2697 3823 3110 3882 resurrectionis
3164 3830 3270 3878 tuae
3325 3837 3446 3877 cum
3491 3821 3678 3876 electis

2087 3917 2195 3973 tuis
2249 3931 2338 3971 me
2378 3915 2548 3972 facias
2578 3913 2842 3970 veraciter
2885 3928 3009 3968 esse
3051 3910 3388 3983 participem.
3431 3909 3536 3978 Qui
3589 3909 3678 3964 vi-

2089 4007 2192 4073 vis,
2225 4012 2330 4061 etc.

2516 4075 2644 4130 Alia
2674 4073 2856 4130 oratio
2904 4072 2978 4127 ad
3022 4071 3250 4126 Filium.

2164 4180 2395 4237 Domine
2421 4180 2552 4234 Jesu
2574 4178 2808 4244 Christe,
2851 4177 2943 4249 qui
2982 4191 3042 4230 es
3086 4174 3175 4230 lux
3226 4189 3372 4239 vera,
3406 4189 3525 4244 quae
3551 4174 3680 4228 illu-

2093 4269 2270 4326 minas
2299 4283 2518 4324 omnem
2585 4266 2862 4323 hominem
2920 4263 3226 4320 venientem
3254 4261 3308 4316 in
3337 4262 3480 4316 hunc
3526 4277 3682 4316 mun-

2095 4358 2243 4423 dum,
2265 4355 2420 4412 aufer
2439 4354 2694 4410 tenebras
2725 4360 3070 4425 peccatorum
3090 4365 3357 4418 meorum,
3381 4356 3433 4405 et
3462 4349 3533 4405 da
3551 4350 3683 4405 mihi

2095 4445 2424 4501 illuminatos
2454 4443 2641 4498 oculos
2669 4442 2872 4506 cordis,
2932 4440 3003 4495 ad
3032 4437 3472 4509 cognoscendum
3495 4444 3568 4505 te,
3630 4445 3682 4492 et

2014 4557 2067 4616 D
2096 4534 2163 4589 ad
2223 4531 2631 4604 intelligendam
2680 4538 2733 4586 et
2790 4528 3092 4586 faciendam
3137 4526 3468 4616 voluntatem
3492 4532 3684 4616 fuam,

2096 4636 2199 4677 nec
2215 4637 2305 4676 me
2334 4620 2573 4675 dimittas
2600 4620 2654 4674 in
2669 4625 2993 4690 perpetuum
3023 4630 3055 4670 a
3084 4622 3138 4669 te
3169 4611 3429 4684 separari.
3480 4611 3578 4681 Qui
3600 4613 3685 4668 vi-

2098 4710 2198 4778 vis,
2223 4717 2333 4765 etc.

2168 4799 2304 4853 Cum
2333 4797 2514 4868 itaque
2567 4795 2622 4849 in
2655 4796 2800 4850 hunc
2853 4793 3072 4848 modum
3115 4789 3271 4861 plura
3311 4786 3416 4843 dici
3453 4787 3684 4859 possint,

2096 4902 2196 4943 nos
2225 4887 2342 4941 haec
2370 4884 2620 4956 posuisse
2652 4881 2896 4938 sufficiat.

2565 4992 2640 5045 Dc
2672 4991 2927 5045 oratione
2957 5000 3196 5042 morosa.

2169 5097 2399 5166 Quidam
2417 5104 2598 5151 autem
2631 5110 2728 5165 pro
2785 5093 3121 5164 imploranda
3151 5093 3312 5149 venia
3349 5091 3688 5157 delictorum,

2096 5185 2365 5241 morosius
2415 5192 2469 5239 et
2509 5182 2803 5238 studiosius
2859 5189 3015 5236 orant
3050 5201 3064 5246 ;
3097 5189 3149 5236 et
3177 5188 3527 5251 peccatorum
3557 5193 3689 5233 suo-

2095 5289 2213 5328 ram
2242 5271 2669 5343 magnitudinem
2702 5270 2786 5325 vel
2827 5269 3223 5324 multitudinem
3254 5268 3510 5325 attentius
3553 5281 3684 5321 con-

2099 5361 2424 5422 siderantes,
2450 5375 2560 5415 non
2591 5367 2697 5412 tam
2729 5357 2929 5418 verbis,
2955 5373 3118 5428 quam
3148 5357 3372 5430 gemitu,
3422 5363 3475 5410 et
3506 5355 3689 5424 lacry-

2094 5449 2199 5504 mis
2252 5449 2434 5504 cordis
2490 5446 2703 5502 contriti
2755 5452 2806 5500 et
2865 5445 3130 5500 humiliati
3188 5443 3513 5500 sacrificium
3572 5441 3692 5496 Deo

2095 5537 2344 5600 offerunt,
2380 5551 2488 5590 non
2507 5545 2691 5589 tamen
2721 5534 2914 5588 eodem
2944 5533 3157 5589 fervore
3185 5549 3299 5603 prae
3330 5530 3540 5588 caeteris
3571 5545 3696 5600 qua:

2096 5640 2256 5696 supra
2281 5624 2459 5694 posita
2503 5631 2625 5677 sunt
2681 5637 2841 5677 orare
2885 5621 3145 5677 valentes.
3189 5622 3305 5677 Hoc
3334 5628 3516 5675 autem
3551 5617 3693 5674 inci—

2095 5711 2385 5785 pientibus,
2419 5712 2473 5766 id
2505 5718 2605 5777 est,
2631 5726 2802 5783 nuper
2834 5711 3134 5781 conversis,
3171 5709 3308 5766 solet
3349 5707 3689 5778 contingere,
