3938 6406
281 363 392 416 917

1595 357 1951 414 ΕΡΙΞΤΟΙΛΕ
1991 357 2331 426 QUINQUE.

3493 357 3596 409 918

287 485 544 558 qualibus
573 485 702 541 dicit
757 484 1038 556 apostolus
1093 485 1365 540 Jacobus:
1400 487 1588 542 Miseri
1609 489 1804 551 estote,
1836 489 1891 540 et
1910 487 1966 545 Α
1993 483 2117 538 lutis
2147 489 2379 538 aeternae.
2406 482 2577 537 Aliter
2611 499 2624 537 :
2659 483 2766 537 Fac
2796 495 2911 547 eos,
2935 479 3183 549 Domine,
3215 479 3414 552 dignos
3468 494 3570 548 pro

297 575 505 646 lugete,
539 578 596 630 et
622 575 869 646 plorate.
901 574 1066 630 Risus
1109 577 1295 630 vester
1320 575 1384 629 in
1418 576 1636 630 luctum
1663 589 1895 629 conver-

291 666 474 729 tatur,
512 667 570 719 et
589 661 862 734 gaudium
883 661 950 716 in
973 677 1292 719 mcerorem.
1326 662 1469 734 (Jac.
1504 677 1579 725 IV,
1612 664 1688 731 9).

685 769 760 822 De
793 768 1060 839 lacrymis
1087 770 1498 840 perfectorum.

361 873 468 929 Alii
497 888 646 938 vero,
681 886 805 928 cum
829 874 944 942 jam
973 873 1027 926 in
1060 872 1143 926 via
1179 873 1298 941 Dei,
1333 881 1386 928 et
1433 872 1810 946 intelligentia,
1844 879 1897 925 et

290 961 608 1032 operatione
663 959 932 1031 proﬁcere
988 961 1270 1031 coeperint,
1330 961 1594 1015 mirantur
1629 977 1689 1016 se
1718 959 1896 1014 nullas

293 1055 387 1102 aut
414 1063 564 1102 raras
592 1063 694 1119 pro
740 1048 983 1118 peccatis
1013 1048 1219 1103 habere
1277 1049 1570 1120 lacrymas,
1606 1049 1703 1103 sed
1730 1055 1898 1102 tenta-

293 1135 551 1202 tionibus,
583 1143 637 1192 et
664 1134 975 1191 inﬁrmitate
1023 1137 1412 1206 praepediente,
1446 1145 1503 1190 ut
1534 1136 1710 1190 minus
1762 1151 1894 1206 pos-

295 1223 401 1276 sint
429 1223 657 1293 implere
688 1223 836 1294 quod
863 1223 1188 1294 intelligunt,
1221 1232 1410 1278 contra
1442 1223 1666 1278 easdem
1695 1230 1748 1277 et
1777 1230 1896 1277 ten—

293 1311 531 1366 tationes
561 1318 614 1366 et
633 1309 1001 1365 inﬁrmitatem
1051 1327 1225 1377 suam,
1276 1311 1532 1365 attentius
1563 1319 1724 1383 atque
1779 1310 1894 1365 fer-

291 1398 503 1453 ventius
534 1405 712 1465 orant,
744 1405 804 1452 ut
831 1414 933 1469 per
988 1398 1249 1453 auxilium
1279 1398 1471 1471 gratiae
1501 1399 1602 1453 Dei
1631 1406 1685 1453 et
1714 1405 1892 1454 tenta-

291 1485 496 1541 tionum
527 1485 810 1541 conﬂictus
851 1493 1160 1557 superetur,
1213 1494 1268 1541 et
1315 1485 1672 1559 intelligentia
1719 1486 1895 1559 magis

290 1588 356 1628 ac
392 1573 573 1646 magis
602 1572 957 1641 illuminetur,
991 1581 1046 1628 et
1060 1573 1344 1628 inﬁrmitas
1365 1574 1665 1630 roboretur.
1697 1575 1778 1630 De
1809 1583 1894 1629 ta-

290 1661 434 1716 libus
464 1661 724 1732 scriptum
755 1669 840 1716 est
871 1677 884 1716 :
916 1663 1077 1718 Beati
1120 1664 1218 1734 qui
1275 1664 1542 1718 esuriunt
1597 1666 1654 1718 et
1682 1665 1895 1719 sitiunt

281 1750 599 1820 justitiam,
624 1749 891 1822 quoniam
920 1751 1032 1821 ipsi
1049 1749 1470 1805 saturabuntur
1490 1750 1709 1819 (Matth.
1737 1766 1794 1817 v,
1815 1750 1890 1822 6).

535 1854 610 1910 De
642 1855 730 1909 his
761 1855 856 1927 qui
883 1855 1126 1924 cupiunt
1169 1870 1289 1910 esse
1313 1870 1444 1910 cum
1480 1855 1718 1910 Christo.

363 1958 545 2031 Aliqui
574 1965 751 2014 autem
771 1959 886 2028 jam
916 1960 1184 2029 superatis
1240 1959 1651 2028 tentationibus,
1685 1960 1753 2014 ad
1783 1959 1889 2014 im-

291 2047 490 2118 plenda
521 2063 641 2118 qua:
693 2046 1021 2118 intelligunt,
1054 2046 1328 2103 efﬁcacius
1383 2063 1484 2118 per
1524 2047 1626 2103 Dei
1657 2048 1891 2120 gratiam

292 2134 754 2202 convalescentes,
787 2149 990 2208 magno
1047 2142 1184 2190 aestu
1239 2135 1480 2191 ardentis
1536 2135 1792 2191 desiderii
1822 2137 1891 2191 ad

292 2232 499 2278 aeterna
555 2222 868 2294 suspirant,
919 2230 1082 2294 atque
1128 2223 1430 2278 incolatum
1473 2240 1631 2278 suum
1688 2224 1890 2278 diutius

290 2310 604 2382 prolongari
660 2309 1108 2383 ingemiscentes,
1141 2309 1373 2366 dissolvi
1405 2311 1649 2382 cupiunt,
1683 2320 1736 2366 et
1765 2328 1888 2368 esse

290 2412 415 2453 cum
444 2399 677 2453 Christo.
711 2399 920 2454 Horum
950 2413 1055 2455 vox
1105 2405 1188 2454 est
1222 2416 1235 2452 :
1275 2399 1756 2467 Quemadmodum
1785 2401 1888 2457 de—

285 2486 501 2542 siderat
547 2501 744 2543 cervus
792 2486 865 2542 ad
919 2488 1107 2557 fontes
1154 2503 1454 2558 aquarum,
1488 2488 1572 2542 ita
1603 2488 1887 2544 desiderat

291 2576 489 2629 anima
517 2588 646 2628 mea
673 2574 745 2629 ad
777 2577 831 2629 te
856 2575 1002 2629 Deus
1031 2575 1216 2644 (Psal.
1255 2588 1370 2640 xu,
1403 2574 1481 2645 2),
1504 2583 1578 2640 et,
1608 2576 1787 2644 Quam
1809 2575 1887 2631 di-

293 2662 441 2717 lecta
497 2660 868 2717 tabernacula
918 2663 1324 2726 tua,'Domine
1379 2663 1663 2718 virtutum
1707 2664 1882 2733 (Psal.

290 2763 528 2817 Lxxxm,
551 2751 628 2819 2),
660 2755 765 2804 etc.
799 2748 865 2802 Hi
894 2755 1018 2802 sunt
1062 2763 1197 2820 ergo
1228 2756 1338 2804 tres
1365 2749 1590 2822 gradus,
1625 2749 1887 2822 incipien-

289 2837 440 2904 tium,
493 2835 911 2908 proﬁcientium,
950 2843 1002 2891 et
1029 2836 1420 2906 perfectorum.

660 2943 801 2998 Item
827 2943 978 2998 alius
1005 2941 1204 2998 modus
1242 2943 1465 3001 orandi.

361 3047 670 3103 Invenimus
715 3055 896 3104 autem
943 3047 997 3102 in
1055 3047 1351 3119 Scripturis
1409 3057 1461 3104 et
1507 3031 1642 3105 alios
1693 3051 1890 3106 modos

1998 569 2348 626 missionibus
2378 570 2500 625 vitae
2531 587 2653 641 quae
2683 586 2828 625 nunc
2857 579 2958 640 est,
2999 577 3052 624 et
3079 576 3318 624 aeternae.
3357 567 3454 624 Vel
3475 567 3555 622 sic
3581 585 3593 621 :

1999 657 2105 713 Fac
2126 673 2222 712 eos
2243 659 2320 713 sic
2343 658 2574 713 transire
2590 673 2686 728 per
2706 658 2848 712 bona
2870 655 3213 727 temporalia,
3232 663 3290 710 ut
3309 671 3417 710 non
3445 655 3601 711 amit-

1997 752 2114 799 tant
2141 754 2345 800 aeterna
2369 763 2384 812 ;
2416 746 2564 817 quod
2591 745 2766 818 magis
2799 746 3013 801 videtur
3040 760 3141 816 pro
3169 744 3254 798 his
3276 759 3398 799 esse
3428 759 3594 799 oran-

1995 834 2146 898 dum,
2179 834 2269 905 qui
2299 834 2354 887 in
2402 833 2644 889 saeculari
2685 835 2892 906 degunt
2920 833 3356 890 conversatione.
3409 834 3588 904 Atque

1996 921 2129 976 illud
2168 939 2181 976 :
2212 922 2320 977 Fac
2351 937 2466 988 eos,
2489 922 2740 988 Domine,
2770 923 2844 975 ita
2891 921 3299 987 misericordes,
3333 928 3392 975 ut
3420 920 3592 976 mise-

1995 1009 2285 1064 ricordiam
2331 1016 2757 1081 consequantur.
2807 1005 2910 1064 Pro
2973 1009 3042 1063 iis
3099 1024 3233 1064 vero
3282 1009 3374 1080 qui
3403 1008 3592 1080 perfe-

1995 1097 2167 1152 ctiora
2194 1105 2491 1163 sectantur,
2524 1106 2583 1152 ut
2611 1098 2685 1152 ita
2715 1097 2846 1152 ﬁant
2873 1113 3144 1169 pauperes
3175 1097 3368 1168 spiritu
3397 1104 3594 1169 quate-

1987 1202 2096 1259 nus
2125 1201 2356 1257 regnum
2385 1186 2649 1242 cmlorum
2677 1186 2994 1258 possideant
3018 1205 3032 1253 ;
3064 1186 3145 1241 sic
3172 1185 3353 1256 mites,
3389 1193 3448 1240 ut
3476 1193 3594 1242 ter-

1994 1289 2115 1328 ram
2144 1274 2440 1330 viventium
2476 1273 2764 1346 possidere
2822 1281 3168 1340 mereantur;
3201 1273 3282 1330 sic
3309 1274 3582 1347 lugentes,

1994 1370 2052 1416 ut
2080 1362 2510 1419 consolationem
2540 1370 2857 1418 mereantur
2901 1371 3199 1429 aaternam;
3233 1362 3311 1419 sic
3340 1362 3594 1418 esurien-

1994 1457 2077 1504 tes
2118 1457 2171 1504 et
2203 1451 2448 1506 sitientes
2471 1451 2752 1521 justitiam,
2783 1458 2841 1506 ut
2862 1450 3161 1506 satietatem
3203 1450 3592 1522 repromissam

1995 1536 2312 1606 obtineant;
2345 1539 2424 1595 sic
2475 1538 2638 1594 etiam
2665 1539 3072 1603 mundicordes,
3095 1548 3153 1594 ut
3180 1540 3356 1595 Deum
3384 1539 3589 1606 videre,

1994 1625 2074 1681 sic
2103 1625 2337 1696 paciﬁci,
2367 1635 2424 1682 ut
2444 1626 2540 1682 ﬁlii
2569 1628 2668 1683 Dei
2691 1643 2813 1683 esse
2834 1636 3163 1684 mereantur.
3195 1627 3285 1683 Sic
3304 1628 3372 1682 de
3392 1627 3594 1683 virtute

1992 1713 2047 1767 in
2076 1714 2327 1770 virtutem
2357 1715 2686 1772 ambulando
2715 1715 3022 1787 proﬁciant,
3057 1723 3115 1772 ut
3170 1717 3241 1771 ad
3296 1715 3590 1772 videndum

1918 1833 1972 1894 B
1994 1803 2168 1857 Deum
2198 1803 2428 1858 deorum
2461 1803 2517 1857 in
2539 1803 2682 1860 Sion'
2709 1804 3046 1875 perveniant.

2067 1908 2216 1974 Quod
2244 1910 2321 1964 sit
2350 1910 2626 1966 orandum
2653 1927 2756 1982 pro
2798 1911 3055 1982 prwlatis
3087 1912 3476 1967 ecclesiarum.

2069 2012 2351 2069 Orandum
2381 2023 2464 2069 est
2492 2024 2670 2070 autem
2725 2032 2827 2087 pro
2868 2016 3141 2071 universis
3184 2016 3447 2072 Ecclesia
3494 2032 3590 2072 re-

1991 2102 2254 2172 ctoribus,
2277 2111 2544 2174 quatenus
2572 2104 2651 2161 sic
2670 2112 2837 2176 agant
2866 2119 3058 2160 curam
3087 2106 3327 2178 suscepti
3356 2106 3588 2178 regimi-

1991 2121 2254 2172 CIOI'lDUS,
2277 2121 2544 2174 quatenus
2572 2121 2651 2161 διο
2670 2121 2837 2176 agant
2866 2121 3058 2160 curam
3087 2121 3246 2160 susce
3287 2121 3327 2159 ιι
3356 2122 3587 2178 regimi-

1989 2189 2094 2258 nis,
2124 2199 2183 2245 ut
2203 2207 2379 2260 suam,
2404 2199 2456 2247 et
2478 2193 2815 2248 subditorum
2837 2193 3066 2248 salutem
3096 2121 3312 2264 Opergi
3331 2210 3587 2250 merean-

1989 2287 2092 2334 tur.
2117 2280 2220 2334 Pro
2251 2279 2575 2351 quibuslibet
2605 2281 2692 2336 vel
2749 2281 2803 2335 in
2853 2289 3039 2336 nostro
3083 2283 3384 2352 proposito,
3418 2284 3506 2338 vel
3534 2283 3592 2337 in

1990 2366 2232 2438 qualibet
2282 2376 2471 2424 sancta
2498 2369 2910 2425 conversatione
2937 2370 3280 2440 degentibus,
3309 2378 3367 2425 ut
3395 2370 3452 2424 in
3484 2387 3586 2427 vo-

1995 2454 2208 2510 catione
2237 2470 2347 2526 qua
2373 2456 2552 2511 vocati
2582 2463 2722 2523 sunt,
2757 2457 2920 2529 digne
2949 2458 3231 2513 ambulare
3260 2467 3585 2514 mereantur.

1989 2543 2092 2598 Pro
2121 2542 2393 2598 universis
2416 2543 2680 2599 Ecclesiae
2725 2544 3004 2616 gradibus,
3038 2553 3094 2600 ut
3125 2545 3178 2599 in
3211 2545 3290 2601 eis
3321 2546 3588 2602 Dominus

1988 2629 2214 2686 famulos
2244 2646 2374 2686 suos
2406 2639 2459 2687 et
2487 2647 2718 2688 numero
2747 2641 2801 2688 et
2829 2633 3021 2689 merito
3060 2649 3265 2704 augere
3312 2634 3584 2706 dignetur,

1989 2727 2151 2790 atque
2179 2726 2238 2773 ut
2265 2719 2567 2774 secundum
2596 2720 2813 2776 divitias
2841 2721 3035 2792 gratiae
3064 2738 3194 2788 suae,
3245 2722 3384 2777 bene
3415 2723 3473 2778 in
3507 2724 3587 2778 eis

1987 2807 2326 2862 ambulantes
2356 2807 2427 2862 ad
2477 2808 2700 2863 meliora
2751 2818 3104 2879 promoveat;
3139 2818 3385 2866 errantes
3429 2827 3578 2880 vero,

1986 2894 2055 2948 ad
2085 2894 2227 2949 viam
2257 2895 2496 2951 veritatis
2525 2897 2772 2952 reducat.
2813 2897 2918 2952 Pro
2965 2898 3050 2951 his
3080 2913 3208 2953 vero
3240 2899 3332 2970 qui
3362 2899 3420 2953 in
3447 2915 3587 2971 qua-

1985 2982 2138 3048 libet,
2171 2982 2258 3038 vel
2305 2983 2553 3054 spiritali,
2585 2984 2675 3040 vel
2719 2986 2992 3054 corporali
3049 2985 3394 3041 tribulatione
3422 2987 3584 3058 positi

1990 3077 2114 3125 sunt
2140 3089 2154 3137 ;
2183 3078 2242 3125 ut
2271 3086 2464 3127 omnes
2492 3071 2596 3126 sibi
2615 3071 2669 3125 in
2692 3073 3108 3128 necessitatibus
3130 3074 3242 3129 suis
3261 3074 3584 3130 misericor-

290 3135 729 3242 Ol'andivrqgiblfs
757 3136 860 3242 eis}
890 3151 956 3242 ei}
977 3151 1098 3207 (ἶυω
1128 3151 1295 3242 sui)”:
1314 3136 1489 3207 I303ita
1519 3145 1644 3192 sum
1678 3153 1886 3242 ηεξφιθθ
1912 3182 1958 3242 Ο
1989 3135 2379 3222 ὀὶθιηὲῡοηιίηἱ
2399 3160 2594 3215 adesse
2624 3159 2894 3227 sentiant;
2925 3161 3013 3216 vel
3041 3161 3117 3217 ita
3148 3179 3162 3217 :
3195 3163 3265 3218 Ut
3285 3163 3586 3219 secundum

292 3238 456 3294 quam
484 3223 734 3280 distincte
761 3230 1032 3294 petantur,
1066 3224 1250 3278 omnia
1279 3231 1479 3291 tamen,
1514 3241 1637 3296 quas
1683 3225 1751 3280 ad
1789 3241 1884 3281 sa-

290 3310 461 3365 lutem
493 3310 807 3382 expediunt,
841 3311 1228 3382 compendiosa
1266 3311 1510 3367 oratione
1540 3313 1650 3383 peti
1679 3313 1884 3368 intelli-

291 3407 514 3471 guntur,
537 3406 594 3453 ut
615 3406 699 3454 est
717 3398 852 3453 illud
886 3413 898 3452 :
918 3401 1047 3455 Fiat
1066 3399 1459 3456 misericordia
1479 3404 1600 3467 tua,
1626 3401 1882 3468 Domine,

291 3503 463 3559 super
487 3502 610 3556 nos,
641 3485 1114 3559 quemadmodum
1132 3490 1484 3560 speravimus
1512 3490 1578 3544 in
1619 3493 1673 3544 te
1705 3488 1883 3560 (Psal.

290 3587 489 3642 xxxu,
533 3575 662 3645 22);
697 3582 750 3630 et
783 3589 795 3628 :
828 3575 1087 3632 Miserere
1113 3577 1226 3631 mei
1255 3576 1569 3633 secundum
1599 3577 1887 3649 eloquium

294 3666 455 3719 tuum
467 3663 643 3734 (Psal.
663 3676 858 3729 cxvm,
883 3664 996 3734 58);
1014 3670 1066 3719 et
1090 3681 1104 3718 :
1124 3665 1230 3719 Fac
1249 3679 1381 3719 cum
1397 3679 1555 3720 servo
1576 3668 1672 3720 tuo
1691 3681 1887 3721 secun-

292 3750 428 3806 dum
447 3750 896 3806 misericordiam
916 3755 1073 3807 tuam
1088 3751 1269 3821 (ibid.,
1282 3751 1394 3822 24);
1411 3759 1465 3806 et
1480 3767 1492 3805 :
1506 3752 1764 3808 Miserere
1776 3755 1889 3808 mei

293 3839 602 3895 secundum
603 3839 634 3909 j
638 3838 892 3894 udicium
903 3839 963 3894 di
968 3839 1269 3910 ligentium
1287 3855 1496 3896 nomen
1523 3842 1687 3896 tuum
1700 3840 1860 3910 (ibid.
1871 3883 1885 3908 ,

294 3925 439 3995 132).
469 3925 626 3980 Juxta
670 3925 814 3981 hunc
843 3941 979 3997 ergo
1034 3925 1258 3982 modum
1312 3943 1604 3997 possumus
1634 3944 1736 3999 pro
1767 3927 1888 3983 aliis

295 4012 622 4084 quibuslibet
664 4020 883 4069 orantes
911 4013 986 4068 ita
1015 4013 1217 4070 dicere.
1250 4013 1357 4071 Fac
1384 4030 1500 4084 eos,
1534 4015 1784 4084 Domine,
1817 4016 1889 4070 ita

293 4101 350 4159 in
373 4100 582 4170 justitia
620 4112 888 4172 apparere
944 4102 1265 4174 conspectui
1297 4109 1409 4167 tuo,
1465 4111 1522 4157 ut
1549 4103 1737 4159 satiari
1767 4119 1886 4160 me-

293 4196 515 4243 reantur
543 4205 670 4244 cum
699 4189 1012 4260 apparuerit
1039 4189 1218 4262 gloria
1236 4198 1342 4245 tua.
1378 4189 1476 4246 Vel
1504 4190 1605 4247 ita.
1638 4191 1743 4248 Fac
1770 4207 1886 4260 eos,

300 4275 553 4343 Domine,
586 4276 878 4348 participes
916 4277 1161 4332 omnium
1189 4278 1490 4334 timentium
1520 4287 1591 4349 te,
1625 4287 1680 4335 et
1708 4288 1889 4336 custo-

293 4363 554 4419 dientium
585 4364 833 4420 mandata
854 4372 963 4420 tua.
983 4364 1084 4422 Vel
1111 4364 1207 4420 ita.
1230 4365 1336 4422 Fac
1357 4381 1480 4423 cum
1501 4366 1600 4436 eis,
1633 4367 1886 4437 Domine,

294 4451 594 4507 secundum
646 4451 1080 4508 misericordiam
1123 4460 1288 4522 tuam,
1341 4453 1480 4511 sicut
1499 4461 1558 4509 tu
1584 4464 1777 4526 potens
1827 4472 1888 4511 es

292 4539 801 4610 superabundanter
830 4539 1029 4609 facere,
1062 4556 1226 4613 quam
1253 4557 1354 4598 nos
1382 4550 1588 4614 petere,

294 4626 490 4699 ligere.
515 4627 614 4683 Vel
635 4627 710 4684 ita
745 4645 757 4684 :
788 4629 868 4684 Da
889 4628 989 4699 eis,
1010 4629 1259 4696 Domine,
1283 4647 1536 4703 regnum,
1563 4640 1615 4687 et
1630 4632 1892 4702 justitiam

296 4722 460 4770 tuam.
494 4715 593 4771 Vel
623 4715 695 4771 ita
733 4733 746 4771 :
789 4717 874 4772 Ea
902 4716 1234 4772 abundantia
1282 4718 1496 4789 pietatis
1540 4726 1672 4784 tum,
1706 4737 1810 4792 qua
1839 4728 1897 4776 et

295 4803 492 4858 merita
535 4803 843 4875 supplicum
892 4805 1112 4861 excedis
1169 4812 1223 4860 et
1271 4814 1416 4871 vota,
1464 4806 1552 4862 fac
1579 4822 1675 4862 eos
1733 4808 1806 4862 ita
1836 4808 1894 4862 in

294 4890 638 4961 beneplacito
658 4899 750 4947 tuo
771 4892 1072 4959 ambulare,
1095 4900 1154 4948 ut
1176 4893 1272 4948 tibi
1300 4893 1553 4965 placeant
1581 4895 1639 4949 in
1666 4896 1894 4968 regione

293 4979 563 5034 vivorum.
597 4981 696 5035 Vel
725 4980 797 5035 ita
822 4998 836 5036 :
860 4981 1048 5052 Dirige
1077 4996 1174 5037 eos
1203 4982 1258 5036 in
1302 4983 1497 5038 semita
1534 4990 1701 5052 recta,
1736 4984 1808 5038 ita
1837 4993 1896 5038 ut

295 5075 607 5123 mereantur
636 5068 823 5125 videre
853 5069 1001 5125 bona
1050 5070 1267 5125 Domini
1297 5070 1353 5125 in
1400 5079 1546 5126 terra
1575 5072 1889 5128 viventium.

295 5155 394 5210 Vel
416 5155 497 5211 sic
530 5170 543 5210 :
575 5156 799 5212 lnstitue
833 5172 949 5224 eos,
982 5157 1234 5226 Domine,
1254 5159 1309 5212 in
1339 5175 1402 5213 ea
1430 5158 1700 5215 soliditate
1717 5160 1892 5216 dilec-

292 5243 456 5297 tionis
484 5251 610 5310 tuae,
652 5252 711 5298 ut
737 5261 916 5316 neque
951 5261 1118 5312 mors,
1142 5261 1322 5318 neque
1352 5247 1479 5315 vita,
1513 5263 1693 5318 neque
1730 5263 1892 5304 crea-

294 5337 433 5399 tura,
457 5347 637 5402 neque
657 5333 879 5388 tentatio
898 5333 1083 5405 aliqua
1100 5335 1273 5405 possit
1293 5350 1388 5391 eos
1410 5350 1669 5406 separare
1693 5344 1816 5406 ate,
1841 5345 1895 5392 et

293 5435 324 5474 a
345 5419 606 5475 charitate
637 5421 862 5491 tua.{Vel
889 5421 995 5476 ita:
1028 5423 1110 5477 Da
1138 5422 1236 5488 eis,
1261 5423 1512 5488 Domine,
1530 5431 1588 5478 ut
1618 5432 1669 5479 et
1698 5432 1751 5479 te
1780 5432 1894 5480 toto

293 5507 463 5564 corde
492 5507 825 5579 perquirant,
873 5517 926 5563 et
973 5526 1095 5580 quae
1124 5509 1222 5564 tibi
1269 5511 1464 5580 placita
1496 5519 1639 5576 sunt,
1671 5519 1779 5566 tota
1811 5512 1893 5567 di-

293 5595 528 5651 lectione
585 5594 890 5666 perﬁciant.
952 5598 1050 5653 Vel
1101 5598 1180 5654 sic
1213 5615 1226 5652 :
1259 5599 1445 5670 Dirige
1492 5614 1607 5666 eos,
1641 5600 1888 5666 Domine,

295 5685 602 5743 secundum
632 5684 1034 5758 beneplacitum
1070 5687 1362 5743 voluntatis
1391 5696 1512 5754 tuae,
1548 5687 1603 5743 in
1623 5688 1768 5743 viam
1797 5703 1892 5744 sa-

1987 3246 2201 3302 divitias
2230 3247 2422 3319 gratiae
2452 3263 2566 3304 suae
2602 3249 2869 3303 Dominus
2895 3249 3152 3305 universa
3180 3251 3262 3305 eis
3282 3251 3588 3307 adversan-

1985 3334 2058 3388 tia
2087 3335 2410 3405 propitiatus
2425 3335 2696 3402 excludat,
2718 3344 2772 3391 et
2787 3337 2967 3392 omnia
2989 3337 3275 3408 profutura
3296 3339 3581 3395 concedat.

1989 3423 2093 3477 Pro
2122 3422 2208 3477 his
2238 3423 2330 3494 qui
2349 3424 2405 3477 in
2431 3425 2672 3480 haereses
2702 3425 2791 3480 vel
2819 3425 3113 3480 schismata
3176 3426 3313 3496 lapsi
3353 3435 3498 3495 sunt,
3523 3436 3582 3482 ut

1986 3509 2054 3564 ad
2085 3510 2226 3565 viam
2275 3511 2516 3566 veritatis
2577 3512 2926 3568 reducantur.
2987 3514 3092 3569 Pro
3131 3513 3463 3585 inﬁdelibus,
3522 3524 3582 3571 ut

1987 3598 2056 3652 ad
2098 3605 2304 3654 sortem
2359 3606 2412 3653 et
2469 3598 2785 3656 societatem
2840 3599 3138 3656 electorum
3181 3602 3576 3672 perducantur.

1988 3686 2139 3742 Sicut
2179 3693 2361 3742 autem
2407 3703 2509 3758 pro
2539 3687 2906 3760 adipiscendis
2933 3687 3215 3745 beneﬁciis
3235 3689 3434 3746 divinis
3450 3706 3583 3747 ora-

1989 3775 2063 3828 tio
2094 3783 2177 3830 est
2219 3774 2514 3842 fundenda,
2569 3792 2670 3846 pro
2719 3777 2930 3848 adeptis
2977 3785 3060 3832 est
3086 3778 3385 3850 gratiarum
3442 3779 3584 3835 actio

1990 3861 2237 3918 facienda
2271 3880 2284 3916 :
2317 3863 2387 3919 de
2415 3880 2521 3935 qua
2549 3865 2834 3935 operosius
2866 3865 3185 3934 scriberem,
3208 3866 3314 3922 nisi
3344 3883 3466 3938 qua:
3496 3883 3590 3922 su-

1989 3965 2088 4021 pra
2123 3951 2301 4021 posita
2329 3959 2453 4007 sunt
2498 3952 2721 4008 nimiam
2775 3953 2934 4010 etiam
2991 3954 3193 4011 habere
3220 3954 3585 4027 prolixitatem

1990 4038 2327 4095 viderentur.

2062 4127 2192 4182 Haec
2218 4134 2420 4198 autem,
2451 4144 2573 4200 quas
2601 4129 2699 4186 tibi
2728 4145 2948 4202 quoquo
2975 4132 3138 4186 modo
3177 4147 3340 4187 manu
3370 4131 3587 4188 accele-

1990 4221 2140 4268 rante
2171 4215 2414 4281 exaravi,
2445 4223 2704 4288 quantum
2733 4217 2828 4272 tibi
2861 4217 3144 4289 profutura
3173 4219 3282 4274 sint
3309 4220 3585 4287 nesciens,

1990 4302 2096 4357 hoc
2124 4309 2274 4357 certe
2304 4303 2440 4371 scio,
2465 4310 2518 4358 et
2545 4311 2599 4359 te
2625 4305 2931 4361 certissime
2962 4307 3102 4362 scire
3118 4306 3262 4376 volo,
3294 4322 3384 4363 me
3414 4323 3590 4379 quan-

1991 4398 2104 4444 tum
2125 4390 2388 4446 Dominus
2417 4391 2586 4458 dedit,
2646 4392 2920 4448 desiderio
2975 4403 3070 4449 tuo
3120 4393 3438 4450 satisfacere
3487 4411 3588 4450 cu-

1993 4493 2168 4534 rasse.
2204 4476 2340 4547 Quae
2369 4479 2416 4534 si
2445 4480 2539 4534 tibi
2567 4479 2716 4535 utilia
2746 4497 2868 4536 esse
2899 4496 3238 4553 cognoscere
3256 4490 3468 4553 potero,
3503 4482 3589 4538 la-

1620 4551 1708 4640 εξυῑ
1737 4543 1892 4640 ξιξίθῙ·
1913 4532 1964 4591 D
1997 4566 2144 4622 boris
2170 4532 2279 4622 mai
2308 4568 2815 4638 compensationem
2841 4532 3000 4640 apudo
3011 4532 3286 4625 Christum
3325 4570 3432 4625 tuis
3464 4586 3588 4627 ora-

1994 4655 2229 4710 tionibus
2259 4671 2346 4710 me
2391 4664 2742 4726 recepturum
2773 4657 3005 4728 sperabo
3029 4676 3044 4724 ;
3096 4659 3191 4730 qui
3220 4675 3322 4729 per
3350 4660 3590 4729 Aposto—

1993 4743 2106 4798 lum
2136 4760 2294 4798 suum
2315 4744 2472 4813 jubet
2499 4752 2555 4799 ut
2581 4761 2686 4817 per
2723 4747 3065 4802 charitatem
3092 4748 3404 4802 serviamus
3433 4748 3590 4802 invi-

1994 4848 2114 4887 cem
2143 4831 2297 4902 (Gal.
2363 4847 2418 4899 ν,
2477 4834 2596 4902 93).
2663 4833 2881 4888 Fratres
2912 4848 3104 4888 omnes
3160 4850 3261 4906 per
3290 4842 3342 4889 te
3370 4835 3587 4890 nomine

1994 4936 2117 4974 meo
2146 4919 2366 4974 salutari
2397 4920 2672 4990 desidero,
2703 4937 2814 4976 non
2834 4937 3024 4977 omnes
3055 4922 3234 4990 simul,
3271 4923 3370 4978 sed
3399 4922 3584 4977 nomi-

1994 5009 2152 5062 nibus
2173 5008 2286 5063 suis
2316 5008 2599 5081 singulos;
2633 5025 2862 5081 quorum
2892 5010 3225 5066 orationibus
3253 5019 3307 5066 et
3352 5009 3458 5066 tuis
3485 5011 3590 5065 ad-

1988 5096 2170 5163 juvari
2198 5105 2454 5168 quantum
2486 5097 2786 5170 indigeam,
2809 5114 2911 5155 nec
2939 5115 3187 5170 praisens
3207 5100 3336 5156 satis
3353 5099 3592 5156 iudicare

1993 5186 2163 5256 potui,
2197 5201 2298 5242 nec
2345 5186 2544 5241 absens
2572 5186 2823 5243 intimare
2852 5188 3092 5244 sufﬁcio.

2497 5311 2918 5367 EPISTOLA
2957 5313 3080 5367 III.

2613 5413 2686 5453 AD
2724 5415 3016 5455 HUGONEM.

1994 5503 2069 5558 De
2091 5503 2249 5559 modo
2267 5504 2558 5569 orandi,ac
2576 5506 2896 5576 praesertim
2912 5506 2979 5561 de
2997 5509 3320 5577 gratiarum
3341 5509 3587 5564 actione.

2065 5600 2431 5657 Dilectissimo
2476 5619 2576 5657 suo
2606 5601 2760 5658 fratri
2808 5604 3051 5672 Ilucoru,
3102 5604 3267 5660 frater
3288 5604 3343 5659 in
3370 5605 3592 5661 domino

1995 5688 2245 5744 salutem.
