3938 6426
390 351 493 406 919

1338 348 1632 404 JOANNIS
1671 347 1917 404 CARTH.
1961 344 2341 405 PORTARUM
2378 349 2724 405 MONACHI.

3581 357 3682 410 920

463 472 671 544 Scripsi
699 472 990 545 aliquando
1021 472 1307 543 epistolam
1357 473 1425 528 de
1474 474 1637 528 modo
1667 472 1882 541 orandi,
1915 471 1982 525 ad
2008 472 2066 532 Α
2158 470 2315 539 Quod
2344 489 2477 545 ergo
2505 473 2561 527 in
2588 472 2695 529 ﬁne
2743 474 2886 528 illius
2917 475 3162 545 epistola:
3203 476 3332 543 dixi,
3364 478 3470 533 hoc
3496 477 3552 531 in
3579 478 3677 532 hu-

390 561 614 617 fratrem
642 560 945 628 Latoldum,
980 576 1103 616 cum
1132 561 1235 616 hoc
1264 560 1355 614 ille
1412 575 1442 614 a
1498 577 1584 614 me
1635 560 1983 614 devotissime

392 650 737 722 ﬂagitasset:
777 648 869 703 ubi
926 650 1215 717 cumjuxta
1270 648 1498 703 formam
1559 650 1753 703 orandi
1781 649 1847 702 de
1877 664 1984 719 qua

394 738 645 810 agebam,
678 744 790 791 tres
819 737 887 791 ad
917 737 1148 800 Patrem,
1184 745 1236 791 et
1266 738 1403 791 duas
1434 738 1502 791 ad
1562 736 1749 791 Filium
1782 736 1983 791 oratio-

389 842 489 880 nes
532 825 766 894 exempli
795 826 963 895 gratia
988 826 1313 896 posuissem,
1349 826 1566 895 quando
1588 826 1731 880 venit
1756 824 1984 894 epistola

389 913 484 968 illa
512 913 568 967 in
596 929 789 968 manus
818 922 957 977 tuas,
1011 913 1398 968 instantissime
1430 912 1729 982 postulasti,
1774 921 1828 965 ut
1877 913 1980 966 ali-

389 1017 528 1072 quas
557 1001 717 1055 etiam
749 1000 1024 1056 orationes
1053 1001 1411 1070 adjiceremus
1441 1002 1507 1053 ad
1538 1016 1826 1070 personam
1855 1000 1981 1069 Spi-

389 1088 526 1143 ritus
564 1089 735 1144 sancti
790 1088 1097 1159 specialiter
1152 1088 1506 1159 pertinentes.
1559 1087 1817 1154 Quamvis
1848 1104 1983 1158 ergo

386 1177 569 1242 Pater,
591 1183 646 1232 et
674 1176 842 1232 Filius
873 1184 926 1231 et
946 1176 1178 1247 Spiritus
1201 1184 1435 1241 sanctus,
1459 1176 1595 1230 sicut
1617 1183 1741 1229 sunt
1765 1175 1983 1256 insepa-

387 1263 609 1330 rabiles,
644 1263 719 1318 ita
748 1265 910 1319 etiam
931 1264 1365 1334 inseparabiliter
1385 1272 1695 1333 Operentur,
1731 1271 1785 1317 et
1818 1263 1980 1333 quid-

387 1351 516 1422 quid
546 1351 639 1407 dat
668 1353 826 1406 Pater
851 1351 937 1406 vel
967 1351 1150 1418 Filius,
1183 1352 1275 1406 det
1322 1367 1538 1422 quoque
1590 1351 1820 1420 Spiritus
1852 1366 1980 1404 san-

389 1446 527 1508 ctus,
580 1438 938 1510 acquiescens
994 1447 1171 1493 tamen
1202 1439 1450 1510 petitioni
1499 1447 1636 1506 tuae,
1683 1438 1981 1507 prmissis

391 1526 726 1582 orationibus
792 1527 1001 1595 subjeci
1065 1527 1204 1581 duas
1270 1527 1336 1580 ad
1392 1527 1648 1597 Spiritum
1708 1533 1979 1594 sanctum,

389 1622 442 1671 et
497 1614 714 1671 tertiam
763 1615 833 1669 ad
891 1622 1135 1671 sanctam
1191 1614 1526 1670 Trinitatem.
1608 1615 1799 1669 Postea
1849 1629 1980 1669 vero

388 1718 513 1760 cum
542 1702 1023 1759 animadvertisses
1056 1702 1112 1757 in
1141 1702 1291 1759 calce
1321 1703 1561 1771 ejusdem
1592 1702 1835 1772 epistola!
1861 1717 1983 1772 gra-

386 1791 589 1845 tiarum
633 1790 969 1863 agendarum
998 1805 1086 1845 me
1114 1790 1184 1844 ita
1239 1790 1567 1846 mentionem
1598 1790 1811 1855 fecisse,
1850 1797 1907 1843 ut
1937 1790 1982 1844 si

388 1878 543 1934 locus
573 1878 662 1934 vel
688 1886 900 1948 tempus
919 1878 1273 1950 permitteret,
1305 1878 1458 1949 plura
1487 1878 1613 1933 inde
1634 1878 1817 1932 dicere
1849 1893 1980 1948 pos-

392 1982 508 2021 sem
532 1983 547 2031 ;
580 1982 770 2020 rursus
798 1966 1062 2021 instanter
1107 1974 1160 2021 et
1188 1966 1408 2022 omnino
1446 1966 1755 2036 importune
1779 1965 1980 2035 petisti,

390 2060 451 2108 ut
473 2053 543 2108 de
570 2054 674 2109 hac
704 2068 786 2119 re,
820 2052 873 2107 id
903 2060 1006 2120 est,
1038 2053 1107 2108 de
1162 2053 1458 2126 gratiarum
1514 2053 1724 2109 actione
1780 2052 1983 2123 aliquid

390 2140 489 2196 tibi
517 2141 799 2211 operosius
829 2140 1155 2197 scriberem.
1194 2141 1279 2196 Ad
1308 2142 1413 2197 hoc
1441 2141 1623 2212 itaque
1655 2140 1799 2211 quod
1820 2141 1980 2212 petis,

390 2244 498 2300 ego
528 2228 747 2300 quidem
777 2227 1195 2284 insuﬂicientem
1224 2245 1313 2283 me
1332 2228 1568 2293 invenio,
1604 2229 1703 2283 sed
1724 2228 1832 2283 tuis
1860 2243 1984 2282 ora-

390 2317 628 2373 tionibus
656 2315 842 2383 fultus,
867 2316 937 2372 ab
976 2317 1071 2372 illo
1099 2332 1132 2371 a
1168 2333 1273 2388 quo
1300 2326 1382 2372 est
1429 2334 1589 2371 omne
1619 2318 1806 2371 datum
1838 2316 1983 2386 opti-

388 2420 559 2473 mum,
583 2412 635 2460 et
663 2420 823 2461 omne
839 2405 1041 2460 donum
1059 2406 1378 2475 perfectum,
1404 2404 1777 2461 sufﬁcientiam
1800 2419 1980 2474 spero.

462 2512 1037 2596 (Hiantotam'imerit
1057 2513 1354 2596 epistolam
1374 2516 1427 2578 2,
1460 2511 1858 2596 att-Latoldum
1888 2511 1985 2565 da-

396 2586 536 2648 tam,
568 2583 644 2638 De
699 2582 861 2638 modo
889 2582 1099 2637 orandi
1114 2601 1133 2648 ,-
1165 2585 1258 2638 cui
1314 2586 1610 2653 sequentes
1641 2586 1756 2653 tres
1782 2597 1985 2652 preca-

396 2653 690 2709 tiunculas
716 2653 926 2722 illigat,
962 2653 1143 2708 medio
1176 2654 1291 2709 loco
1319 2652 1474 2707 inter
1517 2652 1823 2707 secundam
1852 2666 1984 2706 ora-

394 2722 932 2790 tionemadFilium,
947 2726 1005 2778 et
1024 2724 1338 2778 articulum
1359 2723 1426 2778 de
1445 2724 1702 2778 oratione
1725 2722 1985 2791 morosa.)

727 2811 922 2867 Oratio
951 2811 1025 2866 ad
1052 2811 1337 2884 Spiritum
1387 2814 1673 2867 sanctum.

370 2938 381 2941 -
465 2914 699 2986 Spiritus
719 2923 905 2971 sancte
924 2916 1093 2991 Deus,
1118 2916 1209 2987 qui
1230 2932 1319 2971 me
1338 2916 1543 2970 mundo
1567 2913 1853 2975 carnaliter
1880 2930 1984 2970 na-

392 3010 529 3070 tum,
558 3003 615 3058 in
643 3019 801 3060 sacro
844 3002 992 3059 fonte
1034 3003 1263 3075 spiritali
1317 3003 1593 3059 nativitate
1621 3003 1985 3073 regenerasti,

394 3092 464 3146 da
491 3091 624 3146 mihi
650 3092 869 3162 plenam
898 3091 1160 3158 omnium,
1193 3108 1313 3163 qua:
1344 3108 1563 3163 quoquo
1602 3091 1766 3146 modo
1794 3098 1986 3161 postea

395 3160 665 3235 contraxi
689 3186 1041 3251 peccatorum
1113 3160 1529 3253 indulgentiam,
1563 3187 1616 3233 et
1679 3178 1762 3233 fac
1800 3160 1888 3233 me
1932 3177 1987 3232 in
2009 3160 2056 3222 Ο

387 3265 864 3336 justiﬁeationibus
892 3266 998 3322 tuis
1018 3267 1094 3323 ita
1137 3266 1680 3339 perseverantissime
1702 3274 1754 3321 et
1782 3265 1985 3319 intelli-

394 3354 582 3426 gentia
609 3362 661 3411 et
690 3354 900 3412 actione
930 3353 1213 3427 proﬁcere,
1246 3363 1306 3411 ut
1352 3356 1424 3412 ad
1447 3363 1650 3411 sortem
1704 3362 1755 3409 et
1805 3353 1984 3409 socie-

394 3447 557 3499 tatem
584 3442 884 3500 electorum
912 3451 1127 3500 tuorum
1158 3459 1376 3501 merear
1412 3444 1467 3498 in
1525 3450 1791 3499 aeternum
1822 3457 1985 3497 vera-

393 3530 532 3587 citer
558 3532 850 3603 pertinere.
891 3531 997 3602 Qui
1025 3548 1147 3589 cum
1176 3534 1337 3588 Patre
1358 3540 1411 3589 et
1437 3530 1573 3586 Filio
1620 3531 1793 3585 habes
1823 3545 1985 3584 unam

393 3617 746 3687 divinitatem,
780 3628 834 3677 et
861 3621 1103 3690 ejusdem
1134 3619 1432 3690 majestatis
1487 3634 1552 3675 ac
1587 3617 1867 3690 potestatis
1897 3618 1985 3673 in-

392 3706 628 3765 divisam
657 3708 921 3764 unitatem
938 3725 1041 3780 per
1069 3709 1249 3765 omnia
1286 3708 1482 3764 smcula
1530 3706 1874 3762 saeculorum.

641 3808 767 3863 Alia
799 3807 984 3863 oratio
1030 3807 1105 3862 ad
1139 3808 1421 3879 Spiritum
1450 3810 1734 3861 sanctum.

464 3903 693 3975 Spiritus
752 3911 959 3972 sancte,
996 3903 1089 3976 qui
1117 3920 1177 3959 es
1207 3912 1262 3960 et
1288 3904 1492 3960 donum
1538 3904 1658 3969 Dei,
1707 3910 1759 3958 et
1797 3903 1978 3971 Deus;

392 3992 541 4048 Deus
579 3992 726 4062 apud
749 4000 822 4060 te,
855 3991 1058 4047 donum
1085 3992 1225 4063 apud
1259 4007 1380 4058 nos,
1413 3992 1515 4059 fac,
1549 4008 1753 4064 quaeso,
1782 4007 1881 4063 per
1900 3992 1982 4046 in-

390 4078 742 4136 habitationis
772 4087 875 4134 tute
902 4079 1153 4152 gratiam,
1203 4087 1441 4136 mentem
1470 4080 1629 4149 hujus
1665 4081 1981 4151 pauperculi

392 4166 539 4224 servi
572 4166 668 4238 tui,
701 4167 1022 4241 etveritatis
1049 4167 1409 4241 intelligentia
1464 4168 1665 4234 lucere,
1713 4176 1765 4224 et
1795 4168 1980 4225 chari-

389 4255 517 4311 tatis
547 4255 675 4328 igne
712 4254 928 4312 fervere
952 4275 966 4323 ;
999 4263 1055 4311 ut
1084 4257 1155 4311 ab
1184 4256 1433 4313 omnibus
1452 4265 1795 4327 peccatorum
1823 4272 1979 4312 meo-

389 4359 513 4399 rum
542 4343 791 4411 maculis,
823 4343 1090 4400 beneﬁcio
1120 4344 1306 4419 gratias
1334 4351 1440 4400 tua‘:
1468 4345 1761 4400 clementer
1790 4361 1979 4399 emun-

387 4430 566 4502 datus,
597 4432 655 4487 in
683 4447 913 4504 corpore
942 4448 1178 4501 merear,
1212 4433 1366 4502 cujus
1405 4440 1567 4504 caput
1595 4433 1841 4488 Christus
1872 4442 1973 4501 est,

2079 559 2167 627 jus
2196 560 2476 630 principiis
2498 570 2686 631 repeto
2710 582 2724 628 ;
2758 562 2885 633 quia
2915 563 3165 618 videlicet
3208 564 3346 619 sicut
3373 579 3475 635 pro
3502 564 3677 635 impe-

2083 648 2289 701 trandis
2320 648 2599 704 beneficiis
2644 649 2844 704 divinis
2887 666 3081 719 preces
3139 652 3434 717 fundimus,
3467 653 3539 706 ita
3577 669 3676 723 pro

2083 735 2291 805 adeptis
2338 736 2629 807 gratiarum
2681 738 3018 809 agendarum
3050 738 3328 794 debitores
3378 756 3584 794 sumus.
3616 740 3670 795 Si

2083 824 2245 876 homo
2278 824 2500 893 quilibet
2530 826 2680 878 alteri
2730 826 2933 881 homini
2960 841 2992 880 a
3023 843 3130 897 quo
3179 827 3440 882 beneﬁcia
3469 828 3671 894 habuit,

2085 912 2332 981 ingratus
2356 913 2569 978 existat,
2604 914 2725 983 quis
2754 931 2862 969 non
2894 917 2997 970 hoc
3016 914 3219 968 malum
3235 915 3459 984 judicet,
3493 924 3545 970 et
3575 915 3676 970 ini-

2086 1016 2251 1068 quum
2274 1000 2301 1053 ?
2332 999 2387 1053 Si
2419 1016 2551 1069 ergo
2581 1002 2784 1055 malum
2835 1011 2916 1057 est
2961 1003 3235 1074 ingratum
3295 1018 3416 1058 esse
3448 1003 3669 1068 homini,

2084 1095 2282 1158 quanto
2330 1088 2507 1159 magis
2564 1089 2727 1143 Deo?
2756 1088 3042 1157 Quomodo
3101 1097 3279 1145 autem
3314 1090 3418 1144 nisi
3474 1092 3677 1163 gratias

2084 1175 2319 1243 agendo,
2342 1191 2442 1229 nos
2474 1176 2752 1231 beneﬁciis
2783 1178 2900 1245 ejus
2926 1178 3167 1249 ingratos
3196 1193 3305 1233 non
3335 1194 3457 1232 esse
3487 1186 3673 1233 osten-

2083 1262 2261 1316 dimus
2281 1262 2308 1315 ?
2339 1264 2588 1335 Ingratos
2618 1263 2784 1319 fuisse
2814 1265 2937 1321 illos
2959 1265 3136 1338 arguit
3154 1265 3448 1336 Scriptura,
3471 1266 3539 1320 de
3556 1266 3675 1339 qui-

2083 1351 2184 1404 bus
2216 1350 2344 1405 dicit
2378 1366 2388 1404 :
2421 1352 2489 1405 Et
2520 1352 2683 1408 obliti
2701 1358 2835 1409 sunt
2869 1354 3291 1425 benefactorum
3321 1356 3463 1426 ejus,
3495 1358 3550 1410 et
3565 1356 3670 1410 mi-

2082 1438 2351 1493 rabilium
2380 1441 2501 1509 ejus
2531 1456 2653 1511 quae
2682 1442 2931 1497 ostendit
2966 1442 3044 1497 eis
3101 1441 3275 1511 (Psal.
3308 1455 3524 1506 Lxxvn,
3559 1442 3667 1513 11).

2084 1525 2345 1581 Dominus
2378 1543 2595 1597 quoque
2625 1526 2680 1581 in
2710 1528 3034 1601 Evangelio,
3066 1543 3189 1584 cum
3210 1529 3402 1584 decem
3421 1529 3670 1599 leprosos

2083 1614 2420 1681 mundasset,
2455 1623 2507 1669 et
2538 1631 2676 1669 unus
2709 1623 2913 1671 tantum
2944 1616 3149 1687 gratias
3188 1624 3398 1688 ageret,
3432 1615 3669 1688 reliquos

2084 1716 2281 1757 novem
2314 1701 2555 1773 ingratos
2599 1703 2869 1758 exstitisse
2899 1711 3233 1776 conquestus
3279 1712 3381 1768 est,
3431 1703 3620 1761 dicens
3653 1722 3667 1758 :

2008 1814 2063 1874 Β
2085 1790 2281 1845 Nonne
2309 1791 2499 1845 decem
2531 1792 2818 1857 mandavi,
2852 1797 2909 1847 et
2940 1808 3137 1848 novem
3164 1792 3260 1847 ubi
3288 1795 3425 1849 sunt
3456 1796 3478 1847 .9
3507 1793 3666 1861 (Luc.

2083 1894 2220 1944 xvu,
2255 1881 2365 1947 17.)
2389 1886 2492 1934 etc.
2526 1880 2935 1934 Animadvertat
2963 1880 3130 1951 igitur
3155 1880 3420 1935 discretus
3448 1886 3668 1934 sancta-

2084 1982 2203 2019 rum
2234 1966 2633 2036 Scripturarum
2662 1967 2853 2036 lector,
2885 1967 2999 2022 sive
3021 1967 3253 2036 auditor,
3277 1968 3423 2039 quod
3453 1967 3670 2038 quando

2082 2053 2302 2108 laudare
2361 2056 2555 2120 Deum,
2602 2055 2689 2109 vel
2745 2055 3087 2120 benedicere,
3146 2055 3232 2111 vel
3288 2054 3660 2128 magniﬁcare,

2083 2141 2340 2207 exaltare,
2364 2143 2451 2197 vel
2467 2142 2791 2214 gloriﬁcare,
2812 2151 2903 2198 aut
2922 2151 3142 2199 cantare
3162 2144 3232 2209 ei,
3264 2151 3356 2199 aut
3377 2142 3666 2211 exsultare,

2085 2228 2169 2283 vel
2181 2229 2430 2299 jubitare,
2463 2237 2552 2284 aut
2593 2231 2797 2302 gratias
2826 2247 2991 2303 agere
3022 2231 3297 2299 jubemur,
3330 2231 3446 2287 sive
3473 2246 3665 2286 mone-

2082 2335 2224 2383 mur,
2250 2334 2339 2371 res
2374 2334 2513 2388 pene
2542 2319 2728 2373 eadem
2787 2318 3021 2374 diversis
3077 2318 3258 2374 verbis
3313 2317 3666 2390 signiﬁcatur.

2084 2407 2249 2461 Verbi
2277 2407 2456 2478 gratia
2492 2422 2503 2459 :
2533 2406 2873 2473 Benedicite,
2933 2411 3148 2479 gentes,
3196 2408 3373 2463 Deum
3410 2411 3672 2463 nostrum

2084 2496 2259 2566 (Psal.
2281 2509 2411 2562 va,
2445 2493 2517 2562 8),
2544 2501 2596 2549 et
2616 2509 2629 2546 :
2646 2494 2999 2564 Magniﬁcate
3018 2497 3320 2551 Dominum
3348 2511 3590 2561 mecum,
3617 2497 3674 2549 et

2085 2584 2343 2638 exaltate
2373 2598 2578 2638 nomen
2599 2584 2719 2653 ejus
2747 2585 2811 2638 in
2828 2585 3013 2654 ipsum
3041 2582 3218 2653 (Psal.
3243 2596 3452 2650 xxxm,
3471 2583 3547 2653 4),
3580 2589 3667 2637 et:

2087 2670 2326 2725 Cantate
2357 2672 2407 2725 ei
2438 2674 2492 2725 et
2521 2672 2752 2741 psallite
2782 2672 2834 2726 ei
2871 2670 3047 2742 (Psal.
3081 2686 3191 2736 crv,
3214 2670 3289 2741 2),
3341 2678 3395 2725 et
3425 2688 3440 2724 :
3483 2670 3670 2727 Venite

2084 2759 2441 2815 exsultemus
2470 2759 2725 2823 Domino,
2739 2758 3053 2828 jubilemus
3064 2760 3172 2816 Deo
3198 2759 3447 2815 salutari
3473 2761 3667 2813 nostro

2084 2847 2259 2916 (Psal.
2292 2862 2443 2911 xcrv,
2468 2846 2541 2916 1).
2563 2845 2845 2901 Confessio
2875 2862 3092 2917 quoque
3122 2846 3178 2901 in
3208 2845 3495 2917 Scripturis
3524 2862 3668 2916 saepe

2084 2933 2301 2988 laudem
2363 2932 2651 3005 signiﬁcat,
2672 2941 2729 2988 ut
2754 2933 2828 2988 ibi
2864 2949 2877 2988 :
2913 2934 3223 3003 Conﬁtebor
3270 2935 3391 3000 tibi,
3437 2934 3670 2991 Domine

2085 3025 2231 3077 Deus
2248 3038 2424 3089 meus,
2441 3024 2505 3077 in
2526 3026 2640 3078 toto
2662 3024 2824 3078 corde
2844 3023 3160 3093 meo(Psal.
3178 3023 3521 3091 Lxxxv,12).
3535 3022 3670 3076 Nam

2087 3110 2242 3181 quasi
2264 3110 2584 3180 exponendo
2614 3109 2742 3180 quid
2770 3110 2985 3177 dixerit,
3017 3110 3237 3176 subdit;
3270 3114 3327 3166 et
3356 3110 3673 3181 gloriﬁcabo

2084 3214 2290 3254 nomen
2310 3202 2472 3253 tuum
2489 3199 2553 3252 in
2574 3202 2873 3253 eeternum.
2895 3198 2965 3252 Et
2984 3198 3249 3253 Dominus
3260 3198 3315 3252 in
3329 3196 3631 3269 Evangelio
3657 3212 3668 3251 :

2089 3286 2366 3354 Conﬁteor
2395 3287 2514 3351 tibi,
2540 3287 2730 3352 Pater,
2754 3287 2989 3341 Domine
3018 3286 3144 3342 σιειὶ
3164 3291 3223 3342 et
3246 3290 3413 3343 terra:
3432 3285 3589 3356 (Luc.
3607 3298 3669 3350 ι,

2084 3376 2194 3445 2t).
2220 3375 2342 3429 Non
2372 3373 2517 3429 enim
2545 3381 2769 3445 peccata
2798 3371 3178 3441 conﬁtebatur,
3204 3362 3297 3445 qui
3313 3381 3539 3444 peccata
3564 3387 3673 3428 non

2086 3462 2226 3529 fecit,
2261 3463 2357 3518 sed
2379 3462 2526 3517 Patri
2556 3461 2763 3535 gratias
2796 3461 3011 3534 agebat.
3045 3462 3234 3517 Solent
3260 3461 3510 3517 homines
3539 3459 3672 3515 ami-

2087 3567 2294 3617 corum,
2328 3550 2416 3607 vel
2444 3549 2787 3605 dominorum
2816 3564 3041 3606 suorum
3069 3548 3336 3606 beneﬁcia
3364 3549 3437 3606 ad
3464 3563 3672 3605 memo-

2086 3638 2225 3693 riam
2285 3639 2547 3694 reducere
2570 3680 2585 3703 ,
2643 3644 2701 3692 ut
2772 3654 2840 3692 ex
2912 3637 3208 3709 quantitate
3284 3634 3671 3693 beneﬁciorum

2085 3727 2428 3798 perpendant
2453 3769 2466 3793 ,
2560 3734 2816 3797 quantum
2887 3726 2967 3781 eis
3032 3725 3269 3782 debeant
3348 3723 3669 3796 rependere,

2085 3830 2329 3870 amorem
2357 3857 2370 3883 ,
2427 3814 2515 3870 vel
2585 3812 2928 3885 obsequium.
2988 3814 3104 3870 Nos
3168 3828 3301 3886 ergo
3391 3812 3481 3869 vel
3561 3826 3673 3867 non

2087 3902 2265 3959 solum
2346 3903 2417 3957 ad
2463 3909 2702 3957 mentem
2768 3917 3023 3958 revocare
3046 3943 3060 3969 ,
3122 3902 3218 3957 sed
3277 3899 3675 3957 studiosissime

2087 3991 2399 4062 excogitare
2441 3998 2495 4045 et
2522 3991 2804 4061 exquirere
2830 3990 3114 4058 debemus,
3175 4004 3295 4061 quae
3361 3997 3416 4045 et
3472 3994 3672 4060 quanta

2087 4079 2246 4135 nobis
2281 4077 2565 4144 beneﬁcia,
2599 4086 2653 4133 et
2695 4078 2841 4133 dona
2889 4077 3148 4133 divinitus
3205 4076 3403 4133 collata
3448 4083 3589 4143 sunt,
3622 4083 3677 4131 et

2086 4166 2437 4223 devotissime
2466 4166 2669 4221 auctori
2700 4181 2889 4221 eorum
2916 4165 3107 4221 laudes
3123 4164 3354 4231 debitas,
3382 4172 3436 4219 et
3461 4164 3669 4237 gratia-

2085 4270 2209 4310 rum
2237 4255 2480 4310 actiones
2510 4253 2729 4309 referre.
2763 4254 2903 4308 Nam
2927 4254 3074 4309 dona
3093 4253 3336 4310 ccalestia
3356 4252 3671 4317 recolendo,

2086 4358 2332 4398 amorem
2351 4341 2452 4397 Dei
2481 4342 2537 4396 in
2566 4342 2769 4397 nostris
2797 4341 3054 4397 cordibus
3110 4341 3427 4397 excitamus.
3461 4339 3672 4395 Gratias

2086 4447 2219 4487 vero
2246 4446 2348 4503 pro
2376 4431 2484 4485 illis
2512 4431 2749 4504 agendo,
2780 4439 2833 4486 et
2886 4446 2948 4485 ea
2976 4446 3097 4502 qua:
3151 4429 3482 4500 accepimus,
3515 4427 3673 4484 nobis

388 4526 442 4575 et
469 4519 559 4576 hic
586 4519 746 4589 bene,
783 4529 838 4575 et
866 4520 922 4575 in
951 4528 1219 4576 aeternum
1246 4522 1406 4577 beate
1438 4521 1655 4587 vivere;
1690 4536 1813 4577 cum
1851 4537 1979 4593 quo,
2005 4507 2057 4568 D
2084 4520 2417 4586 conservari,
2470 4527 2523 4574 et
2553 4535 2675 4591 quae
2730 4517 2973 4573 nondum
3015 4517 3327 4588 accepimus
3382 4516 3540 4572 nobis
3569 4530 3674 4571 au-

386 4615 442 4665 et
470 4624 594 4665 cum
622 4609 785 4665 Patre
810 4615 893 4665 est
923 4608 1020 4664 tibi
1063 4609 1242 4681 gloria
1290 4617 1344 4664 et
1371 4609 1547 4665 bonor
1587 4608 1896 4664 individuus
1925 4610 1981 4663 in

386 4696 589 4755 saacula
618 4697 960 4753 saeculorum.
1002 4699 1198 4754 Amen.

675 4785 866 4842 Oratio
913 4786 985 4841 ad
1025 4790 1284 4842 sanctam
1334 4786 1691 4841 Trinitatem.

457 4872 664 4930 Sancta
690 4873 922 4929 Trinitas
942 4889 1081 4929 unus
1099 4874 1266 4940 Deus,
1292 4872 1384 4947 qui
1405 4888 1614 4937 omnes,
1639 4888 1776 4944 quos
1805 4873 1861 4928 in
1879 4889 1979 4944 pa-

381 4960 490 5017 tria
517 4960 817 5028 beatiﬁcas,
848 4962 1001 5033 prius
1029 4962 1119 5018 via
1147 4961 1456 5033 adeptionis
1500 4960 1700 5031 Spiritu
1735 4960 1981 5032 signatos

381 5047 632 5106 viviﬁcas
661 5056 714 5106 et
733 5048 1062 5119 sanctiﬁcas,
1096 5051 1169 5105 da
1196 5049 1330 5105 mihi
1387 5047 1605 5105 servulo
1637 5056 1727 5104 tuo
1781 5050 1980 5122 pignus

380 5136 717 5194 haereditatis
776 5146 977 5195 nostrae
1031 5138 1282 5193 eumdem
1357 5136 1614 5207 Spiritum
1683 5132 1976 5193 sanetum:

382 5232 440 5281 ut
474 5224 596 5296 ipso
624 5226 962 5293 charitatem,
1007 5242 1129 5298 qua:
1185 5225 1393 5296 operiat
1421 5224 1814 5280 multitudinem
1844 5240 1979 5297 pec-

392 5320 634 5370 catorum
661 5330 930 5383 meorum,
964 5315 1020 5369 in
1076 5313 1244 5369 corde
1268 5328 1393 5368 meo
1442 5311 1808 5380 diﬁ'undente;
1842 5321 1896 5368 et
1924 5314 1981 5368 in

387 5402 536 5458 omni
564 5401 864 5469 intellectu,
906 5416 1177 5465 sermone,
1209 5408 1259 5456 et
1287 5416 1455 5472 opere
1486 5401 1628 5457 bono
1656 5418 1742 5457 me
1773 5401 1978 5458 conﬁr-

383 5496 587 5558 mante,
609 5505 937 5560 mecumque
964 5489 1020 5544 in
1047 5496 1310 5545 aeternum
1331 5497 1606 5557 manente,
1627 5506 1751 5545 cum
1781 5491 1859 5546 eis
1887 5492 1978 5562 qui

377 5578 624 5636 habitant
652 5578 709 5634 in
739 5577 902 5634 domo
933 5585 1026 5633 tua
1058 5584 1111 5633 te
1157 5592 1373 5633 merear
1445 5579 1665 5634 laudare
1698 5579 1750 5634 in
1781 5580 1980 5636 saecula

381 5667 726 5725 saeculorum.
760 5669 953 5721 Amen.

2081 4609 2202 4681 geri
2258 4624 2654 4678 promeremur.
2715 4606 2870 4662 Unde
2927 4606 3191 4662 Dominus
3229 4606 3304 4661 ait
3330 4605 3387 4660 in
3415 4606 3672 4676 Evange-

2082 4695 2155 4751 lio
2189 4712 2201 4750 :
2232 4696 2476 4753 Habenti
2505 4695 2751 4761 dabitur,
2784 4698 2842 4751 et
2875 4694 3224 4761 abundabit;
3255 4696 3309 4750 ei
3343 4696 3536 4750 autem
3573 4694 3672 4765 qui

2081 4799 2199 4840 non
2231 4785 2414 4853 habet,
2437 4789 2492 4839 et
2513 4784 2655 4856 quod
2675 4783 2902 4839 videtur
2923 4782 3147 4849 habere,
3180 4784 3480 4853 auferetur
3507 4781 3573 4836 ab
3604 4796 3667 4837 eo

2082 4874 2236 4945 (Luc.
2267 4887 2381 4938 xxx,
2411 4872 2523 4944 26).
2556 4872 2652 4927 llle
2683 4870 2829 4927 enim
2857 4871 3003 4926 dona
3049 4870 3151 4926 Dei
3179 4869 3444 4926 veraciter
3469 4868 3673 4924 habere

2079 4960 2343 5016 dicendus
2372 4968 2471 5025 est,
2505 4960 2598 5031 qui
2626 4959 2717 5030 pia
2746 4959 3047 5031 gratiarum
3067 4959 3277 5015 actione
3310 4958 3389 5013 eis
3421 4956 3491 5012 ad
3521 4956 3575 5011 id
3603 4956 3673 5011 ad

2082 5048 2228 5121 quod
2258 5048 2385 5103 data
2414 5056 2557 5116 sunt,
2591 5047 2647 5102 id
2678 5054 2779 5114 est,
2810 5047 2878 5102 ad
2910 5047 3263 5118 quaerendum
3291 5047 3465 5101 Deum
3485 5044 3669 5113 utitur,

2082 5144 2135 5192 et
2162 5144 2402 5192 meretur
2421 5135 2654 5209 gratiam
2674 5150 2775 5206 pro
2797 5135 2993 5207 gratia.
3014 5134 3118 5204 Qui
3132 5150 3262 5190 vero
3278 5134 3350 5190 ad
3368 5133 3515 5188 aliud
3535 5148 3676 5204 qua),-

2081 5225 2312 5281 rendum
2333 5225 2412 5279 eis
2444 5224 2700 5289 abutitur,
2745 5230 2931 5294 utpote
2963 5223 3227 5294 ingratus,
3260 5222 3327 5277 iis
3356 5221 3521 5277 etiam
3548 5237 3672 5292 quae

2081 5313 2289 5384 accepit
2316 5312 2519 5384 privari
2576 5318 2836 5368 meretur.
2882 5312 3039 5367 Dona
3069 5318 3247 5366 autem
3290 5310 3391 5365 Dei
3421 5310 3673 5381 quaedam

2080 5401 2440 5459 communiter
2495 5400 2694 5456 dantur
2750 5399 2908 5471 bonis
2947 5408 2999 5453 et
3056 5399 3232 5464 malis,
3263 5399 3513 5470 quaedam
3541 5413 3670 5453 vero
3724 5406 3727 5409 ’

2079 5489 2339 5561 specialia
2396 5496 2522 5543 sunt
2579 5489 2893 5544 electorum.
2942 5487 3083 5542 Nam
3140 5487 3439 5542 exteriores
3470 5485 3672 5541 divitias

2078 5578 2197 5632 auri
2228 5584 2281 5631 et
2309 5575 2545 5648 argenti,
2581 5584 2634 5632 et
2664 5584 3011 5642 czeterorum,
3046 5575 3248 5629 sanitas
3279 5575 3439 5629 etiam
3471 5589 3671 5644 corpo-

2080 5666 2174 5731 ris,
2212 5673 2264 5720 et
2313 5664 2683 5720 membrorum
2731 5663 3308 5736 valitudo;ingenium
3368 5677 3583 5735 quoque
3620 5669 3673 5717 et
