3938 6410
253 364 352 420 921

1538 362 1893 420 EPISTOLE
1931 363 2271 433 QUINQUE.

3460 361 3564 416 922

257 488 545 556 memoria,
579 495 633 543 et
674 488 970 542 litterarum
1030 487 1275 553 scientia,
1311 495 1362 542 et
1418 495 1616 543 czetera
1668 488 1862 557 hujus-
1891 489 1946 549 Α
1969 489 2094 544 laus
2123 490 2244 559 ejus
2272 489 2336 543 in
2366 502 2460 543 ore
2489 504 2609 544 meo
2641 489 2820 558 (Psal.
2858 502 3064 554 χχχιιι,
3098 486 3174 555 2).
3209 483 3314 553 Qui
3334 483 3479 538 enim
3508 483 3563 537 in

260 577 449 638 modi,
506 576 756 646 reprobis
814 575 1024 646 pariter
1082 576 1277 630 dantur
1325 585 1377 630 et
1423 577 1629 630 electis.
1679 575 1867 630 Fidem

263 680 394 718 vero
426 681 549 735 qua}
597 681 695 734 per
739 663 1086 717 dilectionem
1126 671 1398 733 operatur,
1432 664 1706 734 pietatem,
1741 665 1866 717 cha-

261 751 494 819 ritatem,
536 751 790 805 timorem
835 759 1080 807 sanctum
1127 759 1181 805 et
1211 759 1409 805 caetera
1441 767 1694 805 verarum
1723 751 1866 805 dona

261 839 542 907 virtutum,
590 839 720 893 solis
758 839 947 893 electis
993 839 1110 892 dari
1148 839 1496 894 manifestum
1527 847 1627 893 est.
1660 839 1864 892 Audia-

264 944 386 982 mus
416 927 584 998 igitur
617 927 909 996 quemdam
937 927 991 979 in
1009 926 1217 995 psalmo
1239 926 1424 981 divina
1444 927 1587 982 circa
1611 943 1668 980 se
1691 927 1862 980 bene-

260 1013 386 1070 ﬁcia
413 1031 538 1070 cum
593 1014 950 1068 exsultatione
1000 1014 1348 1068 recolentem.
1381 1015 1750 1086 Exspectans,
1782 1015 1864 1068 in-

259 1103 393 1174 quit,
422 1103 1075 1174 exspectaviDominum,
1092 1106 1148 1157 et
1163 1103 1413 1158 intendit
1428 1103 1568 1158 mihi
1583 1123 1600 1157 :
1615 1106 1668 1157 et
1691 1119 1864 1157 exau-

262 1190 404 1245 divit
423 1207 616 1262 preces
633 1207 808 1254 meas,
835 1194 890 1245 et
909 1191 1210 1245 eduxitme
1229 1191 1294 1245 de
1311 1191 1438 1246 lacu
1449 1191 1712 1257 miseriae,
1728 1191 1863 1245 etde

263 1279 384 1334 luto
402 1279 560 1348 faecis
585 1279 757 1345 (Psal.
782 1293 992 1342 χχχιιι,
1027 1283 1080 1343 2,
1105 1277 1181 1348 3).
1204 1279 1318 1333 Huc
1342 1294 1514 1348 usque
1535 1277 1772 1332 ostendit
1793 1279 1862 1332 de

261 1381 370 1437 quo
397 1365 668 1435 profundo
693 1365 964 1420 malorum
984 1381 1082 1436 per
1101 1366 1335 1436 gratiam
1361 1366 1460 1420 Dei
1486 1366 1748 1421 liberatus
1769 1365 1857 1420 sit.

261 1454 488 1508 Duobus
539 1469 666 1508 vero
698 1453 1050 1523 sequentibus
1098 1454 1344 1508 versibus
1375 1453 1857 1520 confirmationem,

263 1549 318 1596 et
379 1540 774 1608 directionem,
827 1548 880 1595 et
921 1541 1329 1596 innovationem
1378 1557 1529 1595 suam
1575 1541 1858 1605 describit,

259 1628 449 1683 dicens
483 1646 496 1681 :
530 1630 600 1683 Et
628 1629 834 1683 statuit
856 1645 1032 1699 supra
1049 1633 1273 1700 petram
1291 1629 1458 1700 pedes
1480 1644 1629 1684 meos
1652 1630 1856 1699 (ibid.),

259 1723 316 1770 et
345 1716 570 1786 reliqua.
623 1715 725 1771 Ubi
772 1716 874 1770 etsi
915 1716 1048 1769 nihil
1103 1717 1338 1786 positum
1388 1717 1472 1782 sit,
1516 1717 1661 1788 quod
1693 1718 1858 1772 bene-

1970 577 2114 631 omni
2163 585 2408 646 tempore
2455 576 2746 642 benedicit,
2795 592 2906 631 non
2956 576 3132 630 solum
3182 573 3240 628 in
3285 571 3561 642 prosperis

1968 665 2140 719 sedet
2170 665 2226 718 in
2255 664 2499 718 adversis
2544 664 2754 734 gratias
2800 665 2929 735 agit.
2976 664 3116 718 Nam
3166 670 3218 716 et
3265 659 3390 714 mali
3421 659 3560 713 inter

1965 767 2233 822 prospera
2280 752 2502 806 laudant
2549 752 2741 820 Deum,
2789 753 2927 807 sicut
2969 752 3229 820 scriptum
3259 757 3384 802 est:
3419 746 3560 801 Con-

1963 841 2219 908 ﬁtebitur
2252 842 2373 905 tibi,
2407 856 2538 896 cum
2569 841 2909 910 benefeceris
2941 843 2992 896 ei
3020 839 3192 906 (Psal.
3214 851 3410 900 XLVIII,
3445 836 3554 903 19),

1964 928 2020 982 in
2065 929 2314 984 adversis
2352 936 2532 982 autem
2579 944 2914 983 murmurare
2959 928 3154 992 solent,
3196 933 3249 980 et
3301 923 3558 994 blasphe-

1963 1032 2130 1070 mare.

2605 1106 2679 1160 De
2705 1104 2914 1160 eodem.

2035 1209 2141 1277 Qui
2189 1216 2368 1264 autem
2397 1210 2452 1264 in
2494 1210 2796 1281 gratiarum
2842 1208 3054 1264 actione
3085 1206 3357 1261 studiosus
3387 1212 3471 1260 est
3501 1212 3556 1260 et

1963 1297 2210 1363 devotus,
2244 1306 2367 1352 ante
2395 1298 2576 1352 omnia
2607 1298 2768 1353 debet
2809 1297 2939 1352 illud
2979 1296 3222 1351 omnium
3262 1292 3556 1349 beneﬁcio-

1962 1402 2077 1439 rum
2127 1385 2435 1441 divinorum
2483 1386 2778 1440 maximum
2824 1393 2988 1456 atque
3037 1380 3553 1439 excellentissimum

1963 1473 2229 1540 recolere,
2260 1482 2309 1528 et
2343 1483 2536 1545 quanta
2566 1481 2745 1544 potest
2773 1473 3062 1528 devotione
3095 1478 3145 1526 et
3163 1471 3359 1542 pietate
3375 1484 3474 1540 pro
3490 1483 3556 1524 eo

1961 1562 2164 1632 gratias
2228 1577 2411 1634 agere,
2482 1578 2589 1634 quo
2634 1579 2735 1632 per
2787 1567 3192 1617 sacrosanctum
3239 1557 3554 1630 mysterium

1958 1649 2346 1704 incarnationis
2394 1658 2446 1705 et
2485 1650 2758 1721 passionis
2805 1648 3023 1714 Christi,
3071 1664 3104 1702 a
3151 1653 3326 1701 morte
3355 1652 3554 1700 aeterna

1958 1737 2226 1808 redempti
2257 1747 2310 1792 et
2351 1739 2417 1792 ad
2467 1738 2629 1794 vitam
2672 1746 2935 1792 aeternam
2977 1752 3164 1792 sumus
3205 1732 3460 1804 reparati.
3494 1733 3556 1786 In

259 1803 592 1869 dictionem,
653 1803 738 1858 vel
781 1804 1079 1876 gratiarum
1121 1804 1389 1860 actionem
1438 1804 1723 1876 signiﬁcet,
1766 1804 1847 1875 pia

1961 1803 2176 1881 Christo
2205 1841 2441 1897 namque
2483 1827 2598 1897 ipsa
2629 1826 2776 1880 salus
2803 1825 2876 1880 ad
2903 1832 3159 1894 aagrotos,
3193 1803 3312 1893 ipsa
3341 1820 3553 1875 miseri-

259 1897 444 1947 tamen
473 1891 780 1947 divinorum
823 1891 1206 1948 beneﬁciorum
1244 1893 1568 1959 recordatio,
1601 1908 1698 1963 pro
1728 1907 1860 1965 gra-

268 1979 466 2034 tiarum
497 1980 707 2035 actione
735 1979 984 2035 habetur.
1020 1981 1080 2034 In
1108 1979 1216 2034 alio
1244 1997 1460 2051 quoque
1489 1981 1704 2051 psalmo
1734 1981 1859 2052 glo-

266 2067 438 2123 riﬁcat
469 2068 666 2135 Deum,
690 2068 923 2122 dicendo
948 2083 959 2121 :
990 2068 1120 2136 Quis
1141 2071 1288 2124 Deus
1307 2073 1517 2140 prceter
1534 2069 1856 2134 Dominum,

263 2159 369 2211 aut
387 2157 508 2226 quis
521 2157 669 2212 Deus
686 2160 896 2228 praeter
913 2159 1087 2212 Deum
1103 2162 1366 2212 nostrum
1381 2157 1411 2211 ?
1426 2156 1602 2226 (Psal.
1621 2160 1858 2226 xvu,l2)

260 2251 313 2298 et
353 2243 507 2314 quasi
547 2259 933 2314 quaereremus,
957 2243 1087 2314 quid
1107 2244 1203 2297 tibi
1234 2243 1396 2299 fecit?
1426 2260 1589 2316 quare
1635 2260 1759 2299 eum
1786 2243 1859 2299 ita

260 2330 582 2403 magniﬁcas
603 2339 658 2386 et
677 2331 906 2386 laudas?
935 2339 1216 2386 enumerat
1237 2332 1434 2386 multas
1454 2333 1644 2404 gratiae
1660 2332 1856 2387 divina

266 2419 409 2474 circa
431 2435 492 2473 se
513 2418 883 2489 operationes,
909 2427 962 2474 et
981 2419 1166 2474 subdit
1188 2436 1202 2473 :
1225 2421 1372 2476 Deus
1414 2421 1510 2491 qui
1543 2421 1857 2492 prlecinxit

261 2523 350 2562 me
397 2509 650 2575 uirtute,
695 2511 750 2562 et
776 2509 966 2578 posuit
1008 2509 1440 2563 immaculatum
1479 2509 1629 2564 viam
1669 2524 1855 2564 meam

170 2658 175 2663 _
260 2595 438 2661 (Psal.
481 2609 622 2662 xvn,
666 2598 775 2664 l2),
810 2603 862 2648 et
888 2602 1085 2650 caetera
1113 2611 1287 2666 usque
1314 2595 1458 2660 illuc,
1484 2600 1540 2651 et
1570 2612 1686 2651 non
1717 2600 1852 2651 sunt

263 2683 567 2750 inﬁrmata
602 2683 839 2751 vestigia
857 2699 984 2738 mea
1003 2683 1160 2753 (ibid.
1188 2697 1398 2748 xxxm,
1424 2686 1535 2751 37).
1560 2684 1853 2753 Apostolus

257 2777 458 2837 autem,
494 2769 738 2835 Gratias,
779 2770 973 2840 inquit,
1010 2788 1111 2841 ago
1148 2773 1219 2839 ei,
1243 2772 1340 2843 qui
1372 2787 1460 2827 me
1487 2774 1848 2843 con/ortavit,

256 2860 352 2930 qui
369 2858 593 2926 ﬁdelem
612 2874 702 2912 me
714 2859 1088 2926 existimavit,
1101 2875 1318 2931 ponens
1332 2877 1421 2915 me
1435 2862 1497 2922 in
1509 2863 1847 2917 ministerio.

257 2945 555 3000 Subdendo
571 2961 722 3011 vero,
747 2947 842 3018 qui
851 2949 1012 3018 prius
1031 2948 1510 3019 fuiblasphemus,
1532 2953 1590 3004 et
1597 2964 1850 3020 perseeu-

257 3036 364 3102 tor,
388 3038 444 3088 et
461 3035 898 3090 contumeliosus
913 3036 964 3103 (I
987 3036 1117 3090 Tim.
1143 3051 1202 3101 ιι,
1227 3039 1312 3104 t2,
1340 3038 1461 3106 t3);
1495 3044 1646 3092 tanto
1674 3037 1850 3106 majo-

255 3137 370 3176 rem
399 3121 549 3177 circa
578 3137 637 3176 se
661 3122 890 3192 gratiam
917 3122 1016 3177 Dei
1045 3123 1300 3191 ostendit,
1343 3132 1545 3195 quanto
1574 3124 1850 3196 indignior

255 3216 387 3275 erat,
421 3209 512 3279 qui
550 3225 672 3264 eam
718 3210 969 3280 accipere
1007 3219 1329 3266 mereretur.
1383 3211 1600 3268 Gratias
1632 3229 1849 3284 quoque

255 3297 369 3368 agit
407 3296 499 3351 ubi
544 3296 674 3352 dicit
706 3314 719 3350 :
754 3299 1087 3354 Benedictus
1126 3300 1293 3365 Deus,
1335 3304 1390 3354 et
1426 3303 1595 3356 Pater
1621 3302 1847 3357 Domini

251 3385 439 3440 nostri
466 3386 598 3440 Iesu
622 3386 855 3452 Christi,
880 3389 1056 3442 Pater
1082 3388 1690 3459 misericordiarum(ll
1718 3390 1839 3446 Cor.

251 3487 291 3539 ι,
322 3473 398 3542 3),
432 3480 538 3528 etc.

411 3595 745 3666 Differentia
772 3596 928 3653 inter
953 3601 1210 3653 orantem
1239 3602 1294 3654 et
1319 3599 1671 3654 laudantem.

320 3716 436 3772 Hoc
476 3725 658 3776 autem
702 3718 843 3774 inter
887 3719 1141 3776 aﬂ‘ectum
1195 3721 1401 3776 orantis
1448 3721 1630 3790 distat,
1677 3731 1842 3794 atque

246 3805 534 3873 laudantis,
569 3807 713 3879 quod
744 3808 912 3864 oratio
957 3809 1336 3865 contritionem
1374 3810 1558 3878 habet,
1593 3818 1646 3865 et
1675 3813 1844 3883 gemi-

244 3900 380 3958 tum,
414 3895 657 3951 maxime
686 3896 903 3966 quando
940 3905 1163 3968 peccata
1192 3898 1478 3965 deﬂentur,
1503 3908 1592 3954 aut
1624 3901 1841 3971 quando

241 3980 386 4036 inter
433 3983 776 4052 tentatioues,
811 3992 862 4038 et
894 3985 1274 4041 tribulationes
1301 3986 1544 4042 divinum
1577 3987 1841 4043 auxilium

245 4069 584 4140 imploratur.
619 4069 722 4139 Qui
769 4088 900 4127 vero
939 4071 1144 4143 laudat,
1190 4082 1242 4129 et
1290 4075 1494 4145 gratias
1535 4075 1666 4147 agit,
1710 4093 1841 4149 gau-

245 4158 337 4214 dio
367 4166 419 4213 et
465 4158 650 4213 laetitia
698 4159 965 4230 spirituali
1009 4161 1373 4231 perfunditur.
1411 4163 1561 4219 Unde
1590 4163 1714 4229 illis,
1748 4165 1840 4236 qui

239 4262 342 4318 pro
371 4247 609 4316 peccatis
630 4248 979 4304 vehementer
1009 4258 1378 4317 conteruntur,
1413 4252 1668 4321 expedire
1689 4253 1840 4309 vide-

242 4342 350 4400 tur,
381 4342 438 4388 ut
475 4344 598 4405 post
640 4351 936 4392 maerorem
985 4353 1088 4409 pro
1118 4339 1355 4408 peccatis
1386 4339 1646 4408 habitum,
1682 4357 1742 4397 se
1770 4341 1839 4397 ad

242 4422 535 4494 gratiarum
601 4425 870 4480 actionem
932 4435 1284 4493 convertant;
1338 4435 1400 4482 ut'
1451 4427 1691 4483 animum
1739 4445 1836 4500 pro

240 4511 481 4582 peccatis
511 4519 851 4579 maerentem,
883 4514 1174 4586 gratiarum
1204 4516 1347 4571 actio
1375 4516 1689 4572 consoletur
1720 4535 1732 4572 :
1768 4535 1836 4574 ne
1857 4535 1910 4594 D

241 4597 386 4654 forte
414 4599 791 4656 abundantiori
821 4601 1037 4656 tristitia
1067 4603 1426 4659 absorbeatur
1456 4605 1548 4675 qui
1569 4605 1835 4673 ejusmodi

239 4695 358 4753 est;
393 4687 578 4758 sicque
617 4705 771 4744 mens
815 4707 916 4759 pro
947 4691 1186 4762 peccatis
1215 4691 1428 4763 afﬂicta,
1461 4693 1530 4748 de
1558 4694 1834 4765 perceptis

237 4773 519 4830 beneﬁciis
580 4776 786 4848 gratias
825 4777 1151 4848 referendo,
1203 4781 1274 4835 ad
1326 4797 1482 4851 spem
1531 4782 1704 4838 venia
1742 4799 1832 4838 re-

240 4870 471 4918 creetur.
533 4863 668 4918 Aliis
711 4881 926 4937 quoque
980 4883 1014 4922 a
1068 4868 1365 4939 gratiarum
1425 4870 1637 4925 actione
1692 4869 1832 4926 inci-

233 4949 436 5022 pienda
467 4951 676 5007 videtur
723 4954 913 5023 oratio,
945 4963 1004 5009 ut
1033 4972 1186 5011 mens
1216 4957 1420 5013 orantis
1450 4957 1716 5029 spirituali
1737 4959 1830 5028 ju-

237 5039 512 5094 cunditate
579 5039 819 5110 perfusa,
873 5051 925 5098 et
974 5042 1171 5100 fiducia
1219 5047 1444 5116 repleta,
1483 5063 1548 5102 ex
1596 5047 1829 5119 quadam

235 5127 403 5182 animi
450 5128 783 5199 pinguedine
832 5138 1003 5187 totam
1050 5141 1368 5204 sequentem
1416 5133 1653 5190 effundat
1700 5151 1827 5190 ora-

236 5214 456 5271 tionem.
1235 5281 1238 5284 ,

537 5307 767 5378 Semper
792 5309 1051 5365 debemus
1079 5313 1295 5381 gratias
1325 5329 1506 5383 agere.

301 5427 423 5482 Non
446 5427 624 5482 solum
651 5437 833 5485 autem
855 5431 909 5484 in
931 5433 1234 5503 prosperis,
1256 5435 1355 5489 sed
1376 5444 1429 5491 et
1450 5437 1588 5492 inter
1608 5437 1825 5509 ﬂagella

229 5515 494 5570 debemus
543 5518 752 5588 gratias
799 5534 966 5589 agere
1011 5521 1171 5588 Patri,
1226 5522 1317 5592 qui
1346 5523 1581 5593 ﬂagellat
1607 5541 1825 5580 omnem

226 5601 396 5672 ﬁlium
429 5619 596 5675 quem
640 5606 851 5676 recipit,
900 5608 1037 5663 sicut
1065 5609 1121 5662 in
1151 5625 1384 5678 persona
1409 5612 1538 5680 justi
1569 5611 1824 5682 scriptum

223 5701 305 5750 est
323 5709 348 5753 ,ε
371 5692 712 5750 Benedicam
727 5696 1030 5753 Dominum
1055 5700 1117 5752 in
1139 5699 1294 5753 omni
1317 5703 1583 5770 tempore,
1609 5715 1825 5772 semper

1960 1913 2148 1969 cordia
2193 1915 2263 1967 ad
2307 1913 2556 1980 miseros,
2607 1913 2728 1984 ipsa
2774 1913 3041 1983 sapientia
3077 1911 3146 1965 ad
3190 1910 3382 1977 fatuos,
3434 1908 3552 1978 ipsa

1959 2001 2070 2056 vita
2100 2001 2170 2058 ad
2215 2007 2502 2067 mortuos,’
2530 2002 2648 2072 ipsa
2693 2001 2779 2056 via
2807 2001 2877 2076 ad
2905 2007 3176 2064 errantes,
3205 1998 3324 2068 ipsa
3353 1995 3550 2053 veritas

1959 2089 2026 2142 ad
2055 2089 2366 2154 mendaces,
2394 2091 2512 2159 ipse
2541 2089 2872 2160 Redemptor
2889 2089 2959 2142 ad
2978 2087 3240 2158 captivos,
3264 2085 3380 2155 ipse
3403 2085 3551 2138 Deus

1958 2178 2029 2232 ad
2073 2177 2323 2232 homines
2369 2178 2533 2233 venit.
2582 2177 2680 2231 Illa
2718 2178 2974 2246 majestas
3013 2175 3212 2230 divinae
3249 2171 3546 2244 sapientiae,

1959 2280 2081 2336 quae
2123 2273 2433 2331 coaeterna,
2487 2273 2539 2320 et
2587 2263 3083 2333 consubstantialis,
3133 2269 3186 2317 et
3231 2260 3550 2331 coomnipo-

1955 2361 2078 2408 tens
2110 2354 2276 2419 Patri,
2310 2361 2364 2408 et
2411 2353 2632 2423 Spiritui
2678 2361 2885 2419 sancto,
2938 2359 3120 2423 portat
3159 2349 3339 2406 omnia
3375 2347 3547 2404 verbo

1959 2442 2170 2499 virtutis
2193 2458 2324 2508 suae,
2371 2449 2422 2495 et
2451 2442 2722 2513 attingens
2749 2457 2780 2496 a
2805 2439 2910 2496 ﬁne
2941 2456 3113 2512 usque
3142 2439 3211 2494 ad
3237 2435 3398 2492 finem
3430 2435 3548 2492 for-

1955 2532 2096 2597 titer,
2131 2530 2368 2601 disponit
2387 2530 2571 2585 omnia
2591 2530 2845 2594 suaviter,
2871 2537 3015 2584 tanta
3034 2527 3387 2582 miseratione
3419 2533 3546 2580 tan-

1955 2626 2118 2689 taque
2148 2618 2481 2672 abundantia
2509 2618 2726 2688 pietatis
2756 2633 2888 2687 suae,
2906 2623 3108 2673 nostra;
3128 2614 3364 2670 miseria:
3377 2612 3549 2668 voluit

1954 2706 2264 2772 subvenire,
2314 2713 2373 2760 ut
2417 2721 2527 2760 non
2577 2705 2755 2761 solum
2799 2720 2974 2776 usque
3024 2703 3095 2759 ad
3143 2701 3545 2773 susceptionem

1952 2801 2155 2850 nostrae
2198 2801 2423 2859 naturae,
2491 2794 2588 2849 sed
2653 2794 2814 2849 etiam
2854 2809 3028 2864 usque
3075 2791 3146 2847 ad
3192 2789 3545 2847 contumelias

1953 2891 2005 2938 et
2034 2884 2104 2938 ad
2120 2889 2350 2938 mortem
2371 2882 2562 2947 crucis,
2589 2898 2686 2952 pro
2705 2889 2892 2937 nostra
2911 2879 3284 2950 redemptione
3301 2886 3354 2934 et
3370 2877 3546 2934 salute

1952 2988 2012 3028 se
2040 2971 2305 3026 inclinare
2345 2971 2683 3042 dignaretur.
2725 2969 3036 3025 Altissimus
3077 2968 3246 3023 Patris
3293 2966 3544 3022 altissimi

1949 3059 2282 3131 unigenitus,
2314 3059 2454 3115 sicut
2482 3074 2592 3113 non
2619 3059 2805 3113 habuit
2833 3074 2943 3130 quo
2971 3058 3110 3112 ultra
3132 3073 3191 3112 se
3211 3055 3544 3111 humiliando

1881 3182 1928 3244 Ο
1952 3148 2330 3214 descenderet,
2363 3151 2527 3218 quam
2554 3154 2611 3202 ut
2637 3147 2694 3201 in
2724 3146 2960 3213 homine,
2993 3161 3156 3217 quem
3178 3145 3282 3199 sibi
3301 3144 3356 3198 in
3374 3158 3542 3198 unam

1943 3252 2237 3308 personam
2264 3235 2451 3301 univit,
2503 3235 2662 3307 quasi
2707 3251 2855 3302 reus,
2908 3241 2962 3289 et
2987 3232 3334 3289 damnatitius
3365 3239 3542 3288 morte

1946 3324 2256 3395 turpissima
2284 3331 2632 3389 moreretur;
2663 3323 2744 3380 sic
2772 3329 2962 3378 nostra
2991 3329 3187 3377 natura
3213 3336 3322 3377 non
3353 3319 3543 3375 habuit

1946 3428 2054 3483 quo
2084 3411 2226 3467 ultra
2272 3420 2459 3482 posset
2504 3411 2805 3477 sublimari,
2837 3425 3001 3481 quam
3029 3417 3088 3465 ut
3112 3409 3167 3464 in
3197 3407 3415 3465 Christo
3444 3423 3540 3463 se-

1943 3501 2081 3556 dens
2125 3500 2194 3555 ad
2237 3500 2519 3555 dexteram
2568 3498 2758 3567 Patris,
2808 3498 3007 3554 habeat
3051 3514 3252 3554 nomen
3281 3497 3429 3568 quod
3458 3504 3543 3552 est

1943 3604 2111 3659 super
2152 3604 2314 3644 omne
2343 3603 2563 3655 nomen,
2596 3595 2650 3644 et
2679 3587 2922 3642 ﬂectatur
2947 3586 2999 3643 ei
3029 3602 3190 3642 omne
3219 3601 3385 3658 genu,
3419 3600 3539 3640 coe-

1940 3676 2176 3742 lestium,
2211 3676 2548 3731 terrestrium
2579 3683 2632 3730 et
2658 3675 3012 3731 infernorum.
3045 3674 3209 3744 Spem
3241 3680 3419 3728 autem
3440 3689 3541 3729 no-

1941 3765 2026 3820 bis
2055 3765 2419 3820 ﬁrmissimam
2457 3764 2626 3830 dedit,
2672 3779 2794 3830 nos,
2823 3763 2870 3819 si
2901 3763 2951 3819 ei
2980 3762 3214 3818 ﬁdeliter
3241 3761 3540 3818 adhmseri-

1940 3870 2082 3920 mus,
2105 3869 2212 3925 quo
2231 3854 2348 3923 ipse
2367 3853 2645 3924 praecessit
2665 3867 2788 3908 esse
2809 3860 3103 3907 secuturos.
3129 3853 3206 3906 Pa
3216 3855 3319 3917 ter,
3343 3850 3536 3922 inquit,

1940 3957 2074 4014 quos
2112 3941 2317 3997 dedisti
2343 3942 2510 4008 mihi,
2548 3943 2668 3997 volo
2688 3945 2754 3996 ut
2790 3941 2885 3997 ubi
2918 3956 3012 4011 ego
3033 3956 3176 4005 sum,
3207 3943 3263 3995 et
3291 3940 3385 3994 illi
3418 3939 3538 3995 sint

1938 4045 2181 4091 mecum,
2222 4035 2289 4085 ut
2329 4031 2560 4086 videant
2600 4031 2927 4085 claritatem
2958 4045 3125 4101 quam
3165 4027 3373 4084 dedisti
3390 4028 3538 4084 mihi

1939 4117 2122 4190 (Joan.
2149 4133 2284 4180 xvn.
2311 4119 2425 4186 24).
2447 4116 2582 4184 Quis
2600 4125 2801 4172 tantam
2824 4117 3056 4188 gratiam
3077 4116 3242 4187 digne
3267 4115 3532 4188 cogitare,

1939 4206 2061 4277 quis
2091 4205 2322 4260 sufﬁciat
2348 4206 2514 4277 digne
2544 4221 2645 4276 pro
2673 4220 2739 4260 ea
2769 4205 2957 4259 laudes
2985 4212 3038 4259 et
3053 4204 3262 4275 gratias
3278 4203 3489 4260 referre
3508 4204 3538 4258 ?

1938 4294 2044 4349 Sed
2072 4294 2172 4348 etsi
2204 4309 2310 4348 non
2339 4293 2583 4348 valemus
2610 4293 2807 4365 dignas
2835 4284 3026 4347 laudes
3056 4292 3389 4363 persolvere,
3422 4307 3533 4347 non

1935 4389 2116 4437 tamen
2145 4382 2406 4436 debemus
2438 4397 2470 4436 a
2498 4381 2798 4450 gratiarum
2829 4379 3044 4436 actione
3073 4396 3313 4446 cessare,
3351 4380 3530 4436 donec

1938 4471 2058 4540 ipso
2085 4470 2338 4535 ducente,
2381 4469 2510 4525 illuc
2557 4468 2960 4540 perveniamus,
3010 4468 3104 4522 ubi
3144 4469 3246 4524 hoc
3276 4469 3395 4523 sine
3422 4467 3530 4524 fine

1938 4559 2218 4624 faciamus,
2248 4559 2387 4614 sicut
2416 4557 2675 4628 scriptum
2706 4565 2787 4612 est
2819 4573 2833 4610 :
2866 4558 3025 4612 Beati
3047 4557 3145 4628 qui
3173 4556 3437 4612 habitant
3466 4559 3532 4612 in

1937 4648 2096 4726 domo
2120 4651 2239 4714 tua,
2265 4648 2496 4703 Domine
2517 4666 2536 4713 ;
2557 4648 2620 4701 in
2633 4645 2843 4702 saecula
2861 4646 3199 4700 saeculorum
3212 4644 3530 4700 laudabunt

1937 4739 1991 4791 te
2020 4736 2195 4807 (Psal.
2237 4750 2479 4799 Lxxxui,
2513 4737 2588 4804 5).
2622 4735 2778 4788 Nunc
2808 4733 2952 4788 enim
2985 4741 3197 4804 tempus
3227 4739 3308 4787 est
3336 4733 3529 4789 orandi

1935 4824 2153 4894 pariter,
2187 4831 2238 4877 et
2266 4823 2542 4889 laudandi,
2574 4831 2701 4878 tunc
2731 4823 2834 4878 erit
2853 4822 3227 4877 tantummodo
3247 4820 3524 4877 laudandi.

1932 4912 2084 4966 Tunc
2132 4911 2332 4982 quippe
2375 4911 2515 4966 sicut
2566 4910 2800 4966 miseriae
2846 4909 3142 4975 beatitudo,
3195 4909 3272 4964 ita
3295 4908 3526 4965 orationi

1933 5000 2187 5056 succedet
2208 4999 2466 5054 laudatio.
2493 4999 2733 5070 Impletis
2761 5015 2995 5071 namque
3011 4998 3264 5054 omnibus
3286 4997 3526 5068 promis-

1931 5088 2177 5143 sionibus
2226 5087 2346 5153 Dei,
2396 5087 2531 5142 nihil
2580 5088 2848 5158 supererit
2894 5087 3204 5158 petendum,
3238 5086 3377 5141 sicut
3404 5086 3546 5159 ipse

1931 5176 2060 5232 dicit
2092 5192 2103 5230 :
2133 5178 2203 5231 In
2234 5178 2334 5231 illo
2366 5176 2456 5232 die
2472 5193 2561 5232 me
2578 5194 2692 5232 non
2715 5177 2987 5248 rogabitis
3012 5177 3316 5250 quidqu
3337 5176 3521 5246 (Joan.

1930 5265 2180 5335 xvr,23).
2215 5265 2388 5332 Quem
2421 5272 2622 5335 quanto
2650 5265 2882 5336 amplius
2903 5264 3200 5336 diligimus,
3235 5271 3383 5320 tanto
3413 5271 3527 5320 stu-

1927 5352 2136 5409 diosius
2183 5353 2482 5418 canonicis,
2535 5355 2639 5408 hoc
2681 5361 2783 5418 est,
2831 5353 3180 5424 prOpheticis,
3223 5361 3276 5408 et
3304 5361 3523 5423 aposto-
3569 5425 3576 5430 ν

1927 5440 2068 5506 licis,
2102 5457 2202 5495 nec
2230 5457 2339 5496 non
2369 5449 2421 5496 et
2449 5441 2570 5494 aliis
2603 5441 2898 5512 Scripturis
2946 5441 3229 5496 intendere
3259 5441 3524 5496 debemus

1928 5536 1981 5583 et
2010 5529 2424 5599 vigilantissime
2451 5529 2774 5595 auscultare,
2807 5529 2936 5600 quid
2973 5529 3042 5584 de
3071 5529 3164 5584 illo
3194 5529 3353 5584 nobis
3380 5530 3522 5585 insi-

1927 5625 2113 5682 nuent,
2147 5617 2235 5671 vel
2263 5617 2393 5687 quid
2419 5617 2536 5686 ipse
2566 5617 2725 5672 nobis
2754 5617 2810 5671 in
2841 5617 2920 5671 eis
2950 5618 3218 5688 loquatur.
3255 5617 3390 5685 Quis
3419 5633 3521 5672 au-

1927 5705 2083 5762 diens
2142 5704 2292 5759 illum
2351 5705 2616 5761 dicentem
2675 5721 2776 5776 per
2820 5707 3146 5776 prophetam
3177 5723 3192 5759 :
3221 5707 3300 5762 De
3339 5721 3518 5761 manu
