3938 6400
443 362 549 416 923

1415 361 1709 418 JOANNIS
1747 361 1996 418 CARTH.
2037 358 2421 418 PORTARUM
2458 362 2796 419 MONACHI.

3630 367 3732 424 926

438 483 638 539 mortis
658 483 900 538 liberabo
921 499 1024 548 eos,
1051 483 1117 540 de
1137 490 1317 542 morte
1335 485 1611 542 redimam
1632 503 1722 542 eos
1742 503 1754 540 :
1774 502 1867 542 ero
1888 501 2033 542 mors
2055 487 2108 548 Δ
2137 483 2236 539 risl
2271 485 2527 541 Fructum
2556 493 2740 541 autem
2778 486 2981 542 laboris
3009 486 3116 542 mei
3145 501 3178 542 a
3210 486 3440 543 Domino
3461 487 3568 543 tuis
3597 504 3726 544 ora-

443 576 560 637 tua,
584 587 614 626 o
629 586 796 636 mors,
816 587 1034 627 morsus
1054 577 1186 628 tuus
1206 590 1298 630 ero
1323 576 1550 644 inferne
1572 575 1748 644 (Osee.
1773 589 1896 639 xm,
1929 573 2037 642 14),

441 674 550 714 non
582 667 832 729 erumpat
862 659 918 712 in
953 661 1093 716 hanc
1143 677 1332 717 vocem
1375 662 1726 730 jucunditatis
1757 669 1809 716 et
1838 661 2036 728 laudis,

441 755 498 801 ut
527 746 670 802 dicat
700 763 712 799 :
749 746 990 814 Gratias,
1023 749 1274 815 Domine,
1309 759 1472 804 tanta:
1505 751 1708 820 pietati,
1743 767 1902 821 quam
1934 765 2038 803 no-

439 843 564 890 stra:
594 834 957 906 redemptioni
986 835 1305 906 impendere
1335 838 1588 909 dignatus
1619 855 1679 892 es
1712 856 1725 891 :
1759 847 1810 892 et
1841 853 2040 908 precor

444 929 500 976 ut
527 922 772 990 ejusdem
803 924 1214 993 redemptionis,
1261 933 1312 979 et
1343 926 1528 979 salutis
1557 935 1773 980 mterna:
1804 941 1926 996 quae
1956 932 2037 979 est

435 1009 488 1063 in
512 1017 582 1074 te,
606 1025 714 1064 non
735 1009 904 1065 facias
927 1011 980 1064 in
1001 1020 1265 1066 mternum
1287 1015 1558 1068 veraciter
1570 1030 1691 1068 esse
1704 1013 1995 1082 participes
2009 1014 2036 1066 ?

436 1096 569 1165 Quis
617 1098 845 1152 audiens
887 1099 1207 1168 Apostolum
1252 1100 1521 1156 dicentem
1555 1101 1790 1155 :Fidelis
1830 1117 2033 1168 sermo,

437 1187 570 1257 quia
594 1187 851 1241 Christus
873 1188 1032 1242 .lcsus
1054 1190 1209 1243 venit
1229 1188 1291 1243 in
1311 1188 1462 1244 hunc
1486 1189 1761 1243 mundum
1779 1192 2036 1259 peccato-

438 1289 526 1328 res
555 1275 738 1329 salvos
758 1277 947 1345 facere
966 1276 1019 1345 (I
1041 1276 1178 1330 Tim.
1202 1291 1239 1344 ι,
1267 1278 1353 1345 15)
1381 1295 1394 1341 ;
1427 1291 1536 1330 non
1557 1275 1797 1330 effundat
1821 1276 2034 1330 laudem

436 1361 644 1432 pariter
673 1370 726 1416 et
751 1378 988 1432 precem,
1023 1371 1076 1417 et
1103 1363 1247 1418 dicat
1281 1379 1293 1418 :
1327 1363 1466 1429 Tibi,
1503 1364 1752 1428 Domine,
1777 1363 1911 1428 laus,
1938 1364 2034 1418 tibi

434 1449 726 1521 gratiarum
757 1450 916 1515 actio,
951 1450 1041 1520 qui
1067 1459 1216 1505 tanta
1246 1451 1592 1506 miseratione
1615 1452 1782 1506 vitam
1803 1467 2033 1522 peccca-

435 1545 632 1606 torum,
663 1553 774 1592 non
796 1546 1027 1593 mortem
1047 1538 1296 1610 inquiris.
1321 1539 1535 1595 Placeat
1557 1539 1672 1605 tibi,
1700 1541 1950 1604 Domine,
1975 1547 2034 1593 ut

431 1625 732 1694 justiﬁcare
781 1641 882 1682 nos
911 1641 944 1680 a
973 1626 1235 1697 peccatis,
1290 1635 1340 1682 et
1389 1627 1560 1682 salute
1605 1635 1813 1683 aeterna
1850 1627 2032 1683 salvos

435 1728 537 1768 nos
567 1713 746 1769 facere
776 1714 1039 1785 digneris.
1072 1715 1369 1769 Audientes
1398 1731 1533 1787 ergo
1564 1715 1801 1786 eloquia,
1834 1717 2032 1787 quibus

2143 572 2378 628 tionibus
2408 575 2738 645 exspectabo
2750 615 2763 629 .

2636 732 3072 788 EPISTULA
3122 734 3232 789 IV.

2716 870 2790 909 Αι)
2818 870 3134 910 BERARDUM.

2636 980 2712 1033 De
2740 979 2994 1034 custodia
3024 977 3228 1033 cordis.

2209 1099 2574 1155 Dilectissimo
2652 1100 2804 1154 fratri
2869 1101 3172 1169 Bansano,
3233 1101 3397 1158 frater
3473 1103 3729 1159 JOANNBS

2139 1189 2388 1243 salutem.

2206 1275 2482 1330 Petitionis
2515 1284 2618 1331 tuae
2647 1284 2849 1342 votum,
2884 1283 2937 1332 et
2956 1276 3335 1346 promissionis
3355 1285 3461 1332 tuae
3482 1278 3728 1333 debitum

2133 1365 2383 1434 praesenti
2403 1364 2664 1418 schedula
2680 1364 2955 1434 persolvo.
2979 1365 3116 1418 Nam
3135 1381 3255 1419 cum
3277 1365 3371 1419 tibi
3393 1375 3446 1420 et
3466 1365 3728 1420 fratribus

2133 1452 2222 1522 qui
2255 1460 2431 1506 tecum
2480 1452 2549 1506 ad
2601 1467 2702 1506 nos
2731 1460 3012 1517 venerant,
3045 1452 3113 1506 de
3145 1453 3391 1507 custodia
3421 1453 3599 1508 cordis
3629 1470 3728 1508 ex-

2133 1539 2494 1593 hortationem
2541 1538 2824 1604 fecissem;
2856 1547 2911 1593 et
2948 1539 3222 1610 quomodo
3267 1541 3449 1594 anima
3477 1540 3561 1595 vel
3596 1556 3728 1596 caro

2133 1627 2515 1696 obtemperare
2544 1627 2742 1681 debeat
2771 1626 2986 1692 rationi,
3011 1627 3393 1695 ostendissem,
3417 1628 3615 1683 obnixe
3638 1643 3730 1684 ro-

2129 1714 2271 1786 gasti
2299 1721 2356 1767 ut
2387 1731 2447 1769 ea
2477 1730 2600 1786 quae
2627 1714 2812 1769 verbis
2840 1730 3240 1785 expresseram,
3263 1715 3466 1786 scripto
3479 1716 3574 1770 tibi
3595 1716 3728 1770 diri-

437 1800 700 1856 beneﬁcia
728 1802 846 1870 ejus
878 1802 964 1857 vel
999 1802 1322 1867 referuntur,
1355 1803 1444 1858 vel
1478 1803 1885 1873 promittuntur,
1927 1804 2028 1858 de-
2050 1829 2102 1889 Β
2131 1818 2406 1874 geremus.
2440 1803 2822 1857 Animadverte
2852 1802 3015 1872 igitur
3029 1801 3136 1857 duo
3152 1817 3294 1872 esse,
3318 1819 3383 1858 ex
3406 1803 3600 1874 quibus
3620 1803 3727 1858 ho-

436 1888 628 1943 bemus
651 1889 812 1958 (sicut
825 1890 1119 1960 Apostolus
1140 1891 1320 1960 docet)
1335 1891 1620 1946 abundare
1634 1892 1694 1945 in
1710 1892 1810 1946 illo
1831 1893 1892 1946 in
1911 1908 2033 1962 gra-

441 1979 657 2031 tiarum
673 1978 898 2033 actione
917 1979 1119 2047 (Color.
1143 1993 1202 2043 ιι,
1228 1982 1303 2047 '7).
1339 1978 1447 2032 Sed
1478 1978 1692 2034 animus
1722 1979 1954 2035 amantis
1982 1988 2033 2034 et

437 2064 823 2130 desiderantis,
891 2066 1172 2136 praemissa
1225 2066 1518 2136 gratiarum
1580 2067 1821 2133 actione,
1872 2068 2034 2122 debet

438 2151 597 2206 etiam
627 2168 824 2222 preces
853 2153 1109 2220 subdere,
1142 2161 1200 2208 ut
1221 2154 1676 2224 promissionibus
1693 2155 1811 2223 ejus
1831 2155 2030 2225 dignus

439 2239 731 2296 efficiatur.
785 2240 890 2309 Qui
933 2241 1078 2296 enim
1127 2242 1402 2297 audiendo
1450 2242 1663 2312 eloquia
1709 2243 1911 2310 divina,
1962 2243 2031 2296 ad

436 2328 723 2395 orandum,
760 2329 847 2385 vel
891 2329 1243 2395 laudandum,
1295 2330 1381 2385 vel
1411 2330 1704 2384 amandum
1742 2332 1914 2385 Deum
1943 2331 2030 2384 in-

439 2416 766 2484 ﬂammatur,
823 2417 1096 2473 veraciter
1118 2425 1298 2488 potest
1338 2418 1521 2472 dicere
1549 2419 1694 2488 quod
1723 2418 1777 2472 in
1809 2418 2032 2474 Cantico

437 2504 774 2560 canticorum
805 2505 1067 2575 scriptum
1089 2513 1170 2560 est
1203 2521 1216 2558 :
1249 2506 1458 2560 Anima
1479 2522 1603 2561 mea
1621 2507 1928 2578 lique/acta
1948 2511 2031 2562 est

437 2591 627 2660 (Cant.
662 2608 721 2660 v,
753 2595 828 2662 6),
861 2592 916 2648 id
948 2601 1049 2659 est,
1070 2593 1124 2648 in
1140 2594 1414 2664 lacrymas
1436 2594 1640 2649 amoris
1664 2595 1901 2649 resoluta
1925 2602 2028 2650 est.

435 2680 558 2736 Scio
585 2697 690 2751 ego
740 2681 1064 2751 prudentem
1093 2682 1402 2752 quemdam,
1429 2690 1484 2737 et
1510 2682 1825 2754 religiosum
1855 2683 2030 2738 virum

435 2769 637 2824 dixisse
673 2787 685 2823 :
719 2769 979 2832 Spiritum
1029 2770 1226 2824 Christi
1272 2786 1378 2824 non
1423 2771 1604 2836 habet,
1636 2771 1728 2841 qui
1758 2771 2030 2826 audiendo

433 2857 599 2913 verba
629 2858 848 2922 Christi,
896 2875 1005 2914 non
1034 2859 1210 2914 ardet.
1245 2859 1352 2914 Sed
1383 2859 1474 2930 qui
1503 2860 1607 2914 hoc
1633 2859 1784 2924 dixit,
1818 2860 2032 2915 videtur

431 2945 564 3001 mihi
592 2947 696 3002 hoc
726 2947 870 3018 quod
901 2947 958 3001 in
985 2963 1046 3002 se
1076 2947 1362 3013 sentiebat,
1385 2947 1682 3002 aestimasse
1705 2948 1772 3002 de
1793 2949 2026 3014 caeteris,

434 3034 580 3105 quod
627 3034 908 3105 proprium
951 3041 1034 3089 est
1079 3035 1356 3090 hominum
1386 3035 1621 3090 maxime
1651 3035 2026 3106 plurimorum.

433 3123 556 3194 Ego
603 3137 737 3177 vero
781 3123 960 3178 sciens
995 3122 1195 3177 multos
1225 3123 1388 3178 etiam
1416 3123 1589 3178 bonos
1621 3131 1674 3178 et
1695 3123 1873 3192 justos
1903 3125 2028 3179 nul-

435 3211 543 3264 lam
573 3209 777 3265 habere
809 3211 893 3265 vel
940 3225 1120 3266 raram
1167 3211 1400 3282 gratiam
1429 3211 1817 3281 lacrymarum,
1848 3213 1916 3266 ad
1946 3220 2032 3267 ta-

431 3297 564 3354 lium
591 3297 1023 3354 consolationem
1051 3298 1191 3355 dico.
1218 3298 1451 3366 Quidam
1473 3300 1617 3354 enim
1634 3299 1866 3370 diligunt
1885 3299 2036 3355 Chri-

434 3393 578 3441 stum
619 3385 832 3441 ardenti
879 3386 1154 3442 charitatis
1204 3385 1399 3443 aﬁ‘ectu
1433 3405 1446 3440 :
1479 3387 1700 3458 quidam
1744 3404 1852 3443 non
1901 3404 2032 3444 sen-

434 3476 572 3529 tiunt
613 3474 834 3546 quidem
862 3491 1119 3546 magnum
1147 3474 1400 3532 affectum
1426 3475 1734 3531 dilectionis
1765 3476 1902 3544 ejus,
1934 3476 2034 3532 sed

432 3563 726 3619 ostendunt
773 3578 894 3620 eam
939 3563 995 3617 in
1037 3564 1220 3635 aperis
1249 3563 1465 3620 effectu.
1501 3565 1581 3618 De
1609 3563 1676 3618 iis
1705 3564 1823 3634 ipse
1852 3564 1983 3619 dicit
2015 3583 2030 3619 :

435 3651 540 3717 Qui
561 3651 724 3707 habet
745 3651 1021 3707 mandata
1042 3667 1189 3717 mea,
1213 3656 1272 3707 et
1286 3656 1474 3707 servat
1493 3667 1578 3719 ea,
1603 3651 1693 3707 hic
1719 3655 1806 3706 est
1829 3654 1923 3723 qui
1942 3653 2031 3707 di-

437 3739 568 3808 ligit
587 3754 678 3794 me
716 3739 900 3808 (Joan.
932 3754 1044 3804 xlv,
1069 3741 1183 3809 2t).
1214 3739 1283 3792 Et
1313 3739 1506 3793 iterum
1539 3755 1552 3794 :
1588 3740 1646 3795 Si
1679 3741 1803 3811 quis
1844 3740 2034 3811 diligit

434 3843 544 3893 me,
578 3843 896 3883 sermonem
916 3843 1108 3882 meum
1128 3827 1372 3882 servabit
1392 3827 1573 3894 (ibid.,
1589 3828 1702 3895 23);
1725 3827 1869 3882 unde
1894 3827 2032 3882 Gre-

435 3915 624 3986 gorius
656 3931 670 3967 :
707 3936 729 3961 ε
757 3914 1012 3969 Probatio
1040 3913 1363 3979 dilectionis,
1391 3914 1649 3970 exhibitio
1671 3923 1752 3969 est
1777 3915 1975 3985 operis.
2005 3940 2027 3962 n

434 4003 494 4058 In
523 4017 762 4073 persona
812 4017 1030 4074 quoque
1072 4002 1306 4071 illorum,
1358 4002 1450 4073 qui
1499 4002 1768 4057 Christum
1819 4003 2032 4059 ardenti

432 4089 630 4146 affectu
657 4090 910 4162 diligunt,
936 4091 1139 4146 dictum
1165 4097 1248 4146 est
1281 4106 1293 4144 :
1329 4091 1806 4158 Quemadmodum
1825 4092 2032 4147 deside-

432 4184 525 4236 rat
547 4195 742 4235 cervus
759 4177 831 4234 ad
843 4182 1034 4250 fontes
1057 4195 1334 4251 aquarum
1357 4181 1532 4248 (Psal.
1564 4194 1678 4248 xu,
1703 4181 1778 4248 8),
1802 4187 1905 4235 etc.
1930 4181 2030 4234 De-

433 4268 597 4338 nique
624 4267 770 4336 dico,
821 4267 949 4339 quia
994 4275 1145 4323 tanto
1185 4268 1416 4339 quisque
1462 4267 1657 4323 melior
1687 4277 1788 4336 est,
1813 4276 1867 4323 et
1897 4284 2033 4323 san-

430 4356 588 4422 ctior,
624 4364 824 4427 quanto
843 4356 914 4410 ad
934 4356 1247 4422 amandum,
1282 4364 1336 4412 et
1356 4355 1712 4428 quaerendum
1733 4357 1908 4412 Deum
1928 4357 2031 4412 de—

433 4444 608 4499 votior
636 4452 718 4499 est
747 4451 909 4516 atque
940 4443 1254 4499 ferventior.
1285 4444 1426 4499 Nam
1455 4445 1594 4500 sicut
1624 4444 1898 4500 orationes
1925 4445 2030 4498 ali-

2133 1905 2223 1944 mo
2254 1896 2482 1958 constat,
2536 1889 2744 1945 scilicet
2783 1889 3022 1944 animam
3059 1897 3112 1945 et
3139 1905 3359 1961 corpus.
3396 1891 3502 1945 Sed
3531 1907 3723 1946 rursus

2133 1976 2330 2042 anima,
2365 1993 2472 2032 non
2515 1977 2732 2048 quidem
2768 1977 3044 2043 dividitur,
3081 1978 3177 2032 sed
3205 1977 3261 2032 in
3290 1977 3400 2032 duo
3429 1979 3723 2050 distingui-

2141 2071 2247 2128 tur,
2283 2065 2337 2118 id
2387 2072 2469 2118 est
2499 2065 2553 2118 in
2589 2065 2822 2118 animam
2852 2073 2904 2119 et
2933 2065 3202 2135 spiritum.
3233 2065 3332 2119 Est
3359 2073 3541 2120 autem
3572 2083 3726 2138 quaa-

2133 2151 2258 2206 dam
2289 2151 2371 2206 vis
2399 2153 2592 2207 anima:
2620 2151 2864 2218 inferior,
2899 2169 3018 2224 qua:
3045 2152 3276 2223 viviﬁcat
3297 2161 3351 2208 et
3370 2161 3586 2224 vegetat
3606 2169 3728 2210 cor-

2132 2256 2254 2310 pus,
2291 2247 2343 2294 et
2375 2240 2556 2294 carnis
2596 2241 2849 2294 sensibus
2881 2239 3067 2295 favens
3097 2257 3197 2311 per
3226 2242 3475 2297 carnales
3503 2242 3726 2298 delicias

2133 2326 2488 2382 immoderate
2529 2327 2768 2382 defluere
2799 2328 2960 2398 gestit
2995 2346 3008 2381 :
3042 2345 3164 2400 quae
3194 2329 3249 2382 in
3279 2329 3575 2400 Scripturis
3603 2330 3727 2385 ani-

2133 2430 2219 2468 ma
2247 2424 2608 2485 nuncupatur,
2645 2431 2710 2470 eo
2739 2416 2886 2488 quod
2909 2416 3127 2481 animet,
3153 2417 3207 2471 id
3228 2425 3330 2483 est,
3351 2416 3582 2474 vivificet
3603 2433 3726 2474 cor-

2133 2518 2256 2573 pus.
2309 2502 2645 2570 Quibusdam
2673 2512 2852 2558 autem
2885 2504 3103 2574 placuit,
3139 2512 3196 2559 ut
3225 2521 3363 2572 eam,
3397 2506 3726 2562 sensualita-

2133 2598 2240 2644 tem
2273 2591 2630 2660 appellarent.
2663 2592 2730 2645 Et
2760 2591 3054 2647 secundum
3086 2593 3227 2648 hanc
3256 2608 3365 2647 non
3404 2593 3666 2648 distamus
3695 2609 3728 2647 a

2136 2679 2442 2747 pecoribus,
2476 2679 2595 2750 quia
2628 2688 2682 2733 et
2707 2695 2906 2750 pecora
2936 2680 3170 2734 animam
3200 2680 3422 2748 habent,
3455 2698 3574 2752 quae
3604 2697 3721 2736 mo-

2133 2774 2220 2821 vet
2249 2774 2300 2820 et
2330 2766 2562 2822 viviﬁcat
2593 2783 2812 2838 corpus,
2847 2775 2899 2821 et
2929 2768 3134 2838 appetit
3149 2769 3531 2836 conducibilia,
3555 2777 3608 2824 et
3625 2785 3724 2824 no-

2133 2854 2218 2908 xia
2247 2854 2402 2925 fugit.
2440 2855 2539 2908 Est
2576 2863 2758 2911 autem
2787 2856 3032 2926 quaedam
3064 2856 3146 2910 vis
3162 2856 3332 2927 ipsius
3351 2857 3543 2912 anima:
3564 2873 3724 2928 supe-

2133 2942 2264 3008 rior,
2299 2959 2418 3013 quae
2447 2943 2668 3014 spiritus
2697 2943 2786 2998 vel
2816 2943 2953 2998 ratio
2981 2943 3197 3010 dicitur,
3231 2961 3331 3015 per
3360 2961 3523 3016 quam
3552 2945 3724 3000 dista-

2132 3046 2253 3084 mus
2282 3045 2314 3094 a
2342 3032 2630 3102 pecoribus
2665 3047 2677 3084 :
2711 3032 3012 3087 secundum
3043 3048 3203 3104 quam
3231 3033 3436 3089 scilicet
3466 3034 3534 3088 ad
3580 3034 3720 3089 ima-

2133 3118 2316 3188 ginem
2347 3119 2446 3174 Dei
2491 3119 2614 3175 facti
2663 3136 2871 3185 sumus,
2905 3120 3029 3192 quia
3059 3137 3159 3190 per
3185 3121 3328 3176 hanc
3357 3121 3496 3176 inter
3524 3121 3725 3178 bonum

2132 3217 2184 3264 et
2213 3208 2439 3273 malum,
2473 3216 2526 3263 et
2555 3209 2693 3264 inter
2730 3208 3044 3264 Creatorem
3071 3215 3482 3280 creaturamque
3511 3209 3723 3265 discer-

2133 3297 2332 3350 nimus.
2391 3297 2518 3351 Hzec
2576 3296 2696 3360 tria,
2755 3296 2961 3351 scilicet
3019 3295 3265 3366 spiritum
3318 3296 3409 3367 qui
3455 3297 3720 3369 intelligit,

2133 3385 2367 3439 animam
2414 3400 2536 3454 qua:
2577 3382 2826 3450 viviﬁcat,
2876 3399 3073 3454 corpus
3123 3385 3270 3455 quod
3300 3382 3623 3452 viviﬁcatur,
3653 3386 3724 3439 ita

2131 3489 2239 3528 uno
2252 3473 2372 3528 loco
2393 3471 2675 3542 distinguit
2685 3471 2998 3542 Apostolus,
3015 3471 3203 3527 dicens
3223 3489 3236 3525 :
3252 3473 3475 3542 Integer
3490 3475 3724 3544 spiritus

2132 3565 2332 3625 vester,
2367 3565 2422 3616 et
2442 3561 2658 3625 anima,
2683 3564 2737 3615 et
2758 3576 2958 3631 corpus
2977 3561 3102 3615 sine
3124 3561 3370 3631 querela,
3394 3560 3457 3615 in
3479 3561 3724 3616 adventu

2132 3651 2357 3704 Domini
2377 3649 2559 3704 nostri
2578 3650 2708 3703 Jesu
2731 3647 2938 3703 Christi
2959 3653 3213 3703 servetur
3234 3648 3284 3718 (Ι
3316 3649 3497 3704 Thess.
3531 3664 3585 3715 ν,
3609 3651 3720 3718 23).

2132 3736 2434 3806 Principale
2464 3735 2642 3806 itaque
2673 3742 2938 3802 nostrum,
2974 3735 3195 3806 spiritus
3225 3743 3325 3804 est,
3346 3735 3438 3807 qui
3466 3744 3520 3790 et
3547 3751 3720 3801 mens,

2133 3833 2185 3880 et
2215 3825 2372 3888 ratio,
2407 3831 2460 3879 et
2488 3823 2700 3877 animus
2740 3823 2934 3879 dicitur
2969 3838 2981 3876 :
3011 3839 3112 3878 nec
3141 3831 3222 3877 est
3269 3823 3475 3894 aliquid
3505 3823 3574 3878 ab
3604 3823 3723 3893 ipsa

2133 3912 2312 3966 anima
2360 3912 2655 3978 diversum,
2697 3912 2796 3966 sed
2845 3911 3105 3982 quiddam
3153 3911 3321 3981 ipsius
3351 3911 3546 3968 anima:
3577 3911 3723 3983 quod

2133 4001 2296 4056 debet
2335 4000 2655 4071 praesidere.
2705 3998 2936 4056 Inferius
2976 4008 3156 4054 autem
3202 4007 3445 4054 nostrum
3474 4007 3574 4068 est,
3605 4000 3723 4071 ipsa

2132 4089 2242 4144 vita
2271 4088 2540 4158 corporis,
2573 4087 2630 4142 id
2655 4096 2737 4142 est
2763 4087 2959 4153 anima,
2995 4104 3114 4159 quae
3143 4087 3303 4144 etiam
3333 4087 3459 4158 quia
3487 4088 3722 4143 carnalia

2132 4177 2370 4246 appetit,
2422 4191 2551 4231 caro
2592 4176 2918 4231 nominatur.
2971 4176 3124 4232 Unde
3171 4175 3464 4247 Apostolus
3497 4194 3510 4230 :
3542 4177 3722 4232 Mente

2130 4267 2309 4320 servio
2343 4265 2450 4334 legi
2479 4267 2598 4329 Dei,
2622 4281 2793 4320 carne
2815 4269 3028 4330 autem,
3059 4265 3164 4334 legi
3177 4267 3397 4336 peccati
3419 4266 3595 4333 (Rom.
3621 4278 3719 4329 vn,

2131 4353 2243 4423 25).
2269 4353 2336 4407 Et
2355 4352 2548 4408 iterum
2573 4371 2586 4406 :
2615 4355 2753 4409 Caro
2775 4354 3124 4424 concupiscit
3145 4352 3409 4408 adversus
3431 4354 3716 4424 spiritum,

2133 4445 2186 4496 et
2210 4442 2447 4512 spiritus
2469 4441 2734 4497 adversus
2753 4457 2985 4497 carnem
3014 4441 3158 4509 (Gal.
3193 4457 3247 4506 v,
3282 4442 3398 4511 17).
3429 4440 3569 4495 Caro
3589 4435 3720 4496 vero

433 4533 651 4604 quando
702 4531 863 4598 Patri,
904 4531 1193 4602 aliquando
1239 4531 1521 4587 oﬂ'erimus
1563 4533 1788 4603 Spiritui
1817 4540 2027 4596 sancto,
2051 4524 2103 4583 D
2132 4529 2264 4583 nihil
2295 4529 2410 4584 sine
2440 4529 2620 4583 anima
2648 4529 2999 4600 concupiscit.
3034 4529 3290 4584 Ultimum
3320 4543 3450 4583 vero
3480 4536 3721 4583 nostrum

433 4620 531 4675 sed
562 4619 913 4690 frequentiori
943 4635 1046 4675 usu
1085 4619 1388 4674 oﬂ'eruntur
1418 4621 1584 4687 Patri,
1609 4637 1708 4691 per
1727 4621 1941 4687 Filium,
1971 4620 2030 4702 in

431 4708 630 4778 Spiritu
658 4716 868 4773 sancto,
903 4708 978 4762 ita
1003 4716 1054 4762 et
1074 4708 1142 4763 de
1165 4709 1468 4780 gratiarum
1490 4710 1702 4764 actione
1722 4708 2029 4764 faciendum

434 4801 537 4859 est,
571 4792 786 4848 dicente
827 4792 1091 4862 Apostolo
1125 4809 1138 4847 :
1177 4793 1400 4848 Gratias
1435 4797 1664 4864 agentes
1708 4793 1817 4848 Deo
1845 4795 2027 4858 Patri,

432 4897 535 4951 per
554 4883 742 4953 ipsum
772 4881 911 4949 (Col.
946 4896 1029 4945 ιιι,
1065 4883 1174 4950 t7),
1207 4880 1263 4935 id
1292 4889 1394 4950 est,
1418 4897 1518 4950 per
1538 4880 1827 4935 Christum.
1853 4879 2031 4948 Quan-

435 4976 548 5022 tum
580 4985 712 5024 vero
741 4969 890 5040 potui
921 4969 1156 5040 experiri
1185 4977 1474 5039 utrumque
1505 4969 1802 5038 negotium,
1837 4969 2031 5023 orandi

435 5057 642 5112 scilicet
681 5064 732 5112 et
760 5057 965 5130 gratias
1003 5057 1223 5128 agendi,
1273 5056 1468 5112 melius
1496 5057 1606 5129 agit
1636 5057 1866 5127 quisque
1893 5057 2026 5125 suis,

433 5145 489 5200 id
520 5153 621 5213 est,
655 5146 724 5201 de
752 5145 940 5202 intimo
970 5146 1136 5202 corde
1177 5145 1421 5216 prolatis,
1457 5160 1617 5215 quam
1647 5144 1875 5200 aliorum
1903 5162 2030 5202 ver-

436 5233 539 5288 bis.
589 5234 731 5288 Nam
772 5249 948 5305 neque
1000 5233 1056 5287 in
1103 5233 1383 5297 oratione,
1413 5248 1590 5304 neque
1634 5233 1690 5286 in
1731 5233 2028 5304 gratiarum

434 5322 646 5378 actione
673 5322 933 5394 quaeritur
962 5322 1252 5376 verborum
1283 5327 1522 5389 ornatus,
1557 5321 1654 5376 sed
1683 5321 1879 5377 mentis
1908 5320 2032 5377 aﬁ'e-

436 5418 574 5468 ctus.
609 5410 707 5465 Cui
753 5418 934 5466 autem
985 5425 1080 5464 sua
1111 5409 1276 5463 verba
1303 5424 1413 5463 non
1441 5418 1750 5481 suppetunt,
1783 5411 2027 5480 psalmis,

438 5507 488 5554 ct
515 5499 636 5553 aliis
665 5499 860 5570 quibus
881 5505 1059 5568 potest
1081 5497 1257 5552 modis
1277 5505 1414 5563 oret,
1436 5506 1488 5552 et
1508 5500 1710 5568 gratias
1727 5507 1870 5570 agat.
1905 5500 2031 5555 Feci

445 5586 712 5658 siquidem
743 5586 887 5656 quod
919 5585 1090 5655 potui,
1124 5585 1261 5640 sicut
1288 5585 1493 5656 petisti.
1516 5587 1794 5642 Violentus
1817 5604 1894 5642 es.
1920 5589 2032 5644 Uti-

443 5691 567 5734 nam
594 5675 698 5731 hac
725 5672 982 5730 violentia
1011 5690 1238 5749 regnum
1267 5675 1529 5733 caelorum
1558 5675 1792 5747 diripere
1820 5693 2031 5734 merea-

2131 4626 2212 4673 est
2241 4633 2456 4688 corpus,
2491 4617 2637 4689 quod
2686 4626 2770 4673 est
2816 4617 2977 4672 etiam
3022 4617 3253 4672 visibile.
3292 4617 3446 4687 Saepe
3491 4632 3624 4672 vero
3652 4617 3723 4672 ita

2129 4707 2421 4778 loquuntur
2460 4706 2769 4776 Scriptura,
2799 4713 2857 4760 ut
2885 4705 2988 4761 hac
3015 4705 3360 4762 distinctione
3390 4721 3498 4760 non
3528 4705 3721 4760 obser-

2131 4803 2272 4860 vata,
2307 4801 2358 4848 et
2388 4795 2504 4848 solo
2533 4794 2752 4849 nomine
2781 4793 2994 4856 animae,
3029 4801 3081 4849 et
3097 4794 3217 4848 solo
3234 4793 3452 4848 nomine
3473 4793 3716 4864 spiritus,

2131 4891 2417 4953 utrumque
2447 4882 2608 4936 simul
2634 4880 2987 4952 signiﬁcetur.
3021 4882 3286 4936 Dominus
3314 4881 3459 4936 enim
3487 4880 3720 4937 dicendo

2131 4970 2185 5024 in
2214 4969 2514 5041 Evangelio
2548 4985 2560 5024 :
2593 4971 2858 5026 Ani-mam
2887 4986 3231 5041 meampono
3251 4986 3350 5040 pro
3373 4970 3562 5025 ovibus
3582 4970 3721 5025 meis

2131 5058 2313 5127 (Joan.
2338 5073 2396 5128 χ,
2420 5061 2527 5126 15),
2548 5074 2656 5113 uno
2675 5059 2893 5113 nomine
2913 5058 3125 5116 anima}.
3141 5058 3272 5112 illud
3286 5065 3457 5111 totum
3477 5058 3621 5129 quod
3643 5065 3726 5112 est

2130 5147 2312 5202 anima
2331 5154 2382 5202 et
2398 5146 2621 5217 spiritus
2640 5147 2966 5217 designavit.
2993 5145 3237 5202 Dicendo
3256 5161 3474 5217 quoque
3493 5164 3505 5200 :
3525 5147 3588 5200 In
3609 5163 3725 5202 ma-

2132 5252 2240 5291 nus
2264 5239 2392 5291 tuas
2413 5236 2736 5291 commendo
2755 5237 3022 5306 spiritum
3039 5250 3228 5290 meum
3249 5235 3404 5301 (Luc.
3430 5248 3592 5300 χχιιι,
3609 5235 3720 5302 46),

2131 5339 2240 5379 non
2257 5323 2498 5394 spiritum
2515 5323 2584 5378 ab
2605 5322 2786 5377 anima
2803 5322 3140 5394 distinguere
3162 5321 3348 5387 voluit,
3376 5321 3474 5376 sed
3496 5337 3600 5376 uno
3622 5321 3727 5391 spi-

2133 5411 2263 5466 ritus
2291 5411 2509 5466 nomine
2532 5419 2820 5482 utrumque
2845 5410 3128 5480 expressit.
3167 5410 3338 5480 Igitur
3359 5409 3576 5480 quando
3598 5409 3725 5463 vivit

2132 5501 2292 5555 homo
2322 5499 2622 5554 secundum
2651 5514 2849 5569 corpus
2869 5541 2882 5564 ,
2915 5498 3150 5554 carnalis
3179 5498 3264 5554 vel
3291 5497 3538 5551 animalis
3560 5513 3724 5552 voca-

2133 5596 2236 5642 tur.
2273 5587 2536 5651 Carnalis,
2569 5587 2695 5658 quia
2725 5587 2964 5642 carnalia
2994 5595 3263 5652 sectatur;
3297 5584 3543 5639 animalis
3570 5600 3723 5650 vero,

2133 5676 2257 5753 quia
2288 5676 2460 5733 fertur
2489 5675 2750 5732 dissoluta
2779 5675 2997 5734 licentia
3035 5675 3231 5731 animai
3259 5690 3391 5741 suae,
3425 5689 3588 5746 quam
3617 5689 3725 5728 non
