3938 6418
223 390 329 442 925

1518 380 1873 438 EPISTOLE
1911 381 2250 452 QUINQUE.

3447 393 3551 448 926

229 511 374 584 regit
404 510 649 581 spiritus,
681 509 804 580 quia
824 524 927 564 nec
956 508 1073 579 ipse
1095 508 1272 563 subdit
1300 525 1358 564 se
1379 507 1681 581 regendum
1701 508 1836 562 Deo.
1861 508 1916 567 Α
1945 506 2086 563 Dicit
2115 507 2259 562 enim
2278 508 2562 579 Scriptura
2585 525 2596 563 :
2620 509 2786 566 Omni
2802 512 3059 569 custodia
3079 528 3237 568 serva
3252 528 3348 569 cor
3366 517 3547 582 tuum,

231 601 362 656 Haec
391 608 474 654 est
505 598 612 654 vita
640 597 874 653 hominis
906 597 1231 663 inordinata,
1268 605 1320 652 et
1349 596 1641 668 perditioni
1672 596 1845 650 obno-

232 688 339 742 xia.
374 687 480 756 Qui
509 695 689 742 autem
721 686 915 756 spiritu
946 685 1183 740 animam
1205 686 1366 758 regit,
1400 693 1454 740 et
1482 701 1582 756 per
1608 684 1842 738 animam

233 791 439 846 corpus
468 791 685 848 quoque
715 783 932 830 coercet
961 773 1104 828 intra
1136 783 1311 828 metas
1342 773 1602 828 naturalis
1632 771 1842 828 ordinis

236 865 410 936 (quod
439 880 546 919 non
577 871 757 935 potest
786 862 988 928 facere,
1039 861 1142 916 nisi
1185 863 1361 917 Deum
1408 862 1608 917 habeat
1643 870 1692 916 et
1725 861 1842 930 ipse

236 954 529 1022 rectorem)
575 960 797 1008 vocatur
854 951 1135 1021 spiritalis.
1182 951 1309 1005 Haec
1375 959 1457 1005 est
1517 950 1693 1021 itaque
1736 948 1842 1004 vita

237 1041 508 1106 ordinata,
541 1049 599 1094 ut
629 1039 850 1110 spiritus
882 1038 1117 1093 hominis
1149 1039 1387 1108 seipsum
1419 1040 1533 1093 Deo
1565 1036 1836 1106 subjiciat,

237 1129 294 1182 id
325 1137 426 1195 est,
457 1135 706 1200 paratum
738 1143 797 1181 se
829 1127 895 1181 ad
918 1127 1016 1181 Dei
1038 1127 1371 1181 voluntatem
1403 1125 1709 1181 faciendam
1739 1143 1839 1182 ex-

238 1217 443 1283 hibeat,
476 1223 529 1271 et
559 1223 686 1271 tunc
713 1231 938 1270 munere
985 1213 1168 1269 divino
1215 1213 1438 1268 habebit
1470 1221 1522 1268 et
1569 1214 1684 1284 ipse
1709 1229 1838 1270 car-

235 1320 380 1369 nem,
417 1303 763 1374 animamque
793 1303 1113 1371 subjectam,
1147 1302 1202 1356 id
1242 1310 1345 1371 est,
1394 1301 1591 1356 rationi
1625 1303 1838 1356 obtem-

234 1399 540 1462 perantem.
576 1391 788 1445 Primus
819 1390 1084 1460 siquidem
1132 1391 1297 1444 homo
1346 1390 1580 1461 quandiu
1624 1405 1837 1460 praece-

137 1549 151 1562 υ
233 1488 386 1551 ptum
418 1478 743 1534 obedientiae
767 1478 820 1532 in
847 1478 1100 1548 paradiso
1137 1477 1395 1543 servavit,
1432 1477 1688 1548 spiritalis
1717 1477 1834 1533 fuit.

233 1569 526 1639 Postquam
557 1582 689 1622 vero
718 1566 979 1637 peccavit,
1005 1565 1263 1620 dimissus
1281 1566 1349 1620 de
1379 1565 1652 1636 paradiso,
1688 1566 1741 1619 in
1772 1581 1838 1621 eo

231 1655 494 1710 remansit
525 1663 581 1709 ut
610 1662 753 1709 esset
784 1653 1053 1710 animalis.
1088 1655 1155 1708 Et
1174 1653 1299 1708 ideo
1318 1654 1595 1709 hominem
1625 1654 1836 1708 anima-

231 1743 342 1799 lem
369 1743 521 1814 prius
551 1743 764 1813 agimus
795 1757 1006 1808 omnes,
1051 1742 1144 1813 qui
1189 1742 1257 1796 de
1295 1742 1388 1797 illo
1432 1759 1529 1812 per
1556 1751 1836 1812 peccatum

233 1831 530 1896 nascimur,
557 1831 732 1886 donec
753 1846 853 1900 per
864 1829 1100 1902 gratiam
1117 1830 1215 1884 Dei
1239 1830 1507 1900 spiritales
1519 1830 1832 1886 efﬁciamur.
1855 1853 1908 1914 Β

239 1919 397 1975 Unde
428 1918 721 1989 Apostolus
755 1933 768 1972 :
803 1919 922 1974 Non
949 1919 1111 1988 prius
1140 1919 1282 1986 quod
1309 1920 1570 1990 spiritale
1602 1924 1707 1986 est,
1741 1920 1836 1976 sed

231 2007 375 2078 quod
397 2007 649 2061 animale
674 2024 688 2072 ;
713 2005 912 2061 deinde
933 2007 1074 2076 quod
1095 2007 1358 2078 spiritale
1379 2005 1566 2076 (ICor.
1593 2022 1695 2072 xv,
1721 2007 1832 2078 46).

233 2094 413 2149 Etiam
443 2109 589 2150 nunc
615 2093 670 2147 in
701 2109 1029 2165 unoquoque
1069 2093 1289 2148 homine
1321 2095 1453 2148 nihil
1483 2095 1627 2149 aliud
1657 2096 1838 2168 agitur

233 2199 358 2239 cum
388 2182 458 2236 ad
487 2189 767 2253 peccatum
795 2181 1072 2249 dilabitur,
1107 2197 1272 2253 quam
1305 2189 1431 2238 tunc
1463 2191 1640 2238 actum
1673 2192 1752 2238 est
1781 2184 1836 2239 in

234 2270 488 2342 paradiso
517 2270 572 2325 in
600 2269 708 2324 illis
747 2270 937 2336 tribus,
994 2270 1218 2337 scilicet,
1266 2279 1539 2341 serpente,
1586 2272 1832 2340 muliere,

235 2367 288 2415 et
317 2358 454 2414 viro.
496 2359 637 2413 Nam
685 2358 864 2428 primo
913 2356 1035 2412 ﬁta
1063 2365 1319 2428 serpente
1379 2360 1681 2432 suggestio,
1723 2361 1838 2417 sive

229 2463 329 2518 per
355 2446 765 2518 cogitationem,
799 2446 915 2501 sive
946 2463 1043 2516 per
1071 2463 1267 2501 sensus
1319 2448 1584 2518 corporis.
1641 2449 1729 2504 vel
1759 2449 1839 2503 vi-

229 2535 431 2602 dendo,
470 2535 556 2590 vel
605 2535 898 2605 tangendo,
951 2535 1037 2590 vel
1078 2534 1368 2603 audiendo,
1414 2535 1500 2589 vel
1543 2537 1836 2608 gustando,

233 2623 321 2678 vel
377 2621 706 2678 olfaciendo.
739 2622 874 2690 Qua:
909 2622 1194 2693 suggestio
1223 2639 1346 2678 cum
1395 2623 1531 2679 facta
1560 2623 1742 2690 fuerit,
1795 2625 1840 2679 si

230 2711 667 2782 concupiscentia
699 2726 808 2766 non
839 2718 1126 2766 moveatur
1143 2711 1209 2765 ad
1230 2711 1842 2782 peccandum,excludi-

229 2807 314 2854 tur
361 2799 633 2869 serpentis
682 2799 894 2853 astutia.
948 2799 1006 2854 Si
1055 2807 1233 2854 autem
1265 2807 1409 2854 mota
1457 2799 1638 2866 fuerit,
1687 2798 1842 2872 quasi

224 2888 336 2956 jam
399 2887 615 2942 mulieri
661 2904 982 2958 persuasum
1029 2887 1148 2942 erit.
1202 2887 1314 2942 Sed
1361 2887 1656 2958 aliquando
1701 2889 1841 2944 ratio

227 2975 389 3030 etiam
421 2984 748 3031 commotam
791 2975 1141 3046 cupiditatem
1189 2975 1416 3030 viriliter
1469 2975 1706 3032 refrenat
1755 2985 1841 3032 at-

229 3079 336 3134 que
366 3064 681 3135 compescit.
720 3063 880 3132 Quod
922 3079 1045 3119 cum
1085 3062 1162 3130 ﬁt,
1210 3081 1320 3120 non
1367 3064 1564 3120 labitur
1594 3069 1756 3122 homo
1787 3067 1842 3122 in

225 3159 528 3222 peccatum,
576 3153 672 3207 sed
704 3167 827 3208 cum
860 3152 1044 3224 aliqua
1089 3152 1378 3209 luctatione
1426 3163 1727 3212 coronatur.
1781 3157 1837 3214 Si

226 3248 409 3295 autem
440 3240 579 3295 ratio
609 3240 930 3306 consentiat,
963 3249 1017 3296 et
1063 3241 1208 3312 quod
1254 3241 1423 3298 libido
1451 3246 1824 3313 commoverit,

227 3327 536 3384 faciendum
565 3345 687 3384 esse
719 3329 1014 3397 decernat;
1047 3331 1117 3384 ab
1168 3331 1316 3386 omni
1343 3331 1505 3387 beata
1553 3333 1658 3388 vita
1703 3342 1830 3389 tan-

227 3432 392 3488 quam
423 3417 491 3471 de
519 3417 770 3487 paradiso
792 3417 1080 3488 expellitur
1092 3419 1281 3474 homo.
1321 3421 1438 3474 Jam
1457 3420 1598 3476 enim
1630 3437 1830 3492 pecca-

226 3513 338 3560 tum
404 3505 712 3576 imputatur,
773 3505 985 3561 etiamsi
1029 3522 1138 3562 non
1202 3507 1566 3579 subsequatur
1606 3509 1826 3578 factum,

226 3592 480 3664 quoniam
511 3610 603 3648 rea
633 3600 846 3649 tenetur
892 3595 948 3647 in
998 3611 1162 3650 sensu
1192 3596 1540 3654 conscientia.
1591 3599 1662 3652 Iis
1693 3615 1829 3671 ergo

224 3681 398 3736 tribus
452 3682 628 3736 modis
665 3690 1010 3753 perpetratur
1065 3693 1394 3754 peccatum:
1447 3687 1824 3759 suggestione,

222 3785 344 3840 quae
374 3767 430 3824 fit
460 3786 560 3840 per
595 3769 908 3838 diabolum;
959 3771 1400 3842 concupiscentia
1447 3775 1560 3830 sive
1591 3776 1827 3831 delecta-

221 3856 388 3925 tione,
422 3873 542 3929 qua
570 3855 628 3912 fit
654 3875 754 3928 per
783 3873 1024 3926 carnem,
1058 3867 1112 3915 et
1157 3859 1413 3930 animam,
1447 3870 1498 3917 et
1528 3879 1818 3931 consensu,

223 3944 315 4016 qui
344 3943 399 3998 fit
427 3961 525 4016 per
565 3945 830 4016 spiritum.
885 3947 995 4002 Scit
1034 3963 1268 4020 namque
1309 3951 1684 4020 perversitatis
1732 3953 1823 4009 ille

223 4048 540 4104 persuasor,
587 4034 847 4090 rationem
877 4036 945 4089 ad
995 4037 1204 4107 peccati
1252 4052 1579 4094 consensum
1626 4040 1825 4097 deduci

221 4137 331 4176 non
361 4137 544 4192 posse,
578 4122 680 4176 nisi
713 4123 864 4193 prius
895 4123 1202 4191 delectatio,
1238 4126 1351 4181 sive
1381 4128 1825 4198 concupiscentia

223 4217 366 4264 mota
394 4209 555 4265 fuerit
584 4210 638 4265 in
669 4226 733 4265 ea
763 4219 912 4282 parte
942 4212 1157 4279 animai,
1193 4231 1314 4284 quae
1351 4214 1515 4270 debet
1543 4217 1824 4288 obtempe-

221 4313 349 4352 rare
379 4297 594 4364 rationi,
629 4305 886 4370 tanquam
945 4300 1058 4356 viro
1113 4301 1346 4372 regenti.
1397 4304 1466 4358 Et
1504 4303 1630 4360 ideo
1671 4305 1824 4360 miris

219 4385 397 4440 modis
429 4402 537 4440 non
575 4394 750 4442 cessat
779 4404 1086 4460 suggerere
1115 4405 1216 4459 per
1244 4391 1632 4462 cogitationem
1661 4394 1824 4466 quid-

223 4473 354 4544 quid
383 4481 577 4544 potest,
611 4483 662 4530 et
692 4475 818 4546 (nisi
858 4476 1106 4547 repulsus
1136 4476 1318 4548 fuerit)
1350 4489 1474 4550 post
1504 4483 1820 4554 suggestio-

1943 596 2209 667 quoniam
2230 612 2304 651 ex
2326 599 2446 667 ipso
2467 599 2583 652 vita
2598 600 2855 669 procedit
2875 602 3059 669 (Prov.
3081 615 3158 668 1v,
3180 601 3295 670 23).
3318 600 3426 655 Cor
3446 617 3548 656 au-

1942 691 2052 737 tem
2108 683 2257 738 nullo
2305 683 2410 738 alio
2471 685 2634 740 modo
2682 687 2878 742 melius
2922 688 3236 756 custoditur,
3287 704 3452 760 quam
3492 697 3552 744 ut

1945 788 2162 842 semper
2193 773 2394 827 sanctis
2422 774 2843 846 cogitationibus
2874 776 3159 846 (quantum
3190 792 3289 846 per
3318 777 3548 849 gratiam

1944 860 2044 914 Dei
2075 859 2189 915 fieri
2220 861 2417 932 potest)
2449 871 2770 932 occupatum
2810 871 3074 929 teneatur,
3129 864 3266 920 sicut
3296 864 3495 937 legitur
3529 881 3542 920 :

1945 947 2220 1018 Cogitatio
2251 955 2455 1004 saneta
2486 951 2726 1006 servabit
2762 955 2812 1006 te
2845 952 3026 1018 (Prov.
3061 967 3121 1016 Il,
3153 955 3268 1022 11).
3309 951 3469 1021 Quod
3499 953 3545 1007 si

1943 1035 2346 1091 studiosissime
2377 1036 2628 1103 facimus,
2657 1054 2918 1109 nuncper
2936 1039 3241 1105 lectionem,
3275 1055 3420 1095 nunc
3449 1056 3548 1110 per

1943 1124 2264 1191 orationem,
2316 1125 2608 1196 aliquando
2656 1142 2754 1196 per
2807 1127 3169 1197 psalmodiam
3219 1127 3549 1199 quandoque

1940 1227 2042 1281 per
2072 1221 2317 1267 sanctam
2364 1213 2770 1269 meditationem
2804 1232 2817 1268 :
2853 1214 3191 1284 impossibile
3235 1221 3416 1269 tamen
3465 1223 3549 1270 est

1940 1306 1999 1352 ut
2025 1299 2209 1369 pravis
2240 1300 2461 1355 omnino
2491 1300 2909 1371 cogitationibus
2942 1317 3246 1357 careamus.
3281 1302 3388 1357 Sed
3419 1302 3546 1356 nul-

1938 1386 2050 1440 lum
2079 1395 2161 1441 est
2189 1387 2510 1458 periculum,
2542 1389 2750 1444 nullum
2778 1397 2862 1444 est
2910 1389 3130 1445 omnino
3161 1397 3467 1460 peccatum,
3500 1389 3548 1445 si

1938 1490 2030 1529 eas
2061 1475 2306 1546 improbe
2337 1476 2608 1532 irruentes
2653 1477 3044 1534 instantissime
3092 1478 3276 1544 abigat
3304 1477 3542 1548 spiritus,

1937 1562 2053 1618 sive
2084 1563 2221 1618 ratio
2251 1564 2668 1634 vigilantissime
2698 1581 2918 1636 semper
2962 1565 3218 1621 excubias
3269 1581 3462 1636 agens,
3493 1573 3548 1622 et

1937 1658 2125 1707 contra
2155 1651 2508 1708 illecebrosos
2538 1669 2603 1709 ac
2632 1653 2824 1709 noxios
2855 1653 3124 1727 cogitatus
3152 1661 3387 1722 nostros,
3421 1669 3549 1709 ora-

1934 1739 2098 1794 tionis
2148 1740 2419 1812 clypeum,
2470 1748 2521 1795 et
2576 1749 2885 1797 sanctarum
2929 1742 3316 1815 cogitationum
3361 1741 3545 1797 muni-

1937 1835 2121 1882 menta
2151 1844 2454 1898 opponens.
2489 1829 2545 1884 Si
2573 1845 2706 1885 vero
2753 1830 2888 1885 ratio
2931 1831 3206 1897 dormitat,
3241 1838 3294 1886 et
3338 1830 3546 1901 passim

1938 1916 2209 1987 quaslibet
2239 1916 2548 1972 immundas
2579 1925 2631 1972 et
2659 1918 2847 1974 noxias
2898 1918 3279 1991 cogitationes,
3310 1934 3419 1972 non
3449 1933 3546 1973 so-

1938 2003 2049 2058 lum
2075 2003 2314 2074 ingredi,
2349 2005 2449 2059 sed
2480 2005 2645 2060 etiam
2672 2021 2883 2060 moram
2913 2005 2968 2060 in
2997 2007 3176 2061 animo
3203 2005 3384 2062 facere
3411 2022 3544 2076 per-

1935 2090 2120 2159 mittit,
2158 2092 2405 2163 increpat
2433 2109 2534 2148 nos
2580 2109 2678 2164 per
2722 2095 3046 2164 prophetam
3078 2110 3260 2149 sermo
3305 2093 3540 2164 divinus,

1936 2178 2124 2234 dicens
2161 2195 2173 2233 :
2211 2183 2492 2253 Usquequo
2510 2183 2886 2238 morabuntur
2906 2185 2968 2238 in
2992 2187 3046 2238 te
3061 2184 3428 2254 cogitationes
3441 2198 3542 2238 no-

1937 2269 2052 2322 xia:
2078 2273 2102 2324 ?
2131 2270 2366 2337 (Jerem.
2396 2252 2483 2335 iv,
2518 2271 2628 2338 14.)
2661 2269 2718 2324 Si
2741 2277 2918 2325 autem
2942 2277 3064 2341 post
3082 2252 3308 2341 pravam
3339 2252 3570 2342 sugge-'

1937 2355 2187 2422 stionem,
2219 2373 2321 2427 per
2347 2357 2573 2412 nimiam
2625 2358 3036 2430 negligentiam,
3088 2359 3246 2413 etiam
3277 2357 3542 2429 concupi-

1938 2443 2141 2498 scentia
2171 2451 2320 2500 mota
2348 2443 2505 2500 fuerit
2539 2463 2552 2500 :
2584 2452 2713 2501 tunc
2740 2447 2932 2501 saltem
2980 2447 3141 2502 debet
3187 2446 3398 2501 animus
3428 2446 3541 2501 evi-

1937 2531 2147 2602 gilare;
2181 2540 2231 2587 et
2262 2533 2613 2606 exstinguens
2644 2533 2826 2605 ignem
2875 2535 3183 2601 excitatum,
3215 2536 3400 2590 hostes
3423 2535 3538 2603 jam

1938 2619 2074 2673 intra
2097 2621 2316 2688 januam
2340 2621 2627 2687 admissos,
2651 2622 2863 2677 fortiter
2889 2623 3195 2678 resistendo
3223 2623 3532 2689 excludere,

1938 2724 2007 2762 ne
2029 2715 2080 2762 et
2105 2707 2222 2778 ipse
2245 2709 2409 2780 (quod
2433 2709 2594 2778 absit)
2607 2718 2834 2780 peccato
2855 2711 3200 2767 consentiens
3217 2711 3530 2781 perimatur.

1940 2796 2069 2851 Haec
2097 2796 2192 2850 tibi
2227 2797 2466 2852 breviter
2495 2797 2706 2868 scripsi,
2739 2798 2983 2869 petitioni
3007 2807 3113 2854 tuae
3155 2799 3317 2870 (sicut
3357 2797 3532 2869 potui)

1943 2883 2254 2939 satisfacere
2285 2901 2482 2940 curans
2514 2903 2528 2939 :
2579 2902 2700 2957 quae
2729 2887 2775 2940 si
2822 2887 2918 2941 tibi
2941 2895 3090 2960 grata
3120 2904 3242 2944 esse
3269 2887 3510 2945 didicero

1941 2971 2254 3028 mercedem
2282 2972 2385 3027 tuis
2414 2973 2749 3028 orationibus
2778 2976 3169 3047 compensabo.
3199 2997 3203 3001 ·

2516 3129 2856 3187 EPISTOLA
2884 3132 2950 3187 ν.

1932 3275 2006 3316 ΔΙ)
2029 3276 2369 3317 BERNARDUI
2400 3277 2664 3318 ΝΒΡΟΤΕΜ
2695 3279 2862 3334 ευυιι,
2895 3279 2992 3327 QUI
3024 3279 3096 3319 υις
3130 3277 3532 3321 ολιιτιιυειευει

2106 3365 2178 3404 ΑΙ)
2207 3365 2376 3406 ALIUM
2405 3366 2659 3406 οιωιΝωι
2687 3367 2962 3408 TBANSIRE
2990 3368 3314 3410 COGITABAT.

1866 3206 1914 3266 Ο

2302 3485 2378 3539 De
2406 3485 2739 3540 constantia
2768 3486 2832 3540 in
2860 3488 3160 3558 proposito.

2001 3606 2185 3661 Frater
2229 3607 2514 3673 JOANNES,
2566 3607 2760 3662 domus
2807 3608 3094 3673 Portarum
3143 3609 3533 3684 qualiscunque

1929 3695 2250 3760 monachus,
2276 3695 2579 3749 BERNARDO
2592 3695 2946 3752 dilectissimo
2959 3697 3260 3752 secundum
3280 3698 3531 3770 spiritum

1928 3781 2057 3852 ﬁlio,
2090 3790 2144 3838 et
2173 3784 2471 3839 secundum
2500 3799 2719 3839 carnem
2749 3785 2953 3856 nepoti,
2977 3785 3211 3841 debitam
3261 3786 3317 3842 in
3344 3787 3530 3846 divino

1933 3869 2194 3926 famulatu
2225 3872 2694 3943 perseverantiam
2724 3881 2778 3928 et
2805 3874 3130 3944 profectum.

1999 3959 2196 4014 Audivi
2225 3961 2371 4032 quod
2400 3976 2433 4016 a
2461 3962 2736 4032 proposito
2756 3962 2827 4017 ad
2847 3963 2993 4035 quod
3022 3971 3092 4030 te,
3129 3964 3328 4020 Christi
3357 3966 3530 4037 gratia

1928 4055 2231 4114 vocaverat,
2265 4049 2346 4104 vis
2375 4049 2655 4115 recedere,
2706 4058 2759 4105 et
2805 4051 2875 4106 ad
2921 4051 3088 4107 alium
3139 4052 3386 4109 ordinem
3427 4055 3530 4110 mi-

1923 4150 2109 4208 grare.
2145 4137 2272 4191 Haec
2301 4137 2584 4208 persuasio
2613 4153 2722 4194 non
2751 4147 2832 4193 est
2875 4155 2940 4195 ex
2979 4155 3045 4196 eo
3092 4141 3184 4212 qui
3214 4148 3267 4197 te
3295 4142 3525 4211 vocavit,

1925 4224 2022 4278 sed
2053 4239 2296 4294 serpens,
2331 4224 2422 4296 qui
2454 4225 2664 4280 seduxit
2694 4227 2861 4281 Evam
2890 4227 3090 4282 astutia
3131 4245 3250 4296 sua,
3298 4237 3353 4285 te
3381 4247 3525 4303 quo-

1924 4327 2030 4382 que
2058 4311 2171 4366 vult
2200 4312 2483 4382 seducere,
2517 4321 2569 4368 et
2599 4313 2668 4367 ab
2707 4323 2939 4386 angusta
2984 4315 3094 4377 via,
3127 4333 3246 4387 qua:
3278 4317 3426 4374 ducit
3453 4320 3526 4375 ad

1922 4399 2108 4465 vitam,
2140 4415 2240 4470 per
2269 4415 2430 4470 quam
2459 4416 2705 4470 coeperas
2747 4403 3047 4470 ambulare,
3097 4411 3151 4458 te
3177 4404 3322 4474 cupit
3350 4407 3420 4460 ad
3446 4406 3528 4462 la-

1921 4495 2028 4541 tam
2051 4496 2101 4542 et
2132 4487 2426 4558 spatiosam
2474 4489 2635 4555 viam,
2685 4506 2805 4561 quaa
2846 4490 2991 4546 ducit
3020 4491 3090 4546 ad
3141 4493 3522 4564 perditionem,

221 4577 348 4616 nem
378 4561 578 4629 carnis,
603 4564 1099 4635 concupiscentiam
1128 4565 1488 4636 inflammare,
1505 4577 1562 4623 ut
1589 4578 1822 4640 postmo-
1845 4561 1895 4620 D
1923 4576 2205 4631 reducere.
2258 4575 2406 4631 Audi
2466 4592 2598 4649 ergo
2639 4577 2816 4648 potius
2863 4561 3157 4634 Christum—
3201 4580 3472 4637 dicentem

219 4649 350 4703 dum
381 4651 654 4720 captivum
691 4651 931 4707 animum
961 4653 1028 4708 ad
1076 4655 1288 4724 peccati
1329 4672 1657 4712 consensum
1689 4676 1820 4729 per-

217 4738 435 4793 trahere
465 4738 662 4794 valeat.
702 4741 866 4796 Novit
913 4750 1090 4797 autem
1117 4743 1206 4798 ille
1231 4745 1318 4799 cui
1365 4745 1592 4816 inspiret
1637 4755 1820 4803 tumo-

219 4841 335 4880 rem
366 4827 653 4897 superbiae,
687 4829 771 4884 cui
805 4838 1066 4902 suggerat
1087 4833 1385 4902 appetitum
1401 4833 1575 4888 inanis
1607 4835 1814 4906 gloriae,

219 4913 308 4968 cui
341 4914 487 4968 virus
507 4916 761 4986 propinet
782 4917 1016 4989 invidiae,
1042 4936 1203 4990 quem
1225 4921 1590 4977 adlibidinem
1611 4923 1822 4980 inflam-

216 5009 347 5068 met,
380 5020 539 5074 quem
571 5005 638 5059 ad
669 5005 1005 5061 iracundiam
1050 5009 1239 5078 irritet,
1282 5027 1443 5082 quem
1474 5011 1702 5067 aliorum
1731 5021 1805 5068 at-

219 5106 325 5160 que
355 5091 580 5145 aliorum
612 5093 866 5149 vitiorum
909 5104 1061 5165 peste
1109 5098 1437 5154 contaminet
1470 5117 1483 5153 :
1515 5108 1676 5170 prout
1723 5101 1818 5156 de-

219 5179 560 5247 prehendere
589 5188 767 5250 potest
798 5183 1140 5238 diversorum
1169 5185 1505 5257 affectiones,
1538 5189 1816 5244 variorum

221 5265 470 5321 vitiorum
502 5267 746 5323 fomitem
777 5271 1044 5341 recipere.
1078 5273 1200 5344 Ipse
1229 5274 1411 5346 itaque
1458 5276 1618 5344 (sicut
1649 5278 1714 5332 de
1748 5294 1813 5333 eo

219 5354 482 5423 scriptum
510 5357 614 5423 est)
644 5359 928 5424 calcaneo,
964 5359 1018 5413 id
1036 5368 1137 5427 est,
1161 5361 1337 5432 lapsui
1369 5372 1557 5418 nostro
1585 5365 1816 5422 insidia-

219 5445 316 5497 tur
353 5445 512 5513 (Gen.
548 5460 626 5509 ιιι,
663 5447 769 5515 lii).
806 5448 918 5502 Nos
943 5455 1123 5502 autem
1161 5450 1425 5506 debemus
1468 5461 1627 5524 caput
1673 5454 1808 5522 ejus,

211 5529 266 5583 id
297 5539 397 5596 est,
432 5531 644 5586 initium
672 5550 850 5603 pravae
895 5537 1266 5608 suggestionis
1313 5547 1614 5607 conterere,
1647 5558 1810 5596 exer-

213 5627 320 5672 tum
346 5636 568 5690 semper
599 5629 844 5677 tenentes
890 5623 1129 5693 gladium
1179 5625 1418 5696 spiritus,
1455 5637 1506 5682 et
1544 5629 1706 5683 aliam
1741 5631 1811 5686 de

210 5723 314 5779 qua
342 5723 441 5764 nos
471 5709 763 5780 Apostolus
821 5711 1036 5767 instruit
1074 5721 1401 5770 armaturam
1452 5717 1670 5789 (Ephes.
1707 5720 1806 5791 vi).

1923 4664 2490 4721 Contenditeintrare
2494 4682 2599 4736 per
2609 4670 2913 4736 angustam
2922 4672 3166 4739 portam,
3187 4670 3318 4741 quia
3347 4673 3524 4728 multi

1921 4753 2063 4820 (dico
2082 4753 2252 4821 vobis)
2273 4757 2528 4824 quaerent
2557 4755 2801 4820 intrare,
2821 4759 2877 4810 et
2915 4771 3030 4810 non
3049 4760 3320 4828 poterunt
3360 4758 3514 4828 (Luc.

1919 4856 2038 4911 xm,
2072 4841 2183 4912 34).
2217 4842 2339 4895 Non
2367 4842 2438 4895 ait
2469 4842 2860 4912 tantummodo,
2896 4844 3131 4909 intrate,
3165 4845 3263 4901 sed
3293 4852 3526 4903 conten-

1919 4929 2037 4985 dite
2080 4931 2324 5000 intrare,
2359 4930 2488 5002 quia
2533 4929 2781 5001 profecto
2829 4947 3033 5003 magna
3079 4934 3423 4990 contentione
3463 4943 3517 4991 et

1917 5033 2124 5090 pugna,
2156 5034 2357 5090 magno
2385 5018 2670 5074 conamine
2702 5028 2753 5076 et
2784 5021 3040 5076 conflictu
3080 5037 3220 5093 opus
3250 5031 3351 5090 est,
3383 5039 3518 5079 con-

1915 5113 2001 5160 tra
2023 5104 2387 5161 infirmitatem
2418 5115 2470 5162 et
2500 5108 2694 5162 mentis
2725 5117 2776 5162 et
2808 5109 3074 5180 corporis,
3113 5118 3305 5166 contra
3351 5111 3516 5168 innu-

1915 5195 2202 5249 merabiles
2234 5212 2356 5266 quae
2385 5204 2674 5251 occurrunt
2724 5195 3081 5264 infirmitates,
3129 5207 3182 5254 et
3230 5199 3514 5256 difﬁculta-

1915 5291 2018 5348 tes,
2061 5290 2112 5337 et
2141 5283 2548 5354 impedimenta,
2571 5293 2761 5340 contra
2786 5286 2964 5356 jacula
2986 5286 3290 5358 linguarum
3313 5297 3364 5344 et
3394 5305 3522 5345 con-

1913 5371 2183 5440 tumelias,
2215 5379 2268 5425 et
2296 5372 2659 5428 detractiones
2703 5373 3111 5446 obloquentium
3138 5394 3150 5441 ;
3187 5384 3376 5432 contra
3403 5393 3519 5434 car-

1913 5459 2065 5515 nales
2113 5467 2164 5513 et
2228 5467 2472 5514 terrenas
2521 5461 2882 5531 cupiditates,
2953 5471 3137 5518 contra
3203 5464 3519 5521 innumeras

1913 5547 2238 5601 tentationes
2271 5556 2321 5602 et
2341 5548 2518 5615 dolos,
2543 5556 2705 5619 atque
2726 5549 2950 5605 insidias
2979 5551 3265 5606 invisibilis
3287 5553 3510 5610 inimici.

1911 5634 2058 5689 Sicut
2087 5634 2231 5688 enim
2261 5637 2334 5689 ait
2363 5636 2600 5706 quidam.
2636 5637 2798 5690 Novit
2827 5638 2980 5692 exsul
3029 5639 3170 5705 cmli,
3215 5639 3345 5710 quid
3376 5657 3512 5711 aga-

1909 5730 1996 5778 tur
2025 5723 2079 5778 in
2107 5721 2284 5790 ccelo;
2318 5731 2370 5778 et
2411 5723 2661 5780 invidens
2707 5725 2864 5780 nobis
2913 5726 3297 5783 beatitudinem
3345 5743 3509 5804 quam
