3938 6400
438 328 543 383 927

1367 331 1661 390 1οΑΝΝ15
1699 335 1948 392 CARTH.
1994 334 2372 394 PORTARUM
2411 337 2750 394 MONACHI.

3627 345 3735 398 928

434 451 553 523 ipse
580 452 834 524 perdidit,
869 469 977 510 non
1007 463 1186 511 cessat
1222 458 1700 526 (tentamentorum
1731 459 2031 516 innumeris
2050 464 2104 523 Α
2133 461 2229 516 tibi
2259 462 2417 518 dulce
2447 478 2570 518 esse
2599 463 2781 529 debet,
2814 463 2938 534 quia
2974 462 3166 533 recipit
3199 477 3211 517 :
3244 469 3297 518 et
3320 463 3530 534 gratias
3561 478 3732 536 agere

434 541 634 610 modis)
663 557 763 611 per
792 559 872 608 se,
903 550 957 597 et
985 560 1087 614 per
1131 545 1393 601 satellites
1436 563 1566 602 suos
1617 549 1925 615 elaborare,
1976 558 2030 604 ut

433 627 573 682 sicut
600 637 856 698 parentes
887 639 1104 686 nostros
1134 633 1202 688 de
1228 635 1484 703 paradiso
1514 636 1825 692 seducendo
1854 637 2028 706 ejecit,

433 715 508 770 ita
536 716 745 786 aliquos
777 718 915 772 bene
946 719 1240 775 viventium
1288 722 1655 794 illaqueando,
1686 725 1754 778 de
1784 726 2031 794 paradiso

434 803 528 858 illo
547 804 797 859 excludat
829 822 842 859 :
877 807 946 860 de
970 823 1076 878 quo
1105 809 1236 864 dicit
1257 810 1500 865 Christus
1520 811 1573 864 in
1597 813 1832 867 Canticis
1859 831 1872 866 :
1896 815 2032 868 Hor-

442 896 534 946 tus
562 894 886 960 conclusus,
901 911 1059 951 soror
1083 913 1211 952 mea
1241 898 1680 970 sponsa,hortus
1709 902 2028 957 conclusus.

436 979 723 1033 Paradisus
749 997 983 1054 namque
1012 983 1202 1038 hortus
1231 984 1632 1056 interpretatur.
1669 988 1867 1042 Hortus
1898 1005 2032 1058 ergo

434 1066 654 1134 Christi,
713 1077 793 1122 est
821 1077 1007 1125 sancta
1047 1071 1341 1127 electorum
1385 1073 1440 1127 in
1487 1075 1739 1144 prasenti
1783 1075 2034 1130 Ecclesia

433 1155 794 1210 conversatio.
848 1157 1169 1228 Conclusus,
1217 1159 1274 1214 id
1319 1168 1420 1225 est,
1471 1162 1805 1231 protectione
1850 1163 2033 1217 divina

432 1241 689 1297 munitus.
755 1244 814 1298 In
863 1244 965 1300 hoc
1026 1246 1183 1301 horto
1243 1247 1547 1319 germinant
1590 1249 1701 1302 lilia
1749 1250 2029 1319 castitatis,

431 1329 703 1400 bySSOpus
732 1332 1068 1402 humilitatis,
1116 1350 1257 1390 rosa
1304 1336 1594 1406 patientia,
1641 1337 1848 1394 abietes
1895 1354 2032 1394 con-

435 1417 802 1488 templationis
837 1437 850 1473 :
882 1419 1092 1492 fragrat
1120 1423 1282 1477 etiam
1328 1424 1547 1494 myrrha
1576 1425 1918 1480 abstinentiae
1945 1426 2033 1482 vel

433 1505 761 1571 sobrietatis,
809 1515 862 1561 et
911 1509 1034 1562 thus
1081 1511 1364 1577 orationis,
1423 1521 1729 1584 cateraque
1778 1513 2032 1569 virtutum

433 1601 772 1660 ornamenta,
805 1611 925 1666 qua
951 1596 1183 1652 diversis
1221 1608 1545 1665 aromatum,
1596 1601 1682 1656 vel
1711 1602 2033 1658 aromatica-

430 1697 550 1734 rum
579 1683 835 1738 arborum
865 1683 980 1738 sive
1011 1685 1306 1741 herbarum
1348 1689 1630 1743 vocabulis
1658 1689 1712 1743 in
1743 1690 2033 1760 Scripturis

431 1768 824 1841 significantur.
862 1772 923 1825 In
951 1773 1056 1828 hoc
1097 1774 1257 1829 horto
1305 1776 1447 1830 servi
1475 1777 1594 1854 Dei,
1628 1787 1828 1848 quanto
1856 1779 2032 1851 magis

433 1857 698 1927 proficere
724 1867 1016 1924 merentur,
1053 1868 1201 1916 tanto
1240 1863 1458 1917 suavius
1505 1871 1559 1918 et
1606 1864 1877 1920 efﬁcacius
1905 1881 2030 1921 car-

433 1952 569 2014 punt
590 1944 714 1999 illos
743 1944 949 2000 fructus
978 1947 1229 2018 Spiritus,
1265 1965 1402 2020 quos
1421 1960 1699 2006 enumerat
1718 1954 2031 2022 Apostolus,

435 2031 626 2086 dicens
659 2048 672 2086 :
704 2034 947 2089 Fructus
970 2039 1164 2090 autem
1183 2037 1432 2106 Spiritus
1461 2042 1569 2105 est,
1589 2040 1860 2108 charitas,
1895 2058 2033 2111 gau-

435 2120 612 2186 dium,
637 2137 774 2190 pax,
796 2124 1084 2192 patientia
1103 2123 1251 2194 (Gal.
1279 2140 1334 2190 ν,
1354 2126 1465 2195 22),
1501 2134 1604 2182 etc.
1641 2128 1844 2182 Horum
1885 2127 2032 2183 fruc-

434 2215 583 2263 tuum
607 2208 744 2263 adeo
766 2217 948 2263 amant
969 2210 1332 2281 dulcedinem,
1350 2221 1407 2266 ut
1427 2214 1640 2268 etiamsi
1661 2215 1811 2270 nulla
1837 2232 2034 2287 seque-

435 2303 589 2350 retur
608 2295 803 2351 futura
833 2297 958 2352 vita
989 2298 1284 2366 beatitudo,
1304 2317 1579 2373 magnam,
1604 2302 1712 2358 imo
1751 2303 2034 2374 multiplici

431 2382 623 2439 fenore
652 2384 1038 2452 abundantem,
1073 2403 1132 2441 se
1157 2389 1272 2456 jam
1295 2389 1574 2459 accepisse
1603 2406 1635 2444 a
1666 2392 1782 2446 Deo
1814 2407 2032 2447 recom—

431 2471 804 2542 pensationem
834 2472 1156 2540 faterentur,
1189 2491 1286 2545 pro
1309 2476 1528 2542 divitiis,
1564 2486 1616 2532 et
1647 2479 2029 2548 voluptatibus,

431 2565 486 2613 et
534 2559 721 2614 mundi
767 2561 1014 2632 gaudiis,
1074 2563 1269 2633 quibus
1316 2564 1848 2620 abrenuntiaverunt.
1891 2569 2032 2622 Nam

429 2647 677 2718 profecto
705 2663 904 2722 magna
951 2651 1144 2720 portio,
1179 2660 1231 2705 et
1279 2652 1526 2723 quadam
1572 2653 1797 2708 imitatio
1843 2655 2031 2709 futura

429 2735 776 2790 beatitudinis
805 2746 905 2805 est,
937 2737 1083 2793 nulla
1115 2740 1369 2810 superbia
1400 2740 1598 2807 inﬂari,
1650 2741 1800 2797 nulla
1828 2742 2032 2798 invidia

429 2823 690 2890 morderi,
720 2824 950 2879 liberum
980 2841 1103 2881 esse
1133 2842 1166 2881 a
1187 2827 1440 2883 servitute
1461 2830 1673 2899 peccati
1706 2846 1717 2883 :
1748 2830 1895 2885 nulla
1916 2847 2032 2886 am-

430 2911 652 2978 bitione,
688 2913 839 2967 nulla
865 2914 1112 2979 avaritia,
1144 2914 1306 2968 nullis
1354 2915 1475 2970 aliis
1527 2917 1914 2988 cupiditatibus
1944 2934 2034 2974 ra-

427 3001 565 3072 ptari
587 3019 602 3066 ;
625 3002 904 3070 prosperis
921 3017 1028 3055 non
1043 3002 1253 3068 extolli;
1270 3003 1432 3057 nullis
1448 3004 1868 3060 adversitatibus
1881 3006 2032 3061 fran-

429 3088 505 3160 gi,
539 3088 674 3142 nulli
703 3103 921 3156 nocere,
945 3089 1196 3143 omnibus
1217 3090 1356 3144 velle
1372 3093 1636 3160 prodesse
1665 3111 1679 3158 ;
1714 3093 1930 3148 ladenti
1945 3094 2030 3149 vel

431 3175 729 3248 quamlibet
767 3175 1017 3245 injuriam
1067 3176 1339 3243 inferenti,
1371 3195 1477 3233 non
1528 3180 1704 3235 solum
1750 3180 2030 3237 lasionem
2055 3156 2102 3216 θ

431 3264 518 3319 vel
547 3263 796 3332 injuriam
825 3278 935 3318 non
973 3263 1205 3330 referre,
1257 3266 1352 3320 sed
1406 3266 1629 3338 insuper
1682 3269 1882 3324 bonum
1931 3286 2030 3340 pro

430 3351 575 3407 malo
595 3351 825 3407 reddere
841 3370 856 3418 ;
871 3352 1123 3408 omnibus
1133 3352 1673 3410 affectumcharitatis
1685 3356 2023 3428 impendere,

429 3439 829 3511 Scripturarum
848 3448 1157 3497 sanctarum
1187 3441 1362 3513 epulis
1383 3444 1553 3513 pasci,
1589 3444 1823 3515 Spiritus
1853 3447 2026 3502 sancti

429 3528 889 3584 consolationibus
910 3527 1116 3600 perfrui
1139 3549 1152 3597 ;
1177 3530 1377 3586 exitum
1398 3531 1466 3586 de
1484 3532 1586 3588 hac
1597 3533 1704 3588 vita
1725 3549 1834 3588 non
1853 3533 2030 3589 solum

429 3631 538 3672 non
558 3616 770 3686 timere,
794 3617 891 3672 sed
910 3616 1074 3672 etiam
1086 3633 1152 3673 ex
1167 3619 1474 3674 testimonio
1492 3620 1650 3676 bona
1661 3621 2026 3690 conscientia,

426 3721 550 3761 cum
580 3704 853 3760 desiderio
867 3713 1183 3776 exspectare
1197 3748 1209 3760 .
1241 3707 1370 3762 Hac
1391 3715 1442 3762 et
1462 3708 1569 3762 alia
1587 3709 1894 3777 hujusmodi
1907 3709 2030 3766 ideo

427 3793 662 3864 appellat
683 3792 978 3863 Apostolus
1001 3792 1207 3848 fructus
1221 3795 1470 3865 Spiritus,
1496 3797 1622 3866 quia
1643 3813 1803 3852 nemo
1819 3798 1921 3852 nisi
1934 3815 2032 3869 per

427 3881 662 3954 gratiam
683 3881 913 3951 Spiritus
934 3883 1103 3936 sancti
1125 3883 1248 3937 talis
1265 3899 1388 3938 esse
1411 3892 1608 3954 potest.
1633 3885 1808 3954 Quem
1829 3896 2030 3958 quanto

427 3969 794 4024 abundantius
823 3969 1054 4042 quisque
1084 3970 1297 4041 recipit,
1334 3979 1484 4027 tanto
1527 3973 1739 4029 facilius
1770 3983 1820 4029 et
1849 3975 2032 4031 edica-

428 4057 544 4112 cius
571 4057 688 4112 hac
717 4065 770 4110 et
800 4056 904 4110 alia
933 4073 1052 4129 qua
1084 4058 1374 4130 Scriptura
1417 4068 1614 4117 sancta
1659 4063 1888 4129 docent,
1923 4064 2029 4117 im-

427 4145 580 4218 plere
629 4153 884 4200 meretur.
957 4145 1217 4202 Diabolus
1284 4165 1419 4221 ergo
1493 4150 1705 4205 duobus
1760 4152 2030 4224 pracipue

429 4240 886 4290 tentamentorum
937 4234 1115 4289 modis
1143 4235 1378 4307 insurgit
1422 4237 1681 4292 adversus
1729 4255 1843 4305 eos,
1895 4256 2031 4311 quos

429 4321 498 4377 de
529 4321 785 4392 paradiso
813 4323 1100 4393 prasentis
1146 4324 1412 4380 Ecclesia
1441 4325 1660 4395 ejicere,
1695 4327 1799 4383 hoc
1827 4336 1930 4395 est,
1963 4329 2032 4384 de

429 4419 621 4467 sancta
650 4411 1086 4476 conversatione,
1140 4413 1209 4467 ad
1258 4413 1424 4468 vitam
1475 4415 1759 4485 reprobam
1812 4418 2032 4472 trahere

2131 551 2318 616 debes,
2354 550 2399 604 si
2429 558 2681 622 tanquam
2723 550 2864 605 ﬁlius
2908 551 3137 606 mereris
3181 550 3469 622 ﬂagellari.
3521 551 3580 606 Si
3625 552 3733 608 hoc

2130 638 2344 702 feceris,
2376 639 2494 693 hac
2551 639 2659 694 duo
2712 645 2967 708 operatur
3023 638 3119 693 tibi
3177 638 3453 710 ﬂagellum
3511 639 3730 707 Patris;

2131 725 2254 796 quia
2313 725 2520 781 scilicet
2574 733 2628 779 et
2681 725 2948 797 praterita
3017 733 3239 796 peccata
3297 735 3616 797 purgantur,
3679 734 3737 781 et

2132 813 2314 867 futura
2357 821 2640 868 caventur.
2712 814 2987 868 Praterita
3048 823 3368 885 purgantur,
3419 814 3541 885 quia
3589 814 3734 868 haud

2131 900 2354 954 dubium
2385 901 2512 972 quin
2541 903 2708 966 Deus,
2743 902 2882 955 sicut
2910 901 3168 971 scriptum
3200 909 3282 955 est
3315 916 3326 954 :
3365 903 3633 958 Remittet
3666 904 3731 956 in

2137 992 2384 1060 tempore
2415 989 2802 1044 tribulationis
2826 992 3062 1060 peccata
3084 989 3255 1058 (Eccl.
3290 1003 3347 1054 ιι,
3375 989 3488 1058 13).
3527 989 3733 1043 Futura

2132 1083 2404 1140 caventur,
2438 1077 2562 1147 quia
2592 1077 2722 1130 item
2749 1076 3012 1146 scriptum
3035 1084 3116 1130 est
3151 1091 3163 1129 :
3189 1077 3522 1148 Priusquam
3543 1077 3732 1132 humi-

2133 1164 2308 1218 liarer
2338 1163 2415 1233 (id
2447 1173 2528 1218 est
2565 1165 2878 1235 priusquam
2933 1180 3032 1234 per
3083 1163 3357 1234 ﬂagellum
3413 1162 3730 1234 aﬂligerer),

2131 1267 2225 1322 ego
2258 1251 2469 1322 deliqui
2497 1253 2672 1316 (Psal.
2702 1267 2899 1319 cxvm,
2947 1253 3056 1320 67).
3102 1252 3240 1306 Nam
3283 1259 3335 1306 et
3373 1250 3426 1304 in
3455 1252 3560 1306 hoc
3586 1251 3730 1317 loco,

2131 1347 2184 1400 et
2216 1339 2307 1392 ubi
2351 1339 2552 1393 dictum
2601 1347 2682 1394 est
2717 1355 2728 1392 :
2779 1340 3127 1396 Humiliatus
3170 1355 3297 1394 sum
3343 1355 3735 1411 usquequaque

2131 1427 2290 1497 (ibid.
2345 1429 2504 1496 407);
2538 1427 2641 1481 hoc
2690 1435 2772 1481 est
2819 1427 2994 1492 valde,
3030 1435 3126 1482 et:
3170 1428 3292 1483 Vide
3339 1429 3731 1483 humilitatem

2133 1529 2337 1582 meam,
2361 1520 2416 1570 et
2437 1517 2590 1586 eripe
2611 1531 2700 1570 me
2719 1516 2880 1584 (ibid.
2897 1556 2911 1584 ,
2938 1517 3084 1585 153);
3105 1523 3158 1570 et
3194 1516 3316 1571 Vide
3341 1515 3732 1571 humilitatem

2130 1619 2317 1657 meam
2339 1606 2394 1658 et
2421 1603 2664 1658 laborem
2685 1620 2892 1669 meum,
2916 1607 2971 1658 et
2991 1604 3215 1658 dimitte
3237 1603 3500 1658 universa
3521 1603 3734 1658 delicta

2135 1707 2257 1746 mea
2307 1692 2479 1760 (Psal.
2514 1705 2674 1754 xxiv,
2727 1691 2835 1759 l8),
2889 1700 2942 1745 et
2987 1691 3041 1744 in
3083 1691 3360 1762 plerisque
3407 1690 3526 1745 aliis
3570 1690 3727 1756 locis,

2135 1778 2407 1832 humilitas
2450 1794 2560 1834 non
2619 1786 2701 1832 est
2753 1794 2951 1833 nomen
2997 1779 3232 1845 virtutis,
3265 1778 3362 1833 sed
3408 1777 3729 1833 aﬂlictionis.

2132 1867 2318 1921 Justus
2345 1881 2497 1938 ergo,
2540 1866 2595 1920 in
2652 1881 2889 1936 persona
2945 1866 3097 1934 cujus
3152 1874 3295 1921 totus
3347 1865 3438 1920 ille
3493 1865 3734 1936 psalmus

2133 1954 2369 2024 scriptus
2399 1962 2500 2022 est,
2532 1954 2767 2009 dicendo
2801 1971 2814 2008 :
2849 1955 3188 2026 Pri-usquam
3235 1954 3590 2020 humiliarer,
3635 1970 3730 2025 ego

2133 2041 2383 2113 deliqui;
2414 2040 2736 2113 signiﬁcavit
2766 2042 2912 2112 quod
2959 2049 3246 2112 propterea
3290 2041 3596 2113 ﬂagellatus
3626 2050 3731 2106 est,

2133 2146 2200 2184 ne
2231 2139 2500 2199 peccaret.
2537 2129 2864 2201 Flagellatus
2904 2145 3036 2184 vero
3085 2129 3243 2185 desiit
3289 2144 3558 2200 peccare;
3588 2129 3733 2185 unde

2133 2217 2315 2270 subdit
2348 2231 2360 2270 ε
2397 2219 2702 2288 Propterea
2733 2218 3016 2288 eloquium
3050 2222 3214 2272 tuum
3264 2217 3559 2272 custodivi.
3592 2216 3733 2271 Audi

2133 2319 2283 2374 ergo,
2342 2319 2452 2358 non
2508 2311 2838 2374 serpentem,
2884 2304 2979 2359 sed
3039 2304 3355 2375 Apostolum
3404 2303 3728 2360 dicentem:

2133 2389 2198 2443 In
2236 2388 2541 2458 disciplina
2566 2391 2952 2459 perseverate;
2987 2387 3042 2442 id
3075 2397 3174 2451 est,
3207 2387 3260 2441 in
3292 2386 3510 2458 ﬂagello
3535 2402 3730 2458 perse-

2132 2475 2435 2529 verantiam
2462 2474 2628 2528 nolite
2648 2475 2900 2544 perdere.
2925 2475 3202 2544 Etadjccit
3235 2490 3248 2528 :
3285 2477 3567 2546 Tanquam
3595 2475 3734 2544 ﬁliis

2133 2564 2280 2618 vobis
2311 2563 2475 2632 offert
2503 2579 2560 2617 se
2591 2564 2736 2617 Deus
2765 2563 2952 2633 (Hebr.
2992 2579 3093 2629 xu,
3123 2563 3200 2632 7).
3233 2563 3292 2617 Si
3321 2566 3534 2628 autem,
3561 2562 3734 2634 inquit

2134 2655 2306 2706 extra
2336 2651 2696 2720 disciplinam
2732 2653 2868 2705 estis
2911 2650 2987 2719 (id
3017 2659 3099 2704 est
3125 2649 3171 2703 si
3227 2649 3488 2722 ﬂagellari
3543 2649 3732 2705 renui-

2135 2739 2244 2806 tis),
2266 2754 2394 2809 ergo
2417 2737 2670 2793 adulteri
2691 2742 2744 2793 et
2767 2755 2881 2794 non
2899 2739 3012 2807 ﬁlii
3034 2739 3196 2793 eritis
3217 2737 3395 2807 (ibid.,
3410 2739 3484 2808 8).
3511 2737 3668 2806 Quod
3686 2737 3733 2793 si

2133 2827 2389 2895 serpenti,
2448 2826 2860 2881 coacervatione
2917 2826 3267 2880 tcntationum
3324 2825 3417 2880 tibi
3465 2826 3731 2897 despera-

2134 2913 2336 2968 tionem
2365 2912 2544 2968 facere
2575 2914 2795 2968 conanti
2845 2913 3075 2969 credere
3120 2914 3397 2980 malueris,
3440 2913 3550 2968 eris
3579 2913 3732 2968 cibus

2132 3000 2296 3066 illius,
2331 3001 2469 3057 sicut
2490 3001 2750 3072 scriptum
2777 3008 2892 3056 est:
2921 3003 3180 3073 Serpenti
3199 3003 3387 3073 pulvis
3415 3002 3582 3074 panis
3611 3003 3731 3073 ejus

2133 3089 2287 3158 (Isai.
2319 3104 2448 3154 va,
2489 3091 2601 3160 25).
2653 3089 2834 3144 Pulvis
2883 3088 3027 3144 enim
3071 3097 3212 3158 sunt,
3264 3089 3318 3143 id
3367 3096 3468 3154 est,
3523 3089 3731 3160 pulveri

2130 3177 2429 3248 comparati
2463 3176 2558 3246 illi,
2593 3177 2660 3231 de
2693 3177 2887 3248 quibus
2915 3176 3118 3232 dictum
3148 3184 3230 3232 est
3263 3191 3276 3230 :
3307 3177 3429 3232 Non
3458 3179 3538 3232 sic
3569 3177 3732 3248 impii

2129 3281 2246 3320 non
2274 3267 2353 3320 sic
2371 3286 2390 3332 ;
2411 3267 2504 3320 sed
2526 3269 2798 3337 tanquam
2823 3266 3010 3336 pulvis
3029 3281 3192 3336 quem
3213 3266 3449 3336 projicit
3479 3268 3733 3321 ventusa

2130 3354 2278 3424 facie
2301 3358 2466 3410 terra
2486 3355 2660 3424 (Psal.
2687 3367 2727 3420 t,
2749 3354 2820 3422 4).
2839 3353 3064 3419 Ventus,
3088 3352 3142 3407 id
3165 3361 3246 3408 est
3261 3352 3482 3408 tentatio
3502 3371 3516 3419 ;
3540 3368 3573 3406 a
3592 3351 3731 3408 facie

2130 3449 2314 3507 terra,
2365 3441 2471 3496 hoc
2526 3449 2626 3508 est,
2657 3457 2688 3494 a
2743 3441 3028 3495 stabilitate
3087 3439 3387 3510 Ecclesia;
3420 3439 3618 3511 pulvis,
3675 3439 3730 3494 id

2132 3537 2214 3586 est
2232 3529 2403 3600 impii,
2425 3529 2517 3600 qui
2538 3528 2924 3584 tentationibus
2946 3544 3054 3583 non
3075 3528 3351 3594 resistunt,
3386 3528 3525 3584 sicut
3554 3527 3730 3600 pulvis

2130 3625 2292 3673 vento
2324 3617 2570 3672 resistere
2588 3632 2698 3671 non
2720 3616 2882 3671 valet.
2909 3617 2964 3671 Si
2983 3616 3223 3687 serpenti
3252 3615 3570 3680 credideris,
3590 3615 3731 3670 inter

2131 3705 2381 3760 inimicos
2400 3704 2500 3760 Dei
2515 3705 2874 3776 reputaberis,
2889 3704 2959 3759 de
2971 3703 3166 3776 quibus
3183 3704 3385 3759 dictum
3403 3712 3484 3758 est
3506 3719 3519 3758 :
3543 3703 3734 3759 Inimi-

2131 3796 2184 3852 ci
2198 3795 2422 3849 Domini
2434 3795 2665 3848 mentiti
2681 3797 2816 3848 sunt
2830 3794 2880 3848 ei
2888 3833 2901 3860 ,
2919 3797 2973 3846 et
2985 3795 3095 3848 erit
3112 3797 3330 3864 tempus
3345 3808 3538 3848 eorum
3554 3793 3616 3847 in
3628 3809 3729 3847 sw-

2130 3880 2260 3939 cula
2279 3883 2453 3952 (Psal.
2471 3896 2644 3947 Lxxx,
2674 3882 2782 3949 16).
2800 3880 2854 3935 Si
2869 3880 3011 3934 enim
3033 3880 3180 3950 quod
3200 3880 3252 3933 in
3271 3879 3359 3934 die
3380 3879 3730 3950 professionis

2131 3977 2238 4025 tua
2253 3969 2610 4041 spopondisti,
2626 3969 2832 4022 irritum
2845 3967 3058 4038 feceris,
3075 3967 3184 4022 voti
3197 3975 3357 4040 atque
3367 3967 3636 4022 mendacii
3645 3982 3732 4023 co-

2131 4075 2244 4112 ram
2257 4059 2373 4113 Deo
2385 4066 2434 4112 et
2465 4056 2773 4112 hominibus
2801 4073 2927 4111 reus
2947 4057 3076 4111 eris.
3091 4057 3214 4110 Non
3245 4055 3421 4110 solum
3441 4063 3617 4111 autem
3638 4055 3729 4110 tibi

2131 4147 2374 4214 nocebis,
2408 4145 2506 4201 sed
2537 4145 2695 4201 etiam
2722 4144 2906 4198 multis
2937 4143 3186 4199 eﬂicieris
3217 4152 3364 4214 petra
3392 4143 3654 4209 scandali,
3678 4151 3730 4198 et

2130 4235 2298 4290 multo
2311 4234 2556 4304 pluribus
2569 4233 2792 4288 nocebis
2805 4232 3083 4298 scandala,
3099 4248 3256 4302 quam
3269 4231 3491 4303 potuisti
3502 4231 3728 4302 prodes-

2131 4339 2192 4379 se
2218 4322 2488 4392 exemplo.
2520 4321 2688 4394 Igitur
2717 4337 2827 4375 non
2853 4328 3057 4374 tantum
3091 4321 3158 4375 de
3189 4327 3278 4374 tua
3307 4319 3600 4390 apostasia,
3633 4319 3729 4374 sed

2133 4411 2201 4466 de
2223 4411 2438 4466 illorum
2462 4409 2704 4481 pernicie
2719 4409 3070 4478 judicaberis.
3097 4407 3238 4463 Dicit
3257 4407 3403 4462 enim
3420 4407 3681 4462 Dominus
3713 4425 3726 4460 :

429 4507 672 4556 conatur.
722 4500 879 4567 Nam,
933 4499 1071 4556 sicut
1120 4500 1250 4556 dicit
1296 4501 1489 4556 beatus
1537 4503 1889 4576 Augustinus,
1942 4507 2103 4566 autD
2142 4501 2224 4556 Va:
2247 4500 2462 4555 homini
2473 4515 2577 4570 per
2595 4515 2758 4570 quem
2779 4497 3114 4552 scandalum
3141 4498 3298 4552 venit
3321 4497 3541 4565 (Matth.
3564 4510 3725 4550 xvm.

427 4595 597 4644 terret
625 4595 682 4642 ut
710 4587 945 4659 frangat,
999 4597 1090 4643 aut
1137 4588 1414 4644 blanditur
1443 4599 1502 4644 ut
1539 4591 1790 4662 decipiat.
1842 4594 2035 4648 Terret

427 4676 633 4733 scilicet
660 4693 760 4747 per
789 4677 1038 4742 adversa,
1066 4677 1303 4732 suadens
1331 4677 1718 4746 intolerabilia,
1751 4689 1803 4734 et
1831 4680 2034 4751 impor-

428 4765 618 4820 tabilia
664 4781 787 4820 esse
839 4780 942 4835 ca,
990 4781 1110 4836 qua
1158 4765 1427 4832 molesta,
1477 4766 1612 4821 dura
1661 4776 1713 4821 et
1759 4767 2034 4823 laboriosa

427 4860 718 4908 occurrunt
743 4871 756 4918 ;
789 4859 844 4907 ut
867 4852 1250 4922 desperatione
1279 4852 1436 4909 fracti
1465 4861 1519 4908 et
1546 4854 1812 4923 dissoluti,
1848 4872 1878 4908 a
1907 4872 2037 4926 pro-

427 4941 606 5012 posito
638 4947 830 4995 sancto
861 4939 1128 4994 resiliant.
1165 4939 1444 4994 Blanditur
1462 4957 1593 4997 vero
1618 4959 1717 5012 per
1736 4959 2034 5014 prospera;

428 5029 499 5084 ad
528 5027 782 5084 carnales
813 5027 1140 5098 voluptates,
1174 5035 1226 5083 et
1279 5044 1342 5082 ea
1391 5046 1511 5101 qua
1541 5030 1597 5084 in
1627 5031 1830 5085 mundo
1861 5047 2034 5102 appe—

429 5116 605 5171 tibilia
670 5114 936 5180 videntur,
991 5115 1284 5172 invitando.
1349 5117 1429 5171 Tu
1478 5133 1614 5190 ergo
1662 5119 2034 5174 animadverte

337 5207 344 5212 ’
430 5220 552 5275 qua
581 5202 732 5258 circa
756 5209 805 5257 te
836 5211 980 5272 sunt,
1014 5211 1066 5258 et
1095 5219 1228 5259 cave
1258 5221 1326 5260 ne
1355 5221 1386 5258 a
1433 5215 1688 5276 serpente
1727 5207 2030 5263 seducaris.

433 5293 594 5346 Pater
623 5305 862 5360 namque
894 5291 983 5362 qui
1015 5308 1151 5364 quos
1182 5293 1376 5365 diligit,
1428 5294 1672 5364 corripit,
1716 5302 1767 5349 ct
1799 5295 2037 5368 ﬂagellat

431 5394 631 5434 omnen
658 5377 825 5432 filium
857 5396 1018 5450 quem
1049 5381 1260 5451 recipit,
1296 5388 1348 5434 te
1379 5397 1476 5450 per
1505 5382 1839 5453 corporalem
1872 5399 2034 5454 quam

431 5467 670 5521 sustines
701 5466 1028 5534 molestiam,
1062 5469 1225 5540 coepit
1245 5468 1544 5538 ﬂagellare.
1589 5470 1644 5525 Si
1675 5487 1809 5543 ergo
1839 5471 2034 5526 durum

434 5554 530 5609 tibi
560 5552 794 5621 videtur,
817 5557 960 5627 quod
996 5557 1270 5628 ﬂagellat;
1295 5557 1791 5628 incomparabiliter
1806 5561 2036 5632 amplius

2131 4590 2208 4658 '7).
2239 4588 2340 4642 Job
2372 4595 2592 4642 scatens
2612 4585 2890 4640 vermibus
2910 4593 2961 4640 et
2974 4600 3268 4656 percussus
3289 4584 3470 4640 ulcere
3490 4583 3728 4655 pessimo

2131 4691 2164 4730 a
2192 4676 2375 4748 planta
2404 4675 2560 4747 pedis
2596 4691 2767 4746 usque
2799 4673 2868 4728 ad
2925 4673 3206 4738 verticem,
3265 4672 3480 4727 dicebat
3512 4690 3524 4726 :
3558 4673 3731 4728 Justi-

2130 4765 2453 4834 ﬁcationem
2467 4780 2651 4818 meam
2663 4777 2830 4834 quam
2842 4762 2983 4833 capi
2999 4764 3192 4816 tenere
3205 4777 3320 4816 non
3332 4761 3582 4816 deseram
3596 4759 3728 4827 (Job.

2133 4867 2274 4917 xvn,
2291 4853 2365 4922 6).
2383 4852 2564 4906 Uxore
2578 4866 2721 4922 quoq
2731 4849 2954 4905 ueillius
2964 4857 3292 4921 suggerente
3307 4847 3727 4918 blasphemiam:

2133 4940 2191 4996 Si
2225 4939 2387 5008 bona,
2409 4939 2598 5011 inquit,
2636 4939 2987 5009 suscepimus
3016 4939 3081 4993 de
3103 4953 3280 4992 manu
3301 4936 3546 4998 Domini,
3578 4935 3730 4989 mala

2133 5044 2304 5100 quare
2335 5044 2449 5082 non
2487 5027 2902 5100 suscipiamus?
2958 5025 3095 5096 (Job.
3157 5041 3214 5089 ιι,
3253 5025 3364 5092 to.)
3419 5023 3560 5078 Dicit
3587 5022 3729 5078 enim

2133 5115 2425 5186 Apostolus
2459 5131 2470 5169 :
2505 5116 2564 5169 In
2599 5118 2754 5186 fame
2775 5120 2832 5170 et
2876 5115 2994 5179 siti,
3042 5115 3104 5169 in
3131 5113 3374 5184 jejuniis
3418 5111 3640 5177 multis,
3669 5113 3727 5166 in

2133 5207 2344 5277 frigore
2361 5209 2419 5260 et
2434 5205 2724 5267 nuditate,
2749 5205 2810 5258 in
2832 5203 3150 5259 carceribus
3170 5206 3226 5256 et
3243 5202 3444 5273 plagis,
3461 5204 3515 5255 et
3537 5201 3731 5255 morti—

2135 5293 2642 5368 bus/regnanterU
2661 5291 2781 5348 Cor.
2816 5307 2893 5358 χι,
2917 5291 3030 5360 27).
3057 5292 3118 5345 In
3138 5289 3414 5360 periculis,
3439 5297 3491 5342 et
3522 5287 3732 5342 tribula-

2134 5382 2392 5448 tionibus,
2425 5389 2476 5436 et
2506 5379 2977 5450 persecutionibus
3025 5377 3320 5432 innumeris
3369 5375 3581 5431 Christo
3613 5392 3730 5430 ser-

2136 5472 2290 5525 viens
2318 5486 2426 5524 non
2485 5468 2791 5535 deficiebat,
2851 5467 2949 5522 sed
3008 5466 3267 5520 dicebat:
3307 5465 3628 5520 Gloriamur
3673 5466 3732 5518 in

2139 5558 2624 5620 tribulationibus,
2657 5558 2896 5612 scientes
2916 5555 3058 5628 quod
3081 5553 3370 5609 tribulatio
3391 5555 3730 5625 patientiam
