3938 6412
197 350 299 404 929

1486 342 1840 402 EPISTOLlE
1878 341 2219 412 QUINQUE.

3394 349 3498 402 930

203 473 494 543 operatur,
527 475 586 526 et
616 472 899 543 patientia
951 471 1364 544 probationem,
1394 470 1650 543 probatio
1673 482 1797 525 vero
1819 462 2036 528 A‘taria
2065 475 2244 522 erunt.
2277 467 2405 523 Haec
2434 483 2569 540 ergo
2590 476 2642 523 et
2673 467 2872 523 similia
2899 468 3210 524 meditando
3229 511 3242 536 ,
3275 469 3496 525 confor-

203 575 358 631 spem
388 559 567 630 (Rom.
600 573 656 625 v,
689 563 740 626 3,
767 562 843 630 4),
879 567 990 616 etc.
1029 561 1100 614 Et
1130 559 1260 615 alibi
1294 577 1308 614 :
1341 561 1574 627 Placeo,
1607 557 1799 630 inquit,

203 646 347 702 mihi
377 649 440 702 in
475 648 932 716 inﬁrmitatibus,
993 649 1057 702 in
1097 648 1480 714 contumeliis,
1515 647 1576 702 in
1604 663 1803 704 neces-

208 735 514 799 sitatibus,
564 736 630 790 in
685 737 1202 803 persecutionibus,
1252 738 1316 791 in
1375 737 1656 807 angustiis
1702 751 1804 807 pro

212 822 431 878 Christo
461 823 536 893 (II
549 822 788 890 Cor.xn,
809 825 916 895 10).
934 824 1002 878 Et
1022 841 1193 896 quare
1215 825 1271 878 in
1300 824 1387 878 his
1414 824 1666 879 omnibus
1696 839 1806 878 non

209 907 488 977 deficeret,
513 911 688 966 reddit
717 927 935 967 causam
984 912 1133 978 alibi,
1167 912 1358 968 dicens
1394 927 1407 966 :
1443 912 1645 967 Omnia
1674 927 1805 984 pos-

209 1015 340 1054 sum
368 1001 432 1054 in
460 1014 521 1054 eo
550 999 649 1071 qui
671 1015 762 1055 me
792 1002 1081 1070 confortat
1107 1000 1278 1070 (Phil.
1313 1016 1391 1067 ιν,
1419 1000 1529 1070 13).
1563 999 1678 1055 Nec
1709 1014 1804 1054 so-

210 1085 324 1140 lum
352 1100 476 1141 eum
506 1085 865 1154 confortabat,
892 1087 989 1144 sed
1019 1095 1088 1154 et,
1117 1089 1446 1145 consolatur
1465 1104 1586 1154 nos,
1611 1086 1804 1158 inquit,

212 1175 277 1229 in
306 1178 508 1232 nostra
533 1175 855 1232 omnimodo
885 1176 1256 1232 tribulatione
1286 1176 1364 1248 (II
1390 1175 1512 1232 Cor.
1541 1191 1578 1245 ι,
1613 1178 1690 1241 4).
1727 1175 1808 1229 Tu

210 1277 343 1317 vero
371 1263 663 1334 corporali,
695 1263 944 1335 quamvis
964 1263 1233 1319 tolerabili
1260 1264 1476 1320 molesti
1501 1270 1804 1334 correptus,

211 1351 394 1406 animo
425 1351 672 1407 defecisti
705 1370 718 1406 :
750 1352 873 1423 quia
904 1368 1057 1422 spem
1089 1359 1140 1407 et
1169 1351 1420 1407 ﬁduciam
1457 1368 1619 1424 quam
1640 1353 1808 1407 debes

210 1438 418 1494 habere
448 1439 503 1492 in
536 1440 652 1494 Deo
683 1440 752 1494 de
799 1439 1054 1495 omnibus
1110 1457 1232 1511 quas
1263 1441 1408 1496 circa
1435 1447 1488 1495 te
1521 1447 1666 1507 sunt,
1723 1439 1809 1494 vel

211 1525 392 1582 futura
420 1535 564 1594 sunt,
594 1527 900 1599 perdidisti,
933 1528 1232 1582 dissolutus
1262 1544 1342 1594 es,
1375 1536 1429 1583 et
1447 1529 1611 1599 coepit
1639 1527 1809 1582 minui

211 1614 462 1686 corporis
515 1623 569 1670 et
623 1615 789 1670 animi
844 1615 920 1670 tui
966 1615 1240 1686 fortitudo,
1285 1616 1422 1672 sicut
1471 1617 1601 1672 dicit
1655 1632 1810 1672 sacra

215 1703 498 1774 Scriptura
528 1720 543 1756 :
581 1704 641 1760 Si
669 1704 1050 1775 desperaveris
1084 1705 1265 1760 lassus
1301 1707 1364 1760 in
1395 1705 1484 1760 die
1506 1705 1807 1776 angustiae,

211 1791 511 1847 minuetur
540 1795 641 1846 tua
685 1793 965 1863 fortitudo
996 1793 1181 1863 (Prov.
1232 1807 1387 1861 xxiv,
1426 1794 1542 1862 1ο).
1598 1794 1733 1848 Nam
1765 1792 1811 1847 si

211 1889 324 1929 non
351 1875 724 1946 desperasses,
745 1876 1012 1932 veraciter
1040 1875 1254 1932 diceres
1287 1894 1302 1930 ε
1334 1877 1399 1932 In
1426 1878 1661 1933 Domino
1691 1893 1810 1948 spe-

210 1979 353 2019 rans
373 1979 487 2020 non
505 1964 837 2032 inﬁrmabor
856 1965 1033 2033 (Psal.
1055 1978 1194 2029 xxv,
1221 1964 1296 2033 1).
1322 1964 1490 2036 Igitur
1520 1964 1802 2035 resipisce,

214 2059 268 2106 et
296 2050 426 2105 time
482 2051 629 2123 quod
684 2051 945 2122 scriptum
975 2059 1103 2107 est:
1153 2053 1237 2108 Va:
1287 2052 1575 2109 dissolutis
1619 2052 1804 2119 corde,

215 2140 316 2210 qui
357 2153 476 2194 non
529 2138 772 2196 credunt
822 2141 930 2196 Deo
951 2159 972 2207 ;
1000 2140 1123 2195 ideo
1177 2155 1295 2195 non
1340 2143 1715 2212 protegentur
1740 2140 1808 2194 ab

213 2228 334 2298 ipso
365 2227 561 2296 (Eccli.
593 2242 653 2296 ιι,
689 2227 780 2298 15)
813 2245 826 2294 ;
860 2234 914 2282 et
955 2226 1086 2282 illud
1118 2243 1131 2282 :
1177 2229 1261 2283 Vw
1305 2226 1392 2283 his
1419 2229 1514 2300 qui
1541 2228 1805 2300 perdide-

214 2319 356 2370 runt
383 2315 791 2371 sustinentium
819 2315 974 2386 (ibid.
1000 2314 1108 2384 16).
1141 2315 1441 2386 Resipisce,
1481 2316 1723 2388 inquam,
1757 2323 1811 2370 et

214 2418 383 2474 super
420 2403 545 2471 hoc,
599 2403 723 2476 quia
769 2403 1216 2476 suggestionibus
1272 2403 1476 2460 inimici
1525 2419 1811 2459 assensum

211 2490 495 2561 praebuisti
518 2533 533 2556 ,
613 2491 984 2561 paenitentiam
1037 2506 1174 2562 age,
1248 2499 1301 2546 et
1349 2492 1514 2547 crede
1596 2491 1810 2547 Christo

211 2577 416 2634 dicenti
450 2593 463 2632 :
499 2579 703 2635 Omnia
728 2580 1024 2651 possibilia
1053 2584 1193 2635 sunt
1211 2579 1468 2635 credenti
1487 2580 1675 2649 (Marc.
1706 2595 1805 2646 vn,

210 2670 322 2738 22),
353 2674 408 2722 et
419 2666 681 2738 quidquid
701 2672 930 2724 orantes
944 2669 1162 2741 petitis,
1188 2668 1407 2724 credite
1424 2669 1558 2740 quia
1576 2669 1812 2739 accipie-

214 2757 308 2822 tis,
335 2758 397 2811 et
413 2756 512 2824 ﬁet
525 2756 672 2812 vobis
689 2757 879 2826 (Marc.
902 2770 984 2822 χι,
1017 2755 1130 2826 24).
1155 2757 1284 2811 Pete
1308 2755 1476 2828 igitur
1506 2757 1574 2810 ab
1601 2772 1669 2811 eo
1698 2771 1814 2811 me-

211 2857 337 2899 cum
360 2843 627 2899 instanter
663 2851 717 2899 et
752 2844 964 2914 devote,
997 2851 1055 2899 ut
1080 2845 1170 2899 det
1214 2844 1312 2898 tibi
1340 2845 1393 2899 in
1423 2860 1522 2900 suo
1551 2843 1813 2899 famulatu

209 2931 708 3002 perseverantiam,
743 2939 795 2986 et
841 2947 1060 3003 semper
1089 2932 1159 2987 ad
1190 2931 1418 2987 meliora
1461 2931 1764 3003 perfectum
1798 2947 1810 2986 :

213 3029 266 3074 et
294 3019 353 3074 in
377 3019 649 3091 corporali
677 3020 998 3093 aegritudine
1020 3020 1092 3075 ita
1108 3019 1270 3077 faciat
1289 3028 1469 3076 tecum
1489 3021 1813 3090 (secundum

213 3123 326 3163 sum
360 3108 551 3178 gratiae
579 3108 1060 3164 clementissimam
1080 3109 1515 3180 dispositionem)
1534 3108 1672 3165 sicut
1698 3109 1815 3180 ipse

211 3196 368 3253 novit
397 3196 493 3251 tibi
523 3197 800 3267 expedire,
835 3204 888 3252 et
919 3196 1155 3253 salutare
1184 3213 1326 3252 esse.
1359 3199 1424 3252 Et
1445 3199 1562 3253 haec
1583 3197 1809 3265 orando,

211 3284 385 3340 crede
427 3285 552 3355 quia
597 3285 685 3340 vel
742 3285 995 3354 sanabit,
1025 3285 1113 3341 vel
1148 3285 1469 3354 sublevabit,
1522 3285 1610 3341 vel
1656 3285 1816 3341 citata

212 3379 397 3427 morte
424 3371 574 3428 finiet
615 3387 762 3427 eam.
820 3373 962 3428 Nam
991 3372 1224 3428 fortasse
1249 3374 1356 3429 hoc
1383 3373 1533 3429 novit
1563 3375 1812 3441 Satanas,

210 3467 265 3516 te
314 3459 529 3516 scilicet
567 3459 729 3516 citius
783 3461 1100 3516 moriturum
1135 3461 1302 3517 :ideo
1359 3461 1430 3516 ita
1477 3462 1816 3532 importunus

212 3556 316 3616 est,
353 3555 408 3603 et
456 3548 554 3602 tibi
608 3550 1028 3619 perseverantiae
1076 3550 1276 3605 bonum
1329 3549 1499 3605 tollat.
1551 3551 1817 3605 Novimus

212 3637 368 3692 enim
430 3636 497 3691 de
571 3636 734 3693 domo
781 3637 834 3692 in
886 3654 990 3709 qua
1044 3654 1138 3704 es,
1183 3645 1236 3693 et
1291 3638 1361 3692 de
1418 3637 1812 3705 Carthusiensi,

213 3733 268 3780 et
324 3724 399 3779 de
471 3731 694 3790 nostra,
731 3731 785 3781 et
826 3725 896 3780 de
948 3725 1070 3788 aliis
1131 3725 1293 3794 hujus
1365 3725 1628 3798 propositi
1683 3743 1814 3798 par-

211 3812 476 3867 ticulares
507 3813 705 3878 exisse,
740 3829 969 3885 quorum
997 3813 1241 3869 nonnulli
1279 3821 1403 3884 post
1438 3829 1645 3884 paucos
1674 3815 1812 3882 dies,

213 3900 392 3972 aliqui
420 3916 552 3957 vero
580 3909 704 3972 post
733 3917 937 3972 paucos
984 3919 1205 3958 menses
1225 3903 1496 3958 obierunt.
1543 3902 1684 3958 Audi
1705 3903 1815 3974 igi-

210 3996 304 4044 tur
336 3989 678 4059 Scripturam
707 3989 977 4045 dicentem
1009 4007 1023 4044 :
1061 3991 1230 4047 Crede
1259 3993 1388 4056 Deo,
1424 3995 1478 4046 et
1511 4007 1815 4062 recupera—

214 4077 297 4132 bit
363 4081 418 4132 te
478 4076 674 4147 (Eccli.
706 4092 773 4144 ιι,
799 4079 880 4148 6).
918 4078 986 4132 Et
1015 4078 1213 4133 iterum
1244 4096 1258 4132 :
1293 4081 1479 4135 Bonus
1521 4080 1813 4146 Dominus,

213 4169 274 4222 et
338 4167 674 4236 confortans
721 4168 787 4220 in
849 4167 938 4220 die
1006 4167 1429 4233 tribulationis,
1507 4171 1564 4223 et
1631 4170 1817 4223 sciens

213 4256 519 4325 sperantes
564 4254 629 4307 in
657 4270 716 4309 se
737 4253 999 4322 (Nahum.
1034 4270 1084 4320 ι,
1107 4256 1185 4324 7).
1238 4255 1306 4309 Et
1341 4255 1476 4310 illud
1508 4270 1520 4308 :
1554 4257 1727 4328 Spera
1754 4258 1817 4311 in

209 4357 294 4409 eo,
328 4344 388 4397 et
416 4341 536 4412 ipse
564 4343 742 4412 faciet
773 4341 953 4410 (Psal.
1005 4357 1204 4409 xxxw,
1239 4342 1316 4414 ὅ).
1348 4343 1472 4397 Non
1527 4343 1661 4398 dixit
1689 4343 1817 4414 quid

211 4428 379 4485 faciet
412 4443 426 4483 :
455 4429 554 4484 sed
582 4429 690 4485 hoc
718 4429 862 4497 ideo,
903 4437 962 4484 ut
1001 4429 1433 4504 intelligeremus
1467 4447 1591 4487 eum
1635 4432 1819 4487 omnia

1846 3159 1894 3222 Ο

1903 563 2016 610 tare
2037 555 2092 609 in
2113 555 2365 621 Domino,
2401 563 2454 610 et
2483 556 2710 612 viriliter
2757 573 2881 629 age.
2929 557 2988 614 Si
3044 573 3153 613 non
3185 559 3494 628 potesjeju-

1902 659 2033 698 nare
2063 651 2322 714 quantum
2352 643 2462 710 alii,
2487 644 2675 713 jejuna
2706 654 2963 716 quantum
2990 653 3165 716 potes,
3192 646 3498 702 certissime

1904 732 2102 797 sciens,
2137 731 2265 802 quia
2292 748 2401 786 non
2433 740 2610 802 potest
2631 733 2686 786 in
2713 733 2896 805 aliqua
2929 733 3125 788 virtute
3154 749 3278 788 esse
3307 733 3496 804 perfe-

1904 826 2040 883 ctus,
2074 820 2160 875 cui
2188 819 2334 893 gulae
2361 820 2550 874 vitium
2581 821 2911 876 dominatur.
2954 821 3095 876 Nam
3150 830 3204 878 ut
3235 830 3501 878 consueta

1898 907 2105 975 jejunis
2159 908 2382 963 omnino
2432 908 2689 975 dimittas,
2724 909 2886 965 crede
2933 909 3086 976 mihi,
3119 925 3230 965 non
3284 910 3503 981 expedit

1904 994 2287 1051 adolescentiae
2318 1003 2438 1052 tuae.
2471 997 2598 1053 Noli
2628 1012 2764 1069 ergo
2787 998 3144 1068 temporalem
3165 1005 3218 1053 et
3246 1013 3500 1053 momen-

1905 1091 2121 1138 taneam
2149 1084 2400 1154 corporis
2429 1083 2718 1140 sanitatem
2745 1099 3070 1156 praeponere
3102 1085 3263 1141 saluti
3281 1094 3502 1143 eterna

1907 1171 2122 1226 animae.
2171 1173 2313 1227 Nam
2369 1171 2663 1244 Apostolus
2714 1173 2893 1228 dicit:
2934 1175 3038 1242 Qui
3088 1174 3297 1231 Christi
3341 1179 3499 1242 sunt,

1907 1275 2140 1315 carnem
2170 1277 2334 1316 suam
2362 1262 2706 1333 cruciﬁgunt
2720 1277 2851 1317 cum
2873 1263 3009 1318 vitio
3033 1267 3088 1318 et
3108 1265 3506 1336 concupiscen-

1911 1349 1995 1402 tia
2023 1349 2172 1418 (Cal.
2199 1364 2254 1414 v,
2277 1350 2390 1418 24).
2414 1352 2477 1403 Et
2507 1349 2772 1405 Dominus
2800 1367 2813 1404 :
2843 1351 2948 1419 Qui
2975 1367 3092 1406 non
3123 1352 3342 1424 accepit
3366 1367 3504 1407 cru-

1908 1451 2030 1491 cem
2049 1453 2212 1492 suam
2242 1441 2298 1492 et
2318 1437 2575 1508 sequitur
2604 1454 2714 1503 me,
2747 1455 2863 1494 non
2899 1442 2982 1494 est
3005 1455 3163 1494 meus
3194 1439 3506 1511 discipulus

1909 1522 2130 1593 (Matth.
2167 1539 2224 1593 x,
2257 1527 2354 1591 38;
2394 1525 2528 1580 Luc.
2562 1539 2681 1592 xxv,
2713 1525 2826 1596 27).
2860 1527 2939 1581 De
2970 1527 3210 1581 sananda
3254 1542 3389 1597 ergo
3418 1525 3507 1582 vel

1908 1610 2200 1684 leviganda
2237 1613 2487 1683 corporis
2515 1613 2854 1684 aegritudine,
2887 1621 2941 1668 et
2970 1615 3039 1668 de
3074 1614 3317 1684 jejuniis,
3355 1622 3408 1670 et
3438 1615 3507 1670 de

1910 1700 2166 1754 omnibus
2195 1699 2416 1755 omnino
2447 1717 2569 1771 quae
2598 1701 2664 1755 ad
2695 1700 3111 1769 justiﬁcationes
3138 1703 3336 1757 Domni
3383 1719 3507 1774 per-

1838 1787 2099 1874 Btinent,
2145 1805 2310 1858 spera
2348 1791 2412 1843 in
2452 1804 2512 1844 eo
2542 1793 2598 1844 et
2624 1791 2743 1860 ipse
2787 1791 2965 1860 faciet
2985 1790 3161 1860 (Psal.
3203 1805 3394 1858 xxxvr,
3427 1791 3504 1863 5).

1909 1875 2032 1946 Ipse
2053 1875 2218 1942 enim,
2234 1875 2371 1930 sicut
2391 1875 2592 1948 legitur
2609 1875 2663 1930 in
2681 1877 2948 1946 Isaia,dat
2981 1879 3123 1934 lasso
3145 1879 3436 1945 virtutem,
3453 1883 3511 1936 et

1911 1963 1998 2018 his
2031 1966 2125 2035 qui
2145 1978 2261 2019 non
2273 1968 2430 2030 sunt,
2450 1965 2854 2035 fortitudinem
2882 1969 2939 2021 et
2958 1965 3128 2021 robur
3156 1967 3510 2038 multiplicat

1911 2052 2041 2120 (Isa.
2076 2067 2170 2119 XL,
2203 2055 2318 2123 29).
2351 2051 2491 2107 Audi
2518 2051 2840 2125 igitur;quid
2869 2053 3012 2110 dicat
3042 2053 3326 2124 Scriptura
3359 2071 3373 2109 :
3409 2055 3512 2124 Qui

1909 2140 2106 2196 mollis
2134 2143 2218 2196 est
2251 2144 2308 2196 et
2330 2140 2637 2198 dissolutus
2666 2143 2729 2196 in
2758 2157 2922 2214 apere
2950 2158 3068 2210 suo,
3092 2145 3279 2213 frater
3309 2147 3394 2198 est
3407 2158 3513 2200 sua

1911 2243 2082 2299 opera
2119 2228 2468 2300 dissipantis
2497 2229 2679 2299 (Prov.
2707 2245 2868 2299 xvm,
2893 2230 2969 2301 9).
3003 2229 3128 2284 Noli
3158 2247 3278 2286 esse
3309 2230 3514 2286 inutilis

1911 2321 1964 2368 et
1993 2314 2255 2370 remissus
2286 2316 2341 2369 in
2382 2315 2488 2369 tuis
2518 2316 2799 2386 operibus,
2832 2317 2931 2372 sed
2961 2316 3276 2387 spiritualia,
3313 2327 3512 2390 quanto

1913 2401 2208 2458 studiosius
2241 2410 2293 2458 et
2339 2402 2589 2459 devotius
2634 2404 2862 2475 poteris,
2894 2405 3196 2476 corporalia
3249 2396 3381 2462 vero
3411 2423 3510 2463 suo

1912 2498 2158 2560 tempore
2178 2490 2412 2563 impigre
2443 2498 2496 2546 et
2527 2500 2730 2562 quanto
2751 2492 2933 2547 utilius
2962 2501 3016 2547 et
3054 2493 3250 2549 melius
3278 2494 3507 2563 valebis,

1912 2577 2161 2634 invocato
2190 2595 2410 2650 semper
2437 2579 2850 2635 auxilio'divino
2871 2596 3224 2652 prosequere.
3257 2584 3385 2638 Haec
3402 2599 3514 2639 me-

1912 2665 2086 2721 ditare
2121 2684 2134 2720 :
2167 2666 2222 2720 in
2252 2667 2336 2721 his
2367 2675 2504 2732 esto,
2542 2684 2612 2723 ne
2641 2667 2781 2724 forte
2810 2669 2980 2739 (quod
3009 2669 3175 2738 absit)
3205 2670 3251 2725 si
3271 2670 3510 2726 immun-

1913 2754 2016 2808 dus
2047 2753 2268 2824 spiritus
2325 2763 2606 2811 varantem
2637 2763 2690 2810 te
2719 2755 3008 2823 invenerit,
3067 2759 3360 2830 assumptis
3389 2759 3511 2816 aliis

1914 2841 2215 2913 spiritibus,
2261 2843 2614 2914 nequioribus
2665 2852 2966 2901 revertatur
3013 2845 3070 2899 in
3115 2846 3336 2902 domum
3366 2849 3512 2904 unde

1915 2930 2135 2998 exierat,
2167 2939 2220 2986 et
2253 2930 2381 2986 ﬁant
2421 2933 2717 2988 novissima
2748 2940 2834 2987 tua
2893 2934 3168 2990 deteriora
3212 2935 3508 3006 prioribus.

1914 3018 2311 3075 Instantissime
2339 3027 2518 3075 autem
2549 3028 2601 3075 et
2620 3021 2975 3078 devotissime
3002 3031 3126 3093 pete
3173 3037 3209 3077 a
3257 3025 3510 3096 Domino,

1915 3114 1972 3162 ut
2001 3107 2056 3161 in
2087 3107 2345 3163 charitate
2392 3109 2622 3164 radicari
2663 3117 2716 3164 et
2772 3109 2984 3164 fundari
3023 3111 3314 3166 merearis.
3353 3110 3513 3180 Quod

1917 3210 2038 3250 cum
2068 3195 2386 3262 obtinueris,
2421 3205 2547 3252 tunc
2576 3196 2739 3269 (sicut
2787 3197 3050 3268 scriptum
3097 3199 3199 3270 est)
3232 3215 3427 3255 curres
3454 3203 3513 3255 et

1917 3299 2033 3339 non
2066 3285 2359 3351 laborabis,
2393 3285 2708 3341 ambulabis
2741 3289 2800 3340 et
2818 3302 2935 3343 non
2981 3285 3205 3355 deﬁcies
3252 3287 3384 3359 (Isa.
3415 3302 3510 3355 XL,

1918 3373 2029 3441 31).
2060 3372 2116 3427 Si
2133 3373 2316 3428 credis
2336 3373 2524 3428 videre
2542 3373 2684 3428 bona
2705 3373 2922 3428 Domini
2952 3373 3007 3427 in
3031 3381 3174 3429 terra
3193 3375 3510 3442 viventium,

1917 3459 2000 3516 fac
2056 3461 2203 3531 quod
2245 3461 2494 3532 sequitur
2525 3479 2539 3516 :
2572 3461 2860 3533 Exspecta
2907 3463 3232 3531 Dominum,
3267 3465 3517 3520 viriliter

1917 3565 2016 3620 age
2045 3549 2221 3619 (Psal.
2254 3563 2418 3615 xxvn,
2445 3550 2554 3618 14),
2588 3555 2692 3604 etc.
2729 3549 2785 3604 Si
2815 3549 2893 3605 sic
2919 3551 3125 3622 egeris,
3155 3566 3280 3606 mox
3311 3538 3514 3622 spiritu

1915 3636 2202 3708 principali
2220 3635 2584 3703 confirmatus,
2599 3638 2715 3692 Deo
2736 3637 2938 3710 gratias
2959 3639 3173 3709 agendo
3195 3639 3510 3710 exsultabis,

1917 3733 1971 3782 et
1999 3725 2231 3781 inimicis
2259 3725 2366 3780 tuis
2395 3725 2695 3791 insultabis,
2721 3725 2910 3780 dicens
2948 3743 2961 3780 :
3001 3727 3104 3795 Qui
3122 3727 3404 3783 tribulant
3424 3743 3516 3785 me

1915 3814 2142 3870 inimici
2169 3816 2302 3880 mei,
2322 3815 2434 3886 ipsi
2456 3814 2744 3884 inﬁrmati
2773 3817 2913 3870 sunt
2931 3818 2986 3869 et
3006 3815 3335 3870 reciderunt
3352 3816 3510 3886 (ibid.

1920 3903 1994 3974 1).
2015 3903 2084 3957 Et
2111 3902 2310 3958 iterum
2339 3917 2358 3980 :4
2379 3901 2610 3973 Con/usi
2650 3907 2807 3969 sunt,
2841 3903 2973 3974 quia
3021 3903 3241 3975 speravi
3265 3903 3399 3974 (Job.
3432 3919 3512 3974 vr,

1917 3991 2029 4062 20).
2061 3991 2179 4046 Deo
2208 3998 2386 4046 autem
2415 3990 2624 4063 gratias
2667 3990 2883 4061 agendo
2938 3990 3090 4047 dices
3122 4009 3135 4045 :
3167 3992 3512 4061 Benedicite,

1915 4083 2132 4151 gentes,
2165 4081 2342 4134 Deum
2386 4084 2650 4134 nostrum
2697 4078 2874 4147 (Psal.
2909 4093 3042 4144 va,
3075 4078 3153 4150 8),
3187 4087 3292 4135 etc.
3328 4080 3515 4151 Usque

1917 4171 1974 4223 et
2003 4183 2120 4224 non
2157 4165 2312 4222 dedit
2341 4169 2405 4222 in
2446 4168 2877 4222 commotionem
2905 4167 3102 4240 pedem
3134 4183 3322 4223 meum
3354 4168 3510 4236 (ibid.

1918 4256 1993 4327 9).
2027 4255 2211 4310 Addes
2267 4263 2322 4310 et
2377 4255 2584 4327 reliqua
2613 4271 2732 4326 quae
2787 4263 3110 4326 sequuntur,
3142 4271 3316 4327 usque
3337 4255 3466 4310 illuc
3500 4271 3514 4310 :

1918 4345 2162 4400 Reddam
2196 4344 2297 4400 tibi
2325 4347 2454 4400 vota
2482 4359 2610 4400 mea
2639 4359 2760 4416 qua!
2777 4343 3179 4400 distinxerunt
3213 4344 3360 4400 labia
3389 4359 3517 4408 mea

1923 4431 2098 4500 (ibid.,
2135 4431 2246 4503 14).
2279 4430 2432 4497 Vale,
2459 4446 2559 4486 ora
2593 4445 2692 4502 pro
2733 4447 2842 4486 me.
2875 4431 3062 4487 Saluta
3089 4431 3222 4487 mihi
3254 4432 3518 4488 domuum

207 4515 506 4586 facturum,
541 4533 662 4589 quae
692 4517 1038 4589 sperantibus
1067 4519 1122 4574 in
1152 4535 1212 4576 se
1243 4519 1560 4577 necessaria
1580 4528 1634 4576 et
1663 4520 1815 4576 salu-
1837 4512 1891 4572 D
1919 4520 2186 4593 priorem,
2220 4527 2273 4575 et
2305 4519 2443 4574 alios
2482 4519 2792 4575 nominibus
2829 4520 2962 4575 suis.
