3938 6394
453 310 550 364 931

997 309 1054 364 S.
1095 307 1191 362 DE
1231 306 1606 362 CHALMETO
1646 306 1897 362 CARTH.
1937 307 2041 361 PP.
2083 305 2255 363 MON.
2297 304 2512 362 EPIST.
2555 306 2650 360 DE
2689 295 2990 360 PERSEV.
3023 301 3188 358 0RD.

3659 302 3758 355 932

467 427 3742 462 W

941 563 1852 698 STEPHANI
1947 563 2166 696 DE
2253 563 3298 697 CHALMETO

1511 805 1920 861 ΟΑΒΤΗΗΞΙᾸΞ
1961 804 2340 862 PORTARUM
2377 806 2698 862 MONACHI

1840 977 2380 1063 EPISTOLA

1043 1186 1226 1294 DE
1319 1185 2483 1296 PERSEVERANTIA
2571 1181 3154 1292 ORDINIS

1361 1400 1456 1455 AD
1493 1397 1827 1453 NOVITIOS
1866 1398 1930 1453 S.
1977 1397 2267 1453 SULPITII
2306 1395 2476 1451 0RD.
2526 1395 2835 1452 CISTERC.

1176 1551 1294 1628 (Ex
1326 1549 1544 1611 codice
1574 1567 1692 1610 ms.
1729 1547 1795 1609 S.
1829 1545 2115 1626 Augendi
2143 1547 2432 1608 Jurensis
2461 1563 2574 1608 seu
2605 1546 2680 1608 S.
2722 1545 3029 1625 Claudii.)

526 1919 904 1976 Dilectissimis
942 1918 1000 1972 in
1056 1916 1272 1973 Christo
1301 1916 1580 1986 fratribus,
1625 1917 1972 1983 BONOAHICO,
2007 1923 2058 1970 et
2077 1923 2163 1995 Α.
2185 1917 2433 1988 31).ΝοΙὶ
2455 1921 2608 1973 retro
2627 1917 2922 1990 respicere,
2943 1916 3015 1971 ait
3037 1917 3264 1988 angelus
3281 1917 3350 1972 ad
3367 1917 3482 1986 Lot,
3506 1934 3609 1973 nec
3639 1922 3750 1974 ste-

456 2010 620 2066 sociis
647 2009 762 2077 ejus
791 2007 933 2078 apud
962 2007 1220 2062 Sanctum
1252 2004 1548 2076 Sulpicium
1577 2005 1631 2058 in
1653 2019 1834 2059 annua
1850 2004 2051 2058 exami-

454 2098 674 2152 natione
701 2096 908 2167 positis,
970 2095 1275 2165 Stephanus
1331 2094 1399 2150 de
1461 2093 1787 2159 CHALuero,
1847 2092 2051 2163 Spiritu

454 2184 743 2256 principali
792 2181 1127 2238 confirmari.

526 2271 757 2340 Quidam
776 2271 936 2326 amici
957 2269 1127 2326 vestri
1148 2276 1478 2341 rogaverunt
1495 2284 1581 2323 me
1611 2269 1800 2338 (supra
1829 2267 1885 2322 id
1906 2267 2049 2338 quod

456 2375 576 2414 sum
605 2358 834 2414 fortasse
864 2374 953 2413 me
969 2356 1369 2426 existimantes)
1401 2364 1458 2410 ut
1505 2356 1576 2410 ad
1623 2354 2045 2421 conﬁrmandos,

453 2448 568 2503 sive
588 2444 977 2502 confortandos
1007 2461 1124 2509 vos,
1162 2459 1326 2516 quam
1344 2460 1563 2514 possem
1591 2459 1810 2514 operam
1841 2443 2050 2513 impen-

453 2536 662 2591 derem.
695 2534 851 2591 Unde
881 2549 987 2604 ego
1017 2533 1206 2588 volens
1233 2548 1346 2588 non
1370 2541 1476 2586 tam
1525 2531 1819 2587 subvenire
1849 2547 2050 2587 neces-

454 2623 598 2679 sitati
622 2630 835 2692 vestrm,
859 2637 1022 2694 quam
1051 2636 1159 2676 non
1181 2621 1377 2676 deesse
1407 2619 1670 2685 charitati,
1703 2635 1828 2675 cum
1856 2619 2049 2674 Domi-

451 2727 584 2765 num
639 2710 875 2781 priorem
931 2708 1349 2775 consuluissem,
1381 2707 1556 2764 visum
1605 2716 1688 2762 est
1739 2707 1789 2762 ei
1817 2715 1876 2761 ut
1932 2709 2051 2762 haec

451 2797 717 2854 schedula
745 2813 869 2853 meo
896 2797 1116 2852 nomine
1143 2797 1212 2851 ad
1233 2812 1332 2852 vos
1352 2796 1703 2867 dirigeretur.
1739 2795 1911 2867 Igitur
1939 2810 2048 2850 non

453 2901 559 2958 ego
617 2893 876 2957 tanquam
933 2884 1176 2940 emerita:
1223 2883 1430 2940 militiae.
1485 2891 1793 2946 veteranus,
1829 2890 2048 2952 tyrones

449 2974 683 3040 instruo,
715 2973 812 3028 sed
844 2971 1003 3044 quasi
1031 2971 1190 3026 miles
1217 2971 1399 3027 adhuc
1426 2970 1497 3026 ad
1526 2986 1669 3026 nova
1698 2970 1844 3025 bella
1872 2970 2046 3036 rudis,

452 3077 574 3134 quae
603 3061 674 3116 ad
703 3075 904 3130 meam,
936 3059 1075 3115 sicut
1104 3059 1174 3114 ad
1211 3066 1448 3114 vestram
1478 3075 1630 3131 aeque
1651 3058 1738 3114 vel
1750 3057 2048 3114 confirma-

450 3149 654 3204 tionem
680 3147 771 3204 vel
789 3147 1218 3204 exhortationem
1238 3146 1470 3217 valeant,
1503 3146 1744 3218 profero.
1775 3147 2049 3201 Debemus

453 3252 606 3310 ergo,
639 3245 746 3290 tam
775 3251 881 3308 ego
910 3251 1072 3307 quam
1092 3250 1212 3302 vos,
1263 3235 1460 3290 divinae
1491 3235 1638 3290 circa
1693 3251 1796 3289 nos
1828 3234 2048 3288 miseri-

455 3324 658 3382 cordiae
686 3339 856 3394 opera
897 3323 1129 3379 sollicita
1162 3323 1360 3394 pietate
1404 3323 1778 3379 considerare.
1812 3322 2050 3376 Primum

455 3412 695 3484 quidem,
722 3411 870 3484 quod
896 3427 1005 3467 non
1035 3411 1302 3467 conclusit
1330 3425 1432 3466 nos
1459 3411 1515 3465 in
1543 3410 1794 3465 manibus
1823 3410 2046 3476 inimici,

451 3501 591 3558 sicut
622 3515 1019 3567 merueramus,
1038 3507 1095 3554 ut
1116 3500 1291 3569 (juxta
1309 3499 1456 3571 quod
1473 3499 1734 3569 scripturn
1749 3507 1830 3553 est
1857 3499 2045 3570 (Apoc.

449 3591 618 3660 xxii),
640 3589 730 3660 qui
759 3588 815 3643 in
834 3589 1089 3644 sordibus
1106 3603 1340 3653 eramus,
1365 3587 1543 3642 adhuc
1560 3587 2004 3642 sordesceremus
2031 3605 2046 3654 ;

449 3677 550 3732 sed
575 3684 768 3732 contra
797 3677 994 3731 merita
1020 3683 1228 3741 nostra,
1260 3691 1370 3729 non
1401 3674 1574 3731 solum
1597 3675 2043 3742 misericorditer,

450 3781 640 3822 verum
673 3765 836 3820 etiam
883 3772 1134 3834 potenter
1179 3762 1361 3818 eduxit
1387 3779 1490 3818 nos
1520 3763 1589 3818 de
1641 3763 1764 3818 lacu
1789 3763 2044 3830 miseriae,

451 3859 506 3908 et
533 3853 601 3908 de
630 3851 743 3907 luto
774 3850 945 3920 faecis,
976 3851 1071 3905 ubi
1099 3850 1439 3920 jacebamus.
1487 3850 1697 3907 Deinde
1751 3852 1897 3924 quod
1926 3860 2047 3906 tan-

451 3948 562 3995 tam
591 3939 751 3994 nobis
799 3938 982 3993 sobrie
1030 3946 1082 3994 et
1131 3939 1297 4007 juste,
1321 3945 1375 3994 et
1430 3939 1519 4009 pie
1572 3939 1790 3996 vivendi
1844 3956 2047 4012 oppor-

449 4027 730 4082 tunitatem
759 4026 1035 4082 concessit
1063 4046 1077 4093 ;
1108 4027 1476 4098 praeveniente
1506 4043 1606 4082 nos
1637 4028 1812 4100 gratia
1841 4045 1957 4098 sua,
1988 4037 2048 4084 ut

450 4131 563 4172 non
590 4114 835 4171 faciliora
857 4123 913 4170 et
939 4114 1148 4171 leviora
1169 4131 1398 4188 quaeque
1445 4115 1900 4187 pusillanimitatis
1929 4117 2041 4187 spi-

447 4203 556 4258 ritu
575 4203 925 4275 eligeremus,
960 4203 1060 4259 sed
1091 4218 1212 4259 eam
1245 4203 1588 4274 potissimum
1631 4204 1903 4261 serviendi
1929 4205 2046 4260 Do-

446 4291 594 4348 mino
609 4291 754 4348 viam
771 4298 1083 4349 constanter
1106 4292 1556 4364 aggrederemur,
1580 4309 1704 4364 quae
1733 4299 1932 4365 quanto
1962 4308 2048 4347 ar-

448 4380 609 4448 ctior,
639 4387 789 4436 tanto
820 4379 887 4435 ad
915 4379 1147 4435 salutem
1176 4379 1391 4447 certior,
1425 4389 1628 4452 quanto
1653 4382 1830 4454 magis
1849 4381 2041 4447 ardua,

447 4476 594 4523 tanto
624 4468 890 4538 securior,
927 4476 980 4523 et
1008 4468 1079 4523 ad
1104 4468 1536 4539 perveniendum
1579 4469 2040 4541 compendiosior.

447 4556 549 4612 Pro
570 4556 768 4627 quibus
783 4555 1035 4611 omnibus
1051 4555 1292 4612 debitam
1313 4556 1548 4627 quotidie
1565 4557 1863 4629 gratiarum
1884 4557 2044 4612 actio-

445 4660 569 4700 nem
591 4644 662 4711 ei,
682 4643 774 4715 qui
794 4659 896 4700 nos
909 4643 1123 4700 vocavit
1162 4644 1481 4700 exhibentes
1501 4627 1781 4700 audiamus
1811 4647 2043 4716 Aposto-
2067 4627 2114 4686 ο

445 4731 557 4787 lum
573 4732 878 4788 dicentum:
900 4733 1206 4789 Hortamur
1227 4749 1317 4790 vos
1337 4748 1410 4788 ne
1444 4734 1509 4788 in
1538 4748 1778 4789 vacuum
1793 4734 2043 4805 gratiam

444 4821 546 4876 Dei
566 4820 857 4891 recipiatis
882 4820 958 4889 (ΙΙ
986 4820 1108 4876 Cor.
1134 4835 1210 4887 v1,
1234 4821 1313 4891 Ἷ).
1346 4820 1407 4874 In
1435 4835 1664 4876 vacuum
1684 4820 1919 4892 gratiam
1942 4821 2043 4876 Dei

444 4907 639 4978 recipit
696 4906 942 4978 quisquis
983 4915 1147 4978 prout
1195 4907 1266 4961 ab
1321 4922 1387 4962 eo
1438 4908 1885 4978 praeparationem
1925 4909 2042 4964 sive

443 4994 899 5065 opportunitatem
928 4995 1139 5066 accepit
1165 4994 1355 5066 gratia:
1384 4995 1504 5059 Dei,
1529 5011 1637 5050 non
1667 5004 1946 5067 operatur.
1979 4997 2041 5050 In

442 5097 676 5138 vacuum
705 5082 866 5137 etiam
887 5083 988 5137 Dei
1029 5081 1260 5154 gratiam
1311 5082 1521 5154 recipit,
1553 5083 1646 5154 qui
1672 5083 1843 5139 missa
1871 5099 2036 5138 manu

442 5170 511 5224 ad
568 5177 807 5224 aratrum
861 5177 1004 5226 retro
1072 5170 1297 5239 respicit
1353 5169 1512 5240 (Luc.
1572 5185 1650 5239 Ix,
1683 5172 1792 5242 62),
1846 5173 2034 5242 quales

442 5257 678 5328 (dicente
709 5258 964 5329 Domino)
982 5273 1093 5312 non
1113 5265 1238 5311 sunt
1256 5257 1411 5330 digni
1439 5273 1542 5313 nec
1562 5259 1673 5330 apti
1703 5276 1874 5333 regno
1895 5261 1996 5316 Dei
2017 5277 2029 5315 :

439 5345 704 5402 habentes
731 5345 899 5416 (juxta
928 5344 1269 5417 Apostolum)
1291 5345 1735 5415 damnationem,
1768 5350 2033 5420 quoniam

431 5434 684 5503 primam
703 5433 874 5501 ﬁdem
894 5434 1126 5490 irritam
1145 5435 1411 5503 fecerunt
1439 5435 1491 5505 (Ι
1510 5437 1645 5491 Tim.
1671 5452 1727 5505 ν,
1763 5439 1872 5507 12).
1899 5437 2030 5491 Cum

435 5535 634 5593 magno
663 5520 906 5592 pondere
935 5529 990 5576 et
1017 5521 1300 5576 tremenda
1329 5522 1525 5580 divinae
1554 5524 1703 5580 vocis
1734 5524 2029 5580 denuntia-

436 5606 582 5664 tione
595 5607 799 5663 dictum
817 5615 931 5664 est:
951 5608 1287 5666 Mementote
1315 5612 1514 5668 uxoris
1546 5612 1683 5670 Loth
1705 5612 1862 5684 (Luc.
1883 5627 2024 5682 xvn,

2159 2010 2292 2064 teris
2320 2008 2382 2061 in
2413 2008 2570 2061 omni
2600 2007 2715 2060 loco
2745 2006 2898 2060 circa
2952 2006 3238 2075 regionem
3258 2049 3270 2070 ,
3326 2006 3422 2061 sed
3449 2006 3512 2059 in
3552 2010 3745 2061 monte

2152 2098 2373 2152 salvum
2405 2099 2457 2150 te
2477 2097 2570 2166 fac
2593 2094 2894 2164 (Gen.xrx,
2913 2093 3026 2163 17).
3057 2092 3161 2162 Qui
3182 2102 3405 2150 vocante
3435 2110 3535 2148 nos
3564 2093 3747 2148 divina

2153 2184 2329 2257 gratia
2359 2191 2598 2237 montem
2629 2181 3066 2250 conscendimus,
3101 2182 3155 2235 id
3184 2189 3287 2248 est,
3320 2183 3549 2237 arduum
3583 2191 3745 2253 atque

2156 2286 2467 2342 supremum
2498 2270 2712 2325 virtutis
2767 2277 2927 2341 atque
2970 2270 3188 2338 justitiae
3245 2270 3349 2326 iter
3396 2271 3742 2341 arripuimus,

2153 2360 2434 2428 (Iustitia,
2469 2358 2663 2429 inquit,
2699 2362 2797 2413 tua
2827 2360 2975 2413 sicut
2997 2363 3216 2416 montes
3237 2360 3338 2413 Dei
3357 2359 3532 2428 (Psal.
3561 2374 3742 2424 xxxv,

2155 2448 2212 2517 '7)
2242 2463 2351 2501 non
2380 2446 2642 2501 debemus
2672 2447 2741 2500 ad
2770 2447 3100 2516 campestria
3122 2446 3365 2518 regionis
3386 2447 3742 2511 descendere,

2152 2535 2205 2588 id
2237 2542 2338 2600 est,
2374 2534 2443 2588 ad
2469 2532 2714 2589 faciliora
2770 2533 3022 2604 quaalibet
3049 2543 3101 2589 et
3130 2534 3309 2589 minus
3339 2534 3612 2588 laboriosa
3643 2535 3745 2589 de-

2156 2622 2384 2688 clinare,
2419 2638 2486 2676 ne
2519 2620 2654 2676 forte
2675 2622 2952 2678 involvant
2971 2638 3072 2677 nos
3092 2623 3340 2677 incendia
3361 2623 3742 2693 Sodomorum,

2152 2718 2242 2764 aut
2275 2726 2342 2765 ne
2374 2709 2512 2765 sicut
2541 2709 2678 2764 Abel
2716 2725 2750 2764 a
2797 2710 2952 2778 Cain,
3003 2710 3074 2764 ita
3104 2727 3205 2765 nos
3237 2727 3270 2765 a
3323 2712 3544 2767 diabolo
3575 2713 3746 2768 truci-

2155 2799 2364 2853 demur.
2398 2799 2458 2852 In
2491 2813 2685 2868 campo
2707 2797 2905 2868 quippe
2925 2798 3064 2853 Abel
3119 2799 3332 2854 occisus
3361 2809 3469 2856 est.
3510 2801 3745 2872 Campus

2151 2894 2335 2941 autem
2365 2893 2447 2940 est
2474 2885 2582 2940 lata
2611 2893 2664 2940 et
2694 2886 2931 2956 spatiosa
2958 2885 3063 2952 via,
3096 2904 3216 2957 quae
3253 2888 3399 2944 ducit
3420 2889 3488 2942 ad
3517 2898 3745 2944 mortem

2150 2983 2204 3028 et
2243 2973 2620 3044 perditionem.
2653 2974 2801 3029 Licet
2822 2989 2956 3044 ergo
2984 2989 3130 3029 mors
3160 2976 3296 3029 Abel
3317 2976 3555 3046 pretiosa
3584 2977 3746 3032 fuerit

2149 3062 2206 3116 in
2237 3069 2533 3132 conspectu
2573 3061 2810 3128 Domini,
2863 3077 2972 3117 non
3014 3063 3313 3134 incongrue
3345 3072 3524 3120 tamen
3553 3082 3744 3121 eorum

2151 3150 2372 3205 exitium
2415 3149 2732 3221 intelligitur
2755 3149 3084 3222 significare,
3135 3152 3226 3223 qui
3246 3153 3378 3207 nihil
3407 3154 3630 3208 arduum
3657 3155 3742 3211 vel

2151 3236 2490 3292 laboriosum
2535 3238 2948 3309 aggredientes,
2983 3239 3039 3292 in
3068 3255 3279 3310 campo,
3313 3240 3368 3294 id
3406 3249 3506 3309 est,
3531 3241 3585 3294 in
3632 3241 3744 3296 lata

2152 3326 2338 3380 mundi
2371 3327 2455 3382 via
2486 3341 2518 3380 a
2547 3326 2764 3381 diabolo
2821 3327 3173 3398 perimuntur.
3204 3328 3291 3382 Ait
3313 3345 3445 3400 ergo
3479 3329 3742 3384 Dominus

2152 3415 2222 3468 ad
2269 3415 2513 3485 Moysem
2548 3429 2560 3467 :
2594 3415 2715 3470 Non
2760 3431 2956 3486 coques
3004 3416 3225 3471 haedum
3255 3418 3316 3471 in
3348 3418 3494 3472 lacte
3534 3420 3741 3474 matris

2151 3519 2268 3558 sua:
2301 3503 2490 3571 (Dent.
2523 3517 2642 3568 xxv,
2671 3503 2781 3573 2t).
2805 3503 3037 3558 Nomine
3057 3503 3220 3575 igitur
3237 3505 3396 3572 haedi,
3421 3505 3739 3575 intelligun-

2152 3599 2239 3644 tur
2267 3599 2605 3660 peccatores.
2655 3591 2809 3644 Haedi
2838 3591 3036 3662 quippe
3063 3592 3133 3645 ad
3182 3591 3456 3646 sinistram
3493 3593 3547 3647 in
3587 3593 3739 3662 judi-

2152 3677 2236 3734 cio
2268 3678 2505 3748 stabunt,
2539 3685 2590 3732 et
2617 3677 2670 3730 in
2713 3677 2837 3749 lege
2885 3679 3070 3734 hircus
3113 3695 3213 3749 pro
3243 3687 3468 3752 peccato
3521 3681 3740 3748 jubetur

2151 3763 2333 3821 oﬁ‘erri
2364 3766 2508 3837 (Lev.
2542 3781 2703 3831 xxiii,
2736 3767 2846 3838 19).
2898 3767 3006 3822 Lac
3030 3783 3159 3823 vero
3206 3768 3395 3822 matris
3421 3776 3503 3823 est
3527 3767 3738 3824 facilior

2149 3853 2414 3909 Ecclesiae
2470 3855 2734 3922 doctrina,
2795 3855 3094 3910 secundum
3158 3871 3321 3926 quam
3367 3856 3556 3911 merito
3606 3873 3738 3926 per-

2148 3943 2434 3997 mittuntur
2476 3947 2680 4010 vivere,
2729 3942 2819 4013 qui
2848 3943 2994 3998 nulla
3048 3943 3238 4016 gravia
3266 3944 3460 3999 dilecta
3515 3945 3739 4000 commi-

2151 4038 2358 4085 serunt.
2391 4031 2507 4085 Nos
2537 4046 2671 4102 ergo
2703 4037 2903 4100 quanto
2946 4030 3126 4085 minus
3171 4032 3504 4087 abstinemus
3535 4033 3600 4086 ab
3628 4033 3736 4086 illi-

2149 4118 2268 4172 citis
2292 4158 2306 4185 ,
2356 4125 2505 4172 tanto
2539 4118 2737 4187 justius
2780 4117 2939 4173 nobis
2995 4120 3390 4190 amputavimus
3442 4120 3606 4189 licita,
3667 4120 3737 4174 ad

2148 4207 2232 4261 lac
2259 4205 2445 4260 matris
2474 4205 2736 4262 Ecclesiae
2764 4206 3091 4277 pertinentia
3120 4224 3134 4260 :
3166 4215 3225 4262 ut
3243 4208 3440 4279 dignos
3467 4207 3737 4279 poeniten-

2149 4294 2237 4349 tiae
2280 4293 2481 4350 fructus
2509 4293 2778 4360 faciendo,
2832 4295 3049 4350 veniam
3075 4311 3109 4350 a
3153 4296 3384 4351 Domino
3422 4305 3476 4350 et
3519 4296 3737 4350 miseri-

2149 4381 2392 4438 cordiam
2445 4398 2868 4454 consequamur.
2953 4383 3125 4455 Igitur
3183 4385 3336 4453 juxta
3381 4384 3735 4455 apostolicam

2147 4469 2598 4542 exhortationem,
2640 4472 2938 4537 videamus,
2959 4489 3032 4528 ne
3059 4475 3209 4544 forte
3229 4475 3307 4528 sit
3334 4474 3398 4528 in
3415 4474 3601 4545 aliquo
3628 4489 3732 4529 no-

2147 4563 2332 4615 strum
2361 4576 2456 4616 cor
2485 4562 2702 4615 malum
2733 4561 3181 4627 incredulitatis,
3213 4561 3536 4616 discedendi
3563 4578 3598 4616 a
3628 4563 3735 4617 Deo

2144 4648 2263 4703 vivo
2291 4651 2348 4702 et
2376 4663 2503 4703 vero
2561 4648 2744 4718 (Hebr.
2792 4663 2851 4714 ιι,
2905 4649 2994 4718 12)
3045 4666 3058 4702 :
3095 4649 3193 4703 sed
3222 4649 3572 4704 adhortemur
3599 4664 3733 4704 nos-

2143 4734 2408 4805 metipsos
2440 4751 2536 4806 per
2564 4735 2812 4807 singulos
2867 4735 3004 4801 dies,
3037 4743 3095 4790 ut
3137 4752 3247 4791 non
3292 4737 3586 4792 obduretur
3613 4737 3732 4808 quis

2145 4838 2211 4877 ex
2242 4823 2400 4877 nobis
2430 4823 2649 4878 fallacia
2672 4823 2900 4892 peccati.
2935 4823 2992 4878 Si
3049 4839 3160 4878 non
3189 4824 3404 4895 capiant
3440 4841 3541 4880 nos
3571 4824 3733 4879 blan-

2145 4911 2402 4979 dimenta,
2439 4926 2559 4980 qum
2594 4911 2842 4982 suggerit
2885 4918 3142 4977 tentator,
3171 4920 3228 4966 ut
3251 4913 3471 4968 seducat
3503 4930 3516 4966 :
3549 4913 3595 4966 si
3622 4929 3730 4967 non

2143 5005 2387 5052 terreant
2401 5013 2502 5052 nos
2523 5015 2584 5053 ea
2598 5015 2718 5069 qua:
2735 4998 2974 5054 difﬁcilia
2998 5007 3048 5053 et
3077 4999 3441 5056 intolerabilia
3469 5017 3591 5055 esse
3611 5016 3734 5070 pro-

2140 5086 2310 5156 ponit,
2331 5094 2387 5140 ut
2411 5085 2659 5158 frangat;
2692 5087 2982 5154 adjuvante
2994 5087 3246 5154 Domino,
3264 5089 3354 5158 qui
3371 5087 3639 5158 refugium
3658 5088 3732 5142 fa-

2139 5181 2258 5229 ctus
2274 5182 2357 5228 est
2375 5174 2553 5239 nobis,
2577 5173 2732 5229 facile
2749 5189 2939 5229 omnes
2957 5175 3312 5230 tentationum
3331 5176 3558 5247 laqueos
3576 5191 3730 5246 supe-

2139 5261 2399 5316 rabimus.
2432 5264 2492 5315 In
2519 5261 2638 5332 ipso
2684 5261 2828 5316 enim
2875 5271 3158 5332 sperantes
3211 5279 3320 5318 non
3348 5263 3723 5329 inﬁrmabitur,

2137 5365 2240 5405 nec
2282 5349 2599 5420 delinquent
2629 5365 2855 5415 omnes,
2908 5351 2998 5420 qui
3046 5358 3265 5420 sperant
3308 5351 3364 5404 in
3411 5367 3496 5406 eo.
3531 5351 3728 5405 Fidelis

2134 5452 2392 5508 namque,
2419 5436 2511 5508 qui
2531 5454 2641 5492 non
2668 5438 2900 5508 patietur
2925 5453 3026 5492 nos
3055 5439 3249 5493 tentari
3307 5455 3470 5509 supra
3497 5439 3552 5493 id
3582 5439 3727 5509 quod

2132 5540 2457 5594 possumus;
2490 5525 2704 5580 dicente
2752 5525 3013 5596 Apostolo
3048 5543 3061 5580 :
3093 5528 3388 5582 Patientia
3435 5527 3580 5582 vobis
3633 5543 3731 5581 ne-

2131 5615 2379 5669 cessaria
2389 5617 2494 5683 est,
2515 5618 2578 5669 ut
2593 5615 2760 5670 volun
2770 5618 2950 5671 tatem
2970 5615 3070 5670 Dei
3091 5615 3394 5684 facientes,
3429 5616 3729 5686 reportetis
