3938 6400
263 322 368 375 933

783 321 1143 378 APPENDIX
1180 321 1705 379 PROBATlONUM.
1745 351 1814 363 --
1852 321 1946 377 DE
1983 321 2232 378 TRIBUS
2270 321 2668 379 BERNARDIS
2707 322 3046 380 CARTHUS.

3462 324 3568 380 93b

259 447 671 518 promisu’ones
721 445 904 514 (Hebr.
937 463 989 510 x,
1023 448 1134 515 36).
1183 448 1284 502 Per
1328 449 1672 519 patientiam
1701 440 1940 520 igitqu
1966 445 2034 500 Et
2057 446 2250 502 iterum
2275 464 2288 500 :
2309 447 2368 504 Si
2387 448 2626 518 spiritus
2639 451 2985 519 potestatem
3011 446 3269 503 habentis
3291 447 3566 504 ascende-

259 550 570 590 curramus
591 534 664 588 ad
681 535 1034 604 propositum
1060 535 1214 590 nobis
1237 540 1529 592 certamen
1549 536 1732 607 (Hebr.
1756 550 1860 602 xu,

264 623 318 691 1)
346 636 357 674 :
383 622 756 693 recogitantes
778 630 1031 692 quantam
1054 638 1154 692 pro
1174 623 1352 688 nobis,
1379 631 1432 678 et
1448 623 1779 693 patientiam,
1815 632 1866 678 et

266 709 632 765 obedientiam
661 725 834 782 usque
863 711 931 764 ad
961 711 1316 766 contumelias
1346 720 1398 766 et
1419 720 1645 766 mortem
1663 712 1860 776 crucis,

269 798 572 853 exhibuerit
602 798 845 853 Christus
869 817 884 863 ;
918 806 973 852 ut
1001 814 1111 853 non
1139 798 1427 870 fatigemur
1454 799 1648 854 animis
1667 799 1866 854 nostris

270 885 608 942 deﬁcientes.
653 887 777 941 Non
807 886 949 942 enim
975 886 1179 942 dictum
1207 895 1310 953 est,
1343 887 1435 959 qui
1465 888 1710 959 coeperit,
1745 888 1862 953 sed,

267 977 364 1046 qui
408 975 851 1046 perseveraverit
896 991 1069 1046 usque
1096 976 1161 1030 in
1188 975 1381 1044 ﬁnem,
1417 975 1508 1032 hic
1537 977 1725 1031 salvus
1754 978 1866 1031 erit

273 1062 496 1132 (Matth.
529 1078 589 1129 x,
629 1062 742 1132 22).
776 1062 912 1117 Cum
953 1071 1134 1119 autem
1161 1063 1279 1135 ipsa
1309 1062 1640 1119 inﬁrmitatis
1668 1071 1868 1119 nostra;

277 1150 604 1222 experientia
660 1151 956 1207 doceamur
1001 1167 1163 1223 quam
1215 1167 1351 1207 vera
1396 1152 1465 1206 sit
1510 1151 1603 1207 illa
1650 1151 1867 1207 Domini

275 1239 562 1307 sententia,
594 1254 704 1310 qua
733 1239 863 1295 dicit
888 1254 901 1293 :
933 1240 1067 1296 Sine
1094 1257 1184 1296 me
1212 1241 1364 1297 nihil
1407 1243 1649 1312 potestis
1678 1243 1868 1312 facere

279 1327 462 1395 (Joan.
513 1343 612 1394 xv,
645 1327 702 1398 ὅ)
727 1368 742 1396 ,
789 1343 908 1383 cum
957 1327 1334 1384 misericordia
1377 1331 1497 1398 ejus
1541 1329 1869 1400 praevenerit

273 1430 394 1484 nos,
444 1423 652 1470 certum
699 1423 784 1470 est
813 1415 959 1486 quod
984 1416 1102 1486 ipse
1132 1431 1243 1472 non
1271 1416 1553 1471 subtrahet
1579 1417 1736 1472 nobis
1762 1432 1864 1471 au-

275 1503 462 1558 xilium
507 1503 698 1575 gratiae
726 1520 858 1572 suae,
881 1503 986 1557 nisi
1003 1504 1106 1574 ipsi
1126 1505 1278 1575 prius
1295 1505 1725 1560 subtraxerimus
1743 1520 1865 1561 nos.

272 1591 427 1647 Unde
456 1591 509 1646 in
538 1606 772 1662 persona
797 1591 967 1661 ipsius
997 1592 1214 1647 Domini
1245 1591 1376 1648 dicit
1396 1593 1690 1664 Apostolus
1722 1610 1736 1647 :
1763 1595 1867 1650 Ju-

269 1684 390 1735 stus
409 1683 603 1735 autem
639 1695 799 1735 meus
819 1695 894 1735 ea:
921 1679 1031 1748 ﬁde
1051 1681 1189 1736 vivit
1211 1681 1393 1750 (Hebr.
1415 1697 1468 1747 x,
1493 1681 1604 1752 38).
1638 1681 1788 1748 Quod
1821 1682 1869 1736 si

1965 538 2049 591 rit
2075 552 2244 607 super
2273 540 2345 600 te,
2384 537 2565 591 locum
2589 540 2751 590 tuum
2772 551 2844 591 ne
2870 536 3153 591 dimiseris
3184 536 3378 604 (Eccli.
3401 551 3460 601 x,
3487 536 3563 605 4).

1966 623 2234 692 Quoniam
2287 632 2469 677 autem
2545 623 2857 678 abundante
2917 623 3202 695 iniquitate
3260 623 3568 696 refrigescit

1965 712 2204 768 charitas
2250 712 2565 779 multorum,
2615 721 2667 766 et
2715 713 2937 783 quidam
2967 728 2998 766 a
3028 719 3289 782 serpente
3337 712 3564 778 seducti,

1967 809 2018 856 et
2060 816 2092 856 a
2141 809 2325 856 vestro
2371 809 2478 856 eta
2521 808 2709 856 nostro
2751 801 3032 871 proposito
3076 800 3400 866 resilientes,
3442 801 3566 871 plus

1967 897 2165 945 nocent
2210 889 2467 944 seandalo
2514 904 2679 960 quam
2744 890 3061 959 profuerant
3109 889 3360 959 exemplo
3433 890 3564 959 (non

1967 977 2322 1032 formidantes
2362 977 2511 1031 illam
2557 976 2846 1032 dominica;
2874 976 3294 1032 denuntiationis
3325 984 3558 1032 tremen-

1967 1065 2111 1130 dam,
2181 1065 2592 1136 terribilemque
2655 1065 2978 1120 sententiam
3033 1081 3139 1136 qua
3202 1064 3447 1120 dicitur:
3483 1066 3567 1121 γω

1968 1154 2185 1214 homini
2204 1169 2306 1224 per
2325 1169 2490 1226 quem
2521 1153 2862 1209 scandalum
2880 1155 3037 1209 venit
3053 1153 3273 1223 (Matth.
3297 1167 3460 1219 xvm,
3483 1152 3562 1223 '7);

1969 1257 2167 1297 cavere
2195 1241 2354 1296 valde
2383 1241 2649 1297 debemus
2676 1257 2745 1296 ne
2775 1241 2898 1311 plus
2925 1240 3206 1312 perturbet
3235 1255 3335 1296 nos
3364 1254 3570 1311 pauco-

1969 1346 2092 1384 rum
2129 1337 2276 1385 retro
2320 1329 2636 1384 abeuntium
2664 1328 2874 1396 levitas,
2908 1337 2962 1384 et
2989 1328 3375 1393 inconstantia,
3407 1344 3570 1400 quam

1969 1416 2256 1473 conﬁrmet
2319 1417 2614 1472 multorum
2687 1416 3152 1488 perseverantium
3208 1416 3448 1488 gravitas
3513 1425 3567 1472 et

1971 1505 2293 1561 constantia.
2355 1506 2471 1560 Imo
2535 1520 2668 1560 vero
2739 1505 2878 1560 sicut
2932 1504 3092 1560 debet
3147 1520 3249 1559 nos
3306 1504 3568 1560 roborare

1971 1593 2240 1648 bonorum
2301 1593 2746 1664 perseverantia,
2806 1601 2861 1647 ut
2931 1600 3348 1664 perseveranter
3405 1600 3566 1664 atque

1971 1681 2199 1736 viriliter
2245 1689 2490 1749 stemus;
2524 1682 2600 1736 ita
2646 1680 2810 1736 debet
2854 1695 2956 1736 nos
3003 1688 3194 1736 cautos
3221 1687 3275 1736 et
3304 1680 3568 1737 sollicitos

267 1769 623 1824 subtraxerit
638 1783 715 1836 se,
740 1783 855 1823 non
867 1769 1501 1839 placebitanimaamece.
1519 1770 1639 1824 Mox
1652 1785 1781 1824 vero
1803 1785 1867 1824 ex
1889 1791 1942 1853 Β
1972 1769 2201 1824 reddere
2247 1785 2632 1840 perversorum
2694 1767 2985 1839 apostasia,
3054 1785 3124 1824 ne
3179 1768 3458 1824 cedamus.
3497 1769 3568 1824 Et

269 1871 365 1910 sua
387 1863 438 1910 et
459 1856 760 1911 electorum
781 1871 915 1912 voce
931 1855 1268 1929 subjungens
1288 1857 1580 1928 Apostolus
1604 1875 1618 1911 :
1643 1859 1768 1923 Nos,
1793 1857 1870 1912 in-

269 1943 402 2015 quit,
425 1947 656 2015 fratres,
681 1960 795 1999 non
812 1960 932 2000 sum
941 1961 1008 2000 us
1027 1946 1433 2000 subtractionis
1451 1947 1585 2015 ﬁlii,
1609 1947 1671 2000 in
1690 1945 1874 2017 perdi-

270 2033 503 2101 tionem,
527 2033 624 2088 sed
633 2032 765 2116 ﬁdei
785 2033 848 2087 in
867 2033 1298 2105 acquisitionem
1319 2036 1529 2089 anima:
1551 2034 1706 2103 (ibid.
1719 2076 1731 2099 ,
1755 2036 1866 2101 39).

270 2119 476 2187 Quibus
496 2119 678 2175 verbis
699 2120 826 2174 satis
847 2121 1159 2176 terribiliter
1177 2121 1486 2190 insinuavit,
1514 2122 1606 2193 qui
1642 2121 1750 2175 sint
1774 2119 1873 2175 filii

270 2207 669 2273 subtractionis,
713 2223 809 2263 eos
851 2223 975 2262 esse
1013 2208 1176 2262 etiam
1214 2208 1355 2265 ﬁlios
1388 2209 1726 2280 perditionis.
1749 2209 1869 2264 Nisi

267 2303 445 2350 autem
462 2311 586 2351 cum
602 2295 781 2350 debita
792 2297 1200 2366 perseverantia
1219 2297 1386 2368 digne
1404 2297 1867 2352 ambulaverimus

268 2384 550 2440 vocatione
572 2400 678 2456 qua
707 2384 882 2439 vocati
921 2401 1126 2450 sumus,
1165 2385 1380 2440 dicente
1399 2386 1644 2456 apostolo
1663 2386 1824 2440 Petro
1851 2400 1863 2439 :

265 2473 460 2528 Melius
472 2476 597 2528 erat
614 2473 770 2528 nobis
779 2490 893 2530 non
909 2489 1237 2544 cognoscere
1254 2474 1402 2528 viam
1411 2475 1682 2544 justitiaa,
1698 2490 1865 2546 quam

261 2564 388 2631 post
409 2561 787 2630 cognitionem
806 2565 1116 2618 retrorsum
1138 2562 1389 2617 converti
1411 2562 1488 2631 (II
1502 2565 1654 2616 Petr.
1675 2576 1734 2628 ιι,
1748 2563 1862 2631 21).

268 2647 426 2704 Unde
447 2648 613 2702 etiam
650 2648 910 2705 Salomon
934 2664 946 2703 :
970 2649 1131 2705 Sicut
1149 2650 1308 2706 canis
1337 2651 1434 2721 qui
1460 2651 1769 2705 revertitur
1793 2650 1865 2705 ad

266 2738 564 2799 vomitum.
582 2738 662 2791 sic
685 2737 1033 2808 imprudens,
1055 2739 1150 2808 qui
1170 2739 1347 2793 iterat
1366 2739 1681 2792 stultitiam
1701 2753 1864 2793 suam

267 2826 453 2894 (Prov.
468 2839 629 2892 XXVI,
655 2826 764 2894 11).
781 2826 956 2896 Atque
975 2825 1168 2882 iterum
1185 2840 1198 2878 :
1221 2827 1311 2881 Vir
1321 2828 1418 2898 qui
1433 2827 1754 2882 erraverita
1773 2828 1864 2881 via

267 2913 560 2979 doctrinae,
596 2913 660 2968 in
699 2917 848 2968 cwtu
876 2915 1174 2984 gigantum
1202 2914 1643 2970 commorabitur
1676 2915 1860 2985 (Prov.

265 3016 370 3070 xx,
391 3001 500 3070 16).
526 3000 626 3056 Hic
661 3016 790 3056 vero
809 3001 1030 3058 nomine
1049 3002 1353 3075 gigantum,
1379 3003 1618 3073 superbi,
1641 3010 1804 3074 atque
1832 3018 1862 3056 a

268 3090 386 3144 Deo
405 3090 586 3158 alieni,
607 3091 694 3146 vel
716 3091 1014 3157 daemones,
1038 3091 1124 3147 vel
1172 3091 1422 3146 homines
1464 3089 1856 3162 signiﬁcantur.

269 3175 410 3246 Quia
431 3195 560 3235 vero
591 3180 808 3252 quidam
839 3195 962 3236 cum
983 3179 1053 3234 ad
1073 3186 1324 3234 nostrum
1343 3179 1431 3234 vel
1459 3187 1697 3236 vestrum
1727 3194 1858 3250 pro-

267 3266 503 3338 positum
532 3267 800 3336 venerint,
848 3268 1025 3322 solent
1069 3267 1158 3323 vel
1184 3267 1254 3323 de
1283 3275 1472 3322 nostro
1501 3267 1573 3322 ad
1599 3275 1859 3334 vestrum,

265 3355 353 3410 vel
369 3355 439 3411 de
468 3363 649 3412 vestro
669 3356 738 3411 ad
759 3364 1001 3412 nostrum
1021 3355 1328 3426 suspirare;
1361 3372 1430 3410 ne
1459 3372 1592 3411 vero
1620 3363 1674 3410 et
1703 3355 1862 3410 nobis

263 3444 574 3513 hujusmodi
604 3444 1048 3518 suggestionibus
1072 3452 1306 3500 tentator
1333 3444 1542 3510 illudat,
1575 3443 1862 3498 audiamus

265 3533 587 3602 Apostolum
618 3533 883 3589 dicentem
920 3548 932 3586 :
957 3533 1337 3604 Unusquisque
1357 3534 1422 3588 in
1441 3548 1550 3604 qua
1571 3534 1860 3589 vocatione

262 3625 494 3677 vocatus
517 3624 620 3688 est,
654 3623 717 3677 in
749 3637 815 3677 ea
834 3624 1171 3693 permaneat
1200 3621 1251 3692 (I
1277 3620 1399 3675 Cor.
1430 3635 1527 3688 v11,
1555 3621 1670 3688 20).
1703 3619 1858 3676 Unde

263 3707 521 3763 Salomon
557 3726 571 3762 :
603 3710 761 3765 Sicut
787 3713 909 3765 avis
938 3709 1361 3780 transmigrans
1390 3707 1456 3763 de
1475 3708 1608 3764 nido
1628 3724 1748 3774 suo,
1773 3709 1860 3764 ita

261 3799 320 3851 et
352 3797 439 3852 vir
467 3799 564 3869 qui
602 3799 877 3870 relinquit
909 3798 1094 3853 locum
1123 3813 1294 3853 suum
1323 3798 1506 3865 (Prov.
1540 3810 1734 3862 xxvn,
1767 3799 1848 3866 8).

1881 3145 1930 3206 Ο

1967 1857 2122 1926 juxta
2169 1857 2385 1912 Domini
2429 1873 2616 1912 vocem
2646 1857 2703 1910 in
2730 1856 3052 1928 Evangelio,
3085 1856 3230 1924 ﬁant
3259 1857 3568 1914 novissima

1972 1947 2170 1998 nostra
2187 1944 2469 1998 deteriora
2481 1944 2767 2014 prioribus
2783 1945 3005 2013 (Matth.
3020 1959 3120 2012 xu,
3140 1945 3247 2015 45).
3271 1945 3352 2000 De
3368 1952 3567 2000 caetero

1970 2030 2262 2101 Scripturis
2291 2031 2492 2086 sanctis
2531 2031 2804 2104 legendis,
2853 2032 3158 2098 audiendis,
3210 2033 3560 2099 meditandis,

1971 2133 2105 2174 aure
2132 2118 2452 2174 ﬁdelissima
2498 2119 2761 2174 debemus
2797 2120 3101 2187 intendere,
3136 2127 3187 2174 et
3218 2120 3480 2192 quidquid
3509 2120 3564 2175 in

1969 2206 2049 2262 eis
2114 2207 2503 2274 invenerimus,
2562 2207 2631 2262 de
2669 2207 3002 2262 destruenda
3049 2225 3150 2278 per
3208 2208 3564 2264 humilitatem

1969 2295 2245 2364 superbia,
2265 2295 2333 2350 de
2346 2295 2659 2365 superanda
2671 2312 2769 2366 per
2789 2296 3218 2351 mansuetudinis
3231 2304 3282 2351 et
3298 2297 3567 2367 patientia:

1965 2382 2244 2437 lenitatem
2290 2383 2569 2438 iracundia
2598 2383 2685 2439 vel
2709 2384 3060 2455 impatientia,
3101 2384 3171 2439 de
3198 2383 3439 2457 fuganda
3465 2401 3568 2454 per

1965 2469 2244 2525 fervorem
2273 2470 2495 2541 spiritus
2526 2471 2763 2541 torpori:
2794 2480 2848 2527 et
2874 2472 3078 2544 teporis
3109 2472 3461 2544 negligentia,
3492 2472 3564 2528 de

1964 2558 2278 2628 repellendo
2308 2575 2408 2628 per
2453 2558 2803 2630 benignitatis
2833 2559 3062 2631 gratiam
3098 2559 3265 2615 livore
3310 2552 3561 2626 invidiae;

1965 2645 2033 2700 de
2081 2645 2343 2702 calcando
2382 2663 2481 2717 per
2523 2647 2887 2702 testimonium
2926 2647 3273 2703 conscientiae
3324 2648 3561 2719 appetitu

1963 2733 2142 2788 inanis
2180 2734 2387 2805 glorias,
2442 2735 2511 2790 de
2542 2735 2803 2790 orationis
2831 2735 3106 2802 instantia,
3139 2736 3208 2791 de
3231 2737 3349 2808 jugi
3378 2737 3560 2793 cordis

1964 2831 2018 2878 et
2060 2823 2173 2878 oris
2216 2823 2463 2878 custodia
2494 2825 2562 2879 de
2599 2824 3073 2894 apprehendendis
3117 2833 3347 2897 quatuor
3383 2825 3560 2881 virtu-

1962 2911 2126 2981 tibus,
2175 2911 2482 2981 prudentia,
2512 2913 2893 2983 temperantia,
2935 2912 3270 2980 fortitudine,
3318 2921 3371 2970 et
3393 2914 3560 2984 justi-

1961 2999 2062 3065 tia;
2093 2999 2164 3054 de
2205 2999 2548 3055 observanda
2578 3000 2632 3054 in
2659 3000 2897 3067 incessu,
2951 3001 3006 3055 in
3037 3000 3273 3063 silentio,
3307 3001 3360 3056 in
3391 3002 3562 3058 collo-

1963 3087 2109 3160 quio,
2141 3087 2198 3142 in
2245 3087 2393 3143 omni
2439 3096 2578 3143 statu
2627 3096 2680 3144 et
2708 3097 2850 3158 actu,
2885 3089 3149 3160 gravitate
3179 3099 3231 3145 et
3259 3091 3556 3160 modestia;

1962 3175 2030 3231 de
2059 3175 2282 3232 vitando
2321 3192 2419 3246 per
2446 3176 2677 3232 sincerae
2706 3177 3032 3233 obedientiaa
3060 3178 3470 3247 subjectionem,
3503 3179 3560 3234 in

1961 3264 2285 3319 obedientiaa
2313 3265 2480 3332 malo,
2512 3265 2582 3320 de
2612 3265 3077 3336 apprehendendo
3108 3266 3288 3322 debite
3317 3283 3438 3322 cum
3466 3267 3558 3338 pio

1959 3351 2205 3422 profectu
2235 3353 2660 3423 perseverantiae
2689 3352 2872 3420 bono;
2909 3361 3188 3425 postremo
3209 3355 3279 3410 de
3311 3371 3397 3420 ea,
3439 3371 3561 3427 quae

1961 3448 2046 3495 est
2078 3441 2254 3496 omnis
2293 3441 2774 3497 consummationis
2806 3441 2930 3496 ﬁnis
2985 3451 3040 3497 et
3062 3442 3202 3515 legis
3251 3443 3554 3513 plenitudo,

1959 3529 2260 3596 charitate;
2290 3529 2453 3586 debet
2493 3529 2819 3601 quotidianis
2859 3545 3041 3586 coram
3071 3531 3188 3586 Deo
3225 3531 3558 3602 profectibus

1962 3626 2013 3672 et
2037 3616 2411 3683 incrementis,
2446 3617 2503 3672 in
2558 3611 2972 3674 conversatione
3001 3626 3054 3674 et
3081 3619 3327 3674 moribus
3356 3619 3560 3674 nostris

1957 3721 2238 3776 apparere.
2255 3705 2461 3761 Valete.
2476 3706 2684 3761 Vestris
2696 3714 2745 3762 et
2758 3705 2920 3762 totius
2937 3707 3111 3763 sancti
3132 3715 3432 3763 conventus
3444 3722 3560 3762 ora-

1959 3793 2216 3860 tionibus,
2243 3810 2341 3865 per
2360 3794 2812 3851 interventionem
2833 3803 3074 3851 vestram
3103 3812 3192 3852 me
3212 3796 3556 3853 commendo.

860 4047 1486 4153 EPISTOLA
1558 4045 2301 4150 ALEXANDRI
2374 4047 2736 4173 PAP/E
2818 4051 2949 4151 ΙΙΙ

622 4238 726 4304 Ad
783 4239 1213 4306 Arthaudum
1269 4239 1572 4321 priorem
1627 4238 1962 4316 Alveriae,
2026 4236 2112 4303 de
2168 4236 2530 4302 schismate
2583 4236 2770 4302 illius
2827 4240 3181 4320 temporis.

1102 4371 1208 4444 (Ex
1235 4372 1473 4429 Archivo
1505 4372 1700 4428 domus
1727 4371 1992 4441 Alverize,
2027 4371 2234 4428 ordinis
2261 4371 2706 4443 Carthusiensis.)

328 4555 679 4608 ALBXANDBR
709 4551 1022 4623 episcopus,
1064 4565 1256 4606 servus
1285 4565 1564 4606 servorum
1602 4550 1734 4618 Dei,
1767 4549 1969 4607 dilecto
2007 4548 2118 4606 ﬁlio
2162 4551 2227 4604 Α.
2279 4537 2480 4621 prioris
2537 4547 2768 4605 Alveriaa
2822 4547 3050 4605 salutem
3107 4557 3161 4606 et
3196 4551 3549 4624 apostolicam

257 4649 718 4706 benedictionem.
753 4649 894 4704 Dum
923 4648 1072 4720 piam
1101 4648 1525 4720 simplicitatem,
1558 4655 1662 4704 etc.
1695 4649 1872 4718 (Hanc
1899 4649 2068 4719 epist.
2100 4647 2221 4704 vide
2249 4648 2406 4703 inter
2435 4662 2562 4718 opp.
2596 4646 2914 4702 Alexandri
2945 4648 3047 4702 PP.
3079 4649 3199 4721 Ill.)

1528 4791 2241 4931 'APPENDIX.

249 4995 700 5061 Probationes
733 5011 975 5076 eorum
1007 4993 1370 5076 continens
1390 5008 1536 5073 quae
1560 4991 1644 5076 de
1665 4991 1884 5076 tribus
1901 4990 2270 5076 Bernardis
2291 4992 2650 5076 Portarum
2671 4990 3038 5076 prioribus,
3062 4993 3133 5058 et
3155 4991 3266 5058 his
3285 4991 3547 5076 illigato

908 5073 1296 5151 Nantelmo,
1331 5069 1829 5153 in‘praefatione
1858 5069 1945 5135 ad
1972 5071 2303 5136 lectorem
2334 5069 2886 5152 disputata'sunt.

250 5207 293 5262 I.
317 5235 387 5247 -—
417 5206 729 5263 Ruinaldus
772 5207 1028 5263 reclusus
1069 5206 1266 5262 Sancti
1313 5205 1656 5277 Ragniberti,
1696 5205 1850 5261 circa

732 5311 954 5351 annum
987 5293 1202 5350 Christi
1231 5295 1390 5349 1434.

526 5418 630 5488 (Ex
657 5417 925 5474 tabulario
955 5417 1255 5474 Carthusim
1282 5415 1559 5483 Majorevi.

319 5562 505 5618 Gumo
535 5559 605 5614 de
647 5560 868 5615 Aranda
916 5575 1135 5616 omnem
1181 5557 1507 5614 calumniam
1536 5573 1695 5627 quam
1726 5555 1840 5610 fra-

241 5650 416 5708 tribus
445 5648 708 5719 Majorevi
756 5648 988 5705 faciebat
1017 5662 1179 5719 super
1206 5646 1428 5719 pascuis
1457 5659 1646 5701 eorum
1674 5645 1841 5702 dere-

1947 5203 2148 5275 liquit:
2177 5203 2487 5274 juravitque
2516 5203 2572 5257 in
2616 5217 2780 5258 manu
2828 5202 3074 5259 Rainaldi
3118 5203 3315 5260 reclusi
3360 5203 3544 5260 Sancti

1947 5292 2289 5365 Ragniberti,
2324 5289 2541 5347 ﬁdelem
2587 5290 2667 5345 eis
2710 5291 3018 5360 adjutorem
3045 5299 3100 5348 et
3129 5292 3367 5348 amicum
3404 5293 3542 5350 fore.

1946 5381 2014 5435 Et
2041 5380 2168 5435 inde
2198 5380 2384 5434 habuit
2420 5388 2533 5434 tres
2575 5378 2800 5448 solidos,
2854 5380 3144 5436 duodecim
3192 5396 3462 5448 nummos,
3492 5388 3546 5437 et

1946 5475 2156 5538 septem
2186 5467 2462 5523 denarios.
2494 5468 2684 5522 Testes
2715 5467 3022 5522 Bernardus
3054 5468 3340 5524 Portarum
3369 5468 3540 5539 prior,

1950 5557 2110 5626 Hugo
2150 5563 2475 5626 procurator
2494 5555 2771 5625 Majorevi,
2804 5563 2856 5611 et
2885 5555 3214 5612 Donatianus
3245 5557 3543 5612 monachus

1953 5643 2138 5700 Sancti
2165 5642 2500 5716 Ragniberti.
