3938 6400
419 317 524 370 935
920 313 1280 370 APPENDIX
1318 311 1842 370 PROBATIONUM.
1885 337 1953 350 —
1992 305 2088 362 DE
2125 308 2370 368 TRIBUS
2410 314 2806 372 BERNARDIS
2846 315 3190 374 CARTHUS.
3289 273 3294 278 '
3611 323 3712 374 936

490 440 556 495 11.
580 467 649 479 -
669 438 990 507 Bernardus
1024 438 1089 493 de
1120 439 1326 505 Portis,
1349 439 1508 509 prior
1534 440 1839 492 Portarum
1863 452 1937 490 ex
2028 425 2182 493 Atb
2213 437 2588 496 Incarnatione
2631 441 2848 496 Domini
2893 441 3182 496 millesimo
3214 442 3512 497 centesimo
3542 457 3702 496 sexa-

631 510 882 581 episcopo
904 509 1225 573 Bellicensi,
1251 508 1405 563 anno
1434 508 1645 563 Christi
1670 509 1826 562 1147.

684 606 787 674 (Ex
815 605 1081 659 tabulario
1113 606 1414 659 Carthusize
1443 604 1750 674 Majorevi.)

491 711 826 765 Bnamnous
869 711 937 764 de
985 710 1180 776 Portis,
1233 711 1511 764 Portarum
1541 709 1694 779 prior
1723 709 1922 773 dictus,
1954 707 2009 760 in

422 799 636 854 Christo
682 797 1051 853 dilectissimis
1094 798 1403 852 Hunnaaro
1457 797 1621 868 priori
1651 795 1924 866 Majorevi,
1959 802 2012 849 et

417 886 666 941 fratribus
694 886 812 955 ejus
842 885 1070 940 salutem
1099 893 1153 940 et
1181 901 1340 940 omne
1372 886 1591 940 bonum.

491 975 688 1030 Notum
745 974 815 1028 sit
868 974 1024 1029 vobis
1073 973 1218 1044 quod
1258 973 1326 1028 G.
1378 974 1446 1028 de
1483 973 1748 1028 Benuntia
1776 971 2012 1026 laudavit

425 1061 689 1133 quidquid
721 1069 883 1132 pater
929 1077 1061 1116 suus
1099 1061 1254 1116 vobis
1284 1068 1550 1131 perpetuo
1580 1067 1927 1116 concesserat
1956 1058 2012 1112 in

419 1157 606 1205 monte
636 1149 706 1204 de
742 1149 1070 1216 Chevillaco,
1117 1149 1188 1203 ad
1239 1165 1416 1204 meam
1446 1148 1857 1219 requisitionem
1887 1163 2012 1202 cum

419 1237 598 1294 adhuc
625 1237 942 1294 Bellicensis
983 1236 1271 1308 episcopus
1302 1236 1495 1292 forem.
1530 1236 1782 1291 Promisit
1809 1233 2012 1307 pariter

420 1325 566 1382 idem
597 1325 848 1381 Giraldus
874 1325 1027 1380 vobis
1055 1340 1272 1379 omnem
1308 1323 1620 1379 fidelitatem
1650 1332 1702 1378 et
1731 1331 2014 1378 manuten-

419 1413 619 1468 tionem
648 1413 854 1468 cunctis
885 1412 1098 1478 diebus,
1149 1413 1290 1467 sicut
1315 1420 1474 1482 pater
1504 1427 1635 1466 suus
1663 1411 2008 1481 promiserat.

418 1500 536 1556 Hoc
564 1508 748 1556 autem
777 1499 981 1555 factum
1011 1507 1093 1554 est
1120 1500 1176 1554 in
1205 1499 1451 1555 Ecclesia
1481 1507 1688 1564 nostra,
1721 1499 1809 1554 die
1839 1497 2014 1552 sancti

419 1588 642 1644 Thomas
694 1587 944 1659 apostoli,
995 1603 1136 1642 anno
1167 1587 1362 1642 Christi
1393 1587 1682 1640 millesimo
1714 1585 2012 1640 centesimo

418 1676 840 1748 quadragesimo
867 1675 1122 1746 septimo,
1149 1690 1337 1730 coram
1367 1683 1477 1729 toto
1507 1682 1776 1730 conventu
1804 1682 2010 1737 nostro,

2107 526 2318 597 gesimo
2348 537 2558 598 quarto.
2594 529 2956 584 lnterfuerunt
2983 538 3162 584 autem
3205 529 3331 586 huic
3372 530 3701 584 determina-

2108 613 2239 668 tioni
2271 631 2480 670 mecum
2530 616 2603 670 hi.
2638 616 2960 671 Guillelmus
2992 617 3302 687 capellanus
3348 626 3552 684 noster,
3581 634 3702 672 mo-

2108 703 2317 756 nachus
2374 704 2676 758 Portarum.
2743 704 3000 776 Magister
3063 705 3356 760 Anselmus
3410 705 3703 760 canonicus

2110 785 2441 854 Bellicensis,
2465 789 2714 843 Andreas
2749 789 2907 844 etiam
2939 789 3123 844 Sancti
3145 789 3368 858 Sulpicii
3387 791 3699 856 monachus,

2110 880 2162 928 et
2205 874 2510 930 Willencus
2557 878 2876 932 monachus.
2926 877 3007 932 De
3053 877 3326 944 Majorevo
3373 877 3702 932 Humbertus

2111 961 2280 1030 prior,
2321 971 2376 1018 et
2421 965 2578 1034 Hugo
2623 971 2967 1034 procurator,
3011 964 3300 1030 conversi,
3350 964 3695 1032 Bonusﬁlius,

2113 1049 2389 1121 Philippus
2443 1051 2728 1117 Girardus,
2778 1052 3092 1108 Willelmus
3125 1070 3139 1106 :
3169 1051 3484 1108 sacerdotes
3527 1069 3704 1108 saecu-

2113 1137 2279 1206 lares,
2313 1139 2580 1195 Vicardus
2619 1141 2686 1194 de
2715 1139 2976 1205 Balmeto,
3006 1139 3280 1195 Jordanus
3309 1148 3360 1194 et
3391 1140 3701 1195 Willelmus

2111 1227 2180 1283 de
2209 1229 2442 1293 Breuno,
2493 1229 2822 1282 Humbertus
2852 1229 2922 1283 de
2957 1229 3148 1295 Burco,
3197 1229 3313 1282 Dua
3343 1237 3396 1282 et
3431 1228 3702 1283 Johannes

2113 1314 2180 1370 de
2212 1315 2446 1370 Isinana.
2498 1316 2691 1370 Milites
2738 1331 2870 1371 vero
2920 1317 3078 1388 Hugo
3109 1323 3161 1370 et
3186 1315 3451 1371 Vicardus
3481 1317 3548 1371 de
3577 1316 3702 1370 Bal-

2113 1419 2222 1468 ma,
2273 1403 2547 1458 Aalardus
2575 1405 2643 1458 de
2692 1404 2968 1469 Biliniaco,
3009 1403 3311 1458 Garnerius
3339 1404 3407 1458 de
3438 1403 3700 1471 Balmeto,

2111 1491 2416 1545 Jordannus
2445 1491 2513 1546 de
2561 1492 2934 1555 Camberiaco,
2986 1493 3222 1546 Erardus
3269 1491 3338 1546 de
3366 1491 3698 1558 Martiniaco,

2111 1580 2379 1634 Jordanus
2410 1587 2464 1633 et
2492 1579 2650 1634 Aimo
2697 1580 2765 1633 de
2793 1579 3047 1634 Enﬂafol.
3079 1579 3199 1632 Fuit
3228 1579 3391 1634 etiam
3420 1580 3495 1634 ibi
3525 1580 3704 1651 Guigo

2115 1667 2441 1736 praepositus
2484 1667 2822 1732 Bellicensis,
2856 1667 3173 1721 Lambertus
3205 1667 3454 1732 clericus,
3488 1675 3540 1722 et
3570 1669 3706 1722 Pon-

417 1772 473 1820 et
499 1763 665 1818 Paulo
693 1771 747 1818 et
775 1764 1008 1818 Antonio
1064 1763 1147 1818 los
1176 1763 1333 1818 Forts
1389 1761 1709 1827 domicellis,
1769 1769 1823 1816 et
1852 1763 2086 1839 PetroB
2113 1754 2230 1809 cius
2259 1755 2423 1809 frater
2469 1756 2583 1822 ejus
2631 1755 2698 1808 de
2738 1754 3000 1819 Balmeto,
3051 1754 3359 1809 Willelmus
3401 1755 3708 1824 pellicerius

417 1853 664 1908 Moschet
690 1851 760 1906 de
789 1851 1082 1906 Latiniaco.

421 1977 513 2032 III.
538 2005 606 2016 —
637 1975 1012 2030 Nanthelmus
1033 1975 1322 2046 episcopus
1345 1973 1690 2056 Bellicensis,
1719 1974 1823 2096 fui
1849 1973 2013 2042 vulgo

669 2046 987 2096 Antelmus.
1019 2044 1092 2096 ad
1121 2061 1341 2096 annum
1373 2043 1580 2096 Christi
1612 2047 1711 2096 HG
1754 2083 1768 2096 .

669 2046 987 2114 Antelmus,
1019 2043 1092 2100 ad
1121 2043 1341 2099 annum
1373 2043 1580 2098 Christi
1612 2043 1768 2097 “Gl.

687 2150 792 2221 (Ex
821 2149 1085 2204 tabulario
1126 2149 1427 2204 Carthusiae
1456 2148 1765 2218 Majorevi.)

491 2258 575 2313 Ad
631 2255 985 2312 concordiam
1041 2262 1094 2309 et
1117 2269 1312 2325 pacem
1342 2253 1659 2322 futurorum,
1692 2261 1750 2308 ut
1780 2253 2013 2324 quietius

419 2347 474 2402 in
509 2344 722 2400 silentio
749 2343 953 2411 vivant,
986 2343 1188 2414 placuit
1220 2341 1454 2412 antiquis
1486 2357 1576 2396 res
1606 2349 1789 2412 gestas
1818 2341 2011 2395 litteris

418 2433 698 2490 memoria:
751 2431 1157 2488 commendare.
1207 2429 1435 2484 Noverit
1487 2429 1648 2500 igitur
1702 2429 2010 2500 quicunque

417 2523 557 2578 hanc
585 2523 825 2578 chartam
845 2519 1039 2591 legerit
1066 2518 1153 2574 vel
1179 2518 1428 2583 audierit,
1454 2518 1597 2588 quod
1619 2532 1724 2589 ego
1753 2516 2013 2571 Nanthel-

417 2627 537 2666 mus
581 2607 801 2664 humilis
845 2606 1159 2662 Bellicensis
1189 2605 1432 2662 ecclesia:
1463 2605 1770 2676 episcOpus,
1803 2605 1874 2658 ad
1903 2604 2008 2658 do-

415 2713 566 2754 mum
593 2697 839 2753 venerim
867 2695 1139 2764 Majorevi,
1171 2695 1241 2749 ob
1271 2693 1540 2765 quasdam
1569 2692 1865 2747 calumnias
1888 2709 2009 2763 quae

415 2787 621 2842 obortae
650 2785 865 2840 fuerant
893 2783 1032 2838 inter
1059 2783 1282 2837 domum
1309 2782 1456 2836 illam
1487 2789 1540 2836 et
1568 2781 1763 2836 milites
1792 2781 1861 2834 de
1892 2782 2008 2835 Ru-

414 2875 733 2939 beomonte;
787 2872 928 2926 inter
960 2887 1097 2942 quos
1125 2887 1228 2941 pax
1270 2871 1373 2925 hoc
1402 2869 1565 2923 modo
1596 2870 1712 2924 Deo
1740 2868 2008 2939 largiente

413 2961 712 3018 reformata
735 2967 837 3016 est.
870 2961 1095 3014 Remota
1144 2958 1410 3028 siquidem
1459 2956 1607 3011 omni
1663 2956 1899 3026 querela,
1957 2964 2009 3010 et

415 3049 607 3106 sedato
664 3048 813 3103 omni
872 3061 1101 3101 rancore
1129 3053 1183 3101 et
1211 3043 1503 3109 discordia,
1539 3051 1926 3099 concesserunt
1954 3051 2008 3097 et

413 3137 588 3192 libere
617 3135 882 3190 dederunt
911 3134 1162 3190 dominus
1192 3132 1504 3188 Willelmus
1535 3140 1588 3186 et
1615 3133 1846 3187 domnus
1877 3131 2013 3186 Gar-
2045 3124 2093 3184 Ο

414 3224 602 3280 nerius
661 3238 787 3278 cum
812 3222 936 3277 filiis
962 3221 1094 3289 suis,
1126 3238 1224 3293 pro
1255 3239 1314 3278 se
1345 3223 1564 3295 suisque
1594 3223 1846 3278 omnibus
1875 3222 2011 3278 vivis

415 3320 470 3368 et
497 3311 786 3377 defunctis,
839 3310 1095 3365 fratribus
1124 3312 1380 3380 Majorevi
1419 3313 1599 3367 omnia
1630 3329 1749 3384 quae
1779 3312 1846 3366 ab
1877 3311 2010 3382 ipsis

415 3401 504 3457 vel
551 3399 990 3456 antecessoribus
1028 3399 1172 3454 dono
1219 3400 1305 3457 vel
1332 3401 1508 3470 pretio
1539 3400 1928 3471 acquisierant,
1958 3406 2012 3453 et

415 3489 610 3562 quibus
665 3489 785 3559 ipso
840 3487 929 3542 die
983 3487 1220 3543 investiti
1269 3497 1443 3544 erant.
1495 3491 1691 3544 Terras
1720 3488 1926 3544 scilicet
1957 3495 2011 3541 et

413 3591 658 3643 nemora,
707 3590 1038 3647 pascuarum
1095 3593 1254 3631 usum
1283 3593 1381 3647 per
1411 3593 1631 3632 omnem
1660 3590 1859 3632 terram
1889 3592 2009 3647 quae

413 3663 558 3720 infra
612 3664 802 3719 eadem
831 3665 1138 3719 continetur
1165 3680 1372 3735 pascua
1404 3683 1417 3718 :
1450 3665 1526 3720 ita
1556 3674 1613 3720 ut
1642 3665 1847 3720 nullam
1875 3681 2008 3735 per—

413 3767 606 3808 sonam
633 3752 898 3822 cujusque
929 3752 1137 3806 ordinis
1167 3753 1254 3806 vel
1283 3753 1584 3824 religionis,
1616 3753 1673 3808 in
1702 3761 1840 3807 terra
1870 3768 2009 3824 prae-

414 3839 557 3895 dicta
587 3839 656 3894 ad
701 3838 1056 3893 habitandum
1095 3840 1411 3910 suscipiant,
1451 3841 1560 3896 imo
1598 3841 1876 3911 suscipere
1907 3856 2010 3896 vo-

411 3925 647 3983 lentibus
675 3942 777 3997 pro
833 3943 995 3997 posse
1053 3944 1152 3982 suo
1209 3927 1429 3983 omnino
1461 3929 1734 3983 resistant.
1768 3930 2009 3998 Excepto

414 4014 561 4086 quod
614 4014 845 4069 domnus
891 4015 1185 4069 Garnerius
1229 4016 1285 4069 in
1339 4015 1465 4071 villa
1523 4017 1591 4072 de
1620 4017 1816 4084 Mionz,
1860 4016 1915 4070 in
1943 4031 2010 4072 eo

415 4102 561 4174 quod
599 4118 756 4157 suum
787 4109 889 4170 est,
922 4103 1210 4175 religiosos
1241 4119 1380 4175 quos
1409 4104 1638 4161 voluerit
1668 4113 1849 4175 potest
1880 4120 2006 4158 sus—

327 4188 334 4192 ”
415 4190 600 4262 cipere
629 4191 697 4244 ad
735 4191 1122 4259 habitandum;
1152 4207 1261 4247 non
1289 4193 1358 4246 ad
1385 4209 1590 4264 pascua
1619 4193 1854 4248 eremitis
1884 4193 2012 4247 data

413 4278 761 4346 devastanda,
793 4279 896 4334 nisi
927 4287 1184 4352 quantum
1214 4281 1284 4336 ad
1314 4281 1488 4352 ipsam
1518 4281 1700 4336 villam
1728 4281 1961 4352 pertinet
1994 4295 2006 4333 :

415 4367 509 4422 ubi
564 4367 728 4422 etiam
781 4359 1070 4438 pecoribus
1099 4370 1358 4438 Majorevi
1406 4370 1664 4425 transitus
1694 4386 1803 4425 non
1832 4384 2010 4439 nega-

2113 1842 2182 1896 de
2211 1843 2509 1896 Nantuaco.
2562 1841 2854 1897 Sciendum
2884 1858 3014 1897 vero
3043 1851 3125 1895 est
3157 1843 3301 1913 quod
3330 1858 3426 1911 pro
3455 1842 3708 1911 praedicta

2114 1930 2470 1985 concessione
2501 1937 2552 1984 et
2580 1929 2892 1990 donatione.
2927 1929 3207 1985 Willelmo
3237 1930 3304 1984 de
3334 1930 3706 1984 Rubeomonte

2110 2018 2430 2073 condonatw
2461 2025 2588 2072 sunt
2615 2033 2711 2072 sex
2733 2017 2888 2072 librae
2908 2017 3372 2072 Gebennensium.
3397 2017 3516 2071 Filii
3536 2017 3700 2072 etiam

2115 2105 2300 2160 domni
2332 2104 2580 2160 Garnerii
2609 2105 2905 2175 supradicti
2934 2105 2991 2158 in
3019 2097 3288 2160 conventu
3316 2106 3705 2160 monachorum

2115 2193 2474 2248 laudaverunt
2523 2209 2644 2264 qua:
2693 2193 2950 2263 praedicta
2992 2201 3136 2262 sunt,
3167 2202 3221 2248 et
3246 2194 3549 2248 habuerunt
3580 2193 3708 2249 inde

2115 2280 2288 2336 ferme
2318 2281 2674 2352 quadraginta
2705 2281 2910 2336 solidos
2941 2281 3403 2336 Gcbennensium.

2118 2460 2203 2514 IV.
2236 2487 2304 2497 —
2336 2457 2496 2528 Origo
2526 2460 2702 2512 castri
2731 2459 2990 2528 Majorevi
3020 2460 3082 2513 in
3113 2459 3258 2513 valle
3290 2459 3355 2513 de
3386 2459 3575 2527 Mei-ia,
3608 2459 3706 2514 ubi

2393 2544 2549 2584 nunc
2582 2528 2882 2583 Carthasia
2910 2529 3159 2600 ejusdem
3188 2531 3456 2584 nominis.

2368 2668 2468 2739 [Ex
2501 2668 2764 2723 tabulario
2794 2669 3092 2724 Carthusiaa
3127 2670 3423 2741 Majorevi.]

2191 2810 2512 2864 RAINALDUS
2561 2810 2660 2864 Dei
2689 2811 2858 2882 gratia
2887 2810 3078 2882 prima:
3109 2811 3484 2881 Lugdunensis
3505 2799 3708 2867 Eccle-

2121 2898 2214 2953 sia:
2243 2899 2486 2954 minister
2513 2899 2752 2953 humilis.

2191 2988 2390 3041 Notum
2436 2985 2664 3041 facimus
2719 2986 3006 3053 universis,
3065 2989 3210 3058 quod
3241 3003 3339 3042 nos
3369 2988 3621 3057 vidimus,
3657 2995 3716 3043 et

2119 3075 2188 3129 de
2219 3075 2387 3129 verbo
2413 3075 2483 3130 ad
2511 3075 2739 3129 verbum
2768 3075 2996 3145 legimus
3028 3075 3317 3147 diligenter
3333 3077 3594 3146 quasdam
3623 3077 3713 3130 lit-

2114 3171 2280 3230 teras,
2325 3179 2505 3230 sanas,
2553 3163 2817 3234 integras,
2867 3178 2976 3218 non
3006 3179 3177 3231 rasas,
3212 3180 3322 3218 non
3351 3164 3573 3219 violatas
3601 3179 3709 3220 nec

2113 3259 2418 3320 corruptas,
2473 3250 2651 3321 sigillo
2689 3266 2853 3305 aureo
2904 3253 3226 3323 perantiquo
3276 3253 3530 3318 munitas,
3565 3268 3709 3322 qua-

2112 3354 2234 3393 rum
2265 3346 2420 3393 tenor
2447 3339 2570 3392 talis
2599 3346 2681 3392 est
2715 3353 2726 3392 :
2762 3340 3033 3395 [foverint
3070 3357 3262 3395 omnes
3298 3345 3604 3412 prasente:
3640 3357 3710 3396 ac

2111 3428 2300 3497 futuri
2329 3427 2470 3498 quod
2516 3427 2947 3482 Valentinianus
2976 3428 3288 3498 imperator
3314 3445 3464 3483 anno
3493 3429 3708 3483 decimo

2110 3515 2272 3584 regni
2293 3516 2412 3585 ejus
2431 3517 2707 3569 concessit
2728 3516 2990 3583 Maiorevo
3003 3518 3124 3585 ejus
3137 3517 3425 3582 cubilario,
3441 3515 3709 3587 quidquid

2112 3604 2349 3658 eiantea
2361 3602 2589 3656 dederat
2604 3603 2667 3656 in
2680 3603 2965 3657 montibus
2979 3607 3034 3657 et
3047 3604 3301 3668 vallibus,
3316 3619 3484 3675 prape
3503 3605 3710 3658 vallem

2111 3690 2404 3754 Helnonis,
2420 3705 2589 3760 prope
2615 3690 2821 3744 vallem
2851 3691 3127 3746 Michatice
3167 3696 3224 3746 et
3252 3707 3418 3762 prape
3453 3694 3709 3744 montem

2113 3777 2205 3832 del
2229 3776 2476 3845 Cambes,
2499 3792 2625 3832 cum
2653 3778 2971 3833 omnimodo
3004 3782 3287 3849 potestate
3309 3780 3422 3834 alte
3445 3783 3499 3834 et
3517 3780 3710 3844 basse;

2111 3865 2318 3930 domos,
2337 3869 2538 3930 turres,
2560 3869 2748 3919 castra
2760 3869 2817 3920 et
2834 3867 2994 3921 urbes
3010 3866 3396 3931 construendi,
3416 3868 3560 3938 leges
3580 3882 3706 3922 con-

2111 3952 2303 4018 dendi,
2326 3955 2555 4024 propria
2575 3955 2927 4008 numismata
2950 3955 3289 4024 fabricandi,
3316 3959 3371 4009 et
3391 3955 3476 4008 ita
3505 3954 3708 4024 agendi

2111 4057 2177 4095 ac
2190 4041 2240 4094 si
2259 4044 2402 4095 esset
2426 4041 2752 4110 imperator.
2774 4041 2846 4094 Eo
2864 4043 3005 4113 quod
3029 4043 3125 4096 ille
3147 4043 3354 4097 maluit
3376 4044 3534 4097 oculo
3555 4041 3707 4096 orba-

2110 4130 2164 4183 ri
2185 4129 2409 4192 dextro,
2434 4143 2600 4198 quam
2623 4129 2827 4183 clavim
2849 4130 3092 4184 cubiculi
3112 4131 3469 4200 imperatoris
3489 4128 3710 4184 tradere

2109 4215 2403 4286 Arbogasti
2437 4217 2607 4271 hosti.
2633 4217 2792 4287 Apud
2811 4217 3092 4273 Isernoros
3111 4219 3372 4272 Kalendis
3394 4218 3622 4288 Aprilis.
3665 4219 3713 4270 Α

2111 4312 2268 4375 tergo
2290 4313 2469 4358 autem
2500 4304 2617 4358 haec
2637 4304 2836 4374 scripta
2875 4314 3046 4359 erant.
3079 4307 3386 4367 Maiorevus
3405 4305 3706 4373 mdiﬁcavit

2111 4393 2305 4447 urbem
2323 4392 2411 4447 del
2434 4393 2703 4456 Balmeto,
2727 4410 2760 4446 a
2777 4409 2885 4464 qua
2905 4409 3108 4449 nomen
3129 4396 3481 4458 estsortitus,
3504 4397 3558 4447 et
3579 4408 3706 4447 cas-

413 4462 519 4510 ωτ·
573 4456 839 4552 maleﬁca
866 4457 1050 4511 omnia
1079 4474 1201 4552 (ξξλίθ
1232 4457 1460 4512 fratrum
1490 4457 1743 4526 Μθδοτθνί
1774 4465 1918 4552 sum:
1951 4457 2006 4510 in
2027 4468 2082 4529 D
2113 4486 2268 4536 trum
2286 4483 2516 4552 praprio
2530 4481 2759 4537 nomine
2778 4456 2844 4536 ab
2868 4483 2986 4552 ipso
3015 4485 3272 4536 vocatum
3294 4456 3626 4550 ﬂlajorevum
3644 4482 3709 4534 in

409 4544 811 4600 manutenentia
839 4552 894 4600 et
925 4545 1167 4600 custodia
1197 4561 1298 4601 sua
1327 4553 1724 4616 susceperunt;
1759 4545 2008 4600 euntibus

413 4639 468 4687 et
494 4632 842 4688 redeuntibus
886 4633 956 4688 ad
983 4633 1206 4689 domum
1253 4633 1643 4704 supradictam,
1702 4633 1911 4688 ﬁrmam
1941 4633 2010 4688 de

412 4735 473 4776 se
503 4720 723 4792 suisque
779 4721 1092 4776 hominibus
1148 4721 1494 4778 securitatem
1540 4723 1807 4778 dederunt
1836 4737 1848 4776 :
1880 4729 1933 4777 et
1964 4721 2010 4775 si

411 4823 574 4880 quam
629 4808 926 4880 aliquando
981 4809 1235 4878 injuriam
1275 4811 1583 4881 saepedictis
1613 4810 1890 4879 fratribus,
1923 4808 2011 4865 vel

416 4896 486 4950 ad
517 4913 576 4952 se
606 4897 969 4963 venientibus,
999 4898 1088 4953 vel
1117 4899 1470 4954 redeuntibus
1501 4899 1765 4965 fecerant,
1797 4898 2010 4954 veniam

413 4984 732 5056 suppliciter
771 4985 1212 5055 postulaverunt.
1237 4989 1366 5044 Hazc
1395 5004 1516 5058 qua:
1547 4987 1692 5043 dicta
1722 4995 1848 5042 sunt
1875 4986 2010 5042 fide-

409 5069 531 5126 liter
584 5071 848 5139 intellexi,
908 5074 1275 5144 promiserunt
1333 5084 1386 5131 et
1411 5077 1731 5145 juraverunt
1759 5075 1816 5129 in
1842 5090 2009 5130 manu

409 5166 601 5213 nostra
655 5159 905 5214 dominus
960 5163 1272 5219 Willelmus
1302 5164 1372 5220 de
1401 5164 1796 5232 Rubeomonte,
1831 5171 1884 5217 et
1914 5163 2010 5217 filii

407 5246 582 5317 ipsius
619 5247 931 5303 Willelmus
988 5258 1042 5305 et
1097 5252 1274 5321 Aimo,
1329 5252 1561 5307 domnus
1593 5251 1925 5318 Garnerius;
1957 5259 2011 5306 et

410 5333 508 5388 filii
537 5335 654 5403 ejus
712 5336 1042 5407 Willelmus,
1077 5339 1405 5406 Guiﬂ'redus,
1441 5340 1756 5406 Garnerius,
1790 5340 2008 5395 Gauce-

410 5437 628 5478 rannus.
661 5424 1025 5481 Laudantibus
1056 5428 1217 5481 etiam
1247 5428 1484 5498 idipsum
1511 5428 1766 5484 uxoribus
1797 5444 2005 5494 eorum,

409 5525 532 5580 quae
560 5511 629 5564 ad
679 5528 924 5568 eremum
955 5515 1143 5570 venire
1173 5530 1282 5570 non
1311 5523 1580 5586 poterant.
1617 5515 1848 5571 Definita
1878 5533 2008 5572 vero

408 5605 532 5652 sunt
559 5599 677 5656 hac
719 5603 866 5672 apud
892 5604 1256 5671 Majorevum,
1290 5603 1345 5656 in
1375 5601 1538 5658 domo
1567 5603 1830 5672 inferiori,
1865 5619 2009 5660 anno

2110 4569 2258 4623 valle
2285 4568 2351 4624 de
2373 4569 2564 4636 Meria,
2584 4569 2738 4624 dicta
2758 4571 2975 4639 afustis
2994 4570 3255 4626 arborum
3273 4570 3614 4633 evulsarum,
3635 4568 3712 4622 ad

2110 4655 2420 4713 coercenda
2465 4657 2770 4712 latrocinia
2805 4659 2990 4713 Jovini
3017 4660 3178 4729 Papae
3197 4657 3410 4727 nefarii
3430 4661 3485 4712 et
3505 4657 3709 4726 ferocis

2115 4745 2314 4816 templi
2333 4745 2832 4816 Montiswgrorum.
2863 4745 3384 4815 Genuitllajorevus
3412 4744 3704 4800 Ginoldum

2111 4832 2202 4887 del
2221 4833 2476 4888 Balmeto
2493 4837 2624 4903 post
2648 4834 2891 4904 triginta
2912 4838 3124 4904 septem
3145 4837 3378 4904 nepotes
3399 4833 3466 4887 ab
3484 4835 3601 4904 ipso
3624 4830 3711 4884 di-

2110 4924 2263 4976 recte
2287 4920 2711 4986 descendentes,
2751 4921 3042 4977 Ginioldus
3073 4923 3342 4976 Pontium
3365 4920 3707 4991 procreavit,

2111 5010 2348 5064 Pontius
2373 5024 2497 5063 vero
2513 5009 2848 5075 Ritboldum,
2876 5009 3166 5065 Ritboldus
3187 5007 3569 5064 Nortboldum.
3595 5007 3708 5060 Nos

2111 5110 2245 5150 vero
2274 5095 2340 5149 ad
2371 5110 2566 5165 preces
2604 5096 2850 5150 Aimonis
2879 5095 3153 5151 domicelli
3184 5096 3272 5150 del
3297 5096 3552 5160 Balmeto,
3575 5111 3712 5164 prae-

2111 5198 2240 5236 sens
2257 5191 2652 5254 transumptum
2670 5183 2897 5239 fecimus
2919 5184 3144 5255 sigillari
3165 5183 3345 5255 sigillo
3367 5191 3572 5247 nostro,
3593 5189 3714 5236 tan-

2114 5286 2276 5342 quam
2334 5272 2666 5326 conveniens
2715 5288 2837 5328 cum
2888 5271 3161 5344 originali.
3231 5273 3418 5326 Testes
3465 5269 3702 5324 fuerunt.

2111 5357 2423 5413 Willelmus
2472 5359 2539 5414 de
2587 5360 2867 5430 Colongia,
2918 5360 3056 5415 Albo
3105 5361 3172 5414 de
3201 5360 3379 5413 Monte
3425 5373 3608 5422 aureo,
3641 5357 3712 5411 G.

2111 5446 2564 5516 pmnitentiarius,
2615 5449 2705 5502 Le.
2777 5449 3124 5503 senescalcus
3183 5446 3469 5502 refectorii.
3520 5447 3716 5500 Datum

2115 5550 2257 5589 anno
2288 5535 2354 5588 ab
2385 5535 2755 5591 incarnatione
2811 5537 3029 5591 Domiui
3069 5540 3224 5600 1213,
3278 5550 3464 5589 mense
3521 5533 3714 5603 Aprili,

2111 5637 2241 5677 cum
2275 5623 2456 5693 sigillo
2489 5625 2737 5693 ejusdem
2763 5625 3072 5694 pontiﬁcis.
