3938 6414
499 332 599 388 943

1360 325 1420 380 S.
1472 323 1786 380 HUGONIS
1826 323 2042 378 EPISC.
2086 321 2408 377 LINCOLN.
2452 321 2616 378 0RD.
2660 321 2911 378 CARTH.

3704 321 3825 376 944

504 459 660 512 1185.
691 452 970 508 Nominari
1010 459 1190 506 autem
1235 451 1473 521 potuisse
1520 466 1552 505 a
1599 465 1730 520 rege
1787 449 2095 503 Walterum
2124 457 2385 521 Aregem
2417 447 2718 521 Anglorum
2774 445 3081 521 infirmitate
3122 453 3322 502 tactum
3360 445 3680 521 _visitavit_n
3715 445 3811 500 Id.

502 541 644 582 anno
677 529 833 590 1183,
894 525 1038 579 circa
1071 538 1314 577 mensem
1360 521 1628 587 Martium,
1692 529 1876 590 posset
1935 536 1999 574 ex
2031 536 2096 574 eo

505 595 689 668 colligi
722 593 869 668 quod
897 593 1147 668 Gaiterus
1178 607 1321 668 anno
1372 596 1527 668 1182,
1573 591 1626 644 in
1654 591 1741 644 die
1762 590 2097 668 Epiphaniae,

505 659 886 738 resignaverit,
945 663 1300 738 Walterusei
1331 662 1554 738 quidem
1600 659 1972 738 success’e‘rit,‘
2005 659 2099 714 sed

509 731 752 793 nonvnisi
799 737 959 790 unius
987 736 1113 787 anni
1164 731 1454 803 episcopus
1501 732 1792 786 Lincolnize
1840 731 2029 803 fuerit,
2051 739 2103 785 et

508 808 782 865 Rotrodus
813 822 955 860 anno
989 809 1123 859 1183
1154 801 1556 859 niensetameu
1588 803 1816 865 incerto,
1863 801 2057 856 obierit
2085 818 2098 854 :

507 888 560 935 et
599 878 747 950 quod
778 875 1059 950 Walterus
1090 876 1237 950 ideo,
1268 882 1404 929 teste
1436 873 1680 950 Giraldo,
1705 871 1981 950 Lincolnia
2003 872 2105 926 Ro-

504 943 828 1019 thomagumr
853 947 1149 1019 translatus
1197 945 1281 1019 sit,
1316 953 1373 998 ut
1402 944 1516 1015 regi
1557 944 1611 1019 in
1644 943 1886 998 consiliis
1918 950 1970 996 et
2013 957 2101 1019 ar:

507 1022 630 1077 duis
653 1012 886 1090 négotiis
906 1017 1156 1090 proprius
1172 1015 1386 1090 adesset
1409 1029 1420 1067 :
1445 1012 1565 1090 quae
1586 1013 1724 1090 forte
1746 1029 1940 1090 causa,
1955 1012 2100 1084 quod

507 1109 537 1146 a
567 1107 700 1162 rege
725 1083 842 1144 non
870 1083 1033 1158 longe
1060 1087 1129 1162 ab
1163 1086 1312 1141 obitu
1343 1083 1568 1141 Rotrodi
1597 1084 1896 1140 Walterius
1927 1083 1984 1137 in
2011 1099 2100 1136 ar-

510 1158 918 1232 chiepiscopum
947 1158 1334 1232 nominaretur.

581 1225 675 1286 llis
705 1225 933 1302 quatuor
963 1227 1259 1302 rationibus
1289 1226 1535 1302 inducor,
1569 1225 1877 1290 utcredam,
1899 1239 2100 1302 secun-

509 1304 637 1358 dum
664 1298 899 1357 mentem
929 1299 1159 1354 auctoris
1192 1298 1327 1353 Vita:
1350 1299 1404 1352 S.
1440 1298 1724 1367 lIugonem
1765 1311 1909 1350 anno
1941 1298 2097 1360 1185,

509 1374 596 1429 die
629 1373 683 1427 S.
720 1371 974 1437 Matthzei,
1011 1370 1063 1423 in
1094 1369 1408 1439 epiSCOpum
1441 1366 1874 1439 Lin’colniensem
1908 1380 2101 1420 conse-

509 1451 718 1518 cratum
751 1441 936 1518 fuisse.
973 1437 1141 1495 Ratio
1157 1437 1330 1518 prima
1361 1446 1412 1492 et
1443 1437 1683 1518 secunda
1712 1452 1810 1516 pro
1832 1437 1934 1516 hoc
1956 1451 2100 1490 anno

510 1514 642 1570 satis
675 1513 977 1585 perspicuze
997 1520 1060 1585 et
1089 1506 1365 1585 evident_es
1396 1516 1538 1585 sunt,
1573 1523 1673 1562 nec
1709 1506 2099 1585 minorispon-

508 1577 832 1640 deris'ratio
891 1581 1063 1646 tertia,
1109 1596 1234 1636 cum
1289 1579 1715 1633 Bartholomzeus
1773 1577 2100 1632 Oxoniensis

505 1657 658 1725 juxta
694 1654 933 1709 Annales
973 1650 1382 1725 Wintonienses
1439 1665 1582 1704 anno
1612 1652 1746 1725 [186
1802 1648 2013 1725 obierit_,
2048 1654 2101 1702 et

509 1719 703 1781 eodem
751 1739 894 1779 anno
951 1722 1251 1777 secundum
1285 1721 1582 1774 Trivettum
1627 1720 1861 1773 Joannes
1920 1719 2098 1772 eidem

509 1796 856 1852 successerit.
889 1793 1093 1864 Quarto
1123 1808 1252 1846 vero
1303 1791 1433 1844 ratio
1456 1807 1585 1864 eum
1645 1806 1712 1844 ex
1743 1788 1926 1864 multis
1985 1789 2096 1843 eir-
2121 1806 2172 1864 Β

511 1866 846 1922 cumstantiis
879 1858 1203 1933 dependeat,
1236 1861 1472 1933 quaivel
1498 1877 1637 1917 verae
1679 1859 1763 1933 vel
1787 1858 2100 1933 _falsa_2_esse

507 1945 752 2007 possunt,
786 1931 980 1990 eruditi
1010 1933 1230 1988 lectoris
1256 1931 1464 2001 judicio
1487 1940 1538 1986 et
1567 1931 1799 1986 examini
1856 1931 2095 1998 subjecta

507 2015 645 2062 ρδιο.

581 2078 751 2132 Porro
782 2075 910 2145 quid
939 2074 1065 2130 huic
1094 2089 1195 2144 pro
1226 2088 1370 2128 anno
1405 2071 1854 2145 ttSbAsententite
1901 2077 2103 2145 nostra:

506 2164 571 2204 ex
604 2149 708 2202 hac
738 2141 860 2201 Vita
889 2141 1308 2216 Opponi'possit,
1340 2159 1448 2198 non
1481 2142 1658 2197 video.
1686 2141 1929 2216 Dubium
1976 2141 2096 2195 uni-

508 2234 634 2275 cum
664 2225 845 2273 movet
872 2212 1159 2281 Trivettus,
1193 2215 1263 2268 ad
1291 2216 1434 2269 hunc
1473 2229 1672 2266 annum
1704 2213 1774 2266 ita
1810 2212 2054 2266 scribens
2087 2227 2100 2267 :

510 2312 530 2339 ι
566 2290 679 2345 Rex
711 2288 1006 2358 Anglorum
1038 2302 1182 2358 mare
1212 2286 1476 2358 transiens
1527 2284 1671 2358 diem
1722 2283 1945 2358 Pascha
1991 2283 2104 2336 Ro-

505 2359 747 2433 thomagi
776 2354 1092 2414 cclebravit.
1129 2378 1150 2408 ι
1188 2358 1254 2412 Ει
1284 2357 1518 2411 iterum:
1556 2378 1575 2400 «ι
1623 2355 1735 2410 Rex
1773 2354 2104 2408 Francorum

1323 2641 2005 2778 SANCTI

2202 517 2340 573 Nev.
2382 544 2403 567 »
2436 517 2751 572 Etdemum
2768 517 2837 572 ad
2868 533 3069 572 annum
3093 521 3228 572 1186
3264 533 3276 571 :
3314 538 3336 568 ι
3360 518 3474 573 Rex
3496 517 3814 589 Anglorum

2203 605 2312 668 una
2359 605 2484 644 cum
2544 590 2730 668 regina
2787 589 3140 668 innAngiiam
3216 589 3483 668 transiens
3531 589 3586 642 in
3637 597 3812 658 portu

2203 661 2469 714 Ilamtone
2490 659 2742 731 applicuit
2774 659 2951 731 vKal.
2976 659 3123 714 Maii.
3161 680 3182 710 ι
3220 659 3275 713 Si
3306 659 3472 731 igitur
3503 675 3597 713 rex
3652 673 3810 731 anno

2203 731 2414 801 integro
2453 731 2608 785 haesit
2638 730 2691 783 in
2721 730 3262 794 Northmannia,non
3288 730 3540 801 videntur
3555 730 3809 801 potuisse

2204 799 2494 872 fieri—anno
2527 801 2748 872 H85in
2779 800 2995 872 Anglia,
3032 817 3154 872 quas
3201 800 3403 855 ibidem
3435 799 3588 872 ifacta
3627 799 3806 854 fuisse

2204 818 2321 855 neri
2353 818 2494 856 anno
2527 818 2664 856 nua
2695 818 2748 854 in
2779 818 2860 855 an
2907 818 2995 868 na,
3032 818 3154 872 quae
3201 818 3403 855 ibidem
3448 818 3588 856 taeta
3627 818 3806 854 tuisse

2201 871 2295 926 lib.
2330 887 2411 940 ut,
2445 887 2572 940 cap.
2613 875 2636 924 1
2674 871 2830 940 hujus
2865 818 3006 925 €Iitze
3063 878 3367 926 narrantur.
3427 871 3628 926 Verum
3683 878 3809 925 toto

2201 958 2344 996 anno
2375 959 2562 1013 regem
2593 950 2744 996 extra
2774 941 3028 1013 Angliam
3059 941 3395 1013 hmsisseivix
3413 941 3669 1013 credibile
3688 949 3802 995 est.

2205 1013 2380 1067 Potuit
2407 1011 2552 1067 enim
2584 1030 2680 1067 rex
2711 1011 2920 1068 Pascha
2950 1011 3264 1068 celebrasse
3297 1012 3621 1083 Rothomagi
3650 1026 3808 1083 anno

2207 1087 2345 1137 1185
2370 1102 2385 1149 ;
2419 1100 2486 1138 eo
2516 1083 2792 1154 celebrato
2806 1083 2862 1154 in
2889 1083 3147 1154 Angliam
3173 1099 3364 1140 mense
3411 1083 3552 1138 Maio
3579 1082 3806 1154 redire,

2204 1154 2449 1225 Hugonis
2496 1153 2750 1209 electioni
2811 1152 3042 1225 favere,
3077 1153 3316 1225 ipsoque
3373 1161 3689 1225 consecrato
3741 1152 3808 1206 in

2201 1223 2652 1279 Northmanniam
2682 1224 2896 1291 reverti,
2938 1223 3141 1280 ibidem
3169 1223 3232 1280 in‘
3254 1224 3544 1280 adversum
3579 1223 3804 1279 valetu-

2202 1295 2384 1366 dinem
2414 1295 2676 1360 incidere,
2709 1311 2739 1348 a
2767 1311 2896 1366 rege
2927 1297 3255 1352 Francorum
3276 1295 3454 1366 invisi,
3487 1311 3551 1350 ac
3575 1295 3808 1366 demum

2202 1365 2458 1436 Angliam
2489 1367 2737 1436 sequenti
2765 1364 2908 1420 anno
2939 1375 3213 1437 repetere.
3262 1364 3380 1434 Quo
3411 1367 3558 1436 dato,
3611 1365 3807 1435 dispa-

2203 1445 2324 1508 rent
2353 1437 2528 1508 nubes
2557 1454 2678 1508 qua:
2706 1453 2771 1490 ex
2800 1437 3040 1508 Trivetto
3069 1444 3259 1493 contra
3287 1443 3527 1508 nostrain
3584 1443 3813 1508 senten-

2203 1507 2414 1631 tiadmbet
2441 1505 2619 1631 ipsum
2650 1507 2934 1580 praesentis
2965 1508 3087 1565 vita
3117 1516 3390 1564 auctorem
3420 1505 3616 1562 adduci
3632 1520 3814 1576 posse

2203 1595 2252 1631 Vl
2297 1593 2325 1631 8
2368 1592 2436 1631 an
2463 1595 2546 1631 UI‘.

2201 1585 2546 1633 videbantur.

2273 1648 2439 1702 Multo
2470 1649 2648 1704 adhuc
2675 1647 2847 1703 levius
2877 1656 2976 1714 est,
3010 1649 3156 1719 quod
3183 1656 3599 1719 contrarannum
3654 1648 3810 1719 1185

2203 1717 2430 1772 forsitan
2459 1719 2620 1787 objiei
2648 1727 2855 1788 posset,
2887 1735 2954 1774 eo
2977 1717 3182 1775 scilicet
3203 1735 3347 1774 anno
3368 1718 3564 1774 festum
3577 1717 3796 1772 S.Mat-

2202 1789 2346 1860 thzei,
2381 1789 2574 1860 iniquo
2593 1789 2888 1860 secundum
2915 1805 3123 1860 omnes
3155 1790 3210 1844 S.
3244 1791 3402 1860 Hugo
3447 1794 3810 1860 consecratus

2202 1858 2316 1924 fuit,
2352 1860 2407 1912 in
2437 1857 2727 1913 sabbatum
2761 1859 3039 1925 incidisse,
3068 1867 3117 1914 et
3140 1875 3282 1914 anno
3313 1857 3531 1914 demum
3553 1857 3807 1930 sequenti

2201 1931 2256 1984 in
2285 1931 2430 1984 diem
2461 1930 2819 1996 Dominicam,
2855 1946 2975 2000 quae
3021 1930 3526 1984 consecrationibus
3583 1928 3800 2000 episco-

2201 2016 2391 2072 porum
2422 2000 2686 2055 destinata
2733 2010 2834 2055 est.
2884 2001 3021 2072 Nam
3077 2008 3441 2072 praeterquam
3496 2000 3644 2071 quod
3701 2013 3806 2072 nec

2203 2069 2396 2127 auctor
2425 2072 2579 2138 Vitae,
2612 2087 2712 2126 nec
2742 2071 3009 2142 Rogerius
3040 2069 3141 2124 nec
3180 2069 3440 2142 Parisius,
3471 2069 3594 2142 nec
3643 2069 3804 2142 quis-

2205 2159 2366 2213 quam
2396 2142 2536 2197 alius
2566 2150 2775 2196 asserat
2805 2140 2861 2196 Ξ.
2893 2143 3178 2211 Hugonem
3207 2141 3296 2213 die
3325 2140 3612 2213 Dominica
3639 2140 3806 2196 sacra

2205 2211 2894 2292 episcOpalia‘suscepisse,
2934 2211 3379 2292 consecrationes
3399 2212 3809 2292 episcoporum

2206 2280 2366 2338 etiam
2396 2280 2483 2337 'in
2542 2283 2693 2339 festis
2729 2280 3107 2354 apostolorum
3155 2280 3274 2354 ﬁeri
3321 2280 3576 2354 potuisse,
3604 2280 3809 2337 iextra

2206 2354 2635 2410 controversiam
2668 2352 2902 2410 videtur.
2927 2353 3036 2409 Sed
3066 2355 3134 2409 de
3160 2353 3246 2408 his
3291 2352 3443 2408 satis.

2174 2642 2982 2777 HUGONIS

1029 2863 1339 2921 EPISCOl’l
1381 2860 1916 2918 LINCOLNIENSIS
1954 2861 2026 2915 IN
2066 2861 2328 2916 ANGLIA
2368 2861 2656 2919 ORDINIS
2695 2862 3272 2920 CARTHUSIENSIS.

1178 3275 1578 3378 LIBRIS
1659 3275 2215 3400 QUINQUE
2297 3245 3130 3380 CONSCRIPTA.

733 3603 1137 3670 PROLOGUS
1181 3601 1812 3667 ABREVIATIONIS
1858 3602 2080 3662 VIT/E
2124 3601 2479 3666 HUGONIS
2523 3601 2891 3665 EPISCOPI
2932 3602 3573 3666 LINCOLNIENSIS.

579 3765 825 3833 Inspecta
856 3761 999 3816 serie
1045 3761 1431 3831 descriptionis
1461 3761 1596 3816 Vitae
1645 3760 1786 3814 beati
1834 3760 2099 3831 Hugonis,
2136 3761 2182 3821 Ο
2274 3760 2542 3814 Dividitur
2570 3767 2749 3816 autem
2779 3761 3032 3815 volumen
3053 3760 3200 3815 istud
3257 3759 3680 3815 abbreviationis
3709 3776 3817 3831 per

507 3867 666 3922 quam
717 3849 1022 3919 composuit
1078 3849 1313 3902 fraterA
1351 3890 1386 3917 .,
1419 3849 1488 3903 de
1531 3863 1637 3918 quo
1675 3848 1730 3902 in
1786 3848 2106 3903 salutatione

509 3947 633 3994 ante
666 3937 956 4010 prologum
999 3937 1200 3992 mentio
1243 3935 1301 3990 fit
1352 3926 1633 4007 expressa,
1694 3936 1972 3991 inventum
2024 3943 2107 3991 est

505 4027 580 4080 ibi
610 4026 877 4082 contineri
911 4026 1204 4080 verborum
1234 4024 1595 4090 dilatationes,
1632 4040 1768 4096 quas
1797 4041 1898 4096 pro
1919 4033 2108 4079 ornatu

505 4123 561 4170 et
590 4113 952 4170 aedificatione
982 4113 1233 4182 apposuit
1263 4112 1431 4167 frater
1447 4113 1759 4183 praadictus,
1791 4129 1894 4168 nec
1924 4121 2107 4168 tamen

509 4211 634 4259 sunt
654 4203 722 4257 de
753 4202 1052 4256 substantia
1083 4201 1160 4255 rei
1193 4209 1383 4273 gestm.
1443 4201 1762 4255 Inserantur
1803 4202 1960 4255 etiam
2019 4200 2108 4255 di-

511 4291 826 4365 gressiones
856 4289 1039 4354 variae,
1091 4290 1306 4360 quibus,
1337 4304 1444 4343 non
1502 4289 1674 4343 nostri
1704 4289 1968 4360 Hugonis,
2011 4289 2110 4344 sed

511 4380 734 4434 aliarum
756 4378 865 4433 vita
894 4377 1221 4432 describitur
1267 4391 1648 4446 personarum.
1684 4378 1877 4432 Adhuc
1932 4386 2110 4432 autem

514 4468 582 4521 ad
613 4469 756 4522 hunc
784 4474 1029 4520 nostrum
1060 4467 1342 4536 llugonem
1383 4465 1821 4536 contingentibus
1869 4467 2110 4536 interpo-

514 4563 714 4608 nuntur
765 4553 942 4625 aliqua
992 4554 1167 4608 minus
1233 4553 1505 4620 notabilia,
1566 4570 1687 4624 qua:
1741 4569 1838 4624 pro
1894 4553 2112 4610 vitanda

514 4641 821 4713 prolixitate
879 4641 1041 4696 nimia
1082 4642 1332 4697 videntur
1369 4641 1548 4712 potius
1597 4642 1913 4698 omittenda.
1967 4644 2110 4699 Sane

515 4731 790 4801 prolixitas
813 4731 925 4798 jam
981 4737 1238 4800 praetacta
1285 4730 1335 4782 in
1391 4745 1554 4784 causa
1610 4730 1778 4786 fuisse
1849 4731 2107 4798 creditur,

506 4817 681 4889 "quare
701 4817 880 4872 minus
909 4817 1140 4872 libenter
1167 4818 1429 4872 hactenus
1469 4816 1638 4873 lectus
1670 4825 1772 4886 est,
1805 4828 1856 4873 et
1899 4819 2112 4874 auditus

513 4906 652 4963 liber
679 4906 962 4962 continens
985 4906 1183 4960 seriem
1213 4905 1560 4962 antedictam.
1596 4905 1723 4962 Ideo
1776 4922 1875 4977 pro
1903 4908 2113 4962 honore

514 4995 706 5060 sancti,
741 5001 794 5050 et
844 5002 955 5048 tam
991 4993 1206 5048 lectoris
1236 5009 1396 5065 quam
1451 4994 1712 5051 auditoris
1768 4994 1982 5050 fastidio
2033 5011 2115 5051 re-

515 5083 807 5149 movendo,
844 5083 1016 5138 visum
1048 5091 1128 5136 est
1157 5083 1286 5136 mihi
1340 5083 1631 5153 plurimum
1676 5083 1950 5153 expedire,
2013 5083 2110 5137 sub
2131 5119 2182 5178 Β

516 5171 770 5226 breviore
815 5170 1194 5240 compilatione
1244 5171 1501 5240 praesenti
1558 5170 1820 5225 volumini
1869 5171 2110 5226 inserere

512 5258 606 5314 illa
638 5275 756 5331 quae
799 5259 866 5314 de
925 5258 1043 5314 Vita
1093 5267 1146 5313 et
1201 5259 1622 5314 conversatione
1678 5258 1850 5313 sancti
1879 5259 1947 5312 de
2009 5275 2115 5330 quo

514 5346 698 5419 igitur,
761 5347 934 5418 magis
981 5347 1242 5402 notabilia
1292 5354 1416 5401 sunt
1470 5345 1710 5402 inventa.
1764 5346 1881 5401 Nec
1936 5347 2115 5418 aliqua

510 5434 754 5490 invenies
784 5435 839 5489 in
864 5437 968 5491 hoc
997 5435 1290 5500 volumine,
1324 5433 1427 5488 nisi
1481 5442 1697 5505 sumpta
1755 5434 1824 5489 de
1855 5434 1992 5490 serie
2033 5452 2117 5490 su-

512 5523 775 5592 pradicta.

2208 3848 2425 3902 libellos
2454 3849 2712 3920 quinque,
2747 3849 2885 3903 sicut
2901 3848 3040 3904 liber
3090 3849 3376 3904 continens
3423 3849 3690 3919 majorem
3719 3865 3810 3904 se-

2208 3937 2344 3991 riem
2367 3945 2744 3992 memoratam.
2776 3936 2836 3991 In
2865 3952 3098 4007 quorum
3128 3936 3306 4008 primo
3353 3937 3532 4008 agitur
3562 3937 3632 3993 de
3691 3937 3804 3994 vita

2209 4034 2259 4080 et
2289 4025 2707 4081 conversatione
2734 4025 3116 4098 gloriosissimi
3139 4026 3313 4081 nostri
3337 4025 3585 4096 Hugonis
3617 4041 3651 4080 a
3678 4042 3817 4097 pue-

2209 4113 2331 4169 ritia
2365 4129 2458 4168 sua
2488 4129 2660 4185 usque
2689 4115 2758 4169 ad
2789 4128 2943 4168 suam
2974 4115 3028 4169 in
3069 4115 3324 4186 Angliam
3378 4114 3816 4185 transmigratio-

2208 4218 2355 4257 nem.
2391 4203 2448 4256 In
2481 4202 2722 4257 secundo
2755 4203 2823 4257 de
2858 4203 3336 4275 transmigratione
3386 4211 3440 4258 et
3494 4203 3667 4274 gestis
3695 4204 3812 4258 suis

2209 4288 2263 4343 in
2295 4290 2557 4362 regimine
2575 4291 2770 4346 domus
2801 4291 3117 4348 Withamiae
3148 4301 3273 4347 ante
3322 4291 3806 4362 episcopationem.

2211 4378 2270 4430 In
2307 4380 2484 4443 tertio,
2521 4380 2750 4452 qualiter
2779 4381 2834 4434 in
2861 4381 3176 4451 episcOpum
3207 4387 3291 4436 est
3319 4388 3556 4447 creatus,
3581 4387 3632 4434 et
3649 4395 3810 4450 quam

2210 4475 2424 4522 strenue
2445 4468 2935 4539 cmpitepiscopale
2962 4468 3200 4524 officium
3221 4484 3498 4524 exercere.
3548 4469 3604 4522 In
3622 4474 3812 4538 quarto

2209 4563 2387 4611 autem
2419 4564 2471 4610 et
2525 4556 2713 4628 quinto
2757 4557 3008 4625 adjicitur
3053 4557 3123 4612 de
3179 4557 3427 4628 pluribus
3479 4557 3596 4626 ejus
3656 4555 3816 4612 factis

2210 4643 2586 4711 laudabilibus,
2618 4653 2728 4700 tam
2759 4645 3124 4712 miraculosis,
3185 4661 3347 4717 quam
3377 4645 3516 4700 aliis.
3576 4645 3690 4701 Nec
3727 4644 3812 4700 vi-

2211 4733 2367 4788 detur
2396 4733 2590 4788 horum
2643 4733 2947 4788 libellorum
2979 4735 3120 4789 inter
3177 4750 3237 4788 se
3284 4741 3337 4789 et
3381 4749 3414 4788 a
3462 4733 3623 4789 tertio
3678 4731 3812 4788 ratio

2212 4821 2318 4874 alia
2347 4820 2734 4889 distinctionis,
2765 4821 2872 4875 nisi
2921 4830 2980 4875 ut
3025 4838 3126 4893 per
3185 4821 3591 4878 distinctionem
3637 4821 3812 4892 ipsam

2211 4910 2481 4963 minuatur
2520 4909 2740 4978 legendi
2771 4917 2824 4964 et
2851 4909 3108 4964 audiendi
3140 4909 3436 4973 fastidium,
3474 4909 3619 4981 quod
3640 4911 3811 4979 majus

2213 4996 2368 5066 foret,
2393 4997 2438 5050 si
2459 4997 3056 5067 comprehenderentur
3087 5006 3197 5054 tres
3216 4999 3270 5052 in
3291 5013 3418 5052 uno.
3446 4999 3666 5072 Prologi
3685 5014 3814 5055 vero

2213 5085 2280 5139 de
2313 5084 2480 5140 verbo
2503 5085 2573 5139 ad
2605 5085 2830 5140 verbum
2879 5085 2988 5151 hic,
3021 5086 3160 5141 sicut
3214 5085 3270 5140 in
3314 5086 3503 5152 majori
3546 5088 3816 5143 volumine

2217 5180 2549 5242 supratacto,
2583 5172 2780 5227 libellis
2811 5172 3041 5245 singulis
3092 5180 3487 5244 proponuntur.
3536 5175 3813 5246 Capitulo-

2218 5277 2332 5315 rum
2367 5276 2498 5316 vero
2529 5261 2834 5331 aliquorum
2883 5277 2994 5316 non
3044 5270 3290 5317 servatur
3344 5261 3500 5317 ordo.
3553 5263 3661 5319 Sed
3712 5281 3810 5320 nec

2216 5349 2395 5403 omnia
2426 5349 2662 5420 capitula
2693 5349 3024 5421 inseruntur,
3050 5351 3177 5424 quia
3205 5351 3385 5424 aliqua
3413 5359 3540 5406 sunt
3569 5351 3805 5422 sublata,

2217 5446 2269 5493 et
2326 5447 2574 5494 contenta
2611 5439 2858 5510 quaedam
2906 5440 2978 5494 ibi
3014 5441 3116 5496 sub
3166 5441 3489 5513 quibusdam
3535 5440 3800 5512 capitulis,

2217 5527 2334 5582 haec
2357 5528 2425 5583 ad
2456 5527 2698 5599 capitula
2727 5529 2828 5584 alia
2859 5529 3274 5586 transferuntur.

1656 5706 1912 5777 Explicit
1946 5708 2211 5778 prologu:
2248 5707 2667 5774 abbreviatoris.
