3938 6402
156 312 266 397 eis

1544 353 1732 411 VITA.
1779 384 1849 398 -
1885 354 2012 411 LIB.
2059 356 2099 410 Ι.

3377 367 3480 422 946

160 501 3481 540 ._._____.____________________________________

1358 646 1727 749 LIBER
1803 573 2304 752 PRIMUS.

639 912 1037 990 CAPITULUM
1079 915 1365 972 PRIMUM.

177 1034 607 1109 QualiterHugo
617 1039 914 1108 genitricis
926 1039 1129 1096 solatio
1142 1040 1475 1109 destitutus,
1490 1044 1546 1095 et
1560 1041 1783 1109 regula-

166 1141 171 1144 ο
248 1108 305 1182 ri
334 1108 568 1182 collegio
588 1109 926 1182 clericorum
948 1127 1065 1164 una
1086 1128 1217 1165 cum
1236 1108 1494 1182 genitore
1512 1108 1779 1177 sociatus,

243 1179 448 1248 iugum
470 1179 696 1251 Domini
715 1180 782 1234 ab
803 1180 1062 1250 infantia
1080 1179 1417 1251 portaverit,
1442 1186 1497 1237 et
1517 1183 1782 1237 inserun-

248 1252 351 1304 tur
379 1250 445 1304 de
472 1265 579 1304 sua
605 1250 975 1306 institutione
995 1250 1206 1324 puerili
1235 1253 1397 1308 verba
1426 1254 1701 1324 ejusdem.

243 1373 408 1445 Hugo
438 1374 518 1446 (l)
566 1374 844 1446 genitricis
892 1375 1101 1441 solatio,
1155 1391 1280 1432 cum
1327 1376 1562 1432 necdum
1610 1378 1782 1433 aetatis

169 1469 351 1518 metas
377 1464 725 1530 excessisset,
770 1464 992 1519 orbatus
1031 1472 1132 1533 est,
1184 1464 1527 1537 collegioque
1558 1467 1780 1538 regula-

165 1550 310 1606 rium
340 1550 664 1607 clericorum
695 1566 805 1608 una
822 1567 946 1609 cum
975 1553 1224 1625 genitore
1253 1554 1403 1610 brevi
1432 1556 1781 1626 postmodum

170 1640 434 1695 sociatus.
468 1642 598 1695 Erat
625 1641 797 1697 ferme
819 1642 1083 1711 octennis,
1110 1657 1232 1699 cum
1253 1642 1459 1698 militiae
1488 1643 1780 1715 spiritualis

170 1728 343 1784 subiit
372 1728 639 1785 tirocinia.
700 1730 833 1785 Boni
890 1730 1092 1802 quippe
1143 1731 1423 1802 parentis,
1488 1732 1781 1788 salubriter

165 1831 272 1888 pro
303 1832 372 1874 eo
408 1818 758 1891 invigilantis,
809 1818 1025 1874 solertia
1075 1819 1227 1891 prius
1274 1820 1503 1876 docetur
1549 1822 1778 1877 militare

167 1906 309 1971 Deo,
342 1921 506 1978 quam
552 1906 861 1963 addisceret
916 1908 1102 1963 vivere
1157 1908 1381 1964 mundo.
1442 1908 1531 1965 Sic
1561 1909 1778 1965 demum

166 1993 424 2050 infantile
455 1995 842 2068 corpusculum
884 1994 1107 2069 ﬂagella
1149 1996 1437 2069 paedagogi
1466 2006 1772 2070 attrectant,

163 2081 247 2139 sic
273 2081 580 2154 disciplinae
607 2084 903 2155 compedes
930 2092 1109 2140 motus
1136 2084 1192 2139 in
1231 2101 1297 2141 eo
1343 2086 1585 2158 pueriles
1612 2102 1775 2143 coer-

163 2178 317 2242 cent,
348 2178 487 2228 utet
541 2172 826 2229 virtutibus
881 2172 1012 2230 vitia
1064 2173 1387 2244 praeteriret,
1448 2182 1501 2231 et
1529 2182 1636 2231 tota
1664 2177 1777 2232 vita

1812 917 2022 980 AHuic
2050 918 2312 975 nobilium
2360 921 2516 978 liberi
2571 925 2822 980 certatim
2851 943 2881 981 a
2926 928 3239 998 parentibus
3295 929 3479 984 trade-

1886 1006 2102 1073 bantur,
2135 1000 2494 1065 sazcularibus
2551 1012 2709 1067 simul
2738 1023 2789 1069 et
2846 1016 3233 1071 ecclesiasticis
3288 1016 3480 1071 litteris

1882 1093 2183 1165 imbuendi,
2215 1113 2317 1153 nec
2345 1115 2456 1153 non
2486 1107 2539 1155 et
2568 1101 2759 1157 ethicis
2798 1102 3125 1159 informandi
3155 1104 3476 1175 disciplinis.

1884 1181 1984 1239 Hic
2013 1184 2145 1238 mihi
2176 1202 2359 1241 sacras
2389 1187 2597 1243 litteras
2627 1190 2767 1245 inter
2818 1192 2940 1262 ipsa
2990 1193 3295 1248 rudimenta
3326 1210 3480 1249 sum—

1884 1285 2108 1343 mOpere
2166 1274 2443 1346 ingerens,
2498 1277 2882 1334 blandimentis
2938 1281 3134 1351 quibus
3190 1290 3377 1352 posset
3432 1291 3485 1338 et

1883 1360 2103 1415 monitis
2134 1370 2353 1418 teneros
2381 1364 2591 1420 animos
2621 1382 2773 1422 meos
2803 1368 2874 1422 ad
2916 1369 3191 1425 solidioris
3232 1371 3485 1440 spiritua-

1882 1448 2058 1520 lisque
2089 1465 2334 1505 amorem
2364 1452 2630 1509 doctrina:
2657 1456 2959 1512 accendere
2986 1457 3256 1513 nitebatur
3281 1477 3295 1525 ;
3328 1474 3362 1514 a
3390 1459 3480 1515 lu-

1882 1532 2048 1588 dendi
2076 1550 2207 1590 vero
2231 1536 2560 1609 jocandique
2591 1539 2829 1595 vanitate
2883 1542 3080 1596 mentis
3134 1558 3272 1597 mea:
3300 1543 3482 1598 inten-

1882 1621 2080 1676 tionem
2111 1624 2266 1678 varia
2294 1632 2411 1680 arte
2448 1628 2808 1697 suspendens,
2870 1630 3115 1685 honestis
3170 1631 3478 1701 implicabat

1882 1710 2249 1783 cujuscunque
2281 1713 2359 1767 rei
2388 1715 2681 1769 exercitiis.
2716 1717 2927 1773 Comvis
2982 1726 3162 1773 autem
3191 1727 3245 1774 et
3272 1720 3478 1775 sodali-

1884 1796 1984 1851 bus
2015 1799 2195 1868 pueris
2226 1799 2540 1871 frequenter
2569 1819 2635 1859 ex
2666 1820 2816 1859 more
2836 1805 3167 1872 ludentibus,
3201 1807 3331 1861 mihi
3359 1808 3485 1863 talia

1879 1884 2075 1940 leniter
2103 1886 2398 1944 instillabat
2432 1898 2677 1960 paterna)
2731 1892 3038 1949 dilectionis
3095 1895 3433 1950 hortamenta
3466 1915 3479 1951 :

1884 1996 1905 2024 ι
1941 1974 2065 2029 Non
2107 1983 2180 2043 te,
2229 1976 2423 2049 inquit,
2483 1979 2832 2036 dilectissime
2888 1979 2984 2048 fili,
3044 1983 3241 2037 stolida
3295 1984 3483 2040 illiciat

1879 2078 2129 2134 vageque
2159 2064 2353 2120 levitas
2382 2066 2660 2123 sociorum
2684 2087 2698 2136 ;
2718 2069 2836 2125 sine
2863 2068 3010 2125 illos.
3043 2071 3183 2125 Sorti
3215 2078 3319 2127 tua:
3347 2072 3479 2128 isto-

1877 2167 2001 2205 rum
2033 2152 2213 2208 studia
2242 2153 2422 2210 minus
2444 2156 2789 2212 conveniunt.
2830 2181 2853 2207 ιο
2872 2158 3229 2231 Addebatque
3261 2175 3274 2214 :
3310 2181 3334 2211 α
3360 2160 3477 2215 Hu-

167 2241 565 2333 ejus'pmsens
593 2276 625 2316 ε
655 2261 739 2316 sui
795 2268 917 2317 om,
972 2241 1147 2334 usq‘ue
1170 2263 1239 2317 ad
1294 2277 1550 2320 occasum
1603 2282 1769 2320 unum
1789 2281 1843 2341 Β
1876 2247 2097 2341 gonete,
2127 2241 2431 2316 Hugonete,
2464 2259 2570 2316 ego
2600 2252 2649 2300 te
2678 2245 2896 2302 Christo
2942 2247 3143 2316 nutrio,
3169 2248 3340 2317 jocari
3368 2264 3479 2305 non

162 2356 317 2406 esset
347 2356 513 2421 atque
533 2349 668 2423 juge
695 2350 1038 2422 martyrium.
1062 2351 1186 2422 Ipse
1214 2351 1434 2424 quidem
1464 2352 1534 2407 de
1563 2353 1765 2423 seipso,

164 2437 512 2494 familiariter
541 2438 739 2509 saepius
767 2454 892 2495 cum
922 2438 1036 2495 suis
1073 2455 1265 2512 agens,
1298 2439 1423 2495 talia
1452 2440 1730 2497 referebat
1754 2458 1766 2497 :

168 2549 191 2575 α
228 2527 461 2594 Revera,
493 2526 689 2597 aiebat,
721 2542 827 2600 ego
855 2527 1045 2583 mundi
1073 2528 1232 2597 hujus
1260 2528 1464 2601 gaudia
1492 2545 1769 2602 nunquam

160 2615 341 2688 attigi,
369 2616 528 2686 jocos
556 2630 836 2688 nunquam
864 2614 1052 2683 didici,
1082 2615 1271 2673 ludere
1296 2633 1577 2690 nunquam
1610 2618 1763 2674 scivi.

156 2704 345 2771 Pater,
378 2703 571 2776 inquit,
599 2720 773 2771 meus,
808 2720 935 2761 cum
987 2704 1228 2777 pueriles
1280 2704 1565 2777 ingressus
1595 2722 1770 2763 annos

156 2790 436 2849 elementa
452 2793 567 2862 jam
594 2792 771 2864 prima
798 2792 1101 2849 litterarum
1156 2795 1546 2865 percepissem,
1604 2796 1769 2867 patri-

157 2882 410 2938 monium
440 2881 628 2938 liberis
676 2882 787 2937 suis
845 2882 924 2954 (2)
972 2881 1029 2936 in
1083 2882 1322 2939 funiculo
1377 2883 1769 2939 distributionis

161 2970 394 3043 partitus
424 2978 547 3038 est;
577 2970 884 3042 portionem
940 2987 1094 3038 vero,
1128 2988 1249 3043 quae
1274 2971 1416 3026 inter
1452 2971 1651 3029 fratres
1680 2989 1768 3029 me

161 3059 524 3133 contingebat
560 3058 846 3114 minimum
869 3103 883 3127 ,
914 3059 1249 3132 regularium
1303 3061 1381 3132 (3)
1441 3061 1770 3117 clericorum

159 3148 403 3222 collegio
432 3147 684 3205 contulit.
730 3169 752 3200 ι
786 3148 905 3205 Nec
959 3147 1053 3203 diu
1110 3156 1377 3217 moratus,
1438 3150 1619 3205 omnia
1649 3166 1768 3221 quae

156 3233 353 3289 mundi
381 3239 506 3289 sunt
533 3232 774 3288 funditus
802 3232 1087 3304 abjiciens,
1120 3232 1322 3289 Christi
1362 3233 1606 3289 militiam
1638 3235 1767 3289 sub-

155 3322 358 3389 iturus,
392 3321 496 3377 tiro
524 3321 579 3376 in
608 3321 803 3378 castris
829 3321 1167 3391 cielestibus,
1227 3321 1281 3376 in
1339 3322 1630 3378 mundanis
1651 3324 1767 3393 jam

158 3410 438 3480 emeritus,
473 3417 695 3482 repente
723 3409 970 3477 edicitur,
1011 3411 1135 3466 vitae
1178 3410 1451 3482 regularis
1475 3411 1629 3481 cujus
1651 3412 1767 3481 jam

157 3500 290 3557 olim
320 3507 569 3574 gesserat
596 3506 837 3554 mentem
887 3498 1191 3570 suscipiens
1249 3507 1478 3567 vestem,
1513 3507 1586 3566 et,
1620 3500 1767 3572 quod

160 3589 269 3647 sibi
298 3604 621 3646 concessum
652 3604 761 3644 non
809 3586 978 3643 fuisse
1022 3586 1337 3644 medullitus
1383 3589 1658 3661 gemebat,
1708 3588 1765 3643 in

157 3679 282 3750 ipso
318 3677 507 3733 mundi
535 3670 789 3750 ingres'su
818 3676 888 3734 de
912 3675 1117 3732 mundo
1174 3676 1384 3750 egredi,
1419 3694 1542 3749 quae
1570 3678 1759 3732 mundi

159 3774 305 3836 sunt,
335 3766 667 3823 nescientem
694 3764 854 3822 facile
908 3764 1266 3836 persuadens,
1298 3781 1388 3821 me
1445 3767 1525 3836 (4)
1554 3765 1761 3837 pariter

160 3871 349 3913 secum
380 3854 677 3927 spiritualis
707 3854 831 3911 vitaz
856 3862 1168 3911 consortem
1195 3853 1405 3910 ascivit.

231 3947 330 4001 Est
375 3943 608 4000 ecclesia
666 3944 743 4015 (5)
796 3943 852 3999 in
907 3942 1176 3999 territorio
1233 3941 1754 4014 Gratianopolitano,

160 4033 442 4091 canonica:
493 4031 855 4104 professionis
934 4032 1165 4089 clericos
1223 4031 1434 4099 fovens,
1495 4046 1755 4087 numero-

158 4139 266 4196 que
284 4124 363 4195 (6)
392 4122 463 4178 ad
495 4121 675 4177 minus
704 4130 933 4193 septem.
982 4122 1204 4193 Spectat
1233 4136 1451 4193 quoque
1488 4135 1613 4177 cum
1643 4120 1757 4175 suis

153 4212 349 4267 incolis
376 4211 531 4268 locus
558 4211 678 4283 ipse
723 4210 793 4266 ad
838 4210 1124 4267 matricem
1171 4216 1226 4265 et
1269 4209 1637 4265 cathedralem
1667 4224 1758 4264 ec-

153 4299 378 4358 clesiam
437 4299 1011 4371 GratianOpolitanam.
1072 4299 1228 4354 Hanc
1283 4314 1501 4369 semper
1556 4296 1755 4353 affectu

156 4389 324 4447 coluit
342 4389 569 4461 speciali
622 4389 840 4462 genitor
891 4404 1065 4454 meus,
1121 4403 1241 4459 qua:
1271 4395 1325 4443 et
1378 4386 1492 4441 suis
1549 4385 1753 4442 castel-

153 4479 223 4534 lis
250 4479 329 4550 (7)
362 4494 427 4534 ac
456 4476 618 4533 terris
658 4478 763 4532 situ
793 4484 909 4534 erat
944 4475 1176 4533 conﬁnis
1202 4494 1217 4544 ;
1248 4483 1299 4532 et
1330 4475 1470 4546 ipse,
1502 4481 1561 4529 ut
1612 4473 1756 4529 filius

152 4568 401 4635 devotus,
446 4567 668 4635 majoris
706 4565 953 4623 ecclesiae
1010 4565 1239 4636 gratiam
1297 4564 1353 4618 in
1406 4562 1531 4618 filiae
1586 4563 1756 4633 ipsius

152 4655 452 4713 reverentia
482 4672 542 4711 se
564 4655 850 4727 complecti
905 4654 1199 4726 gaudebat.
1261 4654 1400 4707 Inter
1463 4651 1756 4707 canonicos

150 4744 295 4799 illius
338 4744 445 4800 loci
497 4743 684 4799 senior
738 4743 980 4815 quidam,
1041 4741 1308 4815 religione
1338 4740 1752 4806 celeberrimus,

149 4832 380 4889 scientia
452 4847 670 4904 quoque
754 4830 1104 4902 spectabilior
1162 4830 1372 4886 caeteris
1431 4828 1750 4883 habebatur.

220 5009 299 5077 (l)
324 5012 398 5064 Ex
417 5013 681 5063 stemmate
708 5010 769 5061 de
794 5009 1007 5061 Avalim.
1032 5009 1170 5077 Unde
1200 5008 1288 5059 lib.
1334 5021 1389 5069 ιι,
1417 5020 1525 5077 cap.
1556 5009 1579 5057 1
1604 5026 1618 5077 _:
1648 5007 1749 5057 Na-
1778 5009 1831 5068 D

152 5074 333 5148 talibus
357 5080 549 5148 quidem
577 5078 739 5148 clarus
754 5077 965 5148 dicitur,
979 5076 1277 5148 sedmoriim
1299 5074 1749 5148 strenuitatelonge

152 5146 456 5217 praeclarior,
483 5146 681 5217 nomine
699 5146 837 5217 nugo
860 5144 921 5194 de
946 5142 1250 5217 Av_a_li_m._E_t
1270 5142 1425 5217 abbas
1447 5142 1680 5216 Morotius
1701 5143 1748 5217 in

152 5215 367 5264 Theatro
390 5213 620 5263 Cartbus.
653 5230 664 5260 :
706 5227 725 5257 ι
751 5212 888 5273 Hugo
946 5210 1123 5260 nobilis
1148 5210 1431 5271 Delphinas,
1453 5210 1595 5268 cujus
1618 5210 1751 5267 geni-

151 5284 230 5330 tor
255 5280 414 5343 oppidi
434 5280 578 5340 vulgo
604 5278 811 5338 Avalon,
850 5277 997 5327 tertio
1021 5276 1182 5339 lapide
1228 5290 1255 5325 a
1296 5274 1748 5337 Gratianopolitana

150 5346 270 5397 urbe
293 5346 512 5408 discreti,
536 5345 763 5396 dominus
785 5348 910 5394 erat.
940 5364 960 5386 -

212 5439 288 5503 (2)
314 5438 579 5489 Wilhelmo
610 5438 786 5487 saltem
811 5440 862 5487 et
908 5438 1073 5499 Petro,
1112 5435 1195 5497 qui
1239 5433 1502 5485 laudantur
1540 5432 1627 5483 lib.
1677 5446 1750 5493 ιιι,

149 5518 259 5570 cap.
290 5507 372 5570 15,
400 5508 451 5555 et
474 5505 561 5555 lib.
595 5518 664 5565 tv,
689 5516 801 5567 cap.
827 5504 882 5555 4.

213 5599 288 5663 (3)
312 5597 570 5650 Canonicze
591 5596 911 5661 professionis
935 5594 1147 5645 clericis.
1167 5594 1481 5663 Undeliquet
1504 5594 1753 5663 nugonem

150 5661 301 5718 fuisse
324 5667 539 5731 primum
567 5664 855 5715 canonicum
875 5663 1170 5731 regularem.
1190 5662 1427 5713 Subditur
1453 5661 1582 5712 enim
1599 5671 1713 5709 mox
1738 5673 1751 5709 :

152 5754 174 5779 ι
202 5729 341 5789 inter
359 5732 623 5787 canonicos
646 5730 776 5783 iilius
798 5730 892 5805 logi
914 5729 1098 5781 senior.
1127 5746 1147 5777 ι

1871 2336 1955 2383 est
1984 2336 2151 2385 tuum.
2191 2351 2214 2381 ι

2510 2440 2735 2498 CAPUT
2775 2442 2840 2496 Il.

1870 2543 1945 2598 De
1974 2544 2219 2613 ejusdem
2246 2548 2505 2669 profectu
2528 2549 2591 2602 in
2619 2549 2862 2603 scientia
2882 2553 2939 2604 et
2960 2551 3189 2615 virtute,
3224 2556 3281 2607 et
3300 2569 3469 2625 quam

1942 2613 2172 2669 devotus
2186 2631 2252 2669 ac
2266 2631 2324 2669 se
2366 2618 2496 2669 nius
2509 2619 2569 2669 in
2582 2619 2789 2669 divinis
2800 2621 2999 2669 ofﬁcii:
3017 2636 3083 2669 ac
3107 2624 3356 2669 fratrum
3369 2626 3465 2669 nh—

1942 2613 2172 2692 devotus
2186 2613 2496 2692 acsedntus
2509 2619 2569 2673 in
2582 2619 2789 2674 divinis
2800 2621 2999 2691 ofﬁcii:
3017 2636 3083 2675 ac
3102 2613 3356 2692 fratrum
3369 2626 3465 2679 ob-

1940 2686 2147 2756 sequiis
2168 2686 2471 2743 existebat.

1940 2789 2058 2844 Jam
2090 2806 2222 2845 vero
2252 2793 2553 2861 pubertatis
2581 2802 2846 2866 tempore,
2891 2797 3314 2853 adolescentiam
3347 2815 3466 2855 me-

1870 2876 1974 2932 diis
2004 2877 2059 2933 in
2089 2894 2154 2934 eo
2184 2880 2340 2934 annis
2370 2881 2678 2949 dirimente,
2730 2892 2990 2955 quantum
3037 2886 3385 2942 discretionis
3415 2896 3469 2943 et

1870 2965 2130 3033 scientiae,
2165 2976 2427 3039 quantum
2459 2969 2670 3025 virtutis
2700 2980 2754 3025 et
2783 2973 2970 3044 gratia:
2991 2972 3113 3027 fons
3160 2975 3210 3029 ei
3255 2975 3467 3031 infude-

1871 3054 1954 3124 rit,
1990 3072 2151 3126 quem
2183 3056 2417 3126 sitiebat,
2454 3058 2599 3127 vitae,
2632 3060 2813 3114 nullus
2843 3060 2912 3116 de
2960 3061 3103 3116 facili
3131 3072 3317 3132 posset
3345 3073 3463 3135 sty-

1868 3142 1953 3197 lus
1982 3144 2255 3200 evolvere.
2291 3145 2522 3218 Vigebat
2550 3163 2648 3218 pro
2677 3155 2806 3204 tunc
2833 3148 3038 3220 ingenii
3068 3151 3318 3207 acumine
3346 3169 3465 3208 ma-

1868 3248 2001 3305 gno,
2033 3233 2297 3302 velocius,
2329 3251 2560 3307 quaeque
2588 3236 2770 3301 vellet,
2819 3238 3151 3294 addisceret.
3192 3242 3465 3297 Memoriae

1870 3321 2192 3377 vastissimis
2220 3323 2492 3397 gaudebat
2520 3326 2820 3395 apothecis,
2849 3326 2959 3395 ubi,
2992 3344 3114 3399 quae
3142 3329 3289 3383 nulla
3319 3330 3463 3385 obli-

1869 3408 2029 3465 vione
2058 3410 2339 3467 didicisset
2391 3412 2686 3483 perdenda,
2737 3416 3086 3471 reconderet.
3126 3417 3252 3473 Haec
3282 3425 3465 3474 tamen

1867 3499 2133 3554 naturalia
2161 3499 2362 3555 nullius
2391 3500 2620 3556 fuissent
2663 3503 2945 3570 momenti,
2996 3504 3102 3558 nisi
3137 3507 3328 3577 gratia:
3356 3522 3462 3577 ap-

1868 3586 2068 3659 positio
2098 3595 2150 3643 et
2177 3587 2463 3659 praeclara,
2496 3606 2619 3660 quae
2646 3590 3006 3658 discerentur,
3036 3602 3377 3664 suggereret,
3408 3603 3464 3651 et

1861 3675 2189 3732 cumulatius
2219 3692 2341 3748 quae
2370 3678 2740 3750 suggessisset
2791 3682 3153 3753 propagando
3206 3692 3457 3755 augeret.

1860 3763 2169 3821 Fervebant
2197 3765 2254 3820 in
2281 3774 2505 3836 pectore
2534 3767 2945 3822 meditationum
2990 3769 3240 3824 examina
3272 3772 3461 3826 beata-

1859 3869 2005 3921 rum,
2033 3852 2335 3924 flagrabant
2363 3854 2665 3910 caelestium
2713 3857 3065 3911 odoramenta
3110 3859 3457 3929 gaudiorum.

1931 3942 2105 4013 Coepit
2134 3942 2337 3998 interea
2366 3943 2565 3999 divinis
2591 3944 2730 4000 adeo
2760 3945 2985 4001 sedulus
3027 3946 3223 4002 adesse
3250 3947 3459 4014 officiis,

1858 4030 1931 4085 ita
1960 4046 2176 4102 quoque
2208 4030 2469 4087 sollicitus
2501 4030 2726 4087 fratrum
2773 4034 3035 4089 inservire
3077 4035 3373 4106 obsequiis,
3408 4045 3467 4092 ut

1857 4118 2148 4190 utrobique
2176 4118 2311 4173 nihil
2350 4119 2530 4174 minus
2577 4136 2739 4191 quam
2783 4137 2843 4177 se
2888 4130 3060 4177 totum
3098 4123 3457 4194 impenderet.

1856 4206 2004 4261 Nihil
2032 4221 2273 4278 unquam
2292 4206 2520 4271 oblivio,
2544 4209 2678 4262 nihil
2706 4210 2912 4280 quaevis
2942 4218 3147 4281 poterat
3176 4214 3464 4283 occupatio

1857 4294 2125 4349 sedulitati
2155 4294 2327 4365 ipsius
2358 4295 2547 4361 furari,
2584 4297 2714 4367 quin
2744 4298 2860 4352 Deo
2886 4314 3008 4369 quae
3040 4300 3140 4353 Dei
3168 4308 3352 4369 erant,
3389 4310 3462 4368 et,

1855 4399 1977 4455 quae
1989 4384 2363 4454 proximorum
2375 4384 2640 4455 proximis
2662 4385 2887 4455 inprazte
2895 4387 3089 4441 rmisse
3106 4394 3159 4441 et
3175 4387 3459 4457 inoffense,

1854 4479 2016 4543 prout
2046 4472 2149 4526 sibi
2179 4472 2542 4542 competebat,
2576 4488 2677 4543 pro
2708 4480 2947 4543 tempore
2979 4482 3030 4529 et
3070 4474 3191 4529 loco
3223 4477 3463 4536 reddere

1857 4559 2212 4615 meminisset.
2244 4561 2358 4615 Nec
2388 4568 2596 4614 tantum
2626 4561 2883 4630 deputata
2921 4562 3031 4616 sibi
3056 4563 3273 4632 explere
3305 4573 3450 4620 sata-

1854 4648 2020 4722 gebat
2046 4648 2239 4714 ofﬁcia,
2273 4648 2369 4703 sed
2425 4649 2605 4703 omnia
2664 4657 2922 4719 tanquam
2979 4650 3307 4720 specialiter,
3339 4668 3372 4707 a
3402 4670 3461 4708 se

1854 4736 2112 4793 credebat
2140 4736 2304 4810 exigi,
2341 4754 2491 4807 quae,
2523 4744 2661 4792 teste
2691 4738 3045 4805 conscientia,
3097 4755 3197 4810 pro
3230 4741 3456 4809 cujusli-

1855 4826 1945 4881 bet
1974 4825 2201 4881 utilitate
2231 4832 2323 4881 aut
2354 4825 2646 4898 refrigerio
2676 4841 2709 4880 a
2737 4842 2797 4881 se
2828 4835 3051 4896 possent
3080 4828 3344 4884 exhiberi.

1925 5004 2000 5068 (4)
2048 5007 2195 5056 Pater
2242 5006 2385 5068 igitur
2425 5018 2519 5056 una
2558 5020 2665 5056 cum
2701 5006 2800 5057 ﬁlio
2851 5019 2903 5056 se
2948 5006 3149 5058 tradidit
3192 5013 3461 5061 memorato

1859 5072 2092 5135 collegio;
2117 5085 2212 5122 nou
2231 5081 2337 5133 post
2363 5073 2517 5133 illum,
2540 5073 2610 5123 uti
2632 5073 2829 5135 quidam
2859 5078 3103 5125 asserunt.

1929 5155 2005 5218 (Si)
2034 5157 2155 5207 Villa
2181 5158 2443 5208 Benedicta
2470 5159 2687 5218 nomine,
2715 5159 2859 5220 vulgo
2894 5156 3031 5207 Vitar
3067 5159 3275 5209 Beneith
3295 5162 3343 5210 in
3368 5174 3462 5223 qua

1858 5224 2015 5285 Hugo,
2038 5223 2105 5272 uti
2126 5224 2218 5274 lib.
2255 5237 2304 5283 v,
2331 5239 2377 5273 υ.
2418 5224 2502 5283 22,
2544 5226 2774 5284 refertur,
2809 5237 2966 5273 sacra:
3005 5225 3258 5289 religionis
3290 5229 3460 5278 libavit

1858 5290 2145 5405 primqrdia,
2171 5290 2246 5341 cui
2272 5294 2323 5340 et
2346 5290 2695 5341 bibliothecam
2721 5290 2939 5352 donavit,
2974 5292 3101 5341 sicut
3125 5294 3303 5345 ibidem
3346 5308 3458 5345 me-

1860 5368 1993 5406 mora
2022 5369 2099 5406 ur.

1925 5441 1994 5502 (6)
2025 5441 2222 5557 ridetur
2244 5448 2458 5490 erratum
2505 5440 2554 5490 in
2595 5453 2819 5504 numero,
2847 5447 2896 5492 et
2930 5442 3207 5505 legendum,
3244 5458 3265 5488 ι
3286 5443 3457 5497 decem

1935 5521 2022 5557 seu
2049 5520 2197 5557 em».

1855 5521 1912 5559 ac
1935 5520 2197 5570 septem».

1924 5593 1995 5655 (7)
2022 5592 2155 5641 Inter
2178 5592 2284 5640 haec
2309 5593 2521 5640 castrum
2548 5590 2610 5640 de
2644 5592 2856 5651 Avalim,
2894 5607 2913 5637 ι
2940 5592 3099 5655 cujus,
3142 5594 3297 5655 inquit
3323 5594 3461 5656 Hugo

1855 5660 1959 5777 lilii.i
1974 5672 2047 5717 ιιι,
2092 5672 2138 5708 c.
2187 5659 2281 5720 t3,
2308 5657 2464 5711 frater
2499 5662 2669 5710 noster
2709 5658 3003 5710 Wilhelmus
3042 5672 3204 5712 arcem
3246 5660 3461 5715 noscitur

1859 5739 1888 5777 0
1964 5737 2098 5775 nere.
2134 5744 2154 5765 υ
