3938 6446
445 370 552 426 947

1327 369 1381 425 S.
1425 367 1740 424 HUGONIS
1777 366 1996 423 EPISC.
2039 365 2371 423 LINCOLN.
2421 367 2585 424 0RD.
2630 367 2878 424 CARTH.

3643 369 3767 424 948

519 494 790 566 Denique,
821 509 944 550 cum
974 494 1099 549 talia
1127 496 1193 550 de
1225 509 1309 559 eo,
1334 507 1518 550 coram
1542 508 1607 548 eo
1621 494 1735 562 jam
1757 493 2036 563 episcopo,
2058 491 2114 550 Α
2143 493 2400 546 mandato
2429 491 2730 563 injungitur
2749 493 2996 563 speciali,
3033 500 3299 566 quatenus
3345 510 3445 550 suo
3474 494 3773 565 pracipue

451 581 544 653 qui
574 599 698 637 eum
727 592 856 638 tunc
884 582 1145 654 temporis
1174 591 1461 648 noverant,
1513 581 1709 635 fratres
1741 580 2045 652 aliquoties,

448 687 534 724 me
556 687 770 742 quoque
799 679 1089 741 prasente,
1131 670 1422 735 referrent,
1473 670 1589 740 ipse
1620 669 1798 723 aiebat
1832 683 1844 722 :
1883 690 1904 719 ι
1942 667 2050 723 Uti-

451 774 554 830 que
583 766 940 830 posteaquam
962 759 1303 813 Carthusiam
1321 758 1448 823 adii,
1473 757 1659 812 nescio
1689 757 1734 810 si
1763 757 1850 811 vel
1882 754 2050 809 semel

450 846 582 900 mihi
608 847 881 918 subrepsit
902 848 1165 902 morantia
1183 849 1237 900 in
1258 847 1435 901 ofﬁcio
1456 847 1634 916 aliquo
1658 845 1802 916 quod
1824 844 2052 914 implere

449 934 728 990 deberem.
769 959 790 983 υ
820 936 1032 991 Dicitur
1059 944 1242 990 autern
1269 935 1433 1007 vulgo
1463 934 1730 989 morantia
1759 933 1900 987 inter
1926 948 2050 986 mo-

451 1024 675 1090 nachos,
710 1039 831 1079 cum
861 1024 1101 1096 legendi,
1135 1023 1386 1079 cantandi
1415 1023 1501 1078 vel
1539 1021 1808 1076 serviendi
1854 1036 2051 1075 munus

451 1111 554 1166 sibi
584 1111 919 1184 assignatum
949 1112 1181 1166 obmittit
1228 1111 1369 1182 quis,
1420 1110 1563 1165 unde
1612 1125 1824 1164 moram
1850 1108 2054 1179 patitur

450 1199 656 1255 functio
685 1201 979 1272 regularis.
1021 1200 1244 1255 Dicebat
1274 1215 1425 1263 vero,
1466 1213 1576 1253 non
1609 1198 1826 1269 quidem
1851 1197 2054 1266 jactan-

451 1295 553 1355 ter,
587 1289 686 1344 sed
717 1297 1028 1344 constanter
1057 1288 1160 1343 ista
1181 1289 1250 1343 de
1279 1303 1338 1342 se
1373 1305 1386 1341 :
1424 1313 1446 1335 ι
1480 1286 1613 1341 Cum
1645 1286 1790 1341 enim
1819 1285 1874 1340 in
1895 1285 2053 1339 dedi-

451 1376 753 1432 cationibus
781 1377 1154 1444 ecclesiarum,
1186 1377 1241 1430 in
1272 1375 1730 1432 celebrationibus
1778 1373 2050 1439 ordinum,

451 1465 538 1522 vel
569 1473 1045 1537 quantumcunque
1103 1465 1159 1519 in
1214 1464 1420 1519 diurnis
1479 1462 1827 1518 nocturnisve
1865 1461 2055 1516 ofﬁciis

452 1569 553 1624 per
579 1553 846 1608 incuriam
893 1553 1283 1618 ministrorum,
1331 1560 1613 1607 cantorum
1663 1566 1759 1606 seu
1789 1550 2055 1605 lectorum

451 1641 635 1712 aliqua
666 1642 896 1697 tardatio
927 1641 1255 1713 emergebat,
1308 1641 1472 1695 talem
1521 1654 1744 1694 suorum
1783 1638 2056 1710 castigare

452 1731 678 1800 cupiens
706 1730 1114 1802 negligentiam,
1147 1731 1262 1784 hac
1294 1729 1373 1784 eis
1401 1729 1470 1784 de
1499 1745 1558 1783 se
1579 1727 1698 1798 ipso
1715 1727 1979 1782 habenda
2003 1727 2058 1780 in

2149 589 2202 635 et
2232 580 2578 650 peculiarius,
2613 581 2669 634 in
2699 581 2896 651 quibus
2917 599 3054 652 opus
3076 583 3320 648 haberet,
3350 583 3574 638 serviret
3604 581 3770 654 geni—

2149 668 2270 723 tori.
2306 689 2327 718 ι
2348 668 2494 722 Nihil
2514 669 2678 735 enim,
2701 669 2796 735 ait,
2820 670 2950 724 mihi
2971 678 3063 724 aut
3086 670 3298 726 cateris
3316 671 3572 726 fratribus
3603 686 3764 740 pra-

2151 756 2318 811 stabis
2347 757 2572 828 gratius,
2607 773 2769 828 quam
2793 757 2839 812 si
2861 773 2992 814 vero
3009 759 3144 813 adeo
3175 759 3458 828 Spectabili
3488 758 3620 812 nihil
3655 774 3761 813 vo-

2150 845 2245 901 tivi
2271 845 2631 917 denegaveris
2657 846 2930 916 obsequii.
2959 847 3032 901 Te
3047 862 3177 902 vero
3197 847 3337 902 inter
3356 847 3551 901 fratres
3571 846 3762 900 nullus

2153 933 2419 1003 devotior,
2453 934 2550 987 sed
2580 950 2680 989 nec
2701 932 2998 990 humilitate
3019 935 3262 1004 pronior,
3296 944 3385 990 aut
3411 934 3760 991 ofﬁciositate

2154 1037 2314 1076 nemo
2345 1028 2395 1076 te
2427 1023 2726 1092 promptior
2755 1023 3046 1088 invenitur,
3080 1024 3166 1078 cui
3196 1039 3228 1077 a
3256 1023 3413 1078 nobis
3444 1023 3583 1078 adeo
3613 1022 3761 1093 grati

2156 1110 2254 1165 viri
2284 1124 2412 1164 cura
2432 1110 2806 1166 demandetur.
2846 1135 2866 1158 «
2901 1111 3115 1181 Excipit
3161 1111 3356 1175 libens,
3390 1111 3761 1181 libentiusque

2155 1197 2470 1268 exsequitur
2515 1198 2834 1253 adolescens
2881 1198 3001 1270 pius
3047 1199 3218 1270 patris
3259 1200 3415 1268 jussa
3459 1197 3764 1269 spiritualis

2157 1302 2286 1358 erga
2315 1286 2668 1342 necessitates
2699 1287 2938 1342 carnalis
2982 1287 3090 1343 imo
3121 1295 3174 1343 et
3217 1287 3508 1358 spiritualis
3540 1301 3764 1358 quoque

2156 1376 2414 1446 parentis,
2448 1391 2546 1446 per
2575 1392 2735 1446 quem
2765 1392 2824 1431 se
2853 1376 3034 1447 potius
3081 1376 3373 1447 gaudebat,
3418 1392 3530 1430 non
3575 1375 3760 1429 solum

2156 1462 2324 1517 fuisse
2354 1463 2470 1517 Deo
2499 1463 2741 1535 genitum
2770 1472 2824 1520 et
2866 1464 3126 1536 oblatum,
3172 1480 3330 1536 quam
3357 1463 3562 1518 mundo
3593 1470 3763 1517 antea

2157 1559 2524 1622 procreatum.

2229 1639 2454 1695 Videres
2477 1640 2592 1708 jam
2631 1655 2775 1707 eum,
2836 1641 2927 1713 qui
2985 1641 3040 1696 in
3093 1640 3430 1714 singulorum
3477 1639 3763 1711 obsequiis

2158 1728 2406 1797 fratrum,
2436 1727 2665 1799 gratiam
2709 1729 2813 1784 sibi
2870 1729 3175 1785 uberiorem
3222 1728 3607 1785 conciliaverat
3635 1727 3760 1782 uni-

454 1819 652 1875 divinis
682 1818 871 1874 ciliciis
900 1818 1210 1889 exemplum
1256 1817 1553 1889 diligentia
1596 1817 1895 1870 intimabat.
1937 1839 1958 1863 »
1991 1816 2050 1869 In
2079 1840 2131 1900 Β
2162 1831 2466 1884 versorum,
2499 1817 2552 1870 in
2582 1833 2648 1872 eo
2697 1833 2859 1888 quam
2914 1818 3148 1872 maxime
3201 1816 3472 1872 universis
3517 1816 3756 1886 placere,

459 1923 524 1963 eo
552 1915 730 1962 autem
759 1908 874 1961 hac
903 1906 1275 1978 perseveravit
1305 1907 1358 1958 in
1387 1904 1551 1959 finem
1597 1904 1875 1976 diligentia
1922 1919 2056 1958 cun-

458 1995 560 2051 ctis
620 1995 1117 2065 cognoscentibus,
1166 1993 1419 2049 miranda
1464 1992 1674 2048 facilius
1720 2009 1884 2066 quam
1932 1992 2058 2046 imi-

456 2083 643 2138 tanda.
693 2084 982 2154 Nunquam
1037 2098 1279 2154 prasens
1323 2081 1695 2137 tumultuantis
1743 2081 2060 2152 frequentia

458 2171 856 2242 importunitas,
889 2185 1166 2242 nunquam
1209 2179 1494 2226 transacta
1521 2170 1608 2226 vel
1652 2171 1938 2241 praesentis
1967 2185 2062 2225 cu—

456 2260 761 2331 juscunque
791 2260 1196 2331 disceptationis
1239 2259 1543 2330 implicitas,
1597 2267 1686 2314 aut
1733 2259 1872 2314 alius
1914 2259 2061 2313 talis-

460 2364 673 2421 cunque
735 2364 914 2416 casus,
977 2349 1337 2419 undecunque
1401 2364 1711 2420 emergens,
1777 2348 1826 2403 ci
1890 2347 2062 2418 potuit

462 2437 778 2506 subrepere,
815 2437 945 2507 quin
973 2437 1141 2492 corde
1187 2453 1403 2507 semper
1431 2437 1518 2492 vel
1545 2436 1705 2491 labiis
1734 2445 1977 2507 paratum
2009 2445 2061 2492 et

465 2532 774 2596 promptum
802 2525 1046 2594 haberet,
1069 2525 1330 2597 quidquid
1355 2533 1600 2596 tempore
1623 2532 1672 2580 et
1688 2525 1843 2594 hora,
1867 2532 1974 2579 tam
2007 2525 2062 2578 in

461 2613 646 2668 altaris
673 2629 838 2684 quam
867 2613 922 2668 in
954 2613 1176 2670 alterius
1207 2613 1389 2670 officio
1419 2613 1725 2682 ministerii,
1759 2621 1904 2670 esset
1933 2628 2062 2684 pro-

465 2703 801 2775 sequendum
814 2744 826 2756 .

1075 2826 1298 2882 CAPUT
1328 2827 1421 2882 III.

464 2972 538 3026 De
605 2971 748 3026 atris
777 2970 868 3025 sui
883 2968 1390 3038 commendatione,
1414 2973 1470 3026 et
1492 2984 1660 3040 quam
1681 2967 1980 3024 humiliter
1999 2985 2064 3024 ac

536 2987 726 3096 ﬁvote
742 3041 1163 3095 ministraverit
1181 3041 1233 3094 ei
1251 3041 1403 3096 Huao
1417 3044 1634 3096 noster.
1653 3040 1902 3096 eiusdem
1919 3040 2064 3096 obse-

573 3040 726 3096 evote
742 3041 1163 3095 ministraverit
1181 3041 1233 3094 ei
1251 3041 1403 3108 Hugo
1417 3044 1634 3108 noster,
1653 3040 1902 3109 ejusdem
1919 3040 2065 3097 obse-

539 3111 684 3184 quiis
714 3111 1039 3183 specialiter
1067 3109 1387 3182 deputatus.

538 3245 607 3300 Ut
633 3250 814 3298 autem
843 3251 1016 3314 capta
1035 3243 1360 3298 narrationis
1394 3243 1643 3300 ordinem
1663 3243 1903 3298 seriatim
1933 3259 2062 3314 pro-

468 3347 780 3404 sequamur,
812 3332 1041 3405 Hugone
1071 3332 1149 3403 (8)
1172 3332 1284 3402 jam
1306 3332 1511 3400 adulto,
1545 3340 1701 3404 pater
1729 3333 1845 3402 ejus
1874 3348 2066 3388 senec-

469 3421 598 3476 tutis
618 3429 875 3476 extrema
898 3421 1104 3476 crebris
1126 3422 1290 3494 coepit
1317 3421 1505 3494 urgeri
1525 3421 1903 3477 incommodis.
1927 3423 2068 3476 Tan-

474 3516 580 3564 tam
609 3525 740 3566 vero
768 3509 912 3565 idem
939 3509 996 3564 in
1015 3516 1262 3582 utraque,
1281 3511 1430 3582 prius
1459 3510 1665 3566 scilicet
1689 3510 1744 3564 in
1770 3510 2067 3580 mundana,

471 3613 536 3653 ac
566 3597 824 3669 deinceps
870 3598 926 3653 in
971 3598 1234 3670 spirituali
1277 3599 1582 3673 obtinuerat
1623 3598 1815 3653 militia
1861 3599 2074 3655 virtutis

469 3686 724 3757 palmam,
757 3695 813 3742 ut
841 3687 974 3742 nihil
1003 3689 1114 3743 suis
1143 3688 1354 3760 gratius
1380 3688 1672 3744 haberetur
1692 3687 2068 3744 commilitoni-

473 3776 593 3842 bus,
627 3791 790 3847 quam
819 3776 869 3832 ei
897 3777 952 3832 in
981 3777 1233 3832 omnibus
1261 3784 1480 3848 gratum
1523 3775 1742 3832 deferre
1772 3777 2067 3832 contuber-

473 3863 640 3920 nium.
661 3865 859 3922 Fuerat
879 3865 1022 3921 enim
1043 3865 1326 3922 modestia
1347 3865 1662 3937 singularis,
1687 3866 1923 3920 moribus
1945 3881 2069 3920 sua-

470 3953 552 4007 vis
583 3960 634 4009 et
654 3955 934 4022 honestus,
968 3955 1222 4011 comitate
1243 3961 1520 4021 strenuus,
1555 3954 1887 4026 benignitate
1917 3971 2070 4010 acce-

471 4041 769 4113 ptissimus.
798 4044 971 4116 Igitur
999 4043 1236 4116 Hugoni,
1262 4042 1354 4114 qui
1383 4042 1642 4096 fratribus
1670 4043 1938 4098 universis
1969 4045 2063 4099 de-

475 4131 688 4188 votione
719 4133 925 4189 viribus
953 4133 1077 4190 totis
1119 4131 1465 4188 deserviebat
1513 4129 1681 4198 filiali,
1740 4133 1941 4202 prioris
1989 4135 2073 4189 sui

549 4310 626 4379 (8)
652 4315 886 4365 Octennis
910 4314 1068 4364 ferme
1095 4315 1232 4374 Hugo
1261 4311 1446 4362 militia
1470 4311 1707 4379 spiritalis
1749 4313 1897 4362 subiit
1921 4314 2080 4364 tiroci-

475 4378 574 4443 nia,
603 4384 652 4432 et
673 4385 787 4431 tunc
815 4383 953 4442 pater
978 4381 1101 4442 ejus.
1141 4380 1210 4429 uti
1254 4380 1416 4441 cap.i
1458 4378 1668 4428 relatum
1709 4381 1801 4440 est,
1847 4381 2080 4441 regularis

475 4450 588 4500 vita
610 4451 796 4498 vestem
823 4447 1055 4509 suscepit.
1087 4446 1174 4496 Cui
1188 4445 1304 4495 dum
1329 4446 1484 4506 Hugo,
1509 4443 1614 4505 jam
1637 4446 1848 4506 adultus,
1877 4447 1925 4496 in
1951 4448 2081 4497 inﬁr-

477 4516 727 4566 mitatibus
748 4513 1018 4574 inservivit,
1042 4514 1234 4575 oportet
1274 4513 1324 4560 et
1357 4516 1548 4573 patrem
1583 4511 1711 4561 illius
1735 4512 1917 4574 aliquot
1942 4515 2082 4564 annis

477 4582 526 4633 in
552 4595 690 4632 sacra
716 4581 950 4643 religione
977 4579 1174 4628 vixisse.

547 4666 617 4729 (9)
637 4668 852 4716 Mortuus
877 4665 1025 4725 igitur
1050 4663 1141 4713 fuit
1166 4664 1304 4724 pater
1327 4663 1543 4722 Hugonis
1579 4665 1692 4712 ante
1717 4662 1846 4713 illius
1886 4665 1933 4713 in
1961 4665 2084 4715 Car-

482 4728 694 4784 thusiam
720 4743 988 4792 secessum,
1013 4741 1109 4779 non
1138 4731 1247 4792 post
1266 4728 1420 4782 illum.
1438 4729 1509 4778 uti
1535 4729 1727 4790 quidem
1742 4730 2011 4780 insinuant.

547 4815 655 4881 (10)
679 4819 752 4867 Ex
779 4816 916 4866 titulo
942 4815 1091 4875 hujus
1117 4817 1166 4863 et
1191 4813 1511 4875 quorumdam
1537 4814 1741 4864 aliorum
1787 4817 2000 4876 capitum
2027 4817 2082 4866 li-

484 4889 598 4947 quet
619 4883 1012 4934 abbreviatorem
1054 4881 1277 4942 quadam
1318 4881 1638 4936 contraxisse,
1679 4884 1892 4932 auctoris
1934 4884 2081 4933 verba

479 4950 674 5012 quidem
715 4948 996 5008 retinendo,
1023 4949 1109 4996 sed
1144 4947 1433 5009 resecando,
1459 4959 1565 5008 qua
1591 4949 1792 5008 putabat
1817 4950 2080 5010 superflua.

552 5032 661 5097 (11)
688 5033 738 5082 Si
763 5044 890 5080 anno
913 5031 1042 5079 1200
1067 5032 1203 5091 Hugo
1228 5030 1368 5097 obiit,
1405 5033 1530 5080 teste
1554 5032 1712 5092 Surio,
1752 5031 1854 5092 jam
1882 5045 2085 5094 sexage-

483 5096 670 5160 narius,
699 5098 887 5148 videtur
906 5100 1046 5146 natus
1068 5097 1216 5147 fuisse
1236 5096 1368 5146 circa
1390 5109 1567 5146 annum
1590 5099 1718 5148 1140
1739 5103 1787 5148 et
1810 5100 1859 5148 in
1885 5100 2079 5149 levitam

482 5165 733 5214 ordinatus
757 5175 883 5212 anno
911 5164 1038 5212 1158
1063 5168 1146 5213 aut
1167 5164 1411 5224 sequenti.

555 5245 664 5311 (1‘2)
704 5248 749 5296 ls
773 5251 877 5298 erat
899 5248 1161 5298 Gaufridus
1188 5260 1246 5297 ex
1285 5248 1610 5299 Carthusiano
1636 5261 1724 5311 per
1760 5249 1809 5298 id
1851 5249 2086 5310 temporis

485 5315 667 5364 ibidem
693 5313 965 5376 episcopus.
994 5316 1056 5364 Et
1080 5315 1161 5363 hic
1198 5319 1271 5364 est
1296 5314 1397 5376 ille,
1435 5315 1496 5364 de
1523 5327 1618 5376 quo
1659 5315 1707 5364 in
1733 5317 1856 5364 actis
1891 5317 1942 5363 S.
1984 5319 2086 5364 An-

486 5381 657 5430 thelmi
684 5381 809 5443 apud
853 5381 1193 5430 Bollandianos
1234 5381 1312 5429 illa
1341 5381 1517 5443 legitur
1545 5400 1556 5429 :
1593 5402 1612 5424 σ
1645 5383 1942 5432 Anthelmus
1977 5394 2084 5430 cum

485 5446 696 5507 egregia
725 5448 960 5496 facundia
988 5449 1108 5505 viro,
1137 5453 1279 5508 atque
1323 5447 1376 5495 in
1421 5448 1682 5509 Scripturis
1714 5449 1854 5498 valde
1897 5448 2085 5498 erudito

484 5513 726 5563 Gaut‘redo
751 5515 976 5562 consocio
999 5527 1106 5572 suo,
1139 5534 1158 5554 -
1189 5517 1282 5563 etc.
1307 5513 1539 5563 Eumdem
1568 5514 1646 5563 his
1679 5514 1894 5564 celebrat
1934 5514 2086 5563 abbas

482 5580 716 5629 Morotius
761 5597 771 5627 :
830 5595 849 5625 ι
892 5581 1199 5640 Godefridus,
1257 5580 1510 5640 episcopus
1585 5581 2086 5642 GratianOpolitanus,

485 5645 707 5696 Othmari
730 5659 875 5708 supra
899 5646 1081 5697 laudati
1107 5647 1155 5696 in
1171 5645 1315 5707 hujus
1341 5646 1657 5697 institutionis
1683 5645 2084 5711 (Cartliusiensis)

485 5715 690 5776 parente
739 5712 882 5764 domo
922 5714 1036 5764 olim
1081 5713 1265 5774 collega
1309 5713 1529 5762 eumdem
1577 5713 1688 5762 fatis
1731 5713 2082 5764 concedentem

2162 1905 2304 1977 quod
2335 1905 2388 1958 in
2416 1906 2663 1976 paternis
2695 1906 3108 1962 necessitatibus
3163 1906 3341 1960 studia
3370 1904 3612 1961 vinceret
3639 1904 3760 1958 sin-

2161 1994 2432 2067 gulorum.
2466 1994 2624 2062 Quod
2654 2009 2890 2066 namque
2930 1996 3048 2051 viro
3106 1994 3485 2050 strenuissimo
3517 1992 3761 2048 exhiberi

2160 2082 2401 2137 universi
2430 2090 2483 2138 et
2526 2083 2726 2155 singuli
2755 2091 3134 2154 pracptareut,
3169 2083 3320 2138 solus
3347 2082 3439 2137 ille
3483 2097 3581 2153 pro
3629 2096 3764 2136 cun-

2162 2171 2262 2226 ctis
2291 2171 2570 2241 implebat.
2602 2172 2757 2226 Hunc
2805 2171 2987 2243 igitur,
3029 2180 3088 2226 ut
3142 2171 3259 2242 ipse
3315 2169 3514 2241 sapius
3568 2177 3763 2240 gratu-

2161 2257 2325 2313 lando
2356 2258 2647 2325 referebat,
2682 2259 2750 2314 de
2781 2266 2976 2315 catero
3023 2259 3101 2330 (9)
3157 2259 3398 2330 quandiu
3445 2256 3760 2329 supervixit,

2162 2347 2413 2414 ducebat,
2448 2348 2721 2418 portabat,
2755 2348 2994 2403 vestibus
3023 2355 3076 2403 et
3105 2347 3487 2404 calceamentis
3518 2345 3762 2418 tegebat,

2161 2435 2421 2502 nudabat,
2475 2437 2712 2502 lavabat,
2762 2437 3095 2510 extergebat,
3141 2436 3343 2492 lectum
3373 2435 3424 2491 ei
3468 2425 3766 2503 sternebat,

2164 2524 2315 2579 cibos
2343 2525 2624 2595 languenti
2666 2525 2912 2595 parabat,
2961 2525 3163 2595 paratis
3203 2525 3438 2580 debilem
3467 2524 3583 2594 ipse
3613 2522 3764 2579 ciba-

2165 2613 2276 2668 bat.
2309 2614 2436 2669 Haec
2469 2620 2518 2668 et
2565 2613 2650 2668 his
2679 2613 2876 2667 similia
2932 2613 3139 2669 dulcius
3171 2613 3221 2668 ei
3277 2613 3580 2684 sepiebant,
3641 2627 3773 2667 cum

2165 2716 2232 2757 ea
2260 2701 2509 2768 faciebat,
2575 2717 2734 2773 quam
2784 2709 3038 2772 saperent
3081 2701 3243 2758 mella
3291 2700 3615 2766 comedenti,
3676 2707 3774 2755 aut

2167 2790 2423 2861 qualibet
2458 2791 2740 2862 pigmenta
2785 2792 3135 2846 vehementer
3181 2791 3399 2847 sitienti.
3450 2789 3772 2861 Accipiebat

2165 2878 2365 2933 millies
2394 2880 2465 2934 ad
2496 2879 2713 2951 singula
2750 2881 2868 2935 hac
2913 2879 3320 2935 benedictiones
3351 2879 3420 2934 ab
3452 2894 3544 2934 ore
3572 2876 3768 2949 patris,

2168 2975 2220 3022 et
2246 2969 2346 3022 has
2375 2969 2538 3023 corde
2568 2968 2727 3023 avido
2753 2968 2996 3024 sitienter
3027 2968 3329 3024 hauriebat.
3367 2967 3585 3024 Sciebat
3614 2981 3774 3021 nam-

2169 3072 2294 3126 que,
2329 3057 2474 3126 quod
2505 3055 2911 3112 benedictiones
2949 3065 3164 3127 patrum
3215 3055 3542 3113 confirmant
3570 3056 3772 3110 domos

2168 3143 2423 3199 filiorum.
2465 3145 2735 3199 Nimirum
2771 3145 3178 3201 benedictiones
3225 3145 3464 3200 omnium
3522 3143 3772 3215 gentium

2165 3234 2388 3288 daturus
2417 3233 2493 3288 illi
2524 3234 2819 3300 Dominus,
2869 3234 3235 3304 praveniebat
3263 3250 3388 3290 eum
3435 3234 3490 3288 in
3536 3232 3775 3288 benedi-

2167 3321 2437 3377 ctionibus
2466 3321 2790 3392 dulcedinis,
2823 3323 3058 3389 dulcem,
3089 3323 3378 3379 amabilem
3410 3330 3464 3379 et
3493 3321 3777 3378 benedici-

2169 3410 2334 3467 bilem
2362 3410 2515 3467 illum
2545 3411 2850 3467 exhibendo
2879 3411 3168 3467 universis.

2777 3536 3002 3593 CAPUT
3031 3537 3122 3592 IV.

2178 3642 2434 3709 Qualiter
2454 3643 2751 3698 ordinatus
2775 3643 2963 3706 levita,
2984 3659 3119 3698 mox
3138 3641 3563 3709 praedicationis
3583 3641 3776 3698 studia

2238 3713 2453 3783 plebem
2474 3715 2816 3783 informem,
2841 3714 3111 3768 cellulam
3127 3713 3180 3768 S.
3207 3713 3446 3783 Maximi
3467 3713 3776 3782 regendam

2239 3785 2475 3854 accepit,
2501 3782 2556 3837 et
2579 3786 2662 3838 ita
2686 3785 3050 3839 laudabiliter
3069 3785 3244 3838 rexit.
3273 3785 3340 3838 Et
3361 3782 3460 3838 sub
3484 3784 3584 3838 hoc
3614 3799 3774 3838 com-

2240 3854 2893 3926 prehenditurquintum
2905 3856 3225 3926 capitulum
3237 3871 3455 3924 magna
3474 3855 3610 3909 Vitae
3631 3854 3768 3923 (10).

2243 3962 2456 4015 Annum
2487 3975 2615 4015 vero
2646 3960 2817 4015 atatis
2842 3961 2954 4029 jam
2982 3960 3262 4033 ingressus
3294 3961 3407 4030 (11)
3440 3975 3642 4014 nonum
3672 3959 3772 4015 de-

2171 4049 2388 4114 cimum,
2423 4056 2639 4119 petente
2669 4049 2815 4104 omni
2835 4057 2978 4105 catu
3001 4048 3244 4114 fratrum,
3279 4064 3378 4119 per
3406 4047 3774 4104 venerabilem

2177 4137 2742 4209 Gratianopolitanum
2772 4139 2886 4209 (12)
2917 4137 3229 4205 antistitem,
3281 4137 3508 4208 gradum
3558 4144 3774 4193 coactus

2178 4317 2411 4380 pastorali
2437 4319 2484 4367 in
2507 4318 2830 4368 sollicitudine
2865 4318 3074 4378 excepit.
3109 4318 3282 4367 Exstat
3301 4317 3350 4367 in
3383 4316 3620 4367 tabulario
3654 4317 3779 4366 Gra-

2101 4414 2152 4473 D
2181 4385 2530 4473 tiapopolitano
2569 4386 2782 4461 diploma
2805 4384 3056 4473 ‘Eri‘tierici
3098 4383 3516 4473 imperatpris'sub
3558 4384 3669 4473 dato
3695 4396 3776 4433 an.

2185 4452 2335 4513 1161,
2362 4453 2409 4500 in
2433 4464 2524 4512 quo
2549 4451 2785 4514 principis
2805 4452 2944 4502 titulo
2970 4451 3246 4512 insignitur.
3287 4450 3452 4512 Qualis
3477 4452 3780 4512 quantusque

2181 4518 2258 4568 vir
2280 4518 2574 4568 Goderridus
2597 4519 2762 4578 fuerit,
2788 4519 3076 4580 dignoscere
3101 4518 3217 4566 licet
3242 4518 3303 4566 ab
3328 4523 3523 4567 auctore
3538 4528 3778 4579 anonymo

2182 4585 2304 4634 Vita
2325 4585 2376 4632 S.
2423 4585 2673 4634 Anthelmi
2699 4584 2986 4634 Bellicensis
3029 4583 3304 4645 anstistitis,
3345 4584 3472 4646 apud
3510 4595 3650 4646 quem
3692 4587 3782 4633 hoc

2185 4652 2338 4714 elogio
2363 4652 2602 4702 attollitur
2623 4665 2635 4700 :
2669 4668 2687 4696 α
2710 4652 2840 4700 Ordo
2858 4651 3245 4713 Carthusiensis,
3263 4651 3448 4712 primus
3463 4653 3575 4700 ante
3593 4661 3781 4710 omnes,

2195 4720 2289 4768 «in
2338 4718 2557 4768 Ecclesia
2609 4717 2918 4780 occidentali,
2969 4717 3376 4778 quemadmodum
3409 4717 3530 4766 satis
3571 4720 3779 4777 constat,

2188 4805 2208 4827 -
2239 4785 2570 4834 Alexandrum
2591 4797 2678 4847 pro
2704 4785 2950 4834 catholico
2991 4788 3040 4833 et
3077 4795 3192 4832 vero
3215 4783 3448 4848 pontiﬁce
3485 4783 3780 4842 habendum,

2188 4872 2207 4893 ι
2240 4852 2379 4911 eique
2406 4851 2733 4912 prastandam
2764 4851 3111 4911 obedientiam,
3139 4851 3465 4900 confirmavit.
3506 4850 3681 4910 Ecquis
3705 4861 3785 4897 au-

2189 4934 2213 4964 α
2241 4923 2339 4967 tem
2367 4917 2473 4978 ejus
2498 4917 2564 4965 rei
2591 4921 2760 4967 auctor
2785 4917 2873 4966 fuit
2892 4919 2918 4964 ?
2943 4917 3171 4966 nimirum
3194 4917 3499 4974 Anthelmus,
3524 4918 3704 4964 etcum
3727 4927 3785 4964 eo

2195 5003 2214 5026 ι
2238 4984 2529 5042 Gaufredus,
2559 4984 2755 5044 sapiens
2781 4989 2828 5033 et
2860 4983 3059 5045 egregia
3089 4983 3311 5032 facundia
3332 4984 3425 5044 vir,
3453 4989 3594 5044 atque
3629 4982 3678 5030 in
3709 4981 3786 5031 di-

2192 5070 2212 5092 α
2242 5051 2372 5100 vinis
2397 5050 2683 5110 Scripturiis
2711 5049 3130 5098 eruditissisimus.
3171 5063 3199 5094 ι)
3239 5048 3358 5109 Ejus
3391 5060 3578 5108 quoque
3606 5048 3790 5097 mentio

2185 5117 2232 5165 in
2264 5117 2427 5166 Indice
2456 5118 2704 5178 pastovum
2747 5115 2889 5176 hujus
2914 5117 3076 5176 gregis
3099 5116 3319 5175 evulgato
3342 5128 3368 5163 a
3395 5116 3575 5163 Joanne
3599 5113 3789 5173 Chenu,

2187 5183 2394 5234 Claudio
2421 5183 2660 5245 Roberto,
2689 5185 2738 5231 et
2763 5182 2978 5232 Scavola
3010 5195 3067 5230 ac
3093 5183 3336 5231 Ludovico
3361 5180 3734 5230 Sammartanis.
3761 5196 3780 5225 ι

2187 5252 2301 5300 Haec
2328 5251 2565 5300 Morotius
2595 5250 2642 5297 in
2678 5249 2898 5297 Theatra
2936 5249 3040 5297 0rd.
3081 5250 3242 5307 Cart.,
3289 5250 3423 5309 parte
3465 5247 3628 5306 tertia,
3668 5258 3792 5296 anno

2191 5317 2339 5375 1681,
2373 5317 2502 5366 edito
2531 5315 2752 5364 Taurini.
2800 5315 2851 5363 lu
2895 5315 3136 5364 adnotatis
3161 5315 3220 5364 ad
3245 5314 3404 5363 Vitam
3431 5315 3483 5362 S.
3527 5313 3789 5371 Anthelmi,

2185 5395 2298 5445 pag.
2327 5383 2444 5440 254,
2469 5381 2639 5430 scribit
2657 5381 2992 5430 chschenius
3019 5393 3071 5430 τε·
3098 5381 3326 5431 Gaufredi
3350 5379 3491 5440 hujus
3515 5379 3625 5428 alibi
3653 5380 3796 5427 mira-

2191 5461 2304 5498 mur
2327 5450 2510 5498 nullam
2545 5448 2747 5508 reperiri
2776 5448 3092 5498 mentionem.
3120 5463 3138 5492 ιι
3174 5447 3439 5497 Occasione
3461 5446 3606 5505 hujus
3624 5450 3794 5507 prater

2191 5515 2409 5575 elogium
2459 5513 2648 5563 abbatis
2673 5515 2895 5575 Morotii,
2931 5515 3052 5564 addo
3077 5514 3406 5563 testimonium
3442 5525 3500 5562 ex
3530 5525 3646 5561 mss.
3677 5524 3788 5565 sae.

2186 5595 2294 5640 xm,
2322 5583 2519 5630 statutis
2545 5583 2756 5643 erutum,
2775 5580 2845 5639 sic
2863 5579 3050 5629 habens
3080 5593 3092 5628 :
3133 5601 3154 5622 ι
3201 5585 3272 5628 Ub
3299 5585 3522 5628 tenorem
3547 5583 3596 5628 et
3629 5577 3796 5627 confir-

2190 5648 2454 5697 mationem
2483 5647 2630 5697 totius
2677 5647 2912 5709 propositi
2960 5646 3118 5696 nostri
3145 5684 3159 5705 ,
3183 5658 3270 5708 ego
3307 5645 3513 5695 Basilius
3537 5645 3799 5696 Carthasia

2183 5716 2315 5778 prior
2339 5714 2515 5776 dictus,
2561 5716 2609 5764 et
2640 5714 2803 5763 caeteri
2830 5713 3006 5764 fratres
3053 5713 3224 5774 nostri,
3273 5724 3369 5762 uno
3402 5712 3563 5763 animo
3614 5715 3660 5761 et
3702 5723 3791 5762 una
