3938 6410
242 338 354 393 949

261 558 369 607 om
395 551 808 622 praedicationis
830 551 1009 607 studio
1037 551 1254 624 plebem
1309 553 1627 619 informare,
1689 562 1741 609 et
1794 554 1866 608 ad

263 654 513 695 amorem
542 640 781 696 caelestis
825 640 1017 713 patria:
1054 641 1383 713 torpentium
1440 641 1605 698 corda
1656 642 1867 696 instau-

266 727 378 783 tius
423 728 690 785 excitare.
750 730 1047 785 Peccantes
1104 729 1320 800 publice
1376 744 1561 786 coram
1615 730 1867 785 omnibus

267 815 561 890 arguebat.
594 816 918 873 Gaudebant
948 818 993 872 si
1024 818 1245 890 quidem
1303 818 1544 874 universi
1573 818 1629 873 in
1685 818 1867 874 verbis

268 907 482 978 gratiae,
516 921 635 979 qua
665 906 1036 978 procedebant
1067 906 1135 962 de
1165 921 1261 962 ore
1280 907 1437 975 ejus;
1460 908 1559 962 sed
1589 923 1703 978 pra:
1716 916 1868 963 caete-

270 993 351 1049 ris
379 994 528 1065 prior
559 1010 711 1059 suus,
746 994 831 1050 vir
860 993 1153 1066 religiosus
1182 1001 1234 1049 et
1262 993 1405 1065 pius,
1441 994 1531 1066 qui
1576 1010 1701 1049 eum
1730 994 1868 1049 edu-

273 1090 491 1140 caverat
515 1091 569 1138 et
625 1081 718 1155 qui
770 1090 828 1137 ut
875 1082 1115 1137 animam
1185 1098 1341 1137 suam
1398 1099 1522 1137 eum
1586 1083 1867 1155 diligebat.

276 1171 377 1226 Hic
404 1171 571 1227 corde
598 1170 877 1226 laetissimo
908 1187 1065 1226 suum
1096 1170 1377 1226 alumnum
1406 1186 1526 1227 cum
1544 1171 1870 1227 sublimitate

273 1260 400 1315 vitae
428 1258 709 1314 sublimari
724 1275 959 1315 cernens
987 1260 1156 1316 verbo
1177 1259 1383 1332 gloriae,
1408 1259 1684 1315 contendit
1712 1261 1872 1315 etiam

275 1348 395 1419 ipse
428 1364 551 1403 eum
582 1348 653 1403 ad
674 1347 867 1403 altiora
896 1348 1163 1404 attollere.

348 1450 599 1506 Vicinam
627 1450 794 1523 igitur
836 1449 1111 1520 cellulam,
1145 1468 1308 1524 quam
1366 1459 1558 1508 vocant
1615 1453 1871 1507 Sanctum

274 1538 590 1604 Maximum,
623 1553 691 1594 eo
721 1539 867 1611 quod
894 1538 1004 1595 loci
1030 1539 1145 1608 ejus
1172 1539 1393 1596 basilica
1413 1547 1601 1596 sancto
1643 1547 1726 1595 est
1754 1541 1872 1595 Ma-

275 1626 451 1696 ximo,
482 1626 793 1700 regentium
820 1625 989 1682 nobili
1019 1635 1265 1698 patrono,
1298 1636 1642 1697 consecrata,
1665 1627 1715 1684 ei
1727 1644 1876 1683 com-

275 1714 438 1769 mittit
466 1714 783 1787 regendam.
817 1714 990 1784 Quam
1018 1714 1109 1771 ille
1129 1716 1293 1771 rebus
1349 1717 1569 1788 quidem
1616 1732 1873 1772 necessa-

276 1802 371 1857 riis
402 1818 543 1874 pene
570 1818 799 1858 vacuam
829 1803 978 1875 (quia
1018 1819 1280 1861 recusare
1331 1804 1697 1871 obedientiam
1745 1805 1877 1860 obe-

277 1890 498 1946 dientire
528 1891 803 1947 addictum
840 1890 1055 1963 legibus
1110 1891 1196 1947 fas
1256 1907 1366 1948 non
1413 1898 1553 1963 erat)
1612 1892 1869 1964 suscepit,

276 1978 545 2051 bonisque
573 1980 632 2034 in
659 1979 816 2036 brevi
845 1979 1073 2036 ubertim
1094 1980 1357 2052 implevit.
1384 1981 1511 2038 Loci
1541 1996 1676 2037 sane
1704 1981 1875 2053 ipsius

274 2066 738 2139 possessiunculae
774 2066 861 2122 vix
904 2068 1066 2125 unico
1096 2069 1168 2124 ad
1215 2069 1502 2125 honestam
1550 2069 1877 2126 videbantur

278 2155 577 2212 habitatori
604 2156 1054 2213 sustentationem
1109 2172 1234 2213 cum
1279 2157 1482 2213 familia
1510 2172 1677 2229 parva
1722 2156 1874 2213 διιῦί-

276 2259 424 2301 cere.
458 2245 664 2301 Verum
692 2245 872 2318 Hugo,
904 2245 1086 2302 sciens
1116 2245 1312 2301 melius
1362 2246 1503 2301 duos
1533 2246 1696 2301 simul
1754 2262 1876 2302 esse

280 2349 442 2405 quam
471 2349 660 2402 unum,
697 2332 870 2389 noluit
897 2349 1021 2390 esse
1064 2333 1233 2402 solus,
1266 2350 1336 2390 ne
1387 2334 1493 2390 sibi
1548 2334 1876 2407 quandoque

281 2423 389 2478 dici
418 2422 687 2494 potuisset
718 2439 733 2477 :
771 2442 794 2473 ι
812 2423 906 2478 Vae
932 2421 1054 2489 soli,
1080 2422 1210 2495 quia
1231 2422 1278 2477 si
1298 2422 1560 2480 ceciderit
1581 2439 1691 2478 non
1719 2424 1877 2478 habet

278 2511 654 2567 sublevantem
683 2526 743 2567 se
776 2510 980 2581 (Eccle.
1010 2526 1091 2577 tv,
1128 2514 1204 2581 6).
1240 2531 1262 2562 ι
1280 2510 1470 2567 Sciens
1492 2512 1878 2584 quoquejuxta

279 2599 383 2655 viri
411 2598 713 2655 doctissimi
742 2598 1072 2655 sententiam
1126 2614 1138 2653 :
1177 2621 1200 2650 ι
1236 2599 1384 2655 Sicut
1405 2599 1640 2667 junioris
1676 2601 1877 2669 jucun—

281 2687 511 2754 diorem,
541 2686 617 2742 ita
636 2686 1094 2743 cohabitationem
1133 2687 1365 2743 senioris
1392 2702 1516 2743 esse
1545 2688 1821 2753 tutiorem,
1855 2712 1874 2734 η

276 2776 656 2849 presbyterum
704 2775 1133 2832 concanonicum
1179 2776 1335 2831 annis
1366 2784 1420 2831 et
1470 2776 1709 2833 moribus
1756 2792 1881 2847 gra-

280 2881 406 2922 vem
435 2864 644 2936 accepit
673 2863 730 2919 in
772 2864 1003 2921 socium.
1051 2864 1213 2937 Ageli
1261 2880 1441 2921 curam
1495 2872 1549 2921 et
1596 2865 1880 2920 vinearum

282 2952 503 3010 rusticis
528 2952 798 3009 timoratis
826 2953 1238 3019 commendans,
1298 2953 1416 3025 ipse
1465 2961 1518 3008 et
1562 2952 1783 3009 lectioni
1829 2961 1882 3007 et

281 3042 514 3100 orationi
546 3041 795 3098 vacabat.
829 3041 1162 3114 Factumque
1192 3050 1276 3097 est
1319 3049 1379 3098 ut
1410 3042 1466 3096 in
1521 3042 1695 3111 brevi,
1728 3041 1881 3096 locus

282 3147 467 3188 rerum
499 3137 553 3188 et
576 3130 769 3187 incola:
799 3146 1013 3185 morum
1060 3130 1346 3202 stipendiis
1389 3130 1559 3202 ditati,
1608 3130 1879 3186 celebrem

279 3219 552 3292 opinionis
602 3219 763 3275 bona:
810 3218 1237 3291 circumquaque
1290 3218 1493 3274 famam
1553 3218 1878 3275 obtinerent.

282 3310 407 3380 Ipse
428 3308 631 3380 quippe
659 3315 715 3365 et
742 3306 845 3374 sui,
878 3306 972 3380 qui
1000 3322 1127 3363 cum
1153 3307 1274 3379 ipso
1303 3314 1476 3377 erant,
1508 3306 1565 3362 in
1594 3324 1690 3362 sua
1710 3308 1883 3362 abun-

283 3398 467 3453 dantia
496 3396 700 3463 sobrie,
733 3403 788 3452 et
816 3395 925 3468 pie,
960 3403 1013 3451 et
1037 3396 1183 3466 juste
1210 3395 1477 3463 viventes,
1511 3396 1702 3469 egenis
1759 3396 1886 3451 sub-

284 3485 665 3542 ministrabant
711 3484 1045 3551 alimoniam,
1096 3483 1355 3540 divitibus
1410 3483 1883 3541 honorificentiam

285 3574 624 3631 exhibentes.
660 3573 844 3629 Sacra;
884 3588 1015 3629 vero
1073 3572 1459 3629 exhortationis
1516 3571 1713 3639 studio,
1775 3588 1885 3628 non

286 3663 461 3720 solum
510 3660 814 3719 ecclesiola:
869 3677 985 3717 sua:
1037 3661 1418 3733 parochianos,
1477 3677 1669 3717 verum
1722 3661 1887 3717 etiam

288 3752 627 3809 conﬂuentes
657 3750 899 3823 undique
928 3749 1113 3805 turbas
1143 3750 1224 3805 ad'
1269 3750 1599 3805 audiendum
1657 3750 1887 3807 verbum

285 3840 404 3909 Dei,
458 3839 746 3896 instantius
802 3838 1089 3905 edocebat,
1160 3854 1391 3894 monens
1444 3854 1888 3910 unumquemque

285 3946 387 4003 pro
415 3937 591 3985 status
622 3927 705 3984 sui
741 3920 1059 3984 conditione
1110 3927 1645 3999 irreprehensibilem
1679 3944 1739 3983 se
1790 3943 1886 3983 ca-

287 4017 503 4075 tholicae
548 4016 856 4073 traditionis
885 4024 939 4073 et
964 4016 1070 4088 piae
1098 4031 1198 4089 per
1247 4016 1431 4074 omnia
1459 4015 1889 4073 conversationis

287 4114 615 4165 sectatorem
644 4104 923 4162 exhibere.

918 4336 1144 4393 CAPUT
1194 4336 1257 4391 V.

288 4531 549 4600 Qualiter
564 4529 713 4585 illud
733 4528 1118 4601 evangelicum
1138 4545 1152 4582 :
1180 4550 1201 4576 α
1219 4528 1279 4583 Si
1290 4529 1604 4600 peccaverit
1622 4528 1683 4581 in
1699 4530 1754 4582 te
1765 4528 1894 4651 [ra-

335 4605 425 4651 ter
446 4604 582 4651 tum
602 4623 624 4650 υ
642 4602 795 4651 circa
820 4600 1117 4651 quemdam
1137 4598 1302 4651 dictae
1331 4599 1554 4651 cellula
1594 4613 1759 4651 varoc
1803 4598 1891 4651 ia-

335 4605 425 4658 ter
446 4604 582 4658 tua:
602 4623 624 4650 υ
642 4602 795 4657 circa
820 4598 1125 4672 quemdam
1137 4598 1302 4655 dicite
1331 4599 1554 4655 cellulae
1590 4598 1891 4670 parochia-

292 4793 415 4832 voce
433 4780 631 4831 domum
657 4781 875 4830 nostram
901 4778 1149 4831 communi
1174 4778 1384 4841 capitulo
1421 4778 1761 4840 corrigendam
1799 4779 1901 4826 tra-

285 4849 478 4907 dimus,
531 4847 741 4897 servatis
796 4844 1031 4897 institutis
1066 4857 1172 4907 quae
1209 4845 1259 4895 in
1303 4845 1669 4908 praesentiarum
1712 4846 1898 4906 scripto

287 4915 366 4965 vel
405 4914 754 4964 consuetudine
794 4913 1023 4975 religiose
1047 4924 1319 4962 servamus.
1358 4912 1430 4962 0b
1455 4912 1682 4962 eumdem
1708 4924 1898 4973 quoque

288 4982 527 5045 propositi
556 4984 799 5030 tenorem.
848 4982 902 5029 Β.
941 4981 1201 5030 Portarum
1236 4979 1375 5037 prior
1396 4979 1641 5029 communi
1686 4978 1898 5040 capitulo

288 5061 380 5111 pro
418 5060 471 5097 se
496 5050 547 5097 et
585 5058 672 5108 pro
713 5046 860 5095 domo
903 5059 991 5097 sua
1035 5046 1360 5096 obedientiam
1401 5044 1642 5108 promisit.
1670 5046 1807 5106 Quod
1830 5048 1898 5093 ‘et

291 5114 456 5165 caeteri
484 5114 674 5176 priores
713 5113 890 5175 singuli
916 5112 1088 5163 ordine
1130 5125 1215 5162 suo
1251 5113 1606 5172 subsequenter
1654 5113 1894 5161 fecerunt.

289 5183 414 5231 Item
450 5181 512 5231 ad
551 5180 973 5230 confirmationem
1010 5179 1234 5241 praedicti
1258 5179 1453 5241 capituli
1490 5178 1661 5228 domus
1687 5180 1898 5229 Carthu-

288 5248 373 5297 size
394 5260 421 5296 a
446 5246 642 5297 domino
674 5246 909 5297 Gott‘redo
948 5245 1399 5306 Gratianopolitano
1439 5245 1665 5308 episcopo
1708 5246 1900 5295 litteras

288 5315 481 5376 accepit
531 5315 659 5363 hunc
702 5313 901 5362 modum
945 5314 1250 5362 continentes
1278 5326 1290 5361 :
1318 5333 1337 5354 ο
1378 5313 1479 5373 Ego
1514 5312 1576 5360 G.
1616 5312 1699 5361 Dei
1744 5312 1899 5372 gratia

295 5403 315 5422 -
347 5380 829 5441 Gratianopolitanus
853 5380 1105 5441 episcopus
1131 5382 1301 5439 rogatu
1317 5380 1373 5428 Β.
1416 5379 1687 5427 Carthusia:
1727 5378 1904 5440 prioris

303 5463 323 5492 ι
347 5450 396 5497 et
422 5451 712 5497 creterorum
749 5446 955 5495 fratrum
1000 5446 1177 5495 ibidem
1218 5447 1315 5495 Deo
1363 5444 1700 5494 famulantium
1732 5445 1907 5506 prteru-

299 5530 326 5561 ‹‹
354 5518 457 5562 tam
484 5513 681 5563 domum
726 5512 974 5563 communi
1007 5511 1239 5574 capitulo,
1280 5511 1403 5561 sicut
1465 5511 1677 5571 generali
1707 5511 1907 5560 consilio

315 5596 335 5628 α
364 5580 516 5632 totius
536 5579 720 5630 ordinis
743 5578 993 5631 decretum
1019 5583 1095 5629 est
1119 5578 1377 5643 episcopali
1429 5577 1718 5628 auctoritate
1759 5576 1909 5627 corti-

1640 340 1816 396 VITA.
1848 370 1917 382 —
1955 341 2082 395 LIB.
2125 342 2164 397 Ι.

251 468 311 517 et
339 460 544 525 invitus
574 462 826 520 ascendit
852 463 1146 521 leviticum.
1171 465 1348 536 Coepit
1378 465 1539 520 etiam
1561 480 1685 521 mox
1729 479 1860 519 san-
1883 468 1937 527 Α

3461 339 3566 394 950

2036 470 2507 607 ἒιῶτέἅέἷεσυταε
2546 472 2633 523 est
2661 467 2726 523 de
2744 471 2973 539 peccato
2994 466 3267 525 adulterii
3297 464 3564 537 diﬂ’ama-

2391 603 2399 633 κ

2037 696 2169 751 Erat
2196 702 2375 751 autem
2394 696 2536 752 inter
2565 698 2801 753 creditas
2842 715 2989 755 cura:
3015 714 3126 753 suae
3158 696 3401 754 oviculas
3447 696 3565 751 ovis

1968 784 2215 855 quaedam
2231 785 2500 856 morbida,
2542 787 2796 854 erratica,
2839 787 3037 859 lupinis
3076 788 3219 842 ultro
3248 802 3309 841 se
3363 783 3566 840 morsi-

1967 872 2069 927 bus
2099 874 2374 945 ingerens.
2407 874 2644 929 Crimine
2667 876 2712 929 si
2742 877 2962 947 quidem
2992 874 3245 931 adulterii
3271 874 3568 945 quidamex

1969 961 2375 1031 parochialibus
2421 963 2535 1017 suis
2608 964 2941 1034 pertinacius
3013 964 3312 1019 laborabat.
3367 963 3569 1018 Verum

1970 1049 2101 1120 quid
2130 1065 2295 1115 curae,
2330 1050 2460 1121 quid
2488 1051 2884 1119 sollicitudinis,
2946 1053 3073 1125 quid
3129 1052 3401 1107 instantiae
3442 1050 3569 1105 huic

1970 1137 2297 1208 impenderit
2326 1139 2562 1210 pastoris
2593 1140 2719 1195 boni
2750 1141 3050 1212 sequipeda
3096 1140 3293 1206 bonus,
3324 1138 3571 1209 ejusdem

1969 1227 2148 1297 potius
2175 1228 2358 1283 verbis
2392 1227 2675 1285 absolvere
2705 1228 2928 1300 dignum
2969 1229 3245 1285 duximus.
3282 1229 3421 1284 Nam
3455 1227 3574 1284 vice

1974 1316 2211 1387 quadam
2233 1314 2480 1386 plurimis
2512 1317 2933 1373 consedentibus
2963 1318 3092 1374 viris
3121 1317 3391 1386 litteratis,
3434 1329 3571 1371 con-

1973 1403 2094 1475 tigit
2114 1404 2233 1475 ipso
2256 1418 2540 1475 praesente,
2565 1412 2773 1461 etcum
2810 1407 3019 1462 eisdem
3066 1406 3402 1466 familiariter
3443 1410 3571 1482 plu-

1975 1507 2038 1546 ra
2060 1491 2393 1562 conferente,
2427 1510 2457 1547 a
2480 1494 2801 1564 quibusdam
2832 1495 3082 1551 canonici
3139 1512 3243 1553 nec
3269 1513 3381 1553 non
3410 1508 3463 1555 et
3489 1500 3572 1557 ci-

1975 1579 2098 1634 vilis
2148 1581 2287 1647 juris
2333 1580 2524 1653 peritis
2582 1583 2909 1654 quastionem
2964 1583 3109 1638 illam
3144 1584 3213 1640 de
3268 1586 3574 1659 Evangelia

1976 1669 2227 1739 proponi,
2260 1685 2369 1740 qua
2428 1669 2694 1725 Dominus
2743 1672 2902 1726 Petro
2951 1672 3125 1728 dicit:
3159 1674 3214 1728 Si
3268 1677 3577 1745 peccaverit

1977 1758 2033 1811 in
2061 1766 2113 1812 te
2143 1757 2310 1812 frater
2341 1766 2481 1825 tuus,
2514 1758 2726 1829 corripe
2757 1759 2909 1814 illum
2937 1760 3078 1816 inter
3097 1769 3147 1817 te
3170 1771 3222 1816 et
3250 1762 3431 1834 ipsum
3488 1781 3577 1820 so-

1895 1824 1947 1883 B
1975 1845 2087 1900 lum
2119 1846 2339 1916 (Matth.
2376 1861 2536 1912 xvm,
2572 1824 2681 1918 15):
2710 1867 2733 1897 ι
2752 1848 2830 1902 De
2860 1849 2944 1904 his
2974 1865 3102 1905 vero
3123 1824 3574 1923 quazsequuntur,

1977 1934 2184 1990 scilicet
2207 1934 2275 1989 de
2305 1934 2632 1989 adhibendis
2660 1950 2847 1992 secum
2874 1936 3087 1992 duobus
3121 1938 3207 1994 vel
3236 1941 3405 1995 tribus
3426 1943 3577 1997 testi-

1977 2023 2097 2092 bus,
2132 2037 2231 2078 seu
2259 2023 2329 2078 de
2348 2020 2523 2077 forma
2554 2023 2773 2080 dicendi
2823 2025 3087 2081 Ecclesiae
3132 2036 3416 2097 peccatum
3461 2029 3575 2086 fra-

1977 2111 2091 2176 tris,
2120 2109 2242 2164 aliis
2264 2110 2361 2177 sic,
2412 2109 2535 2165 aliis
2592 2127 2726 2167 vero
2782 2111 2860 2167 sic
2908 2111 3318 2182 difﬁnientibus,
3369 2118 3469 2172 sed
3521 2117 3577 2173 in

1978 2199 2228 2255 eamdem
2259 2199 2622 2255 assertionem
2652 2198 2877 2256 minime
2914 2203 3302 2260 accedentibus
3358 2206 3577 2277 episco-

1978 2303 2079 2359 pus
2108 2287 2305 2343 deinde
2334 2287 2464 2358 quid
2512 2288 2617 2343 sibi
2658 2287 2942 2344 videbatur
3004 2291 3243 2362 protulit,
3309 2308 3576 2367 suamque

1980 2374 2305 2431 sententiam
2336 2376 2571 2448 exempli
2594 2376 2757 2446 hujus
2778 2379 3162 2448 prosecutione
3183 2382 3431 2438 astruxit.

2056 2486 2078 2510 α
2113 2465 2275 2531 Dum,
2308 2464 2499 2535 inquit,
2525 2465 2966 2523 adolescentulus
2996 2468 3273 2539 quondam
3299 2470 3432 2525 mihi
3464 2479 3576 2527 tra-

1979 2553 2104 2606 ditae
2135 2552 2410 2623 parochias
2439 2553 2685 2624 regimen
2716 2554 2834 2625 ipse
2865 2555 3088 2625 quidem
3119 2558 3385 2615 diaconus
3412 2560 3583 2615 admi-

1980 2640 2286 2707 nistrarem,
2320 2641 2555 2711 simplici
2588 2642 2821 2714 quodam
2854 2645 3329 2718 sacerdote,quod
3358 2648 3442 2702 sui
3463 2657 3579 2703 erat

1981 2728 2167 2797 officii,
2199 2729 2255 2783 in
2284 2738 2748 2785 sacramentorum
2788 2731 2902 2786 sive
2958 2732 3260 2789 officiorum
3317 2736 3578 2792 ecclesia-

1918 2838 1937 2851 ι
1983 2818 2239 2873 sticorum
2299 2818 2752 2874 celebrationibus
2809 2820 2895 2875 vel
2951 2822 3334 2878 collationibus
3412 2841 3576 2880 exse-

1983 2914 2201 2978 quente,
2259 2912 2483 2973 notam,
2543 2906 2672 2973 imo,
2727 2908 2871 2979 quod
2934 2909 3173 2965 deterius
3229 2920 3330 2979 est,
3380 2927 3579 2969 noxam

1983 2993 2236 3049 adulterii
2260 2994 2551 3066 quemdam
2580 3011 2646 3050 ex
2666 2996 3011 3067 parochianis
3066 2999 3202 3054 meis
3232 3000 3458 3073 contigit
3495 3002 3580 3056 in-

1984 3082 2235 3139 currisse.
2270 3084 2615 3154 Compertam
2674 3100 2779 3157 ego
2827 3084 2952 3140 mali
3009 3085 3212 3142 famam
3242 3104 3392 3160 aegre
3445 3089 3577 3145 satis

1909 3177 1955 3238 Ο
1984 3171 2099 3238 tuli,
2133 3187 2251 3227 rem
2280 3170 2695 3244 diligentissime
2723 3172 2996 3246 inquisivi,
3026 3174 3302 3231 inventam
3333 3186 3385 3232 et
3417 3177 3579 3250 agni-

1986 3267 2113 3326 tam,
2147 3268 2477 3332 cooperante
2530 3260 2749 3316 Domini
2804 3262 2973 3317 nostri
3028 3264 3226 3335 gratia,
3284 3266 3389 3323 hoc
3444 3282 3579 3338 pro-

1983 3365 2179 3420 gressu
2207 3348 2512 3405 emendavi.
2547 3349 2790 3405 Conveni
2818 3351 2998 3405 virum
3026 3351 3167 3408 inter
3193 3369 3283 3409 me
3312 3361 3366 3410 et
3401 3354 3581 3427 ipsum

1988 3437 2183 3505 solum,
2215 3437 2434 3509 dixique
2462 3453 2561 3510 pro
2597 3437 2818 3510 negotio
2848 3447 2899 3493 et
2913 3438 3054 3507 loco,
3080 3458 3201 3513 quae
3229 3442 3458 3498 dicenda
3474 3460 3579 3515 pu-

1986 3525 2111 3581 tavi.
2145 3526 2241 3581 Ille
2272 3534 2498 3583 econtra
2517 3534 2725 3582 reatum
2755 3543 2913 3582 suum
2946 3528 3296 3599 pertinaciter
3329 3529 3581 3598 inliciari,

1985 3615 2144 3671 irasci
2176 3622 2245 3681 et,
2280 3623 2546 3687 quatenus
2574 3631 2767 3671 ausum
2810 3617 3007 3672 mentis
3044 3618 3377 3691 suggerebat
3434 3635 3581 3676 caeca

1986 3703 2307 3770 obduratio,
2362 3703 2683 3760 comminari
2720 3706 2883 3759 etiam
2926 3705 3059 3760 mihi
3113 3707 3277 3779 cmpit
3334 3715 3386 3763 et
3441 3724 3579 3763 con-

1986 3793 2183 3850 vitiari.
2216 3793 2538 3849 Abscedens
2569 3795 2809 3860 domum,
2844 3802 2954 3849 tam
2986 3795 3196 3851 tristem
3224 3812 3313 3852 me
3347 3795 3579 3868 reliquit,

1989 3898 2147 3954 quam
2166 3897 2226 3937 se
2255 3881 2681 3955 incorrigibilem
2719 3883 2787 3936 ad
2843 3890 3059 3954 tempus
3114 3885 3374 3939 ostendit.
3434 3886 3583 3941 Prte-

1987 3970 2130 4042 cepti
2159 3985 2288 4026 vero
2317 3970 2477 4039 hujus
2506 3970 2813 4043 evangelici
2845 3987 3072 4041 memor,
3097 3972 3309 4028 duobus
3324 3973 3582 4045 primum,

1990 4075 2053 4115 ac
2082 4066 2272 4131 postea
2301 4060 2477 4115 tribus
2530 4060 2779 4128 testibus,
2822 4061 2912 4133 qui
2962 4077 3077 4117 rem
3106 4078 3263 4134 aeque
3295 4069 3583 4129 noverant,

1990 4163 2203 4205 mecum
2238 4147 2516 4217 adhibitis,
2548 4148 2825 4204 hominem
2880 4149 3141 4221 corripui,
3191 4150 3586 4207 correctionem

1993 4238 2042 4293 ei
2065 4236 2235 4303 suasi,
2270 4244 2324 4292 et
2344 4236 2558 4293 veniam
2607 4245 2856 4293 correcto
2909 4238 3180 4294 mediante
3220 4238 3589 4296 satisfactione

1993 4323 2303 4396 repromisi.
2338 4324 2556 4380 Distulit
2598 4324 2689 4381 ille
2746 4326 3135 4382 correctionem
3164 4327 3428 4398 polliceri,
3477 4327 3587 4383 cri-

1991 4414 2153 4470 minis
2184 4429 2315 4470 vero
2342 4429 2443 4470 nec
2463 4413 2789 4484 suspicionis
2835 4415 3114 4469 materiam
3143 4415 3396 4471 sustinuit
3447 4417 3587 4472 abo-

1993 4503 2112 4559 leri.
2145 4502 2387 4559 Tandem
2418 4502 2532 4572 ejus
2563 4510 2772 4558 reatum
2807 4503 2918 4571 jam
2950 4503 3204 4559 omnibus
3240 4503 3586 4559 manifestum

1994 4591 2194 4663 (media
2222 4592 2278 4646 in
2307 4590 2542 4647 ecclesia
2571 4591 2806 4661 quadam
2835 4592 2924 4647 die
2953 4592 3184 4647 solemni
3214 4592 3395 4663 palam
3432 4607 3592 4648 coar-

2017 4788 2037 4822 ι
2062 4773 2289 4835 gentiam,
2311 4775 2361 4821 et
2385 4772 2433 4821 in
2458 4771 2704 4833 proposito
2728 4771 3062 4821 Carthusiensi
3088 4773 3376 4834 perpetuum
3400 4784 3594 4822 conser-

2016 4856 2035 4887 «
2061 4840 2268 4890 vandam
2306 4839 2536 4888 concedo.
2587 4838 2904 4889 Decernimus
2940 4839 3118 4900 etiam,
3145 4839 3271 4900 quod
3293 4838 3336 4888 si
3361 4838 3594 4899 praedicta

2011 4928 2030 4947 α
2062 4905 2238 4956 domus
2261 4919 2288 4955 a
2313 4918 2399 4955 suo
2420 4906 2666 4967 proposito
2692 4906 2750 4955 ad
2797 4906 2924 4956 aliud
2961 4904 3277 4967 propositum,
3304 4904 3429 4967 quod
3466 4906 3595 4955 Deus

2019 4990 2036 5017 α
2063 4978 2273 5033 avertat,
2314 4972 2570 5034 aliquando
2613 4987 2665 5022 se
2707 4974 2973 5023 transferre
3008 4972 3290 5031 tentaverit,
3334 4971 3407 5020 vel
3443 4972 3596 5034 prior,

2018 5057 2036 5086 (ι
2062 5042 2137 5091 vel
2160 5052 2366 5101 persona
2392 5039 2616 5099 qumlibet
2636 5040 2786 5101 ipsius
2809 5041 3000 5097 domus,
3024 5040 3098 5088 vel
3122 5038 3272 5088 etiam
3298 5042 3400 5088 tota
3425 5039 3601 5088 domus

2015 5127 2037 5149 ι
2070 5108 2268 5158 obedire
2294 5108 2527 5169 prtedicto
2572 5107 2783 5167 capitulo
2829 5107 3057 5167 noluerit,
3118 5106 3375 5155 sententize
3406 5117 3601 5155 excom-

2016 5192 2034 5221 ε
2065 5173 2406 5225 municationis
2427 5178 2526 5223 tam
2543 5178 2719 5223 nostra:
2739 5187 2884 5236 quam
2904 5174 3050 5223 totius
3063 5172 3261 5235 capituli
3279 5170 3550 5232 subiaceat.
3573 5187 3594 5220 ι

2072 5312 2177 5373 (t3)
2205 5313 2271 5361 De
2296 5311 2508 5360 narratis
2530 5312 2579 5360 in
2604 5313 2698 5361 hoc
2722 5312 2881 5372 capite
2910 5310 3031 5360 nihil
3061 5311 3301 5371 reperitur
3345 5309 3469 5372 apud
3510 5311 3607 5360 Su-

2003 5378 2148 5435 rium.
2176 5380 2351 5440 praeter
2378 5378 2482 5426 iure
2508 5391 2660 5440 pauca
2686 5392 2696 5421 :
2741 5395 2760 5423 α
2792 5378 3060 5438 lnjungitur
3082 5378 3124 5425 ei
3179 5377 3427 5437 cujusdam
3465 5390 3607 5439 paro-

2007 5446 2131 5494 chize
2157 5444 2534 5505 administratio,
2574 5458 2667 5506 qua
2705 5444 2827 5494 adeo
2858 5445 3074 5506 perfecte
3113 5444 3305 5493 functus
3328 5445 3420 5502 est,
3463 5447 3516 5491 ut
3538 5445 3608 5492 si-

2009 5511 2111 5560 mul
2136 5523 2309 5559 omnes
2333 5510 2553 5561 dicerent
2582 5525 2769 5573 magna:
2797 5524 2908 5561 eum
2946 5509 3217 5576 prudentia:
3250 5516 3298 5561 et
3338 5509 3614 5562 sanctitatis

2010 5578 2169 5627 virum
2190 5578 2313 5628 fore.
2344 5596 2363 5617 ι
