3938 6404
431 295 525 346 951

1297 302 1351 356 S.
1395 301 1713 358 HUGONIS
1750 301 1965 356 EPISC.
2008 298 2329 357 LINCOLN.
2373 301 2540 359 0RD.
2583 304 2830 362 CARTH.

3622 317 3738 374 952

436 417 554 488 gui,
586 416 998 492 immanitatem)
1029 420 1214 494 ﬂagitii
1247 425 1456 479 cunctis
1485 424 1828 480 audientibus
1857 425 2084 485 deno-A
2112 440 2232 479 sum
2244 427 2496 482 manebat
2510 430 2904 504 unusquisque,
2926 449 2994 490 ne
3020 436 3361 507 experiretur
3375 439 3738 511 impedimen-

437 504 565 572 tavi,
600 514 654 560 et
681 508 1006 562 tradendum
1055 526 1179 564 eum
1227 511 1441 567 Satanae
1497 513 1770 568 interitum
1829 513 2024 579 carnis,

435 592 481 645 si
510 608 619 648 non
649 595 804 649 citius
835 597 1137 667 resipiscat,
1185 599 1496 654 terribiliter
1545 601 1876 657 denuntiavi.
1935 601 2028 655 His

438 678 529 735 ille
553 689 604 735 et
633 683 851 737 territus
908 686 1280 756 vehementer,
1315 696 1367 742 et
1395 687 1652 744 confusus
1681 689 1735 743 in
1788 689 2027 744 medium

435 767 721 839 prosilivit,
755 780 808 825 et
834 781 1058 841 peccato
1090 791 1189 829 suo
1219 791 1330 830 non
1359 777 1476 831 sine
1505 779 1709 849 gemitu
1759 785 1812 832 et
1856 778 2029 832 imbre

431 855 794 926 lacrymarum
849 861 1164 915 renuntians
1222 865 1594 933 paenitentiam
1667 867 1797 938 egit,
1866 873 2027 937 atque

434 954 710 1000 correctus
733 956 784 1001 et
806 949 1186 1005 reconciliatus
1208 953 1422 1006 veniam
1442 954 1704 1023 accepit.»

503 1033 632 1089 Hac
659 1035 746 1089 vir
775 1044 992 1092 sanctus
1021 1039 1090 1093 de
1129 1039 1239 1094 his.
1307 1041 1439 1109 Quae
1484 1042 1740 1111 praesenti
1788 1043 2028 1098 historiae

431 1119 636 1175 idcirco
658 1121 951 1179 inserenda
973 1128 1309 1195 putavimus,
1343 1136 1612 1199 quatenus
1641 1147 1706 1184 ex
1735 1131 1819 1184 his
1849 1131 2026 1186 mani-

431 1206 624 1263 festius
675 1219 860 1280 pateat
907 1213 1120 1280 lectori,
1181 1216 1310 1286 quid
1367 1217 1744 1273 sollicitudinis
1803 1228 1856 1274 et
1902 1221 2023 1290 zeli,

431 1297 560 1367 quid
590 1298 935 1356 discretionis
966 1312 1020 1358 et
1054 1305 1218 1359 studii
1266 1305 1411 1362 circa
1459 1307 1683 1362 salutem
1726 1309 2025 1363 animarum

433 1384 516 1440 vir
536 1386 652 1442 Deo
674 1387 869 1458 plenus
899 1391 970 1444 ab
1017 1391 1236 1448 ineunte
1296 1402 1455 1449 aetate
1492 1395 1763 1460 habuerit,
1817 1405 1877 1450 ut
1915 1413 2026 1452 non

432 1472 706 1530 immerito
737 1493 905 1547 super
932 1479 1098 1534 multa
1125 1482 1208 1535 sui
1263 1483 1480 1537 Domini
1539 1483 1682 1539 bona
1712 1485 1767 1538 in
1811 1485 2025 1540 modico

431 1569 678 1632 repertus
733 1563 1102 1634 fidelissimus,
1155 1577 1400 1641 tempore
1445 1572 1664 1627 demum
1720 1580 2024 1644 opportuno

430 1649 681 1707 videatur
700 1654 1038 1711 constitutus.

1057 1847 1280 1902 CAPUT
1329 1847 1419 1902 Vl.

441 2019 694 2088 Qualiter
705 2033 835 2075 eum
848 2020 1038 2093 priore
1053 2037 1152 2148 81:10.
1159 2021 1531 2148 lCarihusiam
1541 2023 1756 2092 invisit,
1783 2029 1839 2080 et
1853 2027 2028 2081 visam

1133 2110 1152 2148 ι
1180 2109 1277 2148 exi
1315 2133 1330 2148 .

1133 2109 1330 2149 uexit.

500 2239 720 2305 Verum,
755 2247 813 2294 ut
835 2239 966 2296 dicit
995 2241 1273 2311 Scriptura
1289 2249 1511 2297 sancta:
1548 2264 1569 2289 α
1612 2242 1744 2298 Cum
1774 2257 2024 2298 consum-

430 2327 662 2384 maverit
681 2328 866 2396 homo,
900 2336 1027 2385 tunc
1055 2329 1278 2401 incipiet
1309 2331 1503 2398 (Eccli.
1527 2345 1689 2401 xvm,
1739 2333 1815 2402 6).
1853 2352 1875 2381 ι
1909 2332 2026 2386 Jam

428 2417 714 2488 Hugonem
732 2432 834 2488 pro
846 2418 1009 2473 modo
1025 2435 1137 2474 suae
1153 2418 1529 2490 professionis,
1547 2434 1611 2475 ac
1628 2435 1794 2490 supra
1805 2420 2026 2474 modum

426 2520 540 2560 suae
567 2505 762 2570 aetatis,
794 2505 1032 2576 perfecte
1062 2515 1496 2562 consummatum
1526 2507 1580 2562 in
1603 2508 1857 2562 virtutum
1873 2508 2024 2579 apice

425 2592 678 2648 omnibus
695 2593 1180 2662 conclamantibus,
1195 2596 1312 2666 ipse
1330 2611 1433 2652 nec
1447 2595 1656 2651 initium
1674 2597 1891 2667 quidem
1905 2613 2028 2668 per.

425 2681 674 2738 fectionis
703 2682 790 2738 vel
819 2682 1002 2755 dignae
1030 2684 1460 2741 conversationis
1484 2701 1543 2740 se
1577 2685 1824 2757 attigisse
1862 2693 2023 2757 puta-

423 2768 536 2824 bat.
569 2769 862 2842 Comperta
889 2787 1023 2826 vero
1045 2780 1231 2828 sancta
1252 2780 1305 2827 et
1327 2772 1545 2826 sublimi
1590 2772 1845 2844 Opinione
1893 2773 2025 2828 Car—
2055 2823 2062 2830 .

429 2857 790 2914 thusiensium
810 2860 1218 2927 monachorum,
1250 2860 1571 2932 ineXplebili
1595 2861 1779 2917 cordis
1808 2860 2024 2917 deside-

429 2946 514 3002 rio
543 2961 734 3003 eorum
763 2948 1050 3002 anhelabat
1079 2948 1363 3004 informari
1413 2949 1681 3020 exemplo.
1716 2952 1793 3004 Ac
1852 2949 2024 3020 primo

427 3033 646 3106 quidem
677 3034 1016 3090 dissimulata
1046 3035 1204 3104 hujus
1231 3035 1485 3091 desiderii
1516 3037 1857 3092 vehementia
1884 3037 2024 3092 obti-

423 3137 558 3178 nere
586 3123 808 3190 studuit,
840 3130 897 3177 ut
928 3123 1087 3179 simul
1116 3139 1240 3179 cum
1266 3124 1448 3195 priore
1476 3140 1576 3181 suo
1599 3126 1734 3196 (14),
1761 3126 1878 3195 jam
1924 3141 2020 3181 su-
2049 3131 2095 3191 Ο

425 3210 613 3282 perius
685 3219 1006 3280 memorato,
1056 3211 1274 3268 illorum
1339 3221 1638 3270 mereretur
1689 3222 1914 3287 aspectu
1971 3223 2024 3270 et

427 3297 626 3355 aiiectu
652 3299 834 3370 potiri.
869 3299 988 3368 Quo
1019 3301 1180 3369 facto,
1205 3310 1384 3357 tantus
1410 3317 1537 3359 mox
1565 3303 1620 3358 in
1649 3303 1766 3374 ejus
1800 3310 2024 3376 pectore

426 3387 684 3460 spiritalis
711 3387 856 3444 illius
909 3389 1337 3446 conversationis
1373 3406 1527 3447 amor
1579 3407 1876 3449 succensus
1919 3400 2020 3462 est,

428 3486 487 3535 ut
512 3477 823 3534 nullatenus
851 3477 1090 3535 incendii
1122 3479 1236 3548 ejus
1266 3479 1540 3536 ﬂammam
1595 3481 1733 3537 intra
1781 3498 1842 3537 se
1889 3497 2022 3554 pos-

428 3574 512 3624 set
538 3567 814 3625 cohibere.
842 3567 1243 3639 Experiebatur
1270 3568 1417 3625 enim
1440 3569 1556 3638 jam
1578 3569 1807 3627 feliciter
1826 3571 2024 3628 ardens

429 3655 719 3714 infeliciter
744 3655 986 3712 ardentis
1013 3672 1204 3713 verum
1235 3657 1513 3729 eloquium
1533 3658 1763 3715 dicentis
1792 3679 1810 3715 :

511 3799 610 3858 Ubi
634 3800 816 3870 magis
849 3799 1078 3870 tegitur,
1113 3802 1298 3855 tectus
1322 3801 1502 3872 magis
1529 3804 1739 3857 aestuat
1767 3803 1936 3872 ignis.

504 3940 812 3996 Intuebatur
838 3955 987 4009 vero,
1021 3948 1076 3996 et
1093 3939 1350 3998 intuendo
1378 3941 1675 3998 mirabatur
1703 3942 1904 4012 locum,
1936 3943 2023 4014 ip-

432 4043 496 4086 so
524 4045 740 4102 quoque
770 4029 875 4084 situ
894 4028 1067 4086 nubes
1108 4045 1250 4102 pene
1279 4047 1711 4102 supergressum,
1764 4032 2024 4104 coelisque

430 4117 765 4190 contiguum,
799 4133 864 4174 ac
890 4118 958 4173 ab
988 4119 1136 4174 omni
1172 4120 1386 4189 penitus
1417 4127 1751 4175 terrenarum
1805 4121 2021 4193 inquie-

429 4205 615 4262 tudine
643 4213 934 4263 semotum.
972 4207 1360 4264 Considerabat
1399 4215 1606 4262 tantum
1638 4209 1711 4263 ibi
1759 4218 2022 4280 Opportu-

426 4294 646 4350 nitatem
675 4295 908 4350 vacandi
929 4295 1030 4350 soli
1062 4297 1177 4351 Deo
1213 4311 1223 4349 :
1255 4296 1343 4351 cui
1371 4295 1590 4368 negotio
1625 4298 1728 4352 hoc
1749 4298 2022 4368 praecipue

426 4383 713 4438 videbatur
742 4383 1135 4448 adminiculari,
1184 4385 1452 4454 praedives
1510 4384 1716 4441 scilicet
1763 4386 2024 4441 librorum

429 4471 776 4537 abundantia,
811 4472 1030 4543 legendi
1055 4470 1282 4527 facultas
1322 4473 1562 4543 copiosa,
1627 4475 1818 4530 orandi
1865 4475 2092 4546 quiesD

423 4560 778 4616 inconcussa.
816 4561 886 4615 Et
905 4558 1124 4632 quidem
1146 4562 1325 4632 quoad
1347 4561 1452 4616 loci
1474 4561 1886 4632 dispositionem
1906 4565 2022 4620 haec

420 4648 492 4703 ita
523 4664 584 4704 se
614 4649 821 4703 habere
851 4649 1262 4719 diguoscuntur.
1325 4653 1394 4703 At
1435 4650 1489 4703 in
1547 4650 1651 4705 loci
1697 4651 2020 4706 habitatori-

419 4736 523 4792 bus
553 4736 864 4796 tlttendebat
895 4736 1076 4791 carnis
1107 4735 1602 4803 mortiﬁcationem,
1633 4739 1830 4793 mentis
1861 4756 2016 4796 sere-

418 4824 664 4893 nitatem,
697 4825 918 4896 spiritus
948 4824 1280 4889 libertatem,
1332 4825 1654 4880 hilaritatem
1713 4827 1905 4882 frontis
1965 4835 2018 4883 et

417 4913 704 4983 puritatem
755 4911 1043 4967 sermonis.
1094 4913 1345 4967 [nstituta
1403 4929 1592 4969 eorum
1644 4915 2011 4983 solitudinem,

417 5013 530 5056 non
598 5000 1032 5071 singularitatem
1093 5001 1584 5070 commendabant;
1643 5005 2014 5077 segregabant

411 5088 745 5151 mansiones,
778 5088 875 5142 sed
905 5095 1116 5142 mentes
1156 5089 1452 5144 sociabant.
1508 5092 1892 5164 Unusquisque
1922 5094 2014 5147 ha-

416 5174 624 5229 bitabat
652 5188 858 5242 secum,
881 5191 984 5231 nec
1004 5176 1222 5248 agebat,
1249 5186 1342 5232 aut
1363 5179 1592 5235 habebat
1613 5180 1816 5252 aliquid
1835 5197 2012 5237 suum.

417 5262 624 5319 Omnes
636 5279 878 5318 seorsum
889 5307 902 5332 ,
918 5271 967 5319 et
981 5265 1340 5321 communiter
1352 5267 1579 5339 quisque
1592 5269 1844 5340 degebat.
1861 5270 2019 5325 Seor-

486 5441 594 5506 (14)
621 5443 673 5492 Id
697 5445 789 5512 est,
814 5445 1060 5512 superiore
1083 5445 1212 5495 villa:
1236 5445 1525 5510 benedicta},
1552 5449 1632 5510 qui
1658 5450 1796 5500 titulo
1842 5449 2018 5512 prioris

417 5521 585 5572 supra,
620 5523 730 5572 cap.
751 5511 783 5560 5
809 5517 858 5561 et
883 5511 933 5570 4,
964 5513 1245 5563 honoratur.
1679 5527 1692 5532 ί

493 5593 601 5658 (15)
640 5595 994 5646 Verosimiliter
1038 5597 1141 5658 ipse
1179 5597 1383 5647 Basilius
1409 5601 1522 5648 tunc
1562 5599 1693 5660 prior
1725 5601 2013 5658 Carthusize,

406 5661 602 5727 cuLprae
627 5661 821 5712 caeteris
847 5663 1156 5714 incumbebat
1181 5664 1410 5726 novitios,
1438 5665 1664 5728 probare,
1695 5669 1744 5715 et
1771 5668 2011 5729 recipere.

2128 521 2241 568 tum
2271 516 2341 569 ab
2373 516 2517 582 alio;
2553 521 2912 576 communiter
2949 523 3204 596 degebat,
3227 543 3296 582 ne
3326 527 3559 585 fraterno
3616 533 3739 602 pri-

2130 610 2351 658 varetur
2379 604 2591 661 solatio.
2625 608 2752 663 Haec
2774 616 2826 664 et
2855 611 2940 664 his
2970 612 3165 668 similia
3195 622 3376 670 notata
3404 617 3626 684 ibidem,
3662 636 3735 676 ac

2130 690 2291 744 etiam
2313 692 2634 750 obedientiaa
2663 711 2858 752 secura
2884 701 3110 756 munitio
3169 704 3313 774 (quae
3340 705 3538 761 multos
3577 724 3732 778 saepe

2129 778 2399 835 solitarios
2429 783 2670 838 destituit
2711 799 2777 841 ac
2835 794 3088 844 extremae
3134 792 3397 861 perniciei
3455 796 3732 865 exposuit)

2128 865 2346 938 Hugoni
2377 869 2678 938 placebant,
2730 874 3018 944 Hugonem
3077 879 3380 949 rapiebant,
3441 881 3732 954 ipsumque

2132 961 2390 1026 tanquam
2429 965 2582 1014 extra
2619 975 2678 1015 se
2734 960 2986 1019 effectum
3035 965 3140 1020 sibi
3188 966 3429 1023 funditus
3474 971 3732 1029 vendica-

2130 1041 2275 1097 bant.

2201 1133 2332 1187 Erat
2359 1132 2412 1186 in
2442 1133 2536 1190 illo
2556 1145 2699 1192 coetu
2730 1147 3042 1196 sanctorum
3071 1144 3257 1199 senior
3314 1147 3427 1216 (15)
3482 1147 3721 1219 quidam,

2129 1221 2316 1292 magni
2347 1223 2620 1292 quondam
2651 1225 2706 1279 in
2736 1227 2937 1284 saeculo
2958 1231 3213 1300 nominis,
3243 1240 3372 1290 tunc
3398 1251 3614 1308 quoque
3666 1238 3727 1292 in

2128 1315 2316 1364 sancto
2335 1313 2618 1380 prOpositO
2647 1314 3020 1372 celeberrimas
3052 1319 3342 1389 opinionis.
3394 1323 3531 1379 Huic
3560 1326 3724 1397 Hugo

2129 1397 2393 1452 secretius
2421 1401 2659 1468 pectoris
2691 1401 2772 1456 sui
2801 1413 2962 1459 zestus
2985 1407 3254 1476 aperiens,
3279 1425 3382 1466 nec
3423 1419 3530 1466 tam
3577 1428 3720 1468 con-

2129 1483 2328 1550 silium,
2361 1499 2432 1539 an
2461 1486 2663 1543 faceret
2695 1499 2951 1561 quantum
2983 1509 3219 1566 quonam
3247 1506 3408 1568 pacto
3430 1514 3589 1571 quam
3634 1501 3721 1556 ci-

2128 1571 2254 1638 tius,
2275 1573 2419 1644 quod
2449 1577 2689 1646 Optabat,
2713 1578 3018 1649 perficeret,
3059 1599 3179 1638 cum
3231 1585 3434 1658 gemitu
3479 1594 3534 1642 et
3587 1587 3723 1644 ﬂetu

2128 1660 2195 1712 ab
2218 1660 2337 1731 ipso
2362 1661 2666 1734 inquirens,
2698 1666 2863 1738 longe
2907 1669 3052 1724 aliud
3101 1687 3267 1743 quam
3315 1675 3566 1744 sperabat
3622 1693 3721 1733 re-

2129 1763 2391 1819 sponsum
2420 1752 2646 1823 accepit.
2681 1754 2898 1812 Intuens
2926 1773 3161 1830 namque
3188 1761 3274 1816 vir
3299 1762 3537 1832 prudens
3589 1765 3725 1820 ado-

2127 1835 2444 1905 lescentem,
2489 1847 2544 1894 ut
2565 1851 2817 1912 aspectus
2839 1846 3202 1914 renuntiabat,
3235 1850 3492 1921 qualitate
3518 1851 3724 1908 delica-

2128 1933 2239 1980 tum
2283 1935 2335 1983 et
2393 1935 2552 1985 aetate
2611 1935 2724 2002 (16)
2778 1935 3038 1990 tenellum
3069 1955 3083 1991 :
3116 1938 3294 1994 sciens
3336 1940 3497 1996 etiam
3543 1941 3724 2013 ipsum

2126 2014 2396 2070 natalibus
2425 2017 2651 2085 clarum,
2679 2036 2781 2077 nec
2809 2023 3051 2079 moribus
3087 2027 3206 2095 ejus
3237 2028 3515 2096 credebat,
3554 2047 3721 2102 posse

2128 2104 2365 2175 rigorem
2388 2104 2533 2160 illius
2562 2107 2770 2164 ordinis
2799 2125 3128 2184 congruere,
3161 2129 3264 2171 nec
3285 2115 3491 2173 viribus
3521 2132 3725 2176 conve-

2126 2191 2269 2246 nire.
2307 2193 2462 2249 Hunc
2492 2209 2624 2266 ergo
2677 2197 2758 2253 sic
2803 2198 3033 2255 terrifica
3083 2203 3458 2273 responsione,
3516 2209 3724 2278 quasia

2125 2278 2217 2332 tali
2247 2283 2669 2351 praesumptione
2703 2299 3079 2358 compescens,
3110 2299 3202 2345 aut
3228 2292 3406 2362 potius
3461 2303 3720 2349 constan-

2126 2367 2256 2421 tiam
2286 2368 2450 2423 animi
2482 2371 2598 2439 ejus
2629 2373 2915 2444 explorare
2933 2375 3130 2446 nitens,
3167 2379 3339 2452 inquit
3375 2399 3388 2436 :
3427 2404 3448 2428 «
3485 2383 3653 2453 Istud,
3684 2400 3720 2440 ο

2125 2453 2309 2523 ﬁliole,
2345 2460 2618 2528 quomodo
2649 2462 2735 2516 vel
2764 2465 3009 2534 cogitare
3056 2469 3391 2537 praesumis?
3438 2471 3717 2537 Homines,

2127 2559 2263 2614 quos
2286 2560 2447 2616 rupes
2477 2547 2718 2605 incolere
2743 2561 3040 2622 praesentes
3069 2556 3267 2624 cernis,
3301 2559 3448 2613 saxis
3468 2560 3722 2616 omnibus

2125 2632 2376 2690 duriores
2403 2644 2546 2703 sunt,
2580 2653 2684 2693 nec
2711 2640 2796 2694 sui
2835 2641 3029 2709 sciunt,
3089 2659 3193 2700 nec
3247 2645 3478 2702 aliorum
3533 2664 3723 2705 secum

2123 2720 2479 2778 habitantium
2511 2725 2775 2782 misereri.
2809 2730 2983 2785 Locus
3013 2731 3116 2787 iste
3162 2733 3413 2790 horridus
3441 2735 3559 2806 ipso
3600 2738 3722 2793 visu

2125 2817 2224 2876 est,
2261 2811 2397 2866 ordo
2418 2828 2518 2867 usu
2572 2815 2973 2886 gravissimus;
3024 2819 3194 2891 ipsius
3242 2823 3405 2879 cilicii
3471 2826 3721 2895 asperior

2123 2897 2354 2953 amictus
2371 2907 2548 2955 cutem
2581 2909 2633 2956 et
2670 2918 2862 2959 carnes
2892 2905 3128 2978 desuper
3183 2911 3397 2966 ossibus
3445 2913 3567 2968 vivo
3621 2913 3720 2968 tibi

2123 2987 2412 3044 abraderet
2454 3009 2468 3054 ;
2520 2989 2822 3062 disciplinae
2879 2995 3028 3068 rigor
3069 2997 3488 3055 teneritudinem
3535 3001 3714 3069 istam,

2123 3091 2281 3146 quam
2311 3076 2366 3130 in
2397 3085 2447 3132 te
2467 3077 2700 3147 intueor,
2724 3081 2946 3151 penitus
2975 3093 3271 3142 exossaret.
3310 3111 3332 3135 ιι

2195 3164 2293 3219 Hic
2317 3181 2447 3221 vero
2476 3166 2668 3223 Christi
2698 3169 2822 3236 tiro,
2849 3178 2902 3226 et
2945 3172 3162 3229 Martini
3219 3175 3516 3233 beatissimi
3563 3178 3721 3235 fami-

2124 3253 2275 3309 liaris
2307 3253 2478 3311 cultor
2506 3263 2559 3311 et
2587 3256 2816 3314 devotus
2843 3259 3095 3328 imitator,
3120 3262 3267 3319 illato
3309 3273 3524 3322 terrore
3581 3283 3720 3324 con-

2125 3341 2374 3410 stantior,
2408 3345 2679 3400 Laurentii
2700 3363 2887 3403 secum
2929 3349 3271 3406 invictissimi
3317 3353 3591 3427 eloquium
3640 3365 3720 3412 ta-

2125 3430 2230 3487 cito
2259 3433 2513 3488 versabat
2542 3435 2599 3490 in
2613 3443 2857 3506 pectore,
2891 3437 2982 3509 qui
3017 3440 3229 3511 prolato
3277 3449 3403 3498 ante
3450 3459 3511 3499 se
3568 3448 3718 3502 omni

2124 3528 2518 3578 tormentorum
2549 3540 2750 3597 genere
2808 3533 3017 3583 terrere
3046 3544 3174 3584 eum
3227 3530 3569 3602 cupientibus
3593 3535 3667 3590 ait
3699 3554 3714 3590 :

2128 3630 2150 3659 ι
2188 3611 2296 3664 Has
2324 3625 2428 3681 ego
2457 3612 2649 3683 epulas
2678 3629 2896 3686 semper
2923 3615 3126 3688 Optavi.
3163 3642 3185 3668 ι»
3221 3619 3292 3675 Ut
3305 3620 3446 3676 enim
3470 3622 3717 3679 caminus
3815 3615 3818 3618 ’

2124 3696 2336 3766 injectis
2366 3700 2543 3755 exsilit
2569 3702 2744 3774 aquis,
2768 3710 2822 3759 et
2863 3703 3206 3762 ﬂammarum
3252 3708 3308 3764 in
3329 3709 3560 3767 sublime
3615 3728 3713 3768 co-

2123 3801 2241 3841 mas
2271 3787 2479 3843 extollit
2526 3790 2607 3845 sic
2647 3799 2962 3848 sanctorum
3025 3795 3316 3866 ignescens
3360 3798 3712 3868 desiderium,

2123 3889 2246 3932 cum
2266 3875 2486 3934 obviant
2511 3879 2762 3946 adversa,
2786 3879 2978 3936 fortius
3007 3884 3358 3944 convalescit.

2709 4031 2936 4091 CAPUT
2964 4033 3079 4091 VII.

2126 4155 2482 4236 Qualiterad
2497 4158 2804 4236 priorissui
2834 4159 3184 4236 instantiam
3211 4162 3321 4236 ﬁde
3375 4166 3715 4236 interposita

2189 4227 2426 4301 iuravit,
2457 4227 2600 4301 quod
2629 4229 2748 4299 ipso
2777 4233 3083 4301 superstite
3113 4234 3185 4288 ad
3205 4227 3461 4291 Ordinem
3485 4227 3716 4293 cartha-

2193 4298 2469 4375 siensium
2498 4298 3245 4375 nullatenus'transvolaret
3273 4325 3292 4371 ;
3323 4310 3378 4362 et
3397 4307 3566 4375 ﬁdem
3598 4324 3714 4363 non

2193 4367 2452 4446 seruauit,
2486 4384 2592 4446 nec
2612 4373 2813 4446 tamen
2842 4371 2908 4427 de
2938 4373 3069 4446 ﬁdei
3087 4367 3532 4446 transgressione
3551 4395 3713 4435 scru-

2195 4439 2393 4508 pulum
2426 4438 2640 4504 habuit,
2676 4442 2826 4497 unde
2842 4438 3163 4513 prefectum
3191 4438 3424 4503 tantum
3437 4450 3602 4522 cepit.

2193 4560 2389 4617 Senem
2433 4562 2614 4634 itaque
2673 4573 3046 4633 memoratum,
3109 4575 3370 4640 tanquam
3413 4572 3551 4628 votis
3605 4575 3718 4629 suis

2121 4649 2396 4705 crudelius
2436 4652 2836 4719 adversantem,
2868 4654 3171 4726 declinans,
3221 4658 3344 4713 aliis
3391 4661 3715 4730 quibusdam

2119 4753 2150 4791 e
2179 4737 2432 4793 fratribus
2452 4740 2552 4794 hos
2599 4740 2784 4795 cordis
2829 4742 2911 4796 sui
2953 4751 3115 4798 aestus
3171 4745 3456 4802 confestim
3502 4750 3708 4819 pandit.

2117 4827 2233 4882 Nec
2261 4836 2536 4883 morantur
2579 4827 2654 4883 illi
2703 4844 2824 4884 cum
2883 4830 3091 4901 ingenti
3145 4832 3330 4889 favore
3387 4843 3441 4891 et
3496 4837 3714 4894 instanti

2117 4916 2490 4971 exhortatione
2516 4917 2845 4987 persistendi
2871 4918 2926 4973 in
2948 4919 3152 4976 salubri
3199 4924 3495 4993 proposito,
3553 4943 3709 4980 suum

2116 5011 2168 5058 et
2187 5021 2468 5060 assensum
2492 5005 2755 5076 impertiri
2779 5007 2849 5071 ei,
2896 5014 2949 5061 et
2978 5008 3235 5063 auxilium
3267 5011 3531 5082 polliceri.
3564 5015 3712 5070 Tunc

2117 5095 2296 5165 Hugo,
2329 5093 2532 5164 gaudio
2563 5094 2806 5166 gestiens
2835 5094 3065 5163 inﬁnito,
3102 5098 3219 5153 haec
3249 5099 3420 5168 priori
3451 5117 3550 5157 suo
3597 5103 3711 5173 (t7)

2117 5181 2342 5236 celanda
2373 5198 2721 5253 summopere
2751 5183 3098 5254 deprecatur.
3142 5187 3489 5258 Evangelicae
3547 5191 3712 5245 nimi-

2119 5286 2238 5325 rum
2269 5270 2622 5325 institutionis
2651 5271 2875 5326 sedulus
2904 5273 3187 5330 aamulator
3213 5275 3492 5332 inventum
3517 5279 3715 5334 memi-

2187 5451 2294 5514 (16)
2345 5454 2592 5502 Annorum
2645 5451 2876 5504 videlicet
2920 5454 3117 5505 circiter
3160 5456 3332 5518 viginti
3371 5457 3555 5518 trium,
3602 5471 3714 5510 cum

2118 5519 2329 5568 nondum
2355 5519 2424 5568 uti
2461 5519 2590 5568 infra
2615 5531 2672 5567 ex
2701 5531 2789 5582 cap
2847 5522 2898 5582 9,
2921 5525 3129 5583 constat,
3157 5527 3282 5573 esset
3307 5525 3580 5575 sacerdotio
3617 5527 3716 5578 ini-

2117 5585 2282 5636 tiatus.

2185 5668 2290 5735 (l7)
2318 5672 2604 5724 Przesidenti
2641 5675 2690 5725 in
2714 5674 2830 5725 villa
2855 5672 3139 5724 Benedicta.
