3938 6414
132 397 249 448 953

1541 389 1725 447 VITA.
1767 415 1836 426 —
1874 386 2002 442 LIB.
2046 391 2087 446 Ι.

3363 394 3466 449 954

131 516 222 572 nit
254 516 576 572 thesaurum
605 513 868 570 abscondi
898 522 1171 584 Oportere,
1196 517 1370 572 donec
1401 525 1505 572 tam
1535 514 1752 572 omissis
1780 512 1838 574 A
1857 512 2075 587 eligam,
2110 516 2325 587 ignoro.
2363 515 2745 572 Verumtamen
2783 516 2906 574 dico
2957 534 3064 592 ego
3096 520 3243 591 quod
3273 520 3471 576 horum

139 605 416 661 omnibus
491 620 612 676 quae
668 603 988 672 habuisset,
1046 604 1228 674 potius
1283 621 1448 677 quam
1503 605 1758 671 venditis,

139 709 340 749 emere
369 693 521 747 illum
553 699 856 748 mereretur
884 699 936 746 et
965 693 1210 747 securius
1240 694 1544 764 possidere.

223 783 646 848 Verumtamen,
697 779 823 836 licet
880 780 1312 838 dissimulatione
1366 782 1557 849 multa,
1616 782 1764 853 quod

141 869 502 936 moliebatur,
537 878 724 940 tegere
768 868 1050 939 niteretur,
1085 868 1325 942 effugere
1373 877 1556 926 tamen
1587 870 1764 942 suspi-

143 960 374 1016 cionem
415 957 630 1013 solertis
658 957 900 1028 nequivit
931 958 1182 1027 pastoris,
1224 958 1391 1014 nimio
1421 975 1546 1014 eum
1577 975 1764 1014 amore

142 1047 404 1103 celantis.
439 1046 591 1102 Unde
619 1045 690 1100 ad
719 1045 942 1116 propria
999 1046 1079 1100 eis
1137 1047 1238 1100 sub
1276 1046 1618 1102 festinatione
1671 1063 1762 1102 re-

143 1136 384 1208 gressis,
417 1135 497 1190 sic
527 1134 786 1205 lacrymis
816 1150 916 1189 ora
944 1133 1181 1189 suffusus
1229 1136 1410 1191 senior
1441 1136 1588 1190 illum
1622 1134 1762 1190 affa-

143 1233 236 1279 tur
267 1243 287 1280 :
326 1230 356 1271 α’
387 1222 454 1289 Ο,
487 1222 679 1294 inquit,
712 1221 787 1276 fili
831 1222 1172 1292 charissime,
1224 1224 1359 1290 scio,
1411 1223 1596 1296 utique
1626 1225 1760 1289 scio,

141 1313 275 1384 quia
307 1311 367 1366 in
403 1311 616 1384 grande
666 1310 870 1366 malum
928 1327 1131 1378 meum,
1191 1320 1245 1366 et
1300 1313 1356 1366 in
1412 1312 1763 1384 irreparabile

143 1400 424 1458 Ecclesiae
449 1416 588 1455 mea:
616 1399 895 1464 damnum,
931 1407 984 1454 te
1017 1400 1082 1454 ad
1129 1400 1476 1455 Carthusiam
1507 1400 1656 1456 duxi.
1689 1402 1764 1457 Te

144 1490 255 1546 sibi
291 1488 580 1544 Carthusia
608 1495 780 1542 totum
812 1488 1014 1558 rapuit,
1062 1496 1231 1543 totum
1263 1497 1314 1544 te
1358 1489 1621 1560 possidet.
1649 1490 1764 1545 Nos

141 1577 376 1634 interim
407 1585 460 1632 te
491 1591 722 1647 corpore
777 1583 933 1631 tenus
990 1576 1076 1632 vix
1135 1584 1398 1644 tenemus,
1460 1578 1556 1632 sed
1585 1577 1763 1632 anima

141 1674 241 1721 tua
272 1665 566 1720 nobiscum
594 1679 702 1720 non
731 1671 832 1720 est.
868 1663 977 1719 Sed
1024 1680 1132 1720 nec
1181 1665 1346 1732 istud,
1407 1680 1619 1732 vereor,
1671 1665 1763 1720 diu

141 1755 246 1811 erit
282 1773 296 1809 :
333 1769 462 1808 nam
491 1752 736 1822 spiritum
767 1752 837 1806 ab
883 1751 1102 1808 ineunte
1147 1760 1367 1808 secutus
1415 1761 1590 1822 aetate,
1642 1767 1765 1809 car-

138 1858 274 1899 nem
305 1841 470 1898 vilius
501 1841 728 1907 ducens,
760 1840 905 1895 illius
942 1840 1134 1912 procul
1177 1841 1342 1898 dubio
1390 1842 1614 1913 impetu,
1650 1857 1759 1898 non
1779 1864 1833 1927 Β

140 1932 306 1988 istius
335 1929 550 1995 ductus,
583 1929 741 1984 nobis
770 1928 826 1982 in
879 1929 1034 1985 brevi
1091 1945 1150 1984 es
1208 1930 1578 1988 abducendus.
1619 1931 1759 1986 Proh

143 2020 312 2076 dolor
343 2018 357 2073 l
393 2019 580 2074 lumen
637 2017 919 2073 oculorum
963 2033 1210 2074 meorum
1240 2019 1318 2075 sic
1347 2019 1526 2074 subito
1555 2020 1763 2074 exstin-

142 2109 357 2182 guitur,
391 2114 444 2162 et
473 2105 700 2162 baculus
720 2122 856 2162 meae
878 2106 1190 2173 senectutis,
1214 2122 1340 2162 cum
1370 2123 1436 2162 eo
1457 2108 1574 2176 jam
1603 2107 1762 2163 solito

140 2198 267 2268 plus
295 2195 596 2266 indigeam,
630 2195 945 2250 nutabundo
973 2195 1300 2266 praeripitur.
1363 2196 1472 2251 Sed
1519 2195 1763 2268 nunquid

143 2285 388 2341 dulcedo
419 2283 600 2338 mellis
628 2283 736 2339 mei
767 2283 846 2339 sic
891 2283 1189 2354 derepente
1223 2291 1462 2340 vertetur
1489 2284 1544 2340 in
1572 2285 1760 2340 absin-

145 2375 342 2441 thium,
379 2382 432 2429 et
462 2372 638 2445 gloria
667 2387 807 2438 mea,
843 2387 952 2443 qua
980 2373 1049 2428 de
1078 2371 1190 2428 filio
1250 2373 1497 2444 sapiente
1554 2381 1761 2428 tantum

146 2461 500 2535 gloriabatur
511 2468 684 2532 pater,
708 2460 782 2514 ita
803 2459 1081 2532 redigetur
1101 2461 1157 2514 in
1184 2461 1411 2516 nihilum
1427 2462 1455 2516 Ἰ
1478 2461 1758 2530 Miserere,

146 2551 243 2619 ﬁli,
275 2550 546 2605 miserere
577 2548 755 2620 potius
785 2549 957 2619 patris
987 2549 1083 2616 tui,
1113 2563 1216 2604 nec
1264 2556 1425 2604 tanta:
1473 2550 1762 2604 strenuita-

144 2639 215 2695 tis
238 2647 347 2694 tuae
375 2637 584 2693 solatiis
641 2651 808 2692 canos
862 2652 1034 2703 meos,
1081 2637 1195 2705 jam
1244 2636 1406 2692 busto
1459 2637 1757 2708 proximos,

144 2726 537 2792 destituendo,
584 2725 784 2780 innatae
843 2725 939 2780 tibi
1006 2725 1219 2796 pietatis
1268 2733 1321 2780 et
1365 2726 1761 2796 compassionis

145 2816 436 2873 cancellos
466 2814 842 2870 transcendas.
878 2813 1037 2882 Quod
1072 2814 1118 2868 si
1149 2821 1390 2869 materna
1418 2813 1629 2869 viscera
1657 2816 1760 2869 Ec-

143 2905 352 2967 clesiae,
387 2919 511 2975 quae
539 2910 593 2958 te
623 2903 738 2957 Deo
767 2901 974 2975 genuit,
1006 2903 1051 2957 si
1105 2910 1337 2974 paterna
1391 2902 1603 2973 piorum
1633 2902 1759 2957 dul-

145 2995 309 3060 cedo,
346 3007 472 3064 quae
503 2999 554 3046 te
585 2989 825 3046 suaviter
855 2989 1006 3059 fovit,
1041 3005 1150 3046 non
1197 2989 1438 3045 funditus
1483 2990 1760 3046 revocavit

147 3083 398 3138 animum
431 3080 498 3135 ad
526 3078 854 3151 perfectiora
881 3079 1179 3144 aestuantis,
1212 3079 1405 3134 saltem
1435 3079 1492 3134 in
1518 3081 1631 3158 hoc
1654 3095 1758 3151 pa-

145 3179 322 3227 ternae
349 3168 768 3226 condescendas
805 3167 1087 3234 senectuti,
1122 3183 1190 3224 ne
1235 3168 1413 3224 adhuc
1461 3168 1759 3240 spirantem

146 3261 402 3326 deseras,
438 3258 560 3330 quia
589 3257 754 3312 modo
784 3257 839 3311 in
869 3265 921 3312 te
948 3257 1066 3312 solo
1096 3257 1280 3312 debuit
1309 3257 1601 3329 respirare.
1643 3282 1664 3306 »

221 3351 372 3404 Inter
400 3349 518 3404 haec
549 3353 601 3402 et
636 3345 968 3416 hujusmodi,
1015 3346 1131 3414 jam
1179 3346 1464 3417 utriusque
1511 3345 1760 3417 spiritum

149 3439 328 3494 luctus
385 3435 692 3504 absorbuit,
752 3451 876 3491 cum
937 3442 1213 3505 resumpto
1260 3435 1348 3491 vix
1405 3434 1534 3490 ﬂatu
1591 3451 1759 3491 senex

150 3527 317 3582 etiam
348 3527 469 3582 haec
499 3533 584 3580 est
621 3525 834 3581 locutus
868 3541 881 3578 :
919 3546 941 3571 «
978 3524 1184 3595 Spero,
1219 3523 1414 3596 inquit,
1471 3539 1633 3595 spero
1690 3523 1760 3580 de

153 3614 402 3688 ingenita
435 3613 533 3668 tibi
563 3613 802 3670 bonitate
833 3611 1093 3678 conﬁsus,
1127 3611 1481 3668 dilectissime
1514 3611 1610 3678 ﬁli,
1635 3611 1760 3684 quia

153 3703 424 3760 exaudisti
453 3717 562 3756 me.
596 3701 773 3756 .Juret
831 3716 966 3774 ergo
1023 3700 1154 3755 mihi
1183 3701 1238 3756 in
1290 3701 1510 3756 nomine
1541 3699 1761 3756 Domini

151 3792 253 3848 Dei
283 3792 369 3847 sui
400 3790 544 3845 filius
573 3805 745 3856 meus,
769 3790 915 3861 quod
935 3797 1085 3860 patre
1106 3789 1370 3845 derelicto
1385 3790 1500 3860 (18)
1523 3789 1759 3844 Carthu-

154 3880 249 3936 siaa
278 3880 492 3946 usibus,
528 3879 656 3934 dum
689 3878 964 3947 advivam,
999 3877 1223 3934 minime
1254 3877 1569 3933 sociabitur.
1603 3877 1758 3933 Alio-

154 3969 282 4040 quin
334 3966 663 4040 suspicionis
720 3965 908 4033 telum,
966 3982 1074 4038 quo
1130 3967 1339 4022 viscera
1396 3967 1616 4037 spiritus
1651 3965 1758 4022 mei

154 4058 412 4113 atrociter
433 4055 704 4111 transﬁxit
723 4055 902 4121 timor,
925 4055 1235 4111 nullatenus
1257 4055 1542 4112 avelletur.
1568 4079 1590 4103 ιι
1612 4055 1760 4111 Deus

155 4145 327 4212 bone!
363 4145 508 4214 Quid
539 4145 680 4200 inter
709 4145 825 4200 haec
862 4144 1078 4209 mentis,
1113 4144 1242 4216 quid
1281 4144 1447 4200 animi
1474 4159 1636 4200 servo
1665 4151 1759 4199 tuo

153 4235 248 4290 fuit
277 4236 535 4306 (quantus
564 4233 619 4288 in
650 4234 818 4288 corde
847 4233 964 4300 ejus
1003 4233 1239 4304 geminae
1283 4232 1592 4288 dilectionis
1621 4247 1759 4288 con-

152 4324 329 4379 flictus
349 4322 610 4379 saeviebat
633 4323 682 4392 ?)
701 4321 747 4376 0
771 4321 908 4376 mira
931 4337 1020 4376 res
1045 4321 1056 4375 l
1086 4338 1120 4375 ο
1145 4329 1199 4376 et
1221 4321 1552 4392 perplexitas
1581 4321 1718 4376 mira
1743 4320 1755 4376 l

156 4411 456 4484 Utrobique
479 4418 792 4481 tempestas,
817 4419 871 4480 et
891 4410 1136 4481 utrinque
1158 4409 1445 4475 serenitas,
1479 4410 1605 4465 hinc
1633 4409 1761 4465 inde

153 4508 204 4554 et
233 4501 301 4554 ad
333 4499 681 4571 naufragium
715 4507 768 4554 et
795 4498 861 4552 ad
903 4506 1116 4570 portum
1165 4498 1447 4569 impellunt
1496 4498 1762 4553 ﬂuctuan-

1864 604 2116 675 elegeris,
2170 605 2284 660 sive
2333 605 2671 676 praestiteris,
2723 606 2838 662 sive
2889 607 3140 663 renueris
3188 617 3467 680 praestare,

1863 689 2008 758 quod
2037 689 2302 760 posceris,
2337 689 2465 754 vita,
2497 705 2607 743 non
2637 705 2804 756 mors,
2841 691 2935 746 tibi
2974 698 3076 747 est.
3111 691 3310 748 Verum
3342 694 3472 765 quid

1864 778 2064 850 egeris,
2099 793 2262 849 quem
2291 777 2493 832 exitum
2524 777 2820 845 inveneris,
2854 787 2906 834 et
2951 779 3184 851 qualiter
3211 779 3473 854 effugeris

1863 881 2055 920 manus
2084 865 2422 936 importunas
2445 867 2562 936 jam
2592 866 2896 922 videamus.

1940 976 1962 1005 ι
2000 954 2201 1010 Solitus
2230 955 2413 1026 utique
2444 961 2497 1009 et
2526 964 2777 1011 assuetus
2807 957 3032 1014 obedire
3080 957 3386 1030 praepositis
3415 967 3469 1016 et

1865 1043 2146 1112 subjacere
2176 1043 2276 1108 eis,
2311 1042 2526 1098 nescius
2569 1043 2960 1110 contradicere,
3021 1046 3284 1118 ignorans
3326 1047 3472 1104 nolle

1863 1131 2232 1203 acquiescere,
2266 1131 2366 1185 das
2386 1147 2608 1186 manum
2631 1132 2891 1204 exigenti,
2916 1142 2968 1188 et
2997 1134 3336 1206 praecipienti
3364 1134 3472 1192 fide

1865 1219 2219 1290 corporaliter
2246 1219 2488 1290 praestita
2521 1219 2810 1287 satisfacis,
2845 1229 3009 1293 atque
3039 1223 3239 1278 exitum
3268 1223 3338 1279 de
3365 1239 3471 1280 cte-

1864 1317 1978 1364 tero
2006 1307 2083 1362 tui
2114 1308 2318 1378 negotii
2347 1307 2531 1363 divino
2581 1324 2811 1379 prorsus
2875 1310 3101 1367 arbitrio
3157 1311 3466 1368 committis.

1863 1397 1970 1452 Sed
1999 1396 2162 1468 paulo
2192 1404 2336 1467 post,
2369 1411 2493 1452 cum
2524 1396 2809 1454 haesitares
2867 1399 3196 1470 aliquandiu,
3229 1408 3282 1456 ct
3337 1400 3468 1473 quid

1863 1501 2062 1558 ageres
2091 1485 2396 1558 ignorares,
2431 1492 2483 1540 et
2515 1502 2640 1540 cum
2669 1486 2954 1558 dispendia
2992 1488 3114 1544 vitae
3171 1489 3470 1560 spiritualis

1864 1573 2107 1645 quotidie
2138 1573 2459 1639 sustineres,
2493 1581 2545 1628 et
2575 1581 2769 1629 contra
2823 1574 2984 1631 ﬁdem
3041 1576 3223 1632 datam
3280 1577 3468 1633 venire

1861 1662 2043 1733 potius
2072 1661 2421 1729 abhorreres,
2457 1661 2649 1716 infudit
2681 1662 2858 1719 subito
2889 1664 3039 1721 cordi
3086 1672 3177 1721 tuo
3233 1681 3471 1736 superna

1861 1751 2147 1806 clementia
2177 1750 2479 1806 verissimae
2509 1757 2563 1806 et
2592 1750 2947 1809 lucidissimae
2983 1753 3196 1810 radium
3252 1753 3468 1811 discre-

1863 1839 2043 1904 tionis,
2076 1839 2352 1910 inSpirans
2383 1838 2480 1892 tibi
2511 1846 2565 1894 et
2585 1839 2900 1897 certificans
2929 1849 2982 1898 te
3025 1841 3344 1914 plenissime
3375 1859 3468 1898 sa-

1864 1935 2199 1984 cramentum
2231 1943 2342 1984 non
2370 1944 2494 1983 esse
2543 1927 2970 1998 observandum,
3019 1930 3470 1988 inconsideratius

1865 2024 2134 2072 extortum
2166 2026 2354 2073 contra
2383 2019 2667 2076 utilitatem
2705 2018 2898 2074 animae
2944 2027 3034 2075 aut
3063 2018 3118 2074 in
3168 2020 3469 2077 detrimen-

1863 2113 1976 2160 tum
2007 2122 2152 2161 verae
2182 2107 2393 2162 salutis.
2425 2109 2615 2165 Sciens
2659 2107 2826 2181 igitur
2873 2115 2927 2163 et
2983 2107 3280 2178 exsultans,
3342 2109 3467 2182 quia

1863 2209 2062 2251 revera
2088 2194 2193 2250 ista
2221 2195 2276 2250 in
2301 2203 2352 2252 te
2372 2196 2693 2270 loqueretur
2721 2197 2987 2253 Dominus
3006 2197 3154 2253 Deus
3185 2205 3328 2266 tuus,
3372 2214 3467 2254 au-

1864 2284 2021 2339 diens
2049 2300 2174 2339 eum
2205 2293 2258 2340 et
2283 2285 2602 2350 exaudiens,
2636 2285 2885 2358 deposita
2914 2285 3078 2342 domo
3107 2285 3204 2340 tibi
3233 2286 3463 2354 credita,

1863 2373 2011 2428 nullo
2043 2373 2247 2429 sciente
2279 2375 2404 2444 quia
2430 2375 2578 2430 nullo
2623 2375 2932 2441 insidiante,
2969 2390 3070 2430 nec
3099 2375 3206 2430 tale
3261 2375 3465 2446 aliquid

1864 2461 2196 2532 suspicante,
2259 2463 2401 2518 clam
2448 2463 2789 2530 discessisti,
2851 2473 2903 2518 et
2959 2463 3291 2518 Carthusiam
3351 2463 3466 2536 (19)

1862 2550 2061 2617 adiisti,
2096 2559 2300 2606 etcum
2360 2553 2560 2626 gaudio
2611 2559 2869 2624 exceptus
2923 2552 2980 2607 in
3032 2552 3200 2606 multa
3257 2552 3462 2608 ibidem

1863 2639 2042 2710 gratia
2069 2640 2370 2710 perstitisti.
2404 2641 2702 2712 Inquisitus
2741 2657 2873 2696 sane
2930 2641 3202 2696 multoties
3232 2657 3262 2694 a
3291 2657 3464 2712 puero

1864 2736 1954 2783 tuo
1984 2728 2099 2797 (20)
2131 2736 2307 2782 utrum
2336 2729 2542 2784 nullum
2601 2729 2910 2800 aliquando,
2967 2737 3025 2784 ut
3053 2729 3272 2796 assolet,
3307 2746 3464 2786 scru-

1861 2815 2047 2888 pulum
2079 2817 2194 2872 lizec
2224 2816 2349 2872 fidei
2403 2818 2771 2890 transgressio
2826 2817 2922 2872 tibi
2977 2817 3298 2888 peperisset,
3332 2818 3463 2872 mihi

1863 2921 2079 2977 semper
2107 2904 2248 2960 istud
2272 2905 2398 2960 inde
2420 2906 2830 2977 respondebas:
2859 2927 2879 2956 ι
2903 2905 3192 2978 Nunquam
3218 2913 3362 2962 certe
3383 2905 3465 2960 in-

1860 2994 1929 3050 de
1962 2992 2292 3064 scrupulum,
2325 2994 2423 3050 sed
2452 2995 2632 3065 potius
2660 2993 2858 3049 mentis
2882 2993 3114 3063 jubilum
3144 2995 3311 3061 sensi,
3343 3010 3466 3050 cum

1863 3081 2064 3138 factum
2097 3082 2338 3150 memini,
2373 3082 2515 3138 unde
2546 3081 2848 3153 profectum
2877 3088 3083 3137 tantum
3113 3082 3276 3154 ccepi.
3312 3106 3334 3130 ι

2463 3260 2688 3317 CAPUT
2741 3261 2859 3315 VIII
2872 3301 2886 3315 .

1859 3407 1935 3461 De
1967 3407 2288 3486 imitatione
2307 3404 2661 3486 gravissima,
2681 3419 2803 3475 qua
2816 3407 2953 3486 post
2979 3403 3196 3486 ordinis
3222 3402 3464 3486 Cartha-

1929 3477 2134 3532 siemis
2167 3474 2484 3546 ingressum
2503 3474 2975 3546 ipsum’arripuit,
3015 3489 3118 3531 nec
3140 3477 3335 3531 tamen
3361 3474 3463 3531 de-

1897 3597 1904 3605 .
1929 3548 2046 3620 fuit
2074 3547 2126 3603 ei
2165 3547 2332 3602 tuitio
2352 3546 2650 3602 salutaris.

1932 3691 2058 3760 Ipso
2084 3703 2214 3744 vero
2252 3687 2322 3743 ad
2377 3686 2624 3743 ordinem
2683 3685 3128 3742 Carthusiensem
3175 3686 3462 3757 translato,

1859 3777 2088 3848 arripuit
2118 3794 2242 3832 eum
2268 3775 2594 3849 gravissima
2623 3774 2872 3842 tentatio,
2894 3774 2964 3830 de
2995 3789 3104 3847 qua
3132 3775 3362 3847 ipsemet
3390 3777 3468 3833 ita

1859 3867 2067 3923 referre
2096 3866 2306 3922 solebat
2339 3883 2352 3920 :
2389 3889 2410 3913 α
2445 3867 2589 3931 Mox,
2622 3864 2814 3936 inquit,
2853 3871 2912 3918 ut
2958 3863 3099 3920 infra
3152 3863 3306 3920 cellae
3350 3867 3464 3936 (21)

1858 3955 2025 4011 limen
2046 3955 2241 4026 pedem
2299 3953 2444 4021 misi,
2500 3962 2886 4024 exsurgentem
2944 3953 3256 4009 tentationis
3312 3969 3469 4012 nova:

1859 4052 2063 4099 motum
2094 4043 2147 4098 in
2179 4044 2345 4100 corde
2371 4058 2494 4098 meo
2537 4042 2703 4098 sensi.
2736 4037 2868 4098 Nec'
2910 4041 3194 4097 uniformis
3242 4043 3467 4099 tentatio

1859 4134 1952 4189 illa
1982 4134 2096 4200 fuit,
2131 4133 2240 4190 imo
2266 4133 2520 4204 ingresso
2551 4148 2746 4188 novam
2794 4132 3041 4187 militiam
3073 4133 3256 4188 omnia
3283 4140 3465 4190 tenta-

1859 4231 1946 4279 tor
2022 4222 2300 4278 innovavit
2355 4221 2580 4292 antiqua
2635 4237 2750 4276 suae
2801 4219 3018 4276 malitiae
3074 4221 3462 4289 instrumenta,

1859 4312 2150 4384 praecipue,
2185 4309 2343 4381 quasi
2382 4309 2632 4365 balistam
2689 4308 3148 4376 robustissimam,
3207 4319 3260 4366 et
3287 4326 3374 4376 eo,
3408 4320 3468 4367 ut

1860 4401 2130 4472 sperabat,
2164 4399 2297 4453 mihi
2326 4397 2754 4468 insuperabilem
2795 4397 3045 4464 tetendit,
3079 4399 3192 4455 imo
3221 4399 3471 4456 accendit

1860 4498 2048 4545 contra
2077 4504 2163 4543 me
2193 4487 2469 4542 stimulum
2501 4487 2684 4542 carnis
2730 4502 2888 4542 meae.
2939 4486 3040 4544 Die
3070 4503 3135 4543 ac
3165 4495 3325 4544 nocte
3353 4503 3468 4544 non

153 4596 280 4643 tem.
307 4589 363 4642 Si
395 4587 610 4644 vocanti
641 4587 709 4642 ad
738 4586 1062 4658 perfectiora
1093 4602 1200 4645 non
1232 4587 1453 4642 obediat
1483 4588 1620 4652 Deo,
1655 4587 1756 4640 de-
1787 4576 1842 4638 D
1861 4577 2177 4633 discedebat
2209 4592 2240 4630 a
2271 4592 2358 4630 me
2388 4574 2699 4644 (imminens
2728 4574 2879 4641 mihi,
2939 4582 2992 4629 et
3045 4591 3347 4646 perurgens
3375 4592 3466 4633 me

152 4677 346 4731 seritur
377 4693 485 4731 una
514 4675 788 4731 charitas:
821 4675 864 4729 si
917 4675 1165 4746 potestati
1221 4673 1554 4731 contradicat
1609 4675 1758 4729 ordi-
1859 4667 2090 4739 angelus
2121 4666 2349 4730 Satanae,
2382 4671 2436 4718 et
2481 4663 2828 4734 colaphizans
2885 4663 3015 4734 me).
3079 4663 3221 4733 Quid
3251 4664 3321 4719 ad
3350 4665 3470 4722 hac

150 4772 290 4819 natae
317 4780 348 4818 a
378 4765 516 4829 Deo,
549 4763 769 4836 gemina
797 4763 1010 4818 laeditur
1037 4761 1293 4819 Charitas.
1319 4764 1437 4819 Una
1466 4763 1755 4829 deseritur,

1860 4771 1988 4828 ego,
2015 4756 2142 4810 .lcsu
2176 4755 2336 4820 bone,
2360 4753 2469 4807 imo
2490 4752 2617 4823 quid
2636 4751 2854 4806 bonitas
2869 4760 2958 4807 tua
2987 4752 3058 4808 ad
3087 4754 3223 4819 haec,
3257 4752 3466 4809 faciens

151 4869 269 4922 qua:
299 4853 397 4908 Dei
447 4860 570 4908 est:
600 4853 818 4924 gemina
875 4867 982 4907 non
1041 4852 1294 4923 impletur
1320 4895 1332 4918 ,
1367 4868 1490 4924 quae
1547 4853 1646 4907 Dei
1706 4861 1760 4908 et
1861 4845 2154 4900 bonitatem
2184 4859 2307 4898 cum
2338 4857 2499 4898 servo
2527 4849 2619 4896 tuo
2639 4842 2669 4896 7
2698 4843 2818 4911 Ego
2847 4841 3065 4914 quidem
3097 4841 3331 4914 genibus
3361 4850 3470 4898 ter-

151 4941 378 5009 proximi
407 4949 512 4996 est.
546 4940 592 4995 Ο
621 4939 890 5012 angustiae
932 4941 1190 5011 undique,
1250 4940 1346 4995 sed
1405 4957 1517 5011 prae
1572 4941 1756 5009 nimia,

153 5029 294 5098 quod
323 5030 472 5084 dictu
503 5029 701 5083 mirum
720 5037 822 5094 est,
851 5028 1132 5084 latitudine
1150 5029 1177 5082 ἱ)
1201 5028 1342 5097 Quid
1365 5037 1547 5084 tamen
1577 5029 1755 5100 faciet,

154 5116 230 5171 sic
258 5118 513 5173 dilatatus
543 5125 596 5172 et
627 5117 706 5172 sic
721 5125 1042 5188 angustatus
1064 5119 1091 5172 ?
1111 5117 1305 5173 Dicere
1344 5118 1483 5172 inter
1513 5118 1629 5173 haec
1660 5135 1757 5190 po-

1863 4949 2000 5003 ram,
2031 4932 2327 5006 gemitibus
2354 4930 2572 4996 coelum,
2606 4937 2796 5001 pectus
2836 4931 3054 5002 pugnis,
3088 4947 3259 5004 genas
3288 4931 3464 5004 lacry-

1851 5024 1955 5078 mis
1989 5021 2185 5093 rigavi,
2218 5020 2412 5086 tutudi,
2455 5019 2690 5091 pulsavi,
2743 5019 2934 5075 cecidi.
2995 5020 3104 5075 Sed
3135 5021 3252 5076 haec
3281 5020 3465 5076 omnia

1853 5122 1904 5169 et
1932 5112 2036 5167 alia
2065 5111 2343 5165 innumera
2374 5109 2528 5180 quasi
2557 5124 2742 5163 aerem
2791 5109 3088 5165 verberans
3143 5108 3266 5176 feci,
3323 5126 3460 5181 quo-

153 5213 288 5260 terat
319 5224 333 5260 :
365 5206 410 5261 Ο
442 5206 628 5261 anima
654 5205 895 5272 dilatata,
929 5222 964 5260 ο
995 5215 1048 5261 et
1074 5206 1255 5260 anima
1284 5213 1594 5277 angustata,
1629 5207 1758 5278 quid
1854 5218 2026 5274 usque
2059 5209 2111 5256 et
2140 5208 2215 5263 tu,
2249 5199 2342 5270 qui
2371 5213 2481 5254 non
2511 5197 2738 5265 dormis,
2787 5215 2889 5254 nec
2947 5198 3232 5266 dormitas,
3292 5207 3346 5255 et
3373 5200 3468 5271 qui

225 5364 328 5450 (ίέ)
355 5385 627 5450 Spirituali,
655 5398 748 5436 non
770 5385 973 5436 carnali.

223 5467 324 5530 (19)
353 5473 509 5531 Anno,
536 5472 605 5520 uti
632 5471 791 5534 colligi
837 5471 982 5521 datur
1016 5483 1077 5520 ex
1111 5483 1220 5533 cap.
1272 5471 1350 5520 12.
1398 5469 1548 5532 “63,
1593 5470 1753 5521 factus

158 5539 262 5661 post
280 5536 390 5654 bin:
416 5539 614 5588 circiter
641 5538 792 5588 lustra
818 5537 879 5588 ab
904 5538 1125 5599 ingressu
1149 5538 1198 5587 in
1221 5537 1440 5588 ordinem
1468 5549 1594 5588 anno
1625 5539 1753 5588 1175

191 5614 357 5653 rocura
383 5617 456 5654 or.

159 5678 329 5815 sel(:1?)
382 5688 436 5738 Id
477 5691 569 5751 est,
613 5691 812 5739 auctore
853 5689 994 5740 Vita}.
1032 5688 1154 5738 Hinc
1197 5691 1246 5739 et
1285 5686 1542 5749 sequitur:
1577 5708 1598 5729 ι
1637 5687 1754 5741 Mihi

295 5766 368 5804 er.
403 5775 422 5796 -

295 5766 368 5804 er.
403 5775 422 5796 ι

1925 5381 2030 5446 (21)
2051 5379 2276 5430 Tcntatio
2302 5379 2382 5428 hic
2407 5379 2580 5438 relata,
2612 5377 2706 5428 alia
2731 5383 2806 5446 est
2841 5377 2904 5446 ab
2940 5378 3042 5437 illa,
3068 5390 3176 5440 quae
3200 5379 3326 5446 intra
3355 5391 3467 5443 cap.

1862 5444 1944 5510 ἐς
1971 5447 2208 5498 refertur.
2260 5447 2372 5496 Haec
2414 5446 2544 5494 enim
2587 5458 2696 5496 mox
2747 5444 2810 5493 ab
2853 5445 3076 5507 ingressu
3114 5446 3164 5494 in
3212 5445 3466 5501 ordinem.

1858 5516 2052 5565 vivente
2087 5514 2242 5564 adhuc
2270 5512 2465 5571 Basilio,
2499 5511 2654 5562 altera
2679 5515 2790 5574 post
2812 5512 2998 5561 obitum
3025 5512 3210 5571 Basilii,
3247 5515 3297 5561 et
3333 5513 3462 5564 circa

1859 5582 2052 5633 initium
2072 5579 2283 5642 suscepti
2309 5580 2551 5641 prioratus
2576 5580 2823 5641 nugonem
2859 5582 3080 5628 nostrum
3105 5578 3294 5630 amixit.
