3938 6412
460 342 566 395 955

464 552 783 622 apposuisti.
843 554 921 607 Tu
987 561 1168 608 custos
1241 560 1294 608 te
1351 560 1545 618 nocte,
1595 561 1651 606 ut
1696 567 1915 606 manum
1971 567 2065 621 ap-

465 638 711 711 ponebas
821 640 1103 707 simivivo,
1192 641 1317 708 vix,
1396 651 1451 695 ut
1531 640 1818 711 putabam,
1906 638 2066 694 relin-

466 729 681 801 quendo
709 745 740 784 a
781 729 1105 795 latronibus,
1161 730 1290 786 hinc
1331 730 1458 784 inde
1501 736 1725 800 repente
1774 728 2066 799 irrepenti-

467 817 569 872 bus
620 825 674 872 et
728 817 866 872 dure
921 818 1364 889 irrumpentibus,
1420 833 1581 873 omne
1627 817 1830 872 malum
1889 816 2066 871 subito

463 905 788 976 dissipabas.
822 906 970 962 Tunc
999 907 1189 963 videns
1211 907 1393 963 cordis
1414 923 1594 961 aream
1617 905 1911 961 arefactam
1942 920 2065 958 car-

464 993 659 1065 nisque
687 994 963 1050 fornacem
992 996 1351 1063 fatiscentem,
1392 995 1709 1050 cedentibus
1753 994 1877 1049 inde
1910 994 2067 1047 fluxis

466 1082 905 1154 cogitationibus,
956 1084 1082 1138 hinc
1121 1084 1304 1155 ignitis
1351 1083 1606 1148 motibus,
1656 1083 1899 1137 mirabar
1946 1082 2067 1153 quis

464 1168 681 1237 fuerim,
717 1179 770 1226 et
801 1172 923 1242 quis
952 1171 1131 1227 subito
1180 1170 1404 1228 effectus
1450 1187 1650 1227 essem.
1683 1170 1904 1225 Talibus
1934 1185 2069 1240 erga

464 1274 572 1325 me,
606 1259 716 1315 imo
746 1259 885 1314 intra
913 1276 1022 1326 me,
1053 1260 1446 1315 alternantibus
1494 1259 1660 1324 vices,
1704 1258 2069 1314 obliviscebar

465 1363 714 1418 persaepe
744 1348 872 1417 mei,
922 1364 1136 1403 memor
1184 1348 1258 1402 tui
1306 1348 1374 1403 de
1423 1355 1571 1403 terra
1613 1346 1888 1401 Jordanis.
1936 1346 2068 1401 Inde

469 1435 626 1506 quasi
656 1436 724 1491 de
755 1436 988 1502 duobus,
1022 1436 1149 1490 inde
1180 1452 1379 1491 nomen
1411 1444 1464 1490 et
1494 1435 1764 1507 originem
1794 1435 1842 1488 is
1871 1434 2068 1489 ﬂuvius

465 1522 632 1591 ducit,
664 1523 1009 1594 duplicabam
1052 1523 1452 1580 confessionem
1501 1522 1884 1577 humiliationis
1931 1538 2069 1578 mea:

465 1618 517 1666 et
546 1610 956 1683 gloriﬁcationis
1000 1620 1123 1679 tuae,
1173 1612 1578 1668 misericordias
1627 1620 1744 1666 tuas
1789 1611 1885 1665 tibi
1933 1627 2066 1666 can-

468 1707 609 1765 tans,
639 1708 694 1756 et
721 1700 1008 1770 injustitias
1039 1716 1192 1756 meas
1240 1701 1531 1755 adversum
1566 1716 1654 1755 me
1685 1699 2064 1770 pronuntians,

1330 341 1385 396 S.
1429 337 1747 396 HUGONIS
1784 338 2002 395 EPISC.
2044 334 2369 393 LlNCOLN.
2412 336 2576 395 0RD.
2619 340 2867 435 CARTIl.

465 464 710 519 custodis
761 465 948 531 Israel,
999 481 1033 519 ο
1099 463 1438 520 Samaritane
1486 464 1790 532 benedicte,
1846 478 2064 517 manum
2094 465 2151 528 Α
2236 464 2327 536 ius
2357 462 2675 536 obsequium
2703 468 2896 536 fuerat
2916 465 2980 536 de

3661 346 3787 399 956

2236 466 2327 530 ius
2357 466 2675 536 obsequium
2703 468 2896 535 fuerat
2916 466 3237 590 deputatus,
3270 468 3459 538 ipsum
3490 466 3558 522 de
3585 468 3790 523 susci-

2236 534 2440 603 piendo
2460 534 2655 617 ordine
2676 535 3022 617 sacerdota
3042 538 3306 617 (eriterit,
3332 541 3385 617 et
3400 539 3585 617 ipsum
3606 539 3786 617 [utu-

2237 619 2367 658 rum
2388 608 2710 679 episwpum
2727 608 3164 677 prwnuntiavit.
3182 610 3249 661 Et
3272 608 3371 662 sub
3392 609 3490 663 hoc
3512 608 3784 679 capitulo

2237 676 2797 801 pompm/tenduntur
2852 681 2918 731 10
2968 682 3022 733 et
3099 681 3159 732 11
3225 679 3484 751 capitula
3545 676 3786 750 magna

2282 762 2397 801 tce.

2282 762 2397 801 me.

2240 919 2409 973 Erant
2440 918 2553 987 (22)
2580 919 2819 991 quidem,
2851 926 2906 973 ut
2946 936 3184 990 semper,
3235 920 3289 974 in
3336 920 3500 975 domo
3533 921 3781 977 Carthu-

2169 1007 2263 1061 size
2309 1016 2437 1063 tunc
2481 1008 2744 1077 temporis
2785 1024 2946 1078 quam
2987 1008 3223 1063 maxime
3263 1009 3381 1075 viri,
3427 1017 3535 1064 tam
3582 1009 3786 1067 clerici

2171 1110 2333 1165 quam
2364 1095 2506 1160 laici,
2539 1097 2693 1150 mirae
2746 1097 3043 1151 sanctitatis
3074 1105 3127 1151 et
3176 1097 3479 1169 gravitatis,
3528 1097 3782 1170 ipsisque

2171 1183 2396 1237 summis
2426 1183 2763 1255 principibus
2796 1192 2849 1238 et
2892 1184 3264 1241 Ecclesiarum
3310 1186 3546 1256 prmlatis
3575 1187 3780 1242 admo-

2170 1272 2298 1325 dum
2320 1273 2631 1328 reverendi.
2665 1274 2777 1328 Nec
2799 1281 2912 1328 erat
2927 1272 3088 1329 facile
3118 1274 3237 1345 quis
3257 1273 3553 1330 ferventior
3574 1284 3627 1330 et
3649 1276 3782 1347 quis

2169 1360 2463 1432 perfectior
2495 1361 2635 1416 inter
2684 1361 2805 1415 illos
2863 1362 3079 1418 censeri
3126 1362 3391 1432 potuisset
3419 1363 3778 1435 dignoscere.

2168 1450 2371 1503 Tantus
2399 1449 2474 1503 ibi
2505 1449 2559 1504 in
2590 1449 2876 1504 domandis
2923 1450 3242 1521 corporibus
3292 1451 3464 1523 rigor,
3517 1460 3667 1507 tanta
3712 1453 3783 1507 in

2168 1537 2349 1607 rigore
2389 1538 2711 1592 servabatur
2758 1538 3036 1605 discretio,
3068 1546 3125 1593 ut
3170 1538 3407 1593 medium
3455 1554 3576 1595 cum
3626 1539 3784 1595 binis

2169 1626 2402 1679 tenendo
2431 1626 2563 1680 nihil
2592 1625 2730 1680 infra
2763 1626 2903 1681 vires
2933 1627 3053 1698 quis
3104 1627 3333 1700 aggredi
3362 1636 3644 1682 contentus
3674 1645 3781 1683 es-

2170 1722 2270 1779 set,
2304 1714 2565 1785 nihilque,
2600 1715 2746 1785 quod
2776 1715 2973 1770 virium
3018 1724 3190 1770 metas
3241 1717 3554 1784 excederet,
3604 1732 3779 1771 exer-

470 1788 792 1854 sentiebam.
826 1789 951 1859 quia
996 1797 1054 1844 tu
1110 1788 1423 1844 remittebas
1475 1788 1806 1859 impietatem
1856 1786 2140 1874 peccati];
2169 1818 2295 1857 cere
2322 1802 2504 1867 vellet,
2551 1802 2835 1857 sineretur.
2892 1804 2973 1858 De
3019 1804 3209 1859 ordine
3240 1803 3286 1857 si
3342 1804 3558 1875 quidem
3583 1804 3687 1860 isto
3715 1805 3781 1858 in

470 1877 599 1932 mei.
633 1878 880 1932 Manente
926 1877 1068 1932 enim
1115 1878 1171 1932 in
1207 1878 1449 1932 Hermon
1500 1884 1553 1932 et
1601 1885 1786 1932 monte
1828 1876 2064 1941 modico,

472 1965 602 2019 dum
631 1965 937 2020 detestarer
966 1975 1017 2021 et
1049 1966 1560 2021 anathematizarem
1590 1981 1752 2020 omne
1801 1964 2068 2020 lubricum

473 2053 823 2125 turpitudinis
854 2054 1127 2122 obscenae,
1177 2054 1468 2109 humilians
1509 2070 1614 2119 me,
1646 2062 1770 2124 post
1794 2052 1962 2108 ferale
1987 2051 2068 2106 in-

470 2142 721 2197 cendium
744 2142 1023 2213 pulverem
1043 2159 1130 2198 me
1161 2150 1214 2198 et
1229 2142 1470 2199 cinerem
1502 2142 1741 2197 sentiens
1771 2157 1912 2207 esse,
1945 2157 2069 2195 mox

471 2230 850 2286 benefaciebas
881 2247 1004 2287 cum
1036 2247 1197 2288 servo
1235 2240 1349 2296 tuo,
1381 2230 1632 2286 revelans
1679 2230 1867 2285 oculos
1893 2245 2065 2297 meos,

469 2327 524 2374 ut
555 2318 958 2375 considerarem
989 2318 1256 2374 mirabilia
1284 2320 1353 2374 de
1398 2319 1521 2391 lege
1564 2327 1671 2373 tua.
1716 2318 1897 2372 Dabas
1928 2333 2069 2389 quo-

472 2422 579 2479 quo
608 2406 832 2479 fatigato
864 2417 920 2463 et
945 2407 1159 2463 defecto
1188 2408 1275 2463 vel
1318 2408 1533 2463 modice
1582 2407 1859 2461 interdum
1887 2406 2071 2476 prmli-

470 2496 604 2550 bare
634 2512 833 2551 manna
862 2496 991 2551 illud
1022 2496 1419 2551 absconditum.
1452 2495 1596 2549 Istud
1623 2511 1753 2551 vero
1783 2494 2067 2564 tantillum,

469 2584 613 2655 quod
639 2583 764 2639 hinc
812 2584 982 2639 merui
1013 2592 1366 2656 prmgustare,
1410 2583 1514 2638 tale
1560 2591 1672 2638 erat
1718 2590 1770 2637 et
1810 2591 1915 2636 tam
1963 2582 2065 2635 im-

468 2688 736 2739 mensum,
772 2680 828 2727 ut
857 2672 1015 2728 facile
1044 2681 1449 2729 contemnerem
1480 2680 1698 2742 pr0pter
1726 2671 1905 2741 ipsum
1934 2670 2074 2724 obti-

471 2760 709 2815 nendum
737 2760 952 2831 plenius
983 2768 1035 2817 et
1066 2760 1286 2827 diutius,
1340 2759 1603 2832 quidquid
1650 2759 1883 2813 mundus
1923 2757 2072 2813 novit

468 2847 627 2905 dulce
657 2849 742 2903 vel
771 2864 1037 2919 amarum,
1070 2848 1193 2904 lene
1222 2848 1308 2904 vel
1354 2864 1629 2918 asperum.
1676 2848 1874 2902 Verum
1904 2846 1958 2899 in
1986 2846 2072 2899 his

472 2952 598 2992 rara
612 2937 745 2991 mihi
765 2938 921 3003 hora,
946 2946 999 2993 et
1020 2953 1188 3008 parva
1210 2951 1382 2991 mora.
1403 2937 1639 2991 Rursum
1660 2935 1727 2988 ad
1747 2933 2067 3000 certamina,

471 3041 661 3080 rursus
692 3025 762 3080 ad
792 3025 931 3080 bella
979 3025 1251 3097 rapiebar.
1294 3025 1577 3095 Nusquam
1625 3039 1773 3091 vero,
1826 3022 1924 3076 sed
1968 3037 2073 3077 nec

472 3130 708 3185 unquam
742 3113 925 3179 defuit,
959 3113 1087 3168 licet
1114 3114 1340 3185 indigno
1389 3112 1539 3178 mihi,
1572 3110 1801 3183 piissimi
1832 3110 2071 3166 Redem-

474 3201 647 3272 ptoris
674 3200 955 3257 miseratio
986 3220 1004 3256 :
1037 3217 1253 3272 semper
1296 3201 1353 3255 in
1405 3215 1534 3255 aure
1591 3199 1774 3255 cordis
1820 3199 1929 3254 mei
1958 3206 2076 3253 erat
2103 3170 2149 3231 Ο

474 3305 577 3345 vox
607 3289 726 3359 ejus
755 3290 1009 3345 erudiens
1039 3297 1092 3344 et
1141 3288 1433 3345 consolans
1479 3304 1605 3354 me;
1641 3304 1857 3359 semper
1885 3303 2077 3342 manus

474 3378 592 3447 ejus
620 3393 837 3434 mecum
866 3378 1105 3449 eripiens
1136 3385 1189 3434 et
1217 3378 1585 3433 corroborans
1609 3392 1716 3432 me.

539 3469 608 3522 Et
633 3468 751 3523 haec
778 3467 998 3539 quidem
1028 3483 1094 3524 ac
1122 3467 1359 3539 plurima
1388 3467 1443 3520 in
1474 3467 1618 3521 hunc
1646 3465 1868 3520 modum
1896 3473 2079 3520 mente

475 3557 725 3623 contrita,
754 3572 865 3612 non
891 3556 1057 3612 modo
1104 3572 1206 3627 pro
1254 3554 1626 3612 consolatione
1657 3562 1861 3624 nostra,
1896 3554 1994 3610 sed
2024 3563 2077 3609 et

474 3661 575 3715 pro
601 3645 891 3707 devotione
923 3653 977 3701 et
997 3644 1370 3701 humiliatione
1393 3660 1494 3699 sua
1514 3643 1779 3699 secretius
1810 3659 1980 3713 agens
2011 3642 2078 3697 de

473 3741 615 3788 statu
672 3750 770 3789 suo
826 3734 1011 3806 (quem
1066 3733 1121 3788 in
1179 3732 1491 3804 episcopatu
1545 3732 1782 3787 deflebat
1820 3732 2077 3786 immuta-

476 3823 613 3892 tum)
644 3821 713 3878 de
740 3821 843 3887 his,
879 3822 1073 3893 quaein
1104 3821 1212 3877 vita
1250 3821 1435 3893 priore
1492 3820 1805 3876 humanitus
1834 3820 1921 3875 vel
1948 3836 2077 3891 per-

475 3910 674 3965 tulerat
701 3918 792 3964 aut
817 3910 1074 3965 divinitus
1120 3918 1464 3981 perceperat,
1497 3924 1800 3965 memorare
1834 3909 2069 3964 solebat.

478 3997 751 4054 Inferebat
778 4005 957 4053 autem
987 3999 1103 4053 haec
1127 3998 1183 4053 in
1212 3999 1297 4053 sui
1347 3998 1518 4069 ipsius
1573 3999 1948 4054 vehementem
1981 4014 2077 4052 su-

476 4086 832 4158 gillationem,
865 4087 1021 4159 quasi
1070 4088 1185 4142 Deo
1216 4103 1313 4159 pro
1364 4086 1645 4143 beneﬁciis
1697 4086 1779 4141 sui
1835 4102 2079 4158 congrue

473 4191 583 4231 non
613 4177 986 4247 responderet,
1020 4184 1115 4232 aut
1152 4192 1211 4232 se
1247 4185 1372 4248 post
1427 4176 1669 4249 largiora
1723 4174 1939 4230 Domini
1998 4173 2080 4229 sui

473 4264 639 4331 dona,
664 4266 780 4336 jam
808 4266 864 4321 in
894 4274 1047 4321 aetate
1076 4265 1295 4321 robusta
1343 4264 1726 4320 infirmioribus
1781 4262 1935 4319 annis
1992 4263 2079 4317 vi-

476 4352 627 4408 ribus
656 4354 822 4410 animi
852 4354 1117 4426 imparem
1147 4354 1448 4410 exhiberet.

1116 4531 1342 4587 CAPUT
1372 4531 1468 4585 IX.

476 4679 550 4733 De
564 4678 1050 4734 commendatione
1066 4675 1282 4731 ordinis
1296 4672 1736 4740 Carthusiensis,
1752 4675 1806 4726 et
1822 4673 2085 4743 profectu

547 4752 608 4804 in
629 4750 816 4805 eodem
840 4750 1024 4803 nostri
1044 4747 1312 4816 Hugom's,
1345 4748 1401 4799 et
1420 4744 1669 4815 qualiter
1696 4742 1883 4798 senibr
1899 4742 1971 4796 ad
1994 4758 2086 4796 cu-

545 4930 642 4987 t22)
670 4929 795 4978 Vera
820 4929 926 4977 ιιωε
977 4938 1087 4976 esse
1130 4924 1340 4988 probant
1382 4924 1829 4987 archiepiscopatus
1865 4930 1914 4976 et
1946 4925 2075 4985 epis-

474 5000 679 5057 copatus
699 5008 756 5045 eo
780 4993 958 5043 saaculo
982 4993 1147 5041 collati
1173 4991 1528 5041 Carthusianis.
1578 4992 1755 5052 Quales
1796 4995 1926 5053 sunt,
1955 4994 2076 5041 Are-

475 5063 695 5121 latensis,
716 5060 1069 5121 Lugdunensis.
1095 5058 1401 5119 Viennensis,
1436 5059 1844 5120 Tarentusiensis,
1882 5057 2076 5108 Gratia-

474 5128 803 5190 nopolitanus,
847 5125 1148 5187 Bellicensis,
1193 5124 1403 5186 Diensis,
1434 5125 1829 5187 Maurianiensis,
1875 5126 2072 5176 Sistari'

479 5193 660 5249 censis,
687 5198 737 5242 et
755 5193 921 5255 plures
938 5192 1039 5242 alii.

547 5275 659 5341 (23)
686 5277 928 5326 Honorius
951 5289 1076 5338 papa
1120 5276 1203 5336 lli,
1232 5289 1358 5325 anno
1384 5276 1529 5325 1219.
1574 5277 1825 5338 Stephano
1867 5277 2078 5327 Cantua-

477 5344 656 5394 riensis
680 5355 883 5392 examen
906 5343 965 5393 de
988 5344 1099 5392 Vita
1119 5346 1170 5394 S.
1199 5344 1411 5402 Hugonis
1462 5344 1707 5394 commisit
1732 5358 1745 5393 :
1775 5348 1825 5393 et
1853 5344 2077 5393 eumdem

479 5424 608 5460 anno
633 5410 856 5471 sequenti
878 5409 1015 5470 juxta
1038 5410 1338 5471 Raynaldum
1365 5410 1427 5460 ad
1457 5411 1611 5461 dictos
1648 5422 1819 5470 annos,
1866 5411 1913 5459 in
1939 5422 2080 5458 sanc-

482 5482 642 5527 torum
671 5489 947 5539 numerum,
988 5477 1172 5527 retulit.
1227 5477 1430 5527 Vivebat
1467 5478 1614 5540 igitur
1653 5478 1730 5527 his
1753 5478 1896 5526 annis
1920 5477 2078 5526 adhuc

482 5548 653 5595 auctor
672 5544 813 5603 Vitta,
841 5543 957 5594 dum
984 5545 1077 5594 ista
1102 5545 1318 5608 scripsit,
1345 5549 1428 5594 aut
1451 5549 1596 5594 antea
1628 5544 1825 5605 scriptis
1853 5542 2058 5592 inseruit

2107 4528 2159 4587 D

2172 1890 2405 1961 registro
2438 1891 2552 1961 (23)
2581 1907 2756 1962 papa),
2788 1892 2943 1959 cujus
2986 1900 3227 1962 tempore
3272 1900 3460 1946 noster
3488 1892 3645 1963 Hugo
3674 1908 3780 1947 ca-

2169 1979 2453 2033 nonizatus
2484 1986 2586 2044 est,
2613 1978 2688 2033 ita
2734 1979 2977 2050 legitur:
3014 2002 3036 2027 α
3090 1979 3238 2035 Ordo
3285 1979 3688 2035 Carthusiensis
3717 1981 3779 2035 in

2170 2081 2237 2121 eo
2266 2066 2402 2122 alios
2433 2062 2655 2122 ordines
2701 2067 2991 2135 antecedit,
3040 2067 3186 2139 quod
3225 2068 3505 2139 cupiditati
3549 2068 3779 2124 modum

2169 2155 2366 2227 posuit.
2402 2180 2425 2204 ι)

2242 2243 2383 2312 Quid
2413 2259 2545 2299 vero
2576 2243 2664 2299 hic
2692 2245 2894 2316 egisse,
2930 2253 3296 2316 quantumque
3325 2244 3624 2315 profecisse
3654 2246 3777 2300 Hu-

2171 2348 2374 2410 gonem
2401 2339 2672 2403 putamus,
2724 2332 2816 2387 ubi
2865 2332 3085 2387 inolltus
3134 2333 3183 2387 ei
3211 2349 3241 2387 a
3288 2334 3579 2405 primaevis,
3611 2341 3668 2389 ut
3697 2334 3779 2388 ita

2172 2421 2409 2487 dicatur,
2440 2420 2744 2489 mensibus,
2798 2421 3044 2477 discendi
3090 2436 3245 2476 amor
3291 2438 3415 2477 cum
3445 2421 3619 2491 libris,
3652 2439 3782 2478 cum

2171 2508 2471 2581 magistris,
2534 2524 2657 2564 cum
2713 2509 2934 2581 ingenio
2991 2510 3430 2580 praeclarissimo,
3490 2526 3613 2566 cum
3667 2511 3784 2567 otio

2170 2614 2329 2669 quam
2360 2605 2689 2668 opportuno,
2724 2604 2831 2651 tam
2863 2596 3097 2652 fraterne
3124 2606 3177 2653 et
3206 2597 3378 2654 ferme
3398 2598 3655 2655 continuo
3680 2600 3782 2668 ju-

2170 2686 2284 2741 vari
2316 2695 2367 2740 et
2395 2686 2709 2757 promoveri
2740 2686 2957 2755 potuit?
2989 2687 3049 2740 In
3095 2686 3179 2741 his
3210 2687 3349 2754 dies,
3381 2687 3437 2742 in
3465 2688 3548 2743 bis
3577 2688 3780 2743 studiis

2170 2774 2514 2830 continuabat
2553 2782 2603 2829 et
2661 2782 2887 2841 noctes;
2918 2789 3021 2831 nec
3074 2774 3219 2829 aliud
3271 2776 3593 2831 causabatur
3646 2792 3786 2847 pro-

2170 2862 2401 2917 fectibus
2432 2863 2544 2917 suis
2574 2863 2861 2919 novercari
2890 2871 2941 2918 et
2962 2863 3195 2936 gaudiis,
3229 2864 3334 2918 nisi
3362 2864 3620 2936 temporis
3650 2866 3786 2922 bre-

2170 2950 2410 3017 vitatem,
2444 2951 2530 3007 cui
2560 2951 2755 3005 mirum
2783 2953 2840 3007 in
2870 2952 3092 3007 modum
3148 2952 3355 3025 legenti
3412 2968 3627 3024 semper
3683 2963 3787 3009 aut

2169 3039 2451 3094 meditanti
2490 3040 2573 3095 vel
2604 3040 2774 3095 oranti
2805 3040 2982 3096 omnis
3013 3041 3222 3095 dierum
3265 3041 3612 3113 noctiumque
3644 3058 3792 3113 pro-

2175 3128 2355 3183 lixitas
2384 3128 2602 3195 minori,
2664 3146 2823 3200 quam
2884 3136 3149 3200 optasset,
3214 3130 3395 3200 spatio
3440 3130 3790 3187 tendebatur.

2249 3236 2551 3308 lnjungitur
2578 3242 2761 3291 autem
2782 3236 2885 3291 sibi
2914 3236 3207 3307 aliquando
3237 3252 3370 3293 cura
3401 3245 3453 3292 et
3481 3237 3795 3309 obsequela

2178 3325 2462 3394 cujusdam
2490 3324 2743 3380 monachi
2796 3325 2963 3392 senis,
3014 3340 3337 3397 magnarum
3374 3325 3630 3380 virtutum
3654 3327 3792 3382 viri.

2178 3414 2330 3468 Hunc
2359 3421 2469 3468 tam
2499 3412 2969 3480 valetudinarium,
3004 3421 3056 3467 et
3073 3430 3189 3484 pra:
3226 3421 3382 3469 astate
3411 3429 3477 3470 ac
3505 3413 3796 3471 debilitate

2180 3515 2438 3572 suprema
2466 3500 2676 3557 cellulae
2704 3518 2816 3557 sua:
2844 3502 3082 3572 parietes
3103 3518 3374 3572 nusquam
3403 3503 3790 3571 excedentem,

2179 3589 2338 3661 Hugo
2368 3590 2423 3644 in
2449 3589 2595 3645 horis
2627 3589 2972 3660 regularibus
3018 3589 3394 3659 decantandis,
3429 3590 3516 3646 vel
3547 3591 3791 3663 quibus-

2179 3693 2393 3749 cunque
2420 3678 2748 3734 necessariis
2796 3678 3227 3748 suppeditandis,
3279 3679 3505 3735 servitor
3550 3679 3796 3735 devotus

2181 3775 2231 3821 et
2260 3766 2587 3833 indefessus,
2621 3776 2874 3837 tanquam
2920 3766 3098 3820 nutrix
3156 3767 3430 3820 alumnum
3488 3776 3579 3824 aut
3608 3776 3798 3824 mater

2181 3855 2348 3909 ﬁlium
2374 3855 2601 3924 juvabat
2630 3863 2680 3910 et
2711 3854 3002 3921 mulcebat,
3034 3870 3136 3910 nec
3164 3854 3321 3909 aliter
3351 3871 3513 3925 quam
3533 3855 3637 3927 ipsi
3666 3856 3795 3911 Do-

2179 3945 2329 4000 mino
2358 3945 2487 3999 Jesu
2520 3943 2733 3999 Christo
2761 3942 2816 3997 in
2843 3943 3096 3997 omnibus
3134 3943 3184 3997 ei
3227 3943 3593 3999 ministrabat.
3634 3945 3795 4000 Con-

2182 4032 2308 4105 tigit
2333 4032 2627 4104 aliquando
2686 4040 2899 4102 tempus
2956 4047 3239 4087 sacrorum
3289 4033 3540 4088 ordinum
3569 4033 3637 4087 ab
3671 4035 3799 4105 epi-

2181 4137 2349 4191 scopo
2378 4120 2485 4176 loci
2515 4120 2670 4175 istius
2714 4120 3169 4175 celebrandarum
3226 4120 3422 4177 instare
3467 4123 3625 4177 annis
3651 4122 3795 4202 .ali-

2182 4210 2400 4281 quantis
2425 4210 2538 4277 jam
2569 4209 2625 4264 in
2677 4208 3095 4264 conversatione
3150 4208 3244 4263 tali
3299 4210 3416 4279 ejus
3474 4211 3789 4268 transactis.

2181 4300 2297 4355 Hoc
2327 4298 2508 4354 sciens
2539 4299 2652 4368 (24)
2696 4297 2778 4354 vir
2830 4297 2949 4363 Dei,
3010 4297 3256 4370 Hugonis
3309 4298 3514 4369 pariter
3542 4308 3595 4356 et
3623 4300 3790 4355 insti-

2181 4394 2321 4442 tutor
2374 4386 2487 4457 (25)
2571 4393 2624 4442 et
2682 4385 2951 4451 alumnus,
3020 4387 3185 4456 coepit
3239 4386 3424 4443 dicere
3470 4387 3568 4456 illi,
3626 4390 3789 4461 quasi

2182 4483 2398 4530 tentans
2456 4473 2655 4529 illum:
2715 4475 2926 4539 «Ecce,
3004 4473 3097 4539 ait,
3161 4472 3254 4541 fili,
3298 4476 3414 4543 jam
3470 4476 3527 4531 in
3576 4484 3627 4533 te
3683 4486 3788 4545 est,

2185 4580 2254 4619 an
2293 4563 2428 4619 velis
2483 4562 2744 4618 sacerdos
2802 4560 2916 4616 ﬁeri
2952 4578 2963 4616 :
2994 4562 3040 4615 si
3095 4563 3461 4634 acquieveris,
3520 4565 3590 4620 ad
3645 4566 3791 4623 hunc

2186 4654 2419 4724 gradum
2462 4653 2627 4707 modo
2683 4651 3114 4722 promoveberis.
3152 4674 3172 4698 ιι
3221 4650 3305 4706 ΑΗ
3362 4653 3479 4709 haec
3534 4653 3644 4719 ille,
3705 4654 3795 4710 cui

2181 4743 2292 4811 jam
2324 4740 2452 4797 olim
2482 4740 2555 4795 nil
2584 4739 2818 4806 dulcius,
2885 4739 2960 4793 nil
3013 4755 3167 4810 aeque
3215 4740 3374 4796 dulce
3432 4750 3571 4809 erat,
3624 4758 3788 4814 quam

2175 4924 2347 4975 scribit
2372 4937 2385 4973 :
2411 4945 2433 4967 ι
2462 4925 2576 4974 Ητιξε
2599 4925 2714 4975 dum
2743 4927 2912 4986 ageret
2934 4927 3155 4986 tempore
3186 4919 3264 4970 illo
3290 4921 3512 4980 contigit,
3541 4933 3634 4983 quo
3655 4922 3793 4972 sacri

2176 4992 2373 5042 ordines
2394 4991 2606 5041 conferri
2649 4992 2828 5051 solent,
2885 4995 2940 5040 ut
2981 4994 3182 5039 sanctus
3222 4989 3366 5037 Pater
3387 4987 3591 5037 Basilius
3630 4988 3786 5051 prior,

2176 5059 2315 5121 quasi
2352 5060 2601 5117 Hugonem
2629 5061 2842 5119 tentans,
2878 5058 2947 5107 illi
2985 5058 3211 5106 diceret:
3240 5055 3393 5121 Ecce,
3413 5053 3500 5114 illi,
3523 5054 3627 5115 jam
3667 5054 3791 5104 inte-

2175 5120 2297 5181 rest.
2326 5137 2390 5174 an
2434 5125 2554 5174 velis
2589 5125 2821 5174 sacerdos
2864 5124 2990 5173 ﬁeri.
3027 5144 3047 5163 -
3079 5121 3243 5171 Verba
3287 5120 3486 5180 quidem
3528 5123 3640 5169 sunt
3676 5122 3792 5170 Dor-

2176 5191 2340 5251 lando,
2362 5192 2579 5252 exceptis
2604 5191 2715 5248 illis,
2746 5209 2772 5237 «
2798 5194 2995 5240 sanctus
3021 5192 3165 5239 Pater
3186 5187 3397 5237 Basilius
3437 5186 3585 5249 prior,
3612 5202 3630 5233 ι
3678 5199 3791 5247 quo-

2177 5270 2284 5309 rum
2304 5258 2410 5307 loco
2437 5258 2584 5306 habet
2605 5258 2892 5315 Dorlandus,
2918 5278 2939 5299 ι
2961 5259 3168 5305 sanctus
3188 5254 3267 5303 ille
3284 5254 3465 5313 senior,
3495 5268 3512 5299 ι
3548 5252 3784 5302 subintel-

2177 5325 2291 5384 lige,
2318 5327 2372 5373 ut
2398 5324 2666 5373 Dorlandus
2687 5324 2942 5385 praemisit,
2967 5323 3104 5382 cujus
3122 5322 3314 5370 volente
3336 5320 3515 5379 priore,
3538 5319 3582 5367 id
3608 5323 3682 5367 est
3704 5320 3791 5368 Ba-

2177 5392 2311 5449 silio,
2338 5402 2503 5440 curam
2543 5394 2825 5451 susceperat
2848 5391 3004 5450 Hugo.
3036 5386 3407 5449 Distinguendus
3445 5385 3593 5445 igitur
3630 5386 3796 5436 senior

2182 5458 2261 5507 ille
2286 5458 2494 5506 aBasilio
2514 5457 2693 5517 priore,
2722 5456 2835 5505 licet
2856 5454 2961 5515 ejus
2980 5467 3157 5506 nomen
3184 5456 3453 5514 ignoretur.

2255 5558 2363 5619 (25)
2390 5559 2662 5615 lnstitutor,
2690 5558 2760 5607 uti
2782 5557 3016 5618 arbitror,
3047 5557 3095 5605 in
3139 5554 3492 5617 spiritualibus,
3547 5553 3793 5615 alumnus,

555 5627 661 5691 (2t)
690 5629 872 5677 Nomen
916 5629 1063 5691 hujus
1104 5629 1193 5679 viri
1231 5630 1315 5679 Dei
1365 5641 1454 5678 nec
1490 5628 1719 5688 exprimit
1757 5626 1945 5686 Surius,
1995 5638 2087 5675 nec
2185 5626 2296 5675 dum
2319 5626 2451 5685 Hugo
2475 5624 3053 5691 illum,utprzemittitur_,
3077 5625 3307 5691 tanquam
3333 5621 3497 5691 nutrix
3515 5621 3790 5684 alumnum,

487 5686 780 5751 Dorlandus.
811 5698 873 5747 At
899 5686 1101 5747 Bzovius
1125 5695 1187 5747 ad
1217 5706 1399 5747 annum
1433 5686 1578 5744 120οᾌ
1622 5695 1695 5745 Ex
1735 5692 1978 5744 Dorlando
2018 5693 2088 5743 ita
2187 5695 2271 5742 aut
2296 5697 2456 5741 mater
2479 5688 2629 5741 lilium
2658 5692 2709 5741 in
2733 5689 3159 5750 inﬁrmitatejuvit
3181 5692 3230 5739 et
3255 5686 3398 5739 fovit.
