3938 6412
203 349 316 405 95⁸7

1604 350 1786 407 VITA.
1815 378 1884 392 -
1921 349 2049 406 LIB.
2091 350 2133 406 Ι.

3420 357 3524 410 958

217 473 396 530 sacris
452 473 732 530 deservire
782 474 1122 542 ministeriis,
1184 491 1349 548 quam
1380 475 1578 532 divinis
1631 490 1824 531 sacra-
1853 473 2276 537 Aclernentiam
2308 481 2575 546 quatenus
2603 490 2636 531 a
2674 476 2875 547 populo
2921 492 3020 532 suo
3075 476 3319 534 furorem
3367 494 3523 534 suum

221 563 427 617 mentis
469 562 732 635 saginari,
762 564 1058 636 Jesumque
1078 581 1257 631 suum,
1292 565 1416 636 quia
1436 565 1541 619 sibi
1569 564 1826 620 dulcissi-

222 667 394 720 mum,
429 659 489 705 ut
519 651 747 706 inferius
777 652 995 722 plenius
1025 654 1327 720 decebitur,
1360 654 1544 709 cordis
1579 653 1827 709 faucibus

225 747 278 794 et
309 739 555 810 corporis
585 740 639 794 in
682 740 856 795 hostia
912 741 1135 796 liberius
1198 743 1519 815 contingere
1578 741 1822 809 salutari,

223 829 474 883 aestuanti
523 829 592 882 ad
641 829 827 884 audita
887 830 1182 899 desiderio,
1242 847 1368 886 mox
1413 831 1730 902 suppliciter
1775 838 1827 885 et

224 933 385 988 pure,
421 918 568 988 quod
624 919 866 988 optavit,
915 919 1142 989 aperuit.
1205 920 1293 974 Ait
1339 935 1520 992 ergo:
1556 944 1576 967 α
1633 919 1825 988 Quan-

226 1014 339 1059 tum
363 1006 417 1058 in
445 1021 534 1060 me
578 1014 677 1071 est,
725 1007 903 1072 Pater,
961 1007 1095 1061 nihil
1143 1024 1276 1064 sane
1308 1009 1486 1081 magis
1526 1017 1724 1078 appeto
1771 1008 1828 1061 in

226 1092 338 1148 vita
367 1092 488 1148 ista.
539 1119 560 1142 »
612 1095 760 1150 Tunc
822 1111 957 1150 vero
1005 1112 1174 1151 senex
1219 1098 1289 1152 ad
1332 1112 1502 1152 eum:
1541 1119 1562 1143 α
1589 1096 1634 1152 Ο
1696 1096 1827 1168 quid

227 1181 456 1236 dixisti?
481 1198 534 1250 ο,
579 1182 822 1254 inquam,
876 1185 1004 1255 quid
1059 1185 1296 1240 dixisti?
1339 1201 1372 1240 ο
1401 1184 1758 1240 miraculum!
1793 1201 1826 1239 o

223 1271 386 1326 toties
417 1271 620 1343 legisti,
653 1272 723 1326 ad
745 1273 1112 1328 sacerdotium
1153 1274 1246 1346 qui
1277 1290 1384 1330 non
1415 1274 1627 1330 accedit
1681 1273 1825 1329 invi-

227 1367 332 1423 tus,
365 1359 576 1414 accedit
619 1359 897 1433 indignus,
935 1369 987 1417 et
1018 1369 1074 1416 tu
1104 1363 1268 1418 modo
1297 1378 1409 1417 non
1437 1362 1656 1431 invitus,
1717 1362 1826 1418 imo

225 1455 280 1502 et
309 1447 522 1514 avidus,
558 1454 616 1502 ut
661 1447 779 1518 ipse
810 1449 1019 1516 fateris,
1047 1451 1313 1506 accedere
1362 1467 1474 1506 non
1529 1451 1767 1506 metuis?
1798 1473 1818 1500 ι

225 1536 312 1590 Ad
333 1537 476 1593 hanc
506 1552 696 1592 vocem
727 1537 947 1593 territus
978 1546 1030 1593 et
1051 1540 1208 1610 quasi
1255 1530 1478 1595 fulmine
1508 1547 1684 1595 tactus
1717 1547 1826 1594 tota

225 1625 477 1695 corporis
500 1633 682 1697 strage
714 1626 782 1681 ad
813 1627 983 1698 pedes
1042 1629 1382 1701 objurgantis
1439 1628 1821 1699 prosternitur,

227 1713 365 1769 flens
395 1714 651 1780 ubertim,
685 1723 738 1770 et
767 1717 984 1771 veniam
1029 1717 1468 1788 praesumptionis
1507 1725 1666 1773 tanta:
1720 1734 1824 1789 ge-

226 1802 519 1858 mebundis
549 1803 772 1859 vocibus
807 1812 1019 1875 petens.
1060 1806 1166 1875 Qui
1218 1807 1287 1861 ad
1349 1807 1624 1862 modicum
1681 1806 1896 1894 velutB

227 1891 581 1946 dissimulans
611 1893 938 1961 anxiantem,
991 1910 1115 1950 cum
1145 1895 1216 1949 ad
1272 1903 1471 1949 tantam
1526 1895 1670 1949 illius
1725 1895 1820 1950 de-

224 1980 502 2035 votionem
531 1987 584 2035 et
614 1981 966 2038 humilitatem
996 1983 1122 2037 totis
1143 1991 1194 2037 et
1222 1983 1338 2053 ipse
1370 1984 1673 2039 visceribus
1685 2000 1821 2039 con-

225 2076 519 2136 cuteretur,
549 2070 769 2125 tandem
797 2070 871 2126 ita
901 2071 1095 2126 leniter
1126 2079 1177 2127 et
1206 2071 1461 2128 ﬂebiliter
1498 2072 1817 2144 alloquitur:

230 2180 252 2208 α
290 2157 490 2230 Surge,
539 2158 728 2230 inquit,
788 2175 980 2232 surge.
1027 2184 1046 2209 »ι
1109 2162 1231 2228 Quo
1277 2161 1441 2216 etiam
1497 2162 1568 2216 ad
1609 2162 1822 2230 jussum

227 2247 347 2315 ejus
378 2246 623 2312 sedente,
669 2248 786 2303 haec
841 2247 1033 2318 spiritu
1083 2249 1402 2320 prophetico
1456 2250 1540 2306 vir
1595 2251 1694 2305 Dei
1734 2251 1821 2306 lo-

231 2342 388 2390 cutus
417 2343 532 2390 est:
569 2357 590 2383 α
625 2333 709 2390 Ne
737 2335 994 2404 turbaris,
1028 2336 1220 2408 inquit,
1282 2354 1391 2393 non
1415 2339 1525 2407 jam
1583 2339 1675 2406 fili,
1724 2340 1822 2395 sed

229 2423 448 2478 domine
469 2422 564 2493 mi,
600 2439 688 2491 ne,
712 2424 952 2496 inquam,
987 2425 1245 2481 turberis.
1282 2427 1426 2493 Scio,
1460 2435 1512 2482 et
1540 2444 1670 2483 vere
1708 2428 1822 2484 scio

225 2528 334 2583 quo
364 2511 554 2582 spiritu
585 2521 636 2568 et
665 2529 772 2586 quo
832 2513 1026 2570 affectu
1077 2515 1289 2570 locutus
1347 2516 1421 2570 sis
1449 2517 1618 2571 verba
1671 2518 1812 2573 hmo.

225 2601 347 2656 Tibi
375 2601 542 2674 igitur
591 2602 730 2668 dico,
781 2619 907 2658 mox
951 2603 1173 2674 quidem
1230 2605 1509 2671 sacerdos,
1560 2622 1621 2660 ac
1677 2614 1820 2676 post,

226 2704 350 2744 cum
427 2697 639 2761 tempus
696 2706 728 2745 a
775 2692 891 2747 Deo
953 2691 1260 2762 praescitum
1325 2694 1604 2749 advenerit
1663 2695 1823 2749 etiam

227 2778 520 2850 episcopus
553 2779 659 2833 eris
687 2779 821 2850 (26).
853 2804 874 2828 η

852 2975 1074 3032 CAPUT
1116 2977 1187 3031 X.

227 3137 303 3191 De
325 3137 503 3210 ipsius
533 3139 599 3210 in
628 3135 920 3194 devotione
947 3139 1228 3210 profectu,
1257 3141 1555 3210 postquam
1586 3143 1671 3194 est
1729 3156 1826 3194 sa-

299 3207 492 3281 cerdos
520 3209 770 3281 effectus,
805 3212 860 3262 et
903 3207 1211 3280 corporalis
1240 3207 1571 3281 asperitatis
1600 3227 1665 3266 ac
1724 3210 1824 3265 ab-

298 3279 591 3333 stinentia:
618 3281 817 3350 rigore.

297 3439 585 3493 Promotus
614 3438 797 3510 itaque
831 3440 983 3508 juxta
1016 3439 1244 3495 verbum
1275 3440 1372 3494 viri
1421 3440 1522 3495 Dei
1578 3441 1645 3495 ad
1695 3457 1823 3512 gra-

223 3527 355 3581 dum
401 3527 712 3592 sacerdotii,
797 3537 1055 3600 quantum
1113 3530 1282 3584 crevit
1359 3529 1569 3594 ordine,
1620 3538 1825 3584 tantum

223 3615 451 3686 profecit
497 3616 553 3670 in
613 3631 769 3672 sacra
807 3617 1116 3674 devotione.
1179 3619 1238 3672 In
1276 3618 1465 3672 altaris
1521 3618 1700 3675 ofﬁcio
1754 3619 1826 3674 ita

227 3704 448 3775 quidem
483 3705 822 3771 versabatur,
858 3722 919 3761 ac
977 3707 1022 3760 si
1075 3707 1341 3762 visibilem
1390 3707 1642 3762 manibus
1688 3724 1825 3764 con-

221 3796 482 3844 trectaret
513 3791 802 3844 Dominum
835 3791 1191 3846 Salvatorem.
1255 3792 1551 3848 Videbatur
1610 3793 1828 3847 astanti-

222 3878 346 3944 bus,
380 3877 564 3932 divina
585 3878 889 3944 celebrans,
924 3895 1093 3949 Opere
1125 3888 1178 3935 et
1208 3881 1431 3936 veritate
1463 3881 1641 3952 ipsum
1704 3897 1825 3936 cum

225 3981 430 4037 sponsa
451 3966 583 4021 illud
627 3967 1068 4038 epithalamicum
1125 3969 1420 4024 decantare
1464 3987 1476 4022 :
1515 3994 1536 4016 «
1584 3970 1826 4025 Dilectus

224 4063 379 4109 metis
421 4055 571 4123 mihi,
605 4064 658 4110 et
679 4072 784 4128 ego
823 4056 899 4111 illi
956 4058 1148 4126 (Cant.
1213 4073 1270 4123 ll,
1307 4058 1415 4126 16).
1474 4079 1496 4107 ι
1559 4059 1826 4113 Domabat

226 4143 475 4214 corporis
504 4144 753 4199 membra
785 4145 1004 4217 vigiliis,
1033 4146 1275 4215 jejuniis,
1310 4147 1562 4219 ﬂagellis,
1597 4156 1649 4201 et
1674 4148 1828 4216 juxta

223 4248 432 4288 morem
462 4232 670 4288 ordinis
701 4250 799 4288 usu
832 4234 990 4290 cilicii
1039 4243 1091 4290 et
1129 4243 1256 4306 potu
1296 4251 1454 4306 aqua:
1498 4253 1618 4292 cum
1677 4237 1828 4291 arido

228 4338 416 4392 pane;
476 4322 608 4376 nihil
665 4323 944 4377 omittebat
983 4325 1050 4378 de
1105 4324 1418 4380 austeritate
1478 4325 1604 4393 ulla,
1666 4341 1826 4397 quam

229 4410 532 4466 communis
564 4411 757 4483 regula
788 4412 873 4467 vel
894 4413 1158 4482 majorum
1181 4414 1823 4485 admittebantexempla.

295 4500 593 4555 Peculiaria
622 4501 781 4555 etiam
835 4518 996 4573 quam
1050 4502 1208 4573 plura
1265 4519 1662 4574 supererogare
1717 4520 1826 4558 non

227 4587 517 4654 desistens,
573 4605 753 4661 genua
807 4590 1055 4646 flectebat
1103 4591 1366 4668 crebrius,
1403 4607 1601 4663 corpus
1659 4599 1826 4648 totum

227 4677 507 4732 sternebat
531 4677 587 4732 in
619 4686 834 4745 terram,
863 4680 1162 4751 jacensque
1219 4696 1424 4751 pronus
1469 4696 1594 4736 cum
1644 4683 1831 4751 Moyse

228 4774 281 4820 et
310 4769 512 4835 Aaron,
548 4783 669 4822 cum
699 4767 863 4824 Josue
907 4777 957 4823 et
997 4769 1242 4836 Daniele,
1281 4769 1520 4825 divinam
1570 4771 1832 4826 exorabat

301 4943 408 5062 (ἓξ)
461 4945 818 4996 Lincolniensis
869 4947 1098 4999 videlicet
1139 4949 1300 4999 factus
1339 4962 1421 4999 an.
1449 4951 1580 5000 1185
1629 4953 1711 5000 aut
1756 4964 1832 5001 se-

301 5025 352 5062 en
378 5026 412 5062 ι.

227 5024 412 5074 quenn.

300 5095 410 5159 (27)
449 5097 598 5157 Igitur
633 5097 736 5158 jam
777 5099 990 5160 Hugonis
1039 5103 1185 5148 actate
1232 5099 1512 5150 moderatus
1558 5104 1664 5150 erat
1703 5101 1832 5162 rigor

233 5163 503 5225 primorum
529 5165 752 5223 Patrum,
782 5166 862 5224 qui
887 5165 1092 5227 singulis
1117 5167 1266 5215 totius
1291 5168 1402 5216 anni
1431 5167 1743 5218 hebdomadis
1765 5169 1832 5218 ita

225 5229 448 5297 jejunare
475 5234 849 5291 consueverant,
880 5244 973 5281 non
1001 5245 1060 5281 ex
1087 5236 1348 5295 praecepto,
1379 5234 1464 5283 sed
1487 5247 1574 5297 pro
1608 5235 1829 5284 arbitrio.

231 5296 362 5345 Unde
387 5297 541 5358 Guigo
579 5297 776 5357 quintus
800 5299 1070 5348 Carthusia?
1099 5300 1232 5360 prior
1264 5301 1312 5349 in
1349 5296 1782 5351 consaetudinibus
1806 5316 1833 5351 a

228 5374 278 5411 se
305 5362 444 5412 editis
472 5365 575 5412 hrec
603 5364 790 5413 habet:
824 5379 848 5412 ci
890 5366 1131 5427 Secunda,
1181 5369 1373 5428 quarta,
1417 5371 1648 5428 sextaque
1691 5368 1830 5430 feria,

231 5441 354 5490 pane
381 5435 430 5479 et
452 5436 598 5490 atqua
625 5435 675 5479 et
699 5431 822 5491 sale,
850 5432 891 5480 si
917 5433 991 5480 cui
1019 5432 1197 5494 placet,
1225 5434 1439 5483 contenti
1457 5446 1642 5483 sumus.
1676 5455 1695 5476 ι

296 5512 403 5575 (98)
428 5515 497 5562 De
523 5514 720 5563 insertis
745 5515 856 5564 huic
877 5516 1024 5578 capiti
1054 5517 1180 5566 nulla
1203 5517 1256 5565 tit
1281 5517 1463 5566 mentio
1489 5519 1614 5580 apud
1639 5520 1830 5569 Surium

229 5579 274 5626 in
301 5579 408 5629 Vita
433 5582 466 5630 S
515 5581 748 5641 Hugonis,
775 5581 860 5630 sed
899 5594 1059 5644 neque
1083 5583 1132 5632 in
1159 5583 1268 5633 Vita
1293 5586 1345 5634 S.
1392 5579 1531 5634 Petri
1561 5587 1682 5646 apud
1725 5587 1833 5635 Bol-

224 5646 349 5697 landi
375 5646 552 5697 socios.
1539 5650 1550 5658 ’

295 5730 403 5795 (29)
433 5731 889 5796 Archiepiscopatui
916 5733 1112 5798 praefuit
1134 5736 1308 5787 Petrus
1345 5735 1487 5786 annis
1507 5735 1710 5796 triginta
1737 5737 1829 5788 tri-

1847 4553 1899 4614 D

1929 571 2220 628 averteret,
2272 571 2324 618 et
2377 563 2809 634 prepitiationem
2861 565 3212 621 acceleraret.
3274 568 3334 620 In
3375 567 3524 621 omni

1929 651 2378 723 Quadragesimae
2408 654 2519 722 (27)
2552 653 2852 723 septimana
2883 662 2993 709 tres
3023 654 3188 709 ferias
3207 655 3262 708 in
3303 671 3445 726 aqua
3470 662 3523 710 et

1929 739 2098 794 solius
2184 740 2340 811 panis
2423 741 2636 808 edulio,
2695 743 2844 798 nullo
2899 743 3112 812 penitus
3178 744 3524 799 condimento

1928 829 2199 896 adhibito,
2260 829 2363 883 nisi
2411 829 2551 885 forte
2599 831 2729 884 salis
2788 831 3138 886 adhiberetur
3201 832 3518 902 praelibatio,

1927 918 2228 989 transigere
2270 919 2587 984 consuevit;
2647 919 2702 972 in
2747 919 2934 974 ultima
2988 937 3120 976 vero
3176 921 3524 975 hebdomada

1929 1005 2155 1060 Sabbati
2193 1007 2549 1074 adjiciebatur
2602 1008 2952 1064 observantia
3004 1010 3059 1063 in
3109 1010 3270 1064 simili
3323 1009 3513 1064 diaeta.

1927 1094 2219 1166 Nunquam
2249 1095 2555 1164 infirmitas,
2588 1104 2694 1150 aut.
2710 1096 2956 1151 debilitas
3000 1114 3097 1151 seu
3155 1113 3314 1153 casus
3358 1097 3518 1165 alius,

1928 1191 2050 1238 ante
2080 1191 2353 1254 sumptum
2383 1185 2755 1255 episcopatum
2775 1226 2788 1252 ,
2818 1185 2924 1240 alio
2953 1185 3076 1241 cibo
3105 1186 3192 1241 vel
3220 1194 3350 1256 potu
3378 1185 3522 1240 istud

1929 1272 2274 1342 quatriduum
2296 1273 2557 1343 compulit
2587 1289 2710 1328 eum
2740 1273 3078 1345 aliquatenus
3109 1275 3375 1330 relevare.

1997 1361 2352 1416 Abstinentize
2399 1378 2526 1417 vero
2599 1362 2724 1418 huic
2807 1363 3147 1418 ascribebant
3227 1362 3424 1419 medici
3469 1363 3526 1417 in

1927 1456 2085 1504 aetate
2104 1450 2458 1522 progessibili
2488 1451 2754 1506 stomachi
2783 1451 2927 1506 illius
2957 1452 3178 1506 nimiam
3234 1450 3522 1524 infrigida-

1928 1537 2130 1592 tionem
2166 1557 2179 1604 ;
2210 1539 2353 1593 unde
2383 1538 2570 1608 plures
2601 1539 2874 1594 interdum
2904 1540 3211 1611 perferebat
3240 1540 3524 1595 doloreset

1921 1627 2085 1698 juges
2122 1643 2262 1696 pene
2312 1627 2616 1682 molestias.
2683 1629 2835 1684 Hauc
2892 1645 3108 1700 quoque
3164 1628 3527 1700 designabant

1931 1729 2169 1782 causam,
2217 1731 2320 1786 qua
2379 1715 2546 1770 virtus
2593 1716 2648 1770 in
2704 1732 2770 1771 eo
2817 1717 3130 1788 appetitiva,
3180 1717 3374 1773 virtute
3433 1715 3521 1770 di-

1927 1804 2140 1875 gestiva
2186 1805 2477 1874 potentior,
2527 1805 2988 1876 corpulentiorem
3018 1821 3142 1861 eum
3189 1807 3302 1875 jam
3359 1804 3524 1876 quin-

1931 1893 2326 1963 quagenarium
2363 1893 2618 1961 faciebat,
2688 1910 2849 1966 quam
2895 1893 3070 1950 fuerat
3118 1894 3327 1966 pridem
3382 1893 3521 1949 ado-

1931 1980 2168 2037 lescens.

2555 2153 2780 2210 CAPUT
2808 2154 2906 2208 XI.

1931 2311 2190 2386 Qualiter
2200 2314 2359 2369 Petri
2380 2314 2787 2386 archiepiscopi
2808 2315 3256 2370 Tarentasiensis
3269 2314 3520 2386 obsequio

1999 2383 2318 2457 deputatus,
2358 2389 2474 2457 tarn
2506 2383 3026 2456 in’Scripturarum
3047 2383 3518 2457 perscrutatione,

1999 2469 2168 2525 quam
2196 2456 2259 2508 in
2291 2455 2568 2522 omnibus,
2593 2455 2730 2527 qua!
2738 2461 3008 2527 poterant
3039 2455 3522 2513 reverentiaecon-

1997 2541 2159 2598 grua,
2195 2530 2300 2579 aut
2325 2527 2516 2580 animo
2552 2532 2717 2598 grata
2756 2544 2894 2589 esse,
2931 2528 3280 2583 devotissime
3317 2527 3521 2580 minis-

2001 2597 2208 2670 trahat.
2231 2598 2296 2670 ab
2314 2599 2431 2668 ipso
2456 2598 2700 2668 quotidie
2728 2599 3006 2670 recipiens
3050 2598 3515 2662 benedictionem,

2003 2667 2409 2723 absolutionem
2443 2667 2497 2723 et
2530 2667 2969 2724 instructionem
3001 2670 3302 2725 salubrem.

2000 2818 2102 2873 Per
2131 2819 2244 2888 (28)
2275 2819 2419 2873 idem
2443 2829 2658 2891 tempus
2685 2819 2771 2876 vir
2828 2821 3225 2892 sanctissimus,
3263 2821 3522 2876 Tarenta—

1930 2906 2126 2962 siensis
2155 2908 2268 2977 (29)
2300 2890 2658 2979 archipraasul
2689 2910 2901 2975 Petrus,
2933 2890 3309 2964 Cistcorciensis
3338 2925 3524 2965 mona-

1926 2997 2076 3061 chus,
2102 2996 2441 3050 Carthusiam
2475 2997 2674 3067 saepius
2703 2997 2852 3052 adire
2883 2999 2993 3067 (30)
3027 2998 3256 3066 solebat,
3289 2998 3472 3069 ibique
3504 3017 3518 3064 ;

1925 3085 1980 3139 in
2010 3085 2145 3140 cella
2178 3085 2419 3140 solitaria
2450 3085 2592 3140 infra
2621 3094 2935 3141 sanctorum
2967 3086 3185 3140 illorum
3213 3086 3524 3142 habitacula

1848 3193 1895 3255 ο
1925 3174 2325 3230 commanebat.
2360 3174 2735 3242 liujusitidem
2770 3176 2924 3247 Hugo
2955 3175 3295 3246 mancipatur
3354 3175 3520 3230 obse-

1928 3264 2073 3337 quio,
2112 3263 2334 3319 servitio
2371 3263 2670 3335 delegatur.
2698 3264 2754 3318 Si
2770 3264 2932 3319 lectio
2955 3264 3247 3329 recitari,si
3271 3264 3525 3335 quaelibet

1929 3349 2197 3404 sententia
2227 3349 2282 3403 in
2298 3357 2447 3403 tanto
2478 3349 2744 3403 librorum
2775 3349 2975 3422 pelago
3006 3349 3204 3420 inquiri
3235 3350 3523 3420 petebatur

1928 3447 1980 3493 et
2000 3438 2249 3504 inveniri,
2284 3438 2353 3492 ad
2374 3439 2490 3492 haec
2520 3438 2678 3508 Hugo
2707 3446 2991 3508 promptus
3023 3445 3136 3492 erat
3168 3454 3180 3492 :
3213 3438 3283 3492 ad
3302 3454 3524 3492 manum

1929 3527 1977 3583 ei
1999 3527 2175 3583 omnis
2208 3543 2327 3598 quae
2353 3534 2675 3598 posceretur
2704 3526 2974 3596 scriptura
3002 3525 3118 3581 fuit.
3180 3527 3235 3580 Si
3280 3527 3348 3581 de
3407 3529 3518 3582 Ve-

1929 3617 2079 3682 teris,
2113 3624 2166 3671 et
2195 3615 2241 3670 si
2270 3616 2337 3670 de
2367 3615 2506 3672 Novi
2535 3616 2885 3670 lnstrumenti
2915 3613 3149 3686 paginis.
3186 3631 3367 3670 sermo
3383 3623 3520 3681 erat,

1929 3706 1974 3760 si
1996 3713 2150 3778 gesta
2173 3712 2502 3772 sanctorum,
2529 3703 2573 3758 si
2604 3710 2863 3759 tractatus
2885 3704 3169 3760 doctorum
3219 3703 3523 3775 inquisitio-

1928 3811 2052 3850 nem
2075 3794 2385 3858 movebant,
2419 3793 2666 3865 Ilugonis
2694 3792 2970 3848 solertiam
3001 3793 3133 3848 nihil
3153 3792 3522 3870 latebat.Cum

1929 3892 2148 3938 sanctus
2177 3883 2267 3938 ille
2297 3882 2626 3954 loqueretur,
2661 3882 2748 3937 hic
2777 3882 2991 3937 auditor
3047 3889 3161 3936 erat
3209 3891 3523 3937 mansuetus

1929 3982 1980 4028 et
2011 3971 2392 4037 docilis;cum
2413 3971 2561 4042 loqui
2604 3972 2900 4039 iuberetur,
2959 3971 3336 4042 pronuntiator
3393 3987 3523 4027 acu-

1929 4065 2032 4121 tus,
2070 4065 2122 4110 et
2150 4055 2346 4109 mirum
2377 4056 2432 4108 in
2460 4055 2682 4110 modum
2715 4055 2930 4127 eloquio
2960 4055 3142 4110 efficax
3174 4062 3288 4110 erat
3318 4063 3370 4111 et
3405 4071 3524 4110 sua-

1931 4145 2032 4199 vis.
2069 4143 2494 4214 Obsequebatur
2514 4143 2733 4214 quidem
2765 4143 2822 4197 in
2850 4144 3060 4199 cunctis
3090 4144 3354 4215 gratiose,
3405 4161 3525 4215 quae

1929 4233 2104 4288 sancti
2135 4241 2384 4303 poterant
2413 4240 2503 4286 aut
2530 4232 2855 4288 reverentia:
2885 4249 3146 4304 congrua,
3209 4241 3301 4288 aut
3344 4234 3524 4289 animo

1928 4330 2079 4394 grata
2111 4339 2252 4376 esse.
2277 4321 2528 4376 Alluebat
2558 4320 2866 4392 frequenter
2893 4322 3065 4392 pedes
3094 4322 3230 4390 ejus,
3261 4329 3313 4377 et
3362 4338 3526 4378 oscu-

1928 4411 2141 4465 labatur
2171 4410 2358 4466 osculo
2389 4409 2568 4465 cordis
2617 4410 2700 4463 sui
2733 4425 2828 4465 eos
2848 4451 2861 4478 ,
2917 4408 3010 4480 qui
3043 4409 3231 4465 osculo
3287 4409 3396 4465 oris
3441 4411 3525 4467 sui

1933 4516 2041 4555 non
2074 4500 2410 4554 sinebantur.

2005 4591 2132 4644 Haec
2152 4597 2329 4642 autem
2361 4596 2411 4643 et
2443 4588 2548 4642 alia
2595 4589 2755 4659 Hugo
2808 4589 2916 4657 jam
2975 4589 3266 4660 episc0pus
3317 4590 3524 4648 referre

1932 4679 2147 4734 auditus
2169 4685 2252 4733 est
2282 4678 2351 4733 de
2383 4693 2482 4731 suo
2508 4677 2782 4748 quondam
2821 4676 3250 4750 archiepiscopo,
3278 4680 3390 4748 jam
3437 4697 3525 4736 re-

1932 4777 2132 4841 gnante
2165 4768 2278 4838 (31)
2311 4767 2365 4821 in
2396 4765 2558 4822 coelo.
2594 4768 2671 4821 De
2705 4781 2810 4836 quo
2831 4765 2992 4821 etiam
3014 4766 3128 4822 haec
3171 4769 3522 4836 memorabat,

1934 4950 2041 5008 bus,
2071 4961 2198 4998 anno
2228 4949 2348 4997 1m
2389 4948 2545 4998 factus
2569 4946 2984 5009 archiepiscopus,
3010 4949 3058 4996 et
3095 4959 3222 4997 anno
3257 4949 3407 5011 1174,
3449 4950 3528 5001 die

1936 5018 1996 5065 14
2020 5015 2344 5078 Septembris,
2375 5020 2612 5075 mortuus,
2662 5015 2732 5064 uti
2774 5014 2926 5064 refert
2971 5013 3149 5075 Pagius
3194 5018 3324 5066 temo
3371 5017 3432 5065 lV
3477 5018 3527 5066 in

1932 5083 2044 5133 erit.
2075 5083 2134 5133 ad
2160 5082 2438 5141 Baronium,
2468 5096 2523 5144 p.
2565 5083 2663 5132 644
2687 5084 2855 5130 contra
2897 5081 3278 5143 Henschenium,
3306 5085 3386 5144 qui
3412 5097 3531 5134 con-

1935 5150 2091 5200 tendit
2117 5149 2250 5199 illum
2279 5149 2456 5198 obiisse
2483 5159 2611 5199 anno
2642 5150 2790 5211 H75,
2815 5147 2894 5198 die
2919 5148 2950 5197 8
2971 5149 3099 5211 Maii,
3127 5149 3174 5198 in
3202 5149 3307 5211 ejus
3328 5151 3457 5200 Vita.

2003 5251 2108 5314 (:50)
2139 5254 2242 5301 Non
2263 5252 2483 5310 dubium,
2511 5252 2624 5311 quin
2650 5252 2825 5302 hausto
2850 5263 2965 5311 erga
2990 5252 3338 5303 Carthusianos
3375 5267 3402 5302 a
3429 5255 3530 5306 suis

1934 5319 2220 5380 parentibus
2236 5319 2468 5381 singulari
2494 5318 2688 5369 affectu.
2717 5319 2784 5367 De
2827 5317 2904 5366 his
2939 5318 3117 5367 etenim
3158 5320 3205 5368 in
3254 5320 3362 5370 Vita
3401 5321 3529 5372 illius

1936 5387 2039 5435 haec
2061 5386 2301 5436 habentur
2333 5404 2342 5432 :
2384 5401 2401 5431 ε
2427 5385 2693 5446 Religiosos
2735 5397 2829 5433 non
2858 5384 2998 5434 modo
3033 5387 3297 5449 suscipere,
3335 5388 3420 5437 sed
3446 5400 3530 5437 ex-

1937 5457 2105 5515 petere
2132 5452 2443 5514 satagebant,
2473 5453 2681 5501 maxime
2725 5464 2838 5500 vero
2883 5452 3311 5503 Carthusiensibus
3346 5458 3394 5504 et
3430 5456 3529 5504 Bo«

1934 5519 2321 5580 ntevallensibus,
2353 5519 2400 5567 in
2436 5519 2610 5580 quibus
2644 5520 2854 5568 maxime
2891 5519 3256 5584 complacebant
3279 5561 3291 5582 ,
3319 5533 3530 5584 congrua

1933 5588 2064 5635 ferre
2091 5586 2272 5634 cibaria
2303 5589 2350 5634 et
2375 5585 2546 5634 salutis
2570 5585 2771 5634 consilia
2807 5584 2867 5633 ab
2899 5583 3102 5644 eisdem,
3131 5598 3228 5635 non
3255 5587 3395 5637 modo
3435 5588 3529 5641 sibi

1928 5651 2178 5714 sectanda,
2203 5652 2288 5702 sed
2314 5651 2535 5716 pluribus
2553 5651 2955 5701 communicanda
2979 5651 3180 5714 referre,
3207 5669 3227 5701 ι
3260 5657 3358 5704 etc.

1997 5735 2106 5801 (31)
2137 5735 2226 5788 Illo
2249 5736 2475 5788 videlicet
2499 5741 2718 5800 tempore
2735 5776 2748 5799 ,
2773 5744 2868 5798 quo
2891 5739 3057 5786 auctor
3080 5737 3174 5787 ista
3196 5735 3455 5791 scribebat.
