3938 6410
396 346 500 401 959

394 555 586 613 labore
613 557 791 629 quiete
821 565 1088 614 nocturna
1117 559 1366 615 membra
1388 559 1672 629 relevaret,
1707 562 1835 616 dum
1847 562 1994 618 hunc

399 646 558 718 Hugo
586 645 641 700 in
679 645 819 702 lecto
847 655 1268 718 componeretet
1297 649 1540 704 vestibus
1574 651 1826 721 Operiret,
1863 666 1995 722 quo-

396 733 527 789 tidie
555 735 697 790 hanc
725 735 1028 792 orationem
1061 752 1184 791 eum
1215 737 1465 807 proferre
1484 738 1737 793 audiebat
1768 755 1780 794 :
1808 762 1827 786 ιι
1854 741 1996 793 Prae-

399 831 499 888 sta,
527 839 861 894 quaesumus,
896 825 1146 891 Domine,
1180 833 1238 880 ut
1263 826 1332 881 de
1362 827 1636 897 perceptis
1676 828 1996 882 muneribus

396 912 601 984 gratias
634 912 985 979 exhibentes,
1044 913 1309 970 beneficia
1362 915 1576 986 potiora
1633 931 1932 971 sumamus.
1972 940 1991 965 λ

399 999 651 1068 Quotidie
690 1016 824 1056 vero
884 1010 937 1056 et
994 1002 1373 1058 benedictione
1427 1005 1633 1074 potenti
1689 1004 1996 1058 ministrum

399 1104 556 1142 suum
584 1088 872 1161 Hugonem
906 1091 1198 1155 muniebat,
1231 1099 1282 1145 et
1325 1091 1646 1146 auctoritate
1706 1091 1998 1163 pontificali

401 1191 434 1230 a
463 1175 703 1246 peccatis
734 1177 988 1232 omnibus
1020 1177 1358 1244 absolvebat,
1393 1194 1459 1234 ac
1489 1179 1708 1234 monitis
1740 1181 1996 1250 spiritua-

399 1263 546 1318 libus
572 1263 891 1320 instruebat.
925 1266 1072 1320 Nihil
1103 1266 1336 1338 denique
1367 1267 1574 1321 utilium
1624 1268 1994 1336 subtrahebat,

403 1352 500 1406 sed
521 1367 684 1407 omne
715 1353 999 1409 consilium
1032 1354 1150 1419 Dei,
1187 1354 1333 1426 quod
1363 1355 1526 1411 sciret
1558 1355 1608 1410 ei
1637 1355 1995 1426 profuturum,

405 1447 459 1495 et
484 1439 735 1511 pluribus
763 1457 861 1513 per
890 1457 1034 1509 eum,
1058 1441 1136 1496 illi
1166 1442 1394 1498 sollicite
1425 1443 1825 1500 manifestabat.

1005 1645 1231 1703 CAPUT
1275 1647 1400 1701 XII.

1274 346 1330 402 S.
1372 345 1686 404 HUGONIS
1722 347 1948 405 EPIST.
1995 347 2320 406 LINCOLN.
2363 351 2528 409 0RD.
2571 353 2818 410 CARTH.

396 467 545 540 quod
572 476 698 540 post
749 469 900 525 strati
949 470 1032 525 sui
1077 470 1406 544 ingressum,
1438 479 1496 526 ut
1524 472 1752 545 fatigata
1797 473 2069 536 diurnoA

3593 361 3711 412 960

2683 477 2908 534 CAPUT
2955 475 3102 531 XIII.

2093 565 2795 641 Detentationeilliusalia
2816 567 2997 641 qbilla
3009 566 3074 619 de
3101 581 3416 641 quasupra,
3433 572 3697 641 capitulo

2165 641 2379 709 octavo,
2403 642 2460 692 et
2496 640 2742 709 qualiter
2790 639 2857 692 ab
2903 639 3050 709 ipsag
3071 653 3172 706 per
3207 639 3376 691 illum
3423 639 3699 695 sanctum

2166 707 2446 777 quondam
2492 707 2740 779 priorem
2791 707 3103 781 Carthasim
3153 709 3466 781 Basilium,
3524 728 3699 781 quem

2167 793 2332 832 suum
2363 781 2708 834 nutritorem
2741 780 2975 844 vocavit,
3008 779 3238 832 exstitit
3295 779 3586 837 liberatus.
3620 783 3698 836 Et

2169 848 2444 904 inseritur
2473 849 2588 904 haec
2634 851 2876 906 tentatio
2922 851 2983 904 in
3027 865 3233 918 magna
3272 850 3389 904 Vita
3425 851 3564 905 libro
3592 869 3694 907 se-

2169 920 2376 973 eundo.

2169 1024 2334 1077 Tanta
2363 1040 2491 1079 vero
2529 1024 2578 1080 ei
2623 1023 2804 1080 carnis
2858 1024 3077 1079 tentatio
3127 1023 3304 1079 subito
3353 1034 3540 1080 exorta
3586 1036 3694 1094 est,

2099 1119 2316 1182 tamque
2346 1113 2617 1178 continue,
2649 1121 2867 1184 tamque
2900 1112 3204 1182 importune
3235 1113 3288 1166 in
3319 1130 3440 1167 eum
3480 1114 3695 1170 debac-

2099 1201 2257 1254 chata
2290 1208 2390 1262 est,
2418 1209 2472 1254 ut
2491 1200 2672 1255 mallet
2694 1201 3088 1271 gehennalibus
3105 1201 3469 1256 interimtradi
3492 1204 3695 1273 pcenis,

2100 1305 2261 1358 quam
2291 1289 2451 1341 tantis
2472 1289 2654 1359 urgeri
2673 1289 2927 1343 flammis.
2953 1290 3084 1342 Tam
3115 1289 3310 1361 ingens
3341 1306 3544 1362 pugna,
3577 1300 3696 1346 tam

2101 1376 2240 1430 forte
2271 1386 2552 1432 certamen
2583 1377 2698 1442 fuit,
2725 1387 2778 1432 ut
2812 1377 2981 1432 solius
3011 1377 3207 1431 divinae
3254 1394 3361 1432 non
3419 1379 3702 1434 dubitetur

2103 1463 2318 1519 virtutis
2349 1465 2535 1530 fuisse,
2563 1466 2709 1537 quod
2746 1464 3058 1520 humanitus
3113 1481 3223 1520 non
3254 1466 3545 1533 cessisset;
3597 1469 3703 1522 sed

2041 1629 2049 1637 _
2101 1552 2326 1607 viriliter
2342 1553 2645 1608 resistendo
2663 1553 2992 1623 triumphum
3015 1554 3334 1624 reportavit.
3379 1555 3456 1608 Ad
3471 1555 3701 1625 plenum

2103 1648 2286 1695 autem
2305 1642 2462 1709 hUJUS
2492 1642 2714 1696 modum
2734 1657 3068 1712 congressus
3085 1656 3247 1696 nemo
3260 1642 3462 1698 referre
3485 1653 3698 1714 posset,

2104 1729 2298 1800 quibus
2328 1729 2608 1800 lacrymis,
2661 1730 2873 1801 quantis
2907 1729 3220 1802 gemitibus,
3281 1746 3439 1802 quam
3499 1734 3702 1787 crebra

407 1796 2002 1890 ΩυαιὶιενἀὲοηηιεςανινιιιεὶωρνοσαναιιξτεῙΤεσίιιενἱρεατη
2022 1828 2076 1888 Β
2104 1796 2465 1882 confessione,
2490 1834 2647 1890 quam
2679 1796 2877 1888 aspera
2906 1796 3412 1888 tlagellationeivel
3457 1819 3703 1874 divinum

481 1889 600 1941 tam
627 1887 1015 1958 spiritualiter
1034 1903 1203 1958 quam
1235 1887 1627 1958 temporaliter
1651 1891 1884 1942 strenue
1897 1904 2002 1958 gu-

480 1974 771 2040 bernabat,
791 1974 1050 2030 omnibus
1073 1988 1128 2029 se
1155 1974 1392 2030 reddens
1421 1977 1622 2032 merito
1642 1975 2004 2031 commenda-

484 2066 628 2117 tum.

481 2243 606 2298 Post
634 2241 772 2306 haec,
807 2256 928 2297 cum
952 2241 1066 2310 jam
1109 2240 1269 2312 Hugo
1297 2239 1353 2294 in
1405 2239 1602 2311 quietis
1653 2255 1766 2295 sua:
1821 2237 2008 2294 nidulo

407 2346 506 2403 per
533 2329 663 2384 bina
695 2331 810 2400 (32)
840 2329 1056 2385 circiter
1084 2328 1252 2383 lustra
1281 2335 1542 2395 moratus,
1567 2335 1618 2383 et
1632 2328 1832 2383 mundo
1848 2327 2008 2398 plene

407 2425 676 2485 mortuus,
709 2417 908 2488 plumis
939 2417 1178 2489 undique
1209 2425 1262 2473 et
1292 2416 1486 2488 pennis
1515 2417 1682 2471 fultus
1737 2415 2006 2471 solidissi-

407 2507 532 2574 mis,
564 2507 635 2562 ad
665 2505 903 2562 volatum
935 2513 1081 2561 esset
1113 2505 1447 2576 aptissimus,
1476 2504 1914 2576 procurationem
1934 2512 2009 2560 to-

410 2596 518 2651 tius
548 2595 744 2651 domus
772 2594 842 2661 ei,
875 2601 1133 2666 quantum
1164 2593 1333 2659 licuit,
1368 2594 1636 2658 renitenti,
1672 2593 1823 2664 prior
1879 2609 2008 2647 suus

411 2684 701 2754 delegavit.
734 2683 983 2756 Regebat
1015 2683 1127 2753 (33)
1168 2699 1300 2755 ergo
1341 2682 1606 2737 industrie
1659 2681 2008 2737 commissam

412 2772 515 2828 sibi
545 2771 827 2838 familiam,
862 2770 1059 2826 fratres
1106 2771 1334 2826 sollicite
1393 2771 1717 2837 instruebat,
1761 2779 1812 2826 et
1860 2771 2011 2840 juxta

412 2861 546 2916 illud
575 2861 643 2916 de
673 2868 862 2915 sancto
887 2860 1164 2915 Honorato
1207 2859 1526 2914 Arelatense
1582 2858 1804 2925 dictum,
1866 2857 2011 2928 quod

413 2949 728 3021 frequenter
775 2948 831 3002 in
888 2963 980 3002 ore
1030 2947 1282 3012 habebat,
1336 2947 1671 3018 multumque
1702 2945 2007 3001 laudabat:

417 3059 440 3088 ι
475 3037 777 3108 Torpentes
812 3051 1029 3106 semper
1086 3035 1360 3090 excutiens
1383 3050 1415 3090 a
1445 3035 1677 3102 desidia,
1739 3033 2010 3090 ferventes

414 3126 609 3198 spiritu
643 3123 876 3195 cogebat
902 3124 970 3177 ad
1001 3123 1263 3194 requiem.
1305 3148 1325 3171 ι»

485 3213 751 3270 Dominus
780 3220 959 3267 autem
986 3211 1262 3268 benedixit
1291 3211 1496 3280 domui,
1529 3211 1685 3270 valde
1716 3210 2010 3266 exuberare
2035 3185 2081 3248 Ο

415 3319 538 3361 eam
560 3301 765 3359 faciens
803 3301 858 3355 in
880 3301 1130 3356 omnibus
1160 3300 1337 3356 bonis.
1373 3299 1509 3369 Quis
1530 3300 1598 3355 ab
1628 3301 1858 3372 Hugone
1879 3315 2012 3354 con-

415 3390 536 3448 silio
567 3390 730 3446 etiam
759 3390 813 3446 in
843 3389 1233 3461 temporalibus
1263 3389 1573 3455 destitutus,
1594 3404 1702 3444 non
1721 3386 2013 3444 consilium

413 3479 596 3538 retulit
624 3478 1038 3536 necessitatibus
1091 3478 1204 3532 suis
1251 3477 1614 3548 profuturum,
1674 3476 2013 3548 sapientibus

416 3575 633 3642 quoque
661 3567 821 3637 hujus
851 3566 1035 3622 saeculi
1093 3565 1473 3620 admirandum
1501 3564 1530 3618 τ
1568 3563 1740 3633 Quem
1797 3578 1929 3618 vero
1959 3561 2015 3618 in

416 3655 809 3728 temporalibus
840 3655 1090 3720 erudivit,
1125 3670 1286 3726 quem
1317 3668 1443 3709 mox
1487 3653 1555 3707 ad
1610 3658 1877 3724 perpetua
1905 3667 2015 3706 non

414 3745 702 3803 incendit?
750 3746 807 3798 In
851 3743 1088 3814 capitulo
1131 3741 1416 3797 monachis
1455 3741 1716 3808 inaudita,
1765 3739 2018 3796 fratribus

416 3843 469 3893 et
520 3833 886 3899 saecularibus,
937 3831 1030 3902 qui
1084 3830 1222 3886 forte
1275 3830 1643 3896 advenissent,
1699 3828 2020 3901 loquebatur

417 3924 649 3980 verbum
664 3921 765 3976 Dei
793 3940 811 3986 ς
846 3935 1112 3991 pauperes
1143 3918 1444 3989 recreabat,
1472 3926 1530 3972 ut
1549 3917 1748 3974 licebat
1793 3934 1910 3989 prae
1938 3917 2017 3973 ri-

417 4028 550 4086 gore
571 4009 801 4075 ordinis,
826 4007 1036 4063 diurnis
1057 4008 1218 4064 etiam
1250 4007 1526 4063 subsidiis.
1547 4008 1684 4064 Istos
1716 4023 1866 4073 vero,
1893 4022 2019 4064 cum

419 4105 586 4160 rebus
613 4102 874 4174 nequivit,
909 4100 1294 4157 consolabatur
1312 4099 1673 4167 sermonibus,
1717 4100 2021 4172 adimplens

420 4193 555 4249 illud
577 4191 677 4249 viri
725 4190 1020 4261 sapientis:
1055 4213 1075 4237 ιι
1112 4191 1274 4257 Ecce,
1306 4189 1500 4262 inquit,
1531 4189 1761 4245 verbum
1818 4189 2021 4244 bonum

423 4297 591 4353 super
619 4281 804 4336 datum
834 4279 1094 4350 Optimum
1117 4280 1312 4350 (Eccli.
1343 4293 1502 4348 xvm,
1527 4279 1636 4349 17).
1667 4303 1688 4326 ιι
1711 4277 1917 4334 Omnes
1938 4276 2021 4331 in-

419 4379 569 4428 terea
597 4371 881 4441 Hugonem
913 4368 1294 4440 loquebantur,
1328 4367 1442 4423 sive
1472 4367 1643 4439 prior,
1680 4367 1797 4422 sive
1825 4380 2022 4421 mona-

419 4461 571 4526 chus,
600 4459 716 4516 sive
771 4474 1088 4522 conversus,
1123 4457 1354 4530 gratiam
1395 4455 1716 4511 attollebant
1766 4454 2022 4510 collatam

2106 1905 2389 1976 expetierit
2412 1906 2761 1975 adjutorium,
2797 1906 2882 1961 vel
2911 1922 3006 1962 cor
3023 1906 3360 1972 contriverit,
3391 1906 3478 1963 vel
3494 1923 3701 1978 corpus

2106 1994 2386 2064 proprium
2419 1995 2766 2050 cruciaverit.
2802 1994 2919 2048 Diei
2952 2011 3082 2050 vero
3127 1994 3404 2063 cujusdam
3459 1996 3704 2052 diluculo

2107 2082 2342 2137 visitavit
2373 2099 2496 2137 eum
2528 2084 2630 2138 hoc
2660 2082 2848 2138 ordine
2879 2083 3061 2139 oriens
3078 2099 3143 2139 ex
3173 2083 3282 2138 alto
3312 2083 3404 2139 Sol
3456 2084 3700 2153 justitiae,

2108 2170 2326 2225 mittens
2355 2171 2610 2244 angelum
2634 2188 2810 2238 suum,
2846 2179 2897 2226 et
2918 2171 3152 2243 eripiens
3173 2187 3298 2228 eum
3320 2173 3389 2228 de
3435 2181 3704 2244 potestate

2108 2259 2454 2315 tenebrarum
2493 2261 2703 2315 harum.

2179 2348 2382 2420 Egerat
2411 2357 2627 2404 noctem
2654 2348 2801 2403 illam
2831 2349 2886 2402 in
2907 2348 3163 2415 tenebris,
3189 2349 3268 2404 sic
3299 2349 3415 2420 ipse
3432 2349 3701 2405 insomnis

2107 2451 2246 2506 pene
2277 2444 2464 2492 totam.
2493 2438 2723 2491 Demum
2753 2437 2968 2508 quidem
3002 2437 3219 2493 athletae
3247 2437 3560 2503 fortissimo,
3585 2454 3686 2510 pro

2109 2533 2282 2580 strato
2315 2540 2416 2580 nec
2455 2533 2732 2596 superato,
2767 2542 2876 2580 non
2906 2526 3047 2580 victo
3089 2525 3186 2581 sed
3235 2525 3476 2596 fatigato,
3529 2527 3711 2582 tenuis

2109 2613 2353 2683 obrepsit
2375 2629 2556 2683 sopor.
2596 2613 2862 2668 Continuo
2906 2613 3051 2668 velut
3108 2614 3163 2667 in
3220 2630 3447 2669 excessu
3498 2614 3712 2686 positus

2109 2702 2240 2756 vidit
2270 2703 2440 2756 virum
2472 2703 2586 2774 (34)
2609 2703 2727 2769 Dei,
2755 2702 2844 2772 qui
2862 2718 2984 2756 eum
3008 2710 3326 2773 susceperat
3347 2704 3415 2758 ad
3434 2704 3706 2769 ordinem,

2109 2791 2259 2845 illum
2282 2798 2529 2845 sanctum
2553 2789 2827 2861 quondam
2850 2790 3090 2860 priorem
3108 2791 3406 2846 Carthusiae
3422 2792 3681 2846 Basilium
3699 2833 3714 2860 ,

2110 2879 2258 2934 vultu
2288 2887 2338 2933 et
2370 2878 2566 2934 amictu
2597 2879 2849 2950 angelico
2879 2878 3179 2932 radiantem
3209 2879 3447 2934 astitisse
3476 2880 3597 2948 sibi,
3625 2896 3710 2936 se-

2111 2984 2214 3039 que
2246 2967 2324 3023 sic
2352 2983 2486 3022 voce
2519 2966 2713 3021 blanda
2743 2967 3160 3038 compellantem
3195 2982 3205 3020 :
3243 2991 3265 3016 α
3299 2968 3463 3035 Quid,
3511 2969 3705 3040 inquit,

2115 3056 2208 3110 tibi
2241 3063 2342 3122 est,
2367 3053 2444 3109 ﬁli
2473 3055 2828 3110 charissima?
2849 3055 3045 3128 Surge,
3073 3063 3125 3110 et
3145 3055 3284 3110 velle
3315 3064 3464 3111 tuum
3491 3055 3713 3113 fiducia-

2109 3144 2232 3200 liter
2254 3159 2466 3200 enarra.
2493 3165 2513 3194 ι
2551 3143 2645 3198 Ille
2676 3159 2806 3199 vero
2844 3142 2914 3199 ad
2937 3160 3058 3199 eum
3089 3145 3161 3198 ait
3186 3160 3198 3198 :
3237 3165 3259 3195 ι
3295 3143 3340 3199 Ο
3370 3152 3521 3216 pater
3542 3146 3705 3212 bone,

2113 3241 2165 3290 et
2212 3233 2440 3288 nutritor
2494 3249 2648 3287 meus
2704 3231 2969 3304 piissime,
3037 3231 3222 3307 afﬂigit
3276 3249 3364 3289 me
3403 3249 3578 3306 usque
3635 3235 3707 3290 ad

2114 3326 2342 3374 mortem
2373 3317 2460 3373 lex
2491 3317 2697 3389 peccati
2729 3325 2781 3372 et
2814 3317 3024 3380 mortis,
3080 3334 3200 3389 quae
3221 3325 3302 3373 est
3334 3318 3390 3372 in
3444 3318 3708 3374 membris

2113 3408 2287 3473 meis;
2321 3413 2370 3462 et
2398 3406 2503 3461 nisi
2533 3421 2685 3461 more
2716 3405 2874 3461 solito
2912 3404 3189 3460 auxiliaris
3218 3405 3370 3473 mihi,
3405 3423 3473 3460 en
3502 3407 3706 3463 morie-

2114 3504 2204 3552 tur
2232 3512 2368 3568 puer
2395 3503 2540 3550 tuus.
2578 3517 2600 3540 ι
2622 3495 2722 3550 Vix
2744 3494 2946 3551 dictum
2971 3494 3357 3565 compleverat,
3390 3503 3443 3550 et
3489 3503 3709 3552 sanctus

2116 3586 2194 3641 sic
2221 3585 2410 3656 paucis
2438 3602 2450 3638 :
2487 3607 2508 3632 α
2544 3585 2707 3650 Bene,
2731 3583 2924 3655 inquit,
2950 3583 3251 3639 auxiliabor
3273 3584 3390 3639 tibi.
3425 3604 3448 3634 ι
3481 3586 3711 3656 Moxque

2117 3673 2400 3746 patefactis
2431 3672 2714 3739 novacula,
2749 3688 2911 3744 quam
2943 3688 3109 3727 manu
3156 3673 3442 3728 videbatur
3494 3681 3702 3741 tenere,

2119 3762 2416 3819 visceribus
2447 3763 2562 3830 ejus
2591 3761 2746 3833 quasi
2778 3769 3036 3815 strumam
3057 3761 3273 3832 igneam
3305 3761 3430 3816 inde
3458 3761 3606 3816 visus
3626 3770 3710 3818 est

2119 3851 2447 3918 exsecuisse,
2483 3860 2535 3905 et
2562 3851 2779 3923 longius
2809 3859 2955 3905 extra
2976 3850 3165 3906 cellam
3195 3850 3514 3920 projecisse,
3551 3851 3712 3906 dala-

2120 3957 2226 4012 que
2258 3939 2633 3996 benedictione
2663 3939 2905 3995 medicus
2936 3939 3178 3994 recessit.
3212 3940 3377 4010 Eger
3420 3947 3636 3994 sanatus
3664 3948 3716 3994 et

2121 4026 2224 4080 sibi
2246 4024 2488 4080 redditus
2508 4039 2701 4078 somno
2718 4023 2958 4094 fugiente
2987 4023 3189 4079 resedit
3215 4043 3228 4090 ;
3254 4024 3516 4096 laetusque
3547 4039 3711 4094 supra

2121 4109 2337 4164 modum
2367 4106 2436 4161 de
2465 4115 2683 4162 ostensa
2721 4106 2825 4160 sibi
2846 4106 3087 4162 claritate
3117 4106 3318 4160 nutritii
3349 4107 3452 4172 sui,
3486 4106 3716 4178 quiante

2121 4197 2329 4268 aliquot
2358 4195 2470 4264 (35)
2501 4211 2674 4250 annos
2702 4195 3034 4265 migraverat
3064 4195 3130 4249 ad
3180 4195 3490 4263 Dominum,
3541 4195 3716 4250 omni-

2121 4286 2285 4342 modo
2323 4286 2378 4339 in
2411 4284 2577 4340 corde
2607 4284 2731 4340 etin
2752 4299 2917 4339 carne
2947 4300 3005 4338 se
3039 4283 3242 4354 reperit
3271 4284 3628 4339 immutatum.

2195 4376 2395 4431 Horum
2435 4388 2704 4429 summam
2740 4389 2865 4428 cum
2895 4372 2963 4426 ab
2995 4372 3164 4443 ipsius
3196 4387 3292 4427 ore
3324 4373 3590 4445 Hugonis,
3623 4389 3714 4428 se-

2125 4465 2324 4520 cretius
2353 4479 2562 4518 mecum
2593 4462 2884 4534 loquentis,
2918 4460 3125 4532 pluries
3155 4461 3483 4532 acceperim,
3543 4462 3597 4515 in
3618 4477 3716 4518 ex-

417 4548 659 4621 Hugoni.
693 4547 856 4603 Dives
886 4548 1173 4619 Hugonem
1221 4546 1473 4600 laudibus
1521 4543 1781 4600 efferebat
1813 4563 1828 4610 ς
1879 4558 2016 4616 ege-
2039 4547 2090 4607 D
2120 4562 2288 4608 trema
2312 4554 2526 4608 demum
2549 4550 2877 4624 aegritudine
2895 4549 3112 4621 planius
3142 4557 3194 4604 et
3221 4549 3537 4622 diligentius
3557 4551 3719 4605 totius

418 4655 519 4692 nus
560 4635 792 4691 Domino
820 4635 1076 4707 precibus
1133 4635 1425 4706 Hugonem
1473 4632 1910 4697 commendabat,
1969 4639 2023 4686 et

422 4726 682 4797 coegenis
703 4723 1195 4781 commendandum
1219 4720 1584 4792 supplicabat.
1602 4720 1754 4774 Istud
1777 4735 1906 4774 vero
1929 4719 2019 4773 ille

418 4815 660 4871 votivum
689 4813 926 4880 dicebat,
959 4819 1218 4882 tanquam
1235 4817 1288 4864 et
1321 4808 1569 4864 frivolum
1606 4807 2012 4864 contemnebat.

491 5097 599 5164 (32)
628 5101 699 5150 Ex
726 5097 820 5147 hoc
843 5097 950 5147 loco
975 5099 1133 5164 patet,
1157 5095 1407 5164 nugonem
1437 5105 1527 5164 an.
1556 5093 1685 5164 1163
1711 5096 1795 5164 aut
1826 5093 2021 5164 circiter

420 5168 482 5220 ad
499 5160 817 5217 'Cartbusiam
845 5164 1054 5213 venisse.
1085 5162 1201 5210 Bina
1230 5161 1412 5210 etenim
1437 5160 1586 5210 lustra
1609 5161 1804 5210 circiter
1827 5161 1875 5209 in
1899 5161 2018 5210 cella

419 5233 662 5298 implevit.
690 5243 753 5298 an
784 5231 912 5279 H73
937 5241 1028 5291 quo
1072 5228 1278 5298 Basilius
1315 5226 1436 5277 obiit
1463 5227 1734 5278 Carthasim
1775 5226 1927 5298 prior,
1974 5230 2023 5277 et

419 5294 846 5362 HugoaGuigone
887 5295 1200 5362 novoipriore
1222 5294 1290 5362 in
1334 5298 1696 5362 procuratorem
1739 5295 2020 5362 assumitur.

419 5359 540 5419 Vide
565 5359 750 5424 tamen,
778 5376 885 5425 quae
919 5363 979 5412 de
1017 5361 1184 5412 lustris
1218 5361 1344 5412 intra
1386 5362 1447 5411 ad
1473 5359 1562 5412 lib.
1607 5376 1658 5425 v,
1700 5375 1744 5412 c.
1791 5361 1877 5423 20,
1919 5364 2019 5411 not.

422 5434 542 5494 506,
569 5431 840 5482 observavi.

421 5586 461 5634 Δ
490 5515 597 5633 (513)
649 5515 803 5566 Annis
859 5513 1033 5564 saltem
1077 5515 1299 5576 quatuor,
1348 5515 1606 5574 antequam
1648 5513 1922 5563 mitteretur
1968 5511 2020 5560 in

467 5597 532 5634 ne
557 5595 673 5633 iam.

467 5595 673 5646 nguam.

490 5669 598 5732 (54)
624 5667 816 5729 Insigne
841 5666 901 5718 de
926 5666 980 5715 Β.
1029 5666 1203 5716 Basilio
1245 5678 1304 5716 ex
1349 5663 1670 5732 relationes.
1716 5662 1930 5732 Ilugonis
1963 5661 2023 5732 ab

416 5729 614 5787 auctore
635 5739 808 5784 nostro
819 5735 1160 5796 depromptum
1189 5729 1521 5783 testimonium
1544 5730 1619 5780 cui
1639 5731 1873 5778 consonat
1897 5730 2024 5796 quod

413 5803 474 5853 ab
522 5805 722 5853 auctore
768 5794 896 5868 vitai
936 5802 990 5851 S.
1026 5794 1291 5868 anthelmi
1339 5797 1563 5868 Basilius_
1591 5797 1782 5868 d_ica_tur
1827 5815 1848 5837 ι
1871 5794 2026 5868 .mirte

419 5869 696 5924 sanctitatis
719 5869 769 5919 et
791 5867 1046 5920 devotione
1069 5866 1162 5919 vir.
1196 5886 1218 5910 ι
1249 5868 1318 5918 De
1341 5876 1438 5929 quo
1458 5863 1662 5928 proinde
1687 5861 1943 5914 Sausseius
1979 5861 2027 5910 in

2122 4650 2347 4697 eventus
2413 4641 2683 4704 ordinem,
2721 4639 2857 4694 sicut
2905 4654 3028 4692 eum
3083 4638 3245 4693 modo
3305 4638 3530 4711 digessi,
3591 4638 3717 4694 mibi

2120 4731 2419 4786 enarravit.
2452 4727 2726 4798 Quzrrenti
2739 4743 2870 4782 vero
2892 4734 3068 4781 utrum
3093 4726 3327 4798 aliquem
3353 4735 3546 4797 postea
3559 4727 3715 4796 hujus

2121 4820 2354 4875 senserit
2383 4819 2439 4872 in
2469 4833 2634 4874 carne
2652 4833 2747 4871 sua
2767 4823 2972 4871 motum
2999 4831 3010 4868 :
3039 4838 3060 4862 «
3099 4817 3328 4880 Revera,
3355 4815 3546 4886 inquit,
3573 4816 3714 4886 quod

2120 4910 2354 4981 aliquem
2385 4907 2671 4974 senserim,
2706 4921 2814 4961 non
2850 4921 3012 4976 nego,
3072 4905 3170 4959 sed
3223 4903 3702 4976 simplicissimum,

2123 5090 2450 5152 Martyrologii
2474 5087 2710 5138 Gallicani
2741 5087 3097 5149 supplemento,
3128 5098 3183 5146 p.
3219 5083 3366 5152 ll25,
3396 5083 3482 5152 ita
3502 5084 3672 5134 scribit
3697 5097 3710 5152 ξ

2131 5175 2149 5205 α
2176 5151 2338 5208 Pridie
2362 5158 2523 5205 Nonas
2546 5154 2674 5204 Junii
2716 5155 2766 5202 in
2789 5152 3046 5202 (iarthusia
3072 5151 3244 5212 majori
3280 5151 3518 5212 depositio
3560 5151 3714 5200 sancti

2119 5224 2284 5275 Basilii
2307 5223 2436 5273 conf.
2464 5221 2681 5282 ejusdem
2708 5221 2892 5269 ordinis
2927 5218 3206 5280 generalis:
3237 5217 3374 5278 cujus
3399 5219 3551 5266 sacris
3577 5218 3715 5266 insti-

2121 5291 2387 5342 tutionibus
2411 5294 2461 5339 et
2484 5287 2720 5349 exemplis
2742 5287 2868 5337 idem
2888 5287 3006 5336 ordo
3020 5285 3222 5334 miriﬁce
3239 5284 3420 5332 ﬂoruit.
3448 5301 3474 5329 ι)
3505 5287 3565 5333 Et
3588 5285 3710 5333 idem

2125 5360 2302 5408 iterum
2327 5357 2528 5416 ibidem,
2557 5355 2639 5403 fol.
2674 5355 2818 5402 1154.
2863 5373 2883 5394 ι
2919 5353 3055 5413 Apud
3093 5351 3454 5410 Gratianopolis
3482 5350 3712 5400 memoria

2128 5425 2255 5474 beati
2283 5423 2464 5484 Basilii,
2491 5423 2647 5470 octavi
2675 5420 2918 5482 generalis
2955 5420 3244 5484 Cartbusiat,
3282 5417 3462 5465 ibidem
3499 5417 3710 5466 defuncti

2120 5491 2275 5554 pridie
2301 5483 2461 5539 Nonas
2495 5487 2645 5554 Junii.
2677 5507 2698 5529 ν
2729 5487 3047 5554 Meminerant
3085 5483 3318 5554 ejusdem
3345 5484 3716 5554 interprimu-

2121 5549 2296 5608 missos
2319 5556 2377 5614 ad
2404 5555 2533 5606 diem
2553 5553 2585 5602 4
2608 5559 2658 5604 et
2689 5554 2746 5602 l4
2776 5553 2963 5603 mensis
2987 5553 3116 5602 Junii
3144 5552 3267 5600 clar.
3294 5549 3618 5599 Bollandiani.

2191 5660 2301 5724 ('55)
2331 5661 2435 5707 Non
2461 5661 2572 5707 ante
2599 5669 2775 5717 paucos
2798 5656 2920 5714 dies,
2960 5655 3027 5703 uti
3061 5652 3242 5724 Surius
3281 5652 3451 5724 habet.
3486 5654 3532 5724 ΑΔ
3567 5657 3717 5724 morte

2126 5717 2257 5777 enim
2282 5717 2445 5775 Basilii
2487 5724 2548 5774 ad
2597 5725 2724 5773 hanc
2771 5733 2923 5784 usque
2965 5721 3312 5778 tentationem,
3337 5717 3622 5784 distinctam
3666 5719 3723 5768 ab

2127 5794 2229 5856 illa,
2255 5791 2392 5854 cujus
2417 5789 2472 5840 fit
2495 5803 2608 5852 cap.
2656 5791 2705 5850 8,
2744 5783 2944 5849 mentio,
2981 5791 3185 5849 quatuor
3219 5785 3392 5835 saltem
3435 5783 3726 5835 emuxerant

2131 5861 2265 5912 anni.
