3938 6462
227 376 328 429 961

1604 370 1786 425 VITA.
1826 399 1894 410 —
1932 368 2060 426 LIB.
2102 369 2176 425 II.

3443 371 3548 425 962

235 506 291 554 et
321 513 487 570 quem
516 513 626 554 non
680 496 861 551 minus
901 501 1249 551 contemnere
1298 509 1461 567 quam
1491 494 1850 566 comprimere
1869 495 1924 556 Α
1951 493 2152 550 Verum
2185 508 2304 565 quae
2335 491 2406 547 ab
2433 505 2531 548 ore
2577 488 2723 546 illius
2779 487 2850 546 de
2888 487 3170 545 curatione
3197 489 3314 559 ejus
3343 489 3546 559 audivi,

237 594 390 643 esset
418 585 752 642 facillimum.
787 584 916 640 Haec
947 583 1156 640 idcirco
1187 584 1440 649 dixerim,
1461 583 1586 656 quia
1603 583 1762 639 aliter
1779 583 1848 639 de

238 675 328 731 his
349 675 517 730 alium
547 674 838 748 quemdam
871 674 984 744 (36)
1013 673 1306 744 scripsisse
1345 673 1554 744 accepi,
1590 687 1848 728 asseren-

237 772 351 820 tem
382 763 662 830 videlicet,
697 763 844 834 quod
875 778 976 832 per
1033 761 1250 818 beatam
1308 761 1598 834 virginem,
1657 761 1841 816 Domi-

241 869 368 908 nam
398 860 664 918 nostram,
698 851 799 906 Dei
830 849 1164 906 Genitricem
1195 849 1297 905 sibi
1358 857 1715 920 apparentem
1761 849 1849 905 vi-

245 941 462 1008 sitatus,
495 940 881 996 eunuchizatus
910 946 963 994 et
992 938 1076 994 ira
1105 945 1324 996 curatus
1354 937 1532 1006 fuerit,
1557 938 1700 1011 quod
1724 937 1846 993 nul-

244 1029 356 1086 lam
377 1028 639 1101 deinceps
659 1028 840 1086 carnis
857 1027 1218 1085 titillationem
1241 1027 1309 1083 sit
1329 1019 1551 1084 omnino
1566 1034 1843 1099 expertus.

1948 581 2234 639 verissime
2264 579 2527 654 expressi.
2566 600 2589 630 ι

2021 671 2141 726 Jam
2171 685 2310 727 vero
2339 669 2409 725 de
2438 667 2688 741 Hugonis
2714 665 2884 722 nostri
2912 665 2982 722 de
3012 665 3327 738 Burgundia
3349 666 3465 739 (3’7)
3497 669 3555 725 in

1951 759 2206 832 Angliam
2237 757 2590 814 translatione
2624 765 2678 813 et
2707 755 2878 827 gestis
2907 754 3155 824 ejusdem
3198 755 3556 827 sequentibus

1951 847 2266 915 tractaturi,
2329 845 2493 903 ﬁnem
2559 845 2900 918 imponentes
2954 843 3288 915 praecedenti
3343 843 3550 915 libello,

1939 936 2104 993 alium
2153 936 2518 993 advertamus.

1560 1283 1982 1357 Explicitjiber
2008 1283 2248 1354 primus.

1338 1523 1784 1588 PROLOGUS
1827 1525 2042 1587 LIBRI
2099 1524 2467 1588 SECUNDI.

322 1766 458 1820 Cum
517 1763 912 1820 Lincolniensis
962 1762 1224 1819 Ecclesiae
1279 1762 1632 1835 praesulatum
1695 1764 1854 1820 annis
1879 1771 2235 1868 Bcuratores
2274 1764 2623 1832 exstiterunt,
2675 1763 2864 1835 accepi
2897 1781 2912 1820 :
2945 1763 3196 1822 similiter
3245 1772 3301 1821 et
3335 1763 3560 1821 modum

247 1855 364 1924 jam
408 1855 570 1925 Hugo
626 1854 739 1924 (38)
796 1852 880 1908 bis
911 1853 1080 1918 senis,
1135 1860 1187 1907 et
1217 1851 1412 1907 diebus
1468 1853 1859 1925 quinquaginta

255 1943 433 1998 tribus
462 1940 879 2014 religiosissime
908 1940 1358 2007 administrasset,
1393 1940 1596 2012 placuit
1653 1941 1859 1996 sancti-

258 2030 358 2087 tati
387 2047 501 2087 suze
527 2030 856 2102 parvitatem
901 2045 1082 2084 meam
1111 2029 1181 2085 de
1228 2029 1350 2085 vitai
1407 2030 1521 2100 (39)
1553 2029 1862 2085 claustralis

258 2119 551 2176 dulcedine
589 2119 646 2174 in
699 2117 1118 2175 sollicitudinem
1202 2133 1424 2173 suarum
1483 2118 1862 2190 qualecunque

261 2208 513 2264 solatium
568 2223 870 2274 assumere,
959 2221 1168 2279 suoque
1223 2206 1664 2278 inseparabiliter
1705 2207 1864 2263 lateri

262 2298 497 2355 sociare.
531 2298 578 2353 A
605 2311 714 2368 quo
739 2304 986 2367 tempore
1019 2311 1193 2352 annos
1225 2303 1336 2352 tres
1367 2303 1420 2351 et
1449 2295 1568 2351 dies
1599 2295 1860 2368 quinque,

262 2401 429 2459 quam
457 2385 551 2442 diu
579 2385 788 2443 scilicet
834 2384 891 2439 in
939 2399 1169 2456 corpore
1199 2391 1388 2456 postea
1441 2384 1600 2451 vixit,
1648 2384 1720 2439 ab
1749 2386 1865 2454 ejus

262 2491 556 2548 nunquam,
611 2473 717 2529 nisi
789 2489 892 2545 per
947 2488 1115 2528 unam
1159 2472 1333 2528 solam
1407 2481 1654 2539 noctem,
1715 2473 1866 2529 abfui

261 2563 543 2630 comitatu,
617 2562 707 2618 die
765 2576 982 2634 semper
1037 2575 1104 2618 ac
1182 2569 1342 2617 nocte
1399 2560 1686 2617 adhaerens
1733 2561 1784 2617 ei
1813 2569 1868 2618 et

262 2652 580 2710 ministrans
609 2650 714 2707 sibi
743 2649 868 2722 ipsi.
917 2650 1088 2718 Hujus
1143 2649 1312 2722 igitur
1357 2650 1534 2721 spatio
1609 2650 1867 2722 temporis

265 2741 448 2799 omnia
504 2741 639 2808 fere,
673 2755 794 2812 qua:
822 2738 892 2795 de
927 2754 994 2795 eo
1023 2737 1242 2794 libellus
1271 2754 1518 2809 prazsens
1546 2738 1865 2806 continebit,

263 2838 361 2888 aut
412 2829 652 2902 prepriis
682 2827 794 2885 vidi
822 2825 1016 2895 oculis,
1055 2843 1088 2882 a
1118 2827 1322 2884 sanctis
1361 2827 1535 2900 ipsius
1580 2827 1738 2883 labiis
1768 2843 1868 2883 au-

265 2919 397 2976 divi.

339 3008 591 3074 Causam,
638 3022 745 3079 qua
785 3005 841 3062 in
869 3012 1119 3062 nostrum
1167 3004 1282 3076 (40)
1314 3003 1463 3062 venit
1507 3004 1720 3074 orbem,
1751 3013 1864 3061 tum

265 3096 340 3152 ab
369 3111 455 3166 eo,
489 3103 605 3153 tum
635 3103 686 3153 et
715 3093 785 3151 ab
816 3093 959 3164 aliis,
992 3093 1085 3166 qui
1113 3093 1274 3164 hujus
1316 3093 1584 3152 adventus
1625 3093 1710 3150 sui
1735 3108 1863 3166 pro-

1961 1868 2068 1925 quo
2123 1852 2324 1909 dilecta
2378 1868 2481 1909 sua
2525 1853 2814 1909 Carthusia
2870 1853 3145 1920 discessit,
3197 1869 3306 1926 quo
3335 1853 3561 1910 domum

1959 1941 2416 1998 Withamiensem
2465 1956 2498 1997 a
2527 1940 2898 1998 fundamentis
2916 1942 3338 1998 construendam
3369 1942 3562 2014 dispo-

1961 2030 2086 2098 suit,
2123 2023 2371 2098 instituit,
2412 2038 2465 2086 et
2525 2030 2657 2087 viris
2705 2030 2924 2102 optimis
2970 2029 3307 2102 adimplevit,
3350 2046 3413 2087 ac
3442 2037 3570 2103 post

1961 2119 2081 2175 haec
2101 2119 2171 2174 ad
2223 2119 2596 2190 episcopatum
2634 2119 2884 2176 accessit.
2925 2121 3006 2175 De
3053 2119 3159 2190 his,
3210 2135 3329 2192 quas
3358 2119 3413 2174 in
3443 2119 3568 2194 epi-

1964 2215 2192 2278 scopatu
2221 2207 2413 2280 gessit,
2445 2215 2738 2280 antequam
2769 2207 2821 2264 ei
2840 2207 3119 2265 adhaerere
3149 2209 3462 2279 coepissem,
3493 2207 3564 2266 de

1965 2295 2232 2351 industria
2262 2304 2535 2367 praetereo
2565 2296 2870 2366 innumera,
2924 2296 3229 2353 certissime
3257 2303 3563 2368 comperta,

1964 2383 2156 2442 notitia
2183 2393 2507 2441 cunctorum
2546 2385 2890 2458 dignissima.
2944 2383 3084 2454 Quia
3130 2385 3276 2441 enim
3329 2385 3570 2458 plurima

1966 2489 2030 2529 ex
2061 2473 2145 2527 his
2187 2473 2456 2545 quosdam
2504 2490 2593 2530 me
2657 2473 2822 2546 longe
2881 2474 2996 2544 (41)
3035 2474 3312 2531 doctiores
3370 2473 3567 2531 litteris

1965 2562 2260 2619 mandasse
2290 2563 2497 2634 accepi,
2548 2563 2888 2634 superﬂuum
2914 2563 3025 2619 imo
3062 2571 3117 2618 et
3159 2571 3563 2636 praesumptuo-

1967 2666 2086 2706 sum
2114 2666 2238 2707 esse
2285 2650 2544 2721 judicavi,
2590 2651 2660 2706 ab
2713 2651 2835 2707 aliis
2881 2651 3271 2725 congruentius
3302 2652 3567 2724 exposita,

1965 2738 2272 2811 insipidiori
2330 2739 2550 2810 eloquio
2603 2739 2891 2810 replicare.
2949 2739 3034 2795 Ad
3063 2754 3131 2796 ea
3208 2756 3341 2797 vero
3391 2739 3572 2796 seria-

1966 2827 2064 2882 tim
2110 2827 2415 2893 referenda,
2468 2843 2700 2900 quorum
2745 2828 2880 2884 istos
2934 2827 3181 2884 notitiam
3267 2829 3448 2884 minus
3502 2828 3574 2885 ad

1968 2915 2236 2988 liquidum
2306 2915 2584 2972 credimus
2654 2924 2959 2985 assecutos,
3028 2917 3298 2973 calamum
3369 2917 3576 2989 pariter

1967 3004 2315 3062 intendentes
2341 3013 2395 3061 et
2431 3005 2690 3074 animum,
2723 3005 2830 3062 tale
2869 3005 3122 3064 invocato
3169 3005 3402 3078 Spiritus
3442 3021 3574 3063 san-

1971 3093 2044 3150 cti
2088 3093 2362 3164 adjutorio
2391 3108 2670 3151 sumamus
2699 3093 3000 3152 exordium.

1635 3325 1890 3396 Explicit
1927 3325 2218 3396 Prologus.

1332 3537 1708 3640 LIBER
1785 3534 2482 3642 SECUNDUS.

703 3808 1106 3867 CAPITULUM
1153 3809 1445 3866 PRIMUM.

283 3912 544 3983 Qualiter
583 3927 687 3983 pro
715 3912 874 3983 domo
905 3910 1324 3969 Carthusiensis
1371 3911 1610 3978 ordinis,
1653 3910 1718 3983 in
1753 3910 1875 3983 Αητ

345 3982 462 4052 glia
493 3979 642 4054 apud
678 3981 1040 4038 Withamiam
1069 3983 1472 4050 construenda,
1521 3982 1778 4037 mittitur
1805 3979 1878 4035 ad

350 4051 716 4124 Quaerendum
744 4054 1048 4126 Hugonem.

351 4165 590 4250 Contigit
619 4181 685 4224 eo
714 4175 958 4240 tempore
985 4168 1056 4224 ad
1086 4183 1251 4241 reges
1276 4164 1617 4240 Angelorum
1654 4163 1876 4220 Henrici

356 4347 453 4407 (36)
479 4346 597 4409 Quis
620 4347 687 4398 ita
709 4347 983 4411 scripserit,
1011 4347 1170 4400 adhuc
1195 4347 1334 4398 latet.
1376 4345 1600 4397 Giraldus
1623 4343 1886 4395 Cambren-

288 4413 357 4463 sis
383 4415 509 4475 apud
535 4413 862 4465 Warthonum
908 4418 1042 4477 part.
1086 4428 1140 4476 ιι,
1170 4427 1281 4477 pag.
1307 4413 1406 4462 452
1433 4426 1447 4462 :
1482 4433 1503 4456 σ
1549 4412 1652 4462 Viri
1692 4411 1885 4474 quidem

285 4480 528 4542 Angelici,
558 4499 582 4524 ι
609 4485 660 4530 at
699 4481 808 4531 sine
857 4482 1082 4544 nomine,
1121 4481 1363 4541 meminit,
1409 4480 1496 4530 sed
1535 4478 1658 4530 nihil
1693 4477 1754 4528 de
1799 4478 1886 4528 Dei

283 4547 532 4596 Genitrice
559 4547 726 4597 habet.
757 4548 848 4609 Qui
866 4549 908 4597 si
927 4548 1204 4610 aliqualiter
1220 4555 1329 4598 cum
1345 4546 1426 4597 hic
1450 4546 1595 4596 dictis
1618 4545 1886 4607 discordat,

279 4612 439 4673 major
461 4613 736 4664 adhibenda
755 4614 875 4665 ﬁdes
894 4618 970 4665 est
991 4615 1198 4679 auctori,
1222 4614 1305 4676 qui
1325 4614 1519 4665 relataa
1540 4614 1594 4664 S.
1622 4613 1822 4676 Hugone
1838 4613 1888 4663 in

289 4680 529 4730 extremis
553 4681 735 4732 hausit.

351 4762 462 4828 (37)
505 4765 718 4816 Subaudi
756 4779 768 4810 :
805 4765 866 4816 de
909 4765 1184 4828 Burgundia
1233 4764 1338 4815 late
1381 4767 1596 4829 sumpta,
1651 4765 1700 4812 et
1745 4765 1890 4824 prout

281 4831 600 4894 Delphinatus
626 4833 716 4882 sub
748 4846 805 4884 ea
831 4831 1281 4894 comprehenditur.

357 4917 464 4979 (38)
491 4917 616 4968 Inito
655 4918 839 4968 calculo
862 4929 1101 4967 annorum
1144 4921 1194 4967 et
1232 4916 1444 4980 dierum,
1481 4917 1562 4980 qui
1602 4916 1651 4966 in
1692 4916 1889 4980 prologo

1909 3816 1955 3876 ο
1977 3807 2206 3865 secundi
2237 3807 2482 3865 notitiam
2505 3807 2762 3866 virtutum
2782 3807 2957 3865 nostri
2987 3809 3235 3883 Hugonis
3255 3809 3457 3866 famam
3484 3809 3577 3865 tali

1986 3897 2279 3954 occasione
2306 3897 2648 3969 pervenisse.
2684 3897 2930 3967 Quadam
2961 3898 3032 3954 de
3061 3914 3195 3972 rege
3224 3901 3338 3970 (42)
3356 3899 3412 3954 in
3439 3907 3587 3955 tran-

1987 3985 2242 4042 smarinis
2271 3994 2492 4059 agente,
2527 3986 2674 4043 venit
2702 3986 2775 4042 ad
2818 4002 2944 4043 eum
2972 3987 3054 4043 vir
3115 3987 3332 4060 quidam
3387 3987 3588 4044 nobilis

1985 4075 2056 4130 de
2086 4074 2331 4145 partibus
2361 4077 2473 4146 (43)
2511 4076 2948 4132 Northmanniae.
2981 4077 3096 4133 Rex
3143 4093 3271 4133 vero
3298 4077 3367 4133 de
3397 4077 3590 4133 ordine

1987 4162 2458 4220 Carthusiensium
2511 4163 2651 4220 inter
2698 4163 2804 4219 alia
2859 4171 3059 4221 mutuae
3114 4165 3590 4222 sermocinationis

2060 4338 2172 4406 (ω)
2198 4342 2269 4392 Ex
2293 4343 2556 4393 Carthusia
2581 4342 2758 4404 majori
2782 4343 2833 4392 in
2860 4343 3104 4406 Angliam,
3148 4356 3291 4407 quam
3317 4343 3430 4394 dum
3474 4357 3593 4396 nos-

1989 4411 2120 4460 trum
2145 4412 2288 4459 vocat
2310 4410 2498 4470 orbem,
2522 4410 2706 4473 indicat
2727 4423 2782 4459 se
2806 4410 3014 4473 Anglum
3059 4411 3208 4461 fuisse
3247 4410 3460 4462 natione.
3486 4413 3595 4462 Mo-

1989 4478 2347 4593 nachugizvero
2373 4475 2525 4527 fuisse
2548 4470 2954 4528 Cantuariensém
2981 4476 3143 4540 colligi
3167 4477 3359 4529 videtur
3399 4490 3461 4528 ex
3499 4478 3588 4530 lib.

1990 4557 2048 4593 v.
2069 4556 2122 4593 c.
2232 4579 2244 4592 .

1990 4556 2122 4604 v,c.
2155 4556 2244 4593 zz.

2062 4644 2169 4708 (41)
2197 4645 2462 4709 Scripsisse
2485 4645 2545 4697 de
2577 4647 2631 4697 S.
2668 4647 2866 4709 Hugone
2913 4645 3164 4697 Giraldum
3207 4646 3590 4711 Cambrensem,

1990 4713 2252 4772 Rogerium
2277 4719 2328 4762 et
2368 4713 2607 4763 Parisium
2633 4713 2761 4776 lego.
2789 4715 2971 4764 Horum
2996 4713 3185 4777 primus
3232 4714 3484 4777 evulgatus
3514 4718 3594 4766 est

1992 4793 2020 4829 a
2044 4781 2321 4830 Warthono
2347 4781 2394 4829 in
2421 4781 2595 4842 Anglia
2615 4793 2774 4841 sacra,
2798 4781 2886 4831 sed
2912 4793 3009 4830 non
3035 4781 3159 4831 adeo
3183 4781 3333 4831 multa
3356 4781 3510 4832 refert
3531 4782 3594 4832 de

1993 4851 2183 4896 sancto.
2213 4847 2351 4897 Alter
2374 4847 2613 4906 allegatur
2637 4860 2665 4896 a
2688 4848 2840 4898 variis
2878 4851 2929 4898 et
2953 4847 3015 4897 de
3036 4852 3208 4898 sancto
3228 4848 3420 4898 videtur
3438 4848 3595 4910 scrip-

1993 4913 2114 4964 sisse
2139 4913 2426 4964 incidenter.
2471 4915 2668 4964 Tertius
2714 4915 2852 4979 plura
2900 4914 3136 4966 mutuavit
3160 4927 3224 4965 ex
3264 4915 3496 4977 Rogerio,
3546 4917 3598 4965 et

287 4982 582 5042 indicantur,
610 4989 744 5034 recte
769 4985 942 5034 Surius
978 4983 1026 5032 in
1067 4984 1178 5033 Vita
1203 4984 1374 5034 scribit
1401 5002 1414 5032 ε
1450 5003 1472 5024 ι
1499 4984 1676 5034 Tenuit
1713 4986 1888 5034 cathe-
1912 4984 1963 5043 ι)
1992 4984 2160 5030 nostro
2197 4985 2396 5030 auctore
2424 4985 2498 5030 est
2517 4980 2700 5042 iunior.
2752 4984 2824 5032 An
2849 4981 2932 5032 alii
2957 4994 3074 5032 vero
3100 4994 3159 5032 eo
3183 4994 3285 5032 aevo
3309 4981 3369 5032 de
3393 4982 3597 5045 Rusone

286 5049 425 5099 dram
451 5051 774 5113 episcopalem
801 5051 942 5100 annis
985 5050 1265 5111 quindecim
1292 5054 1342 5100 et
1381 5049 1732 5112 quinquaginta
1779 5054 1889 5101 octo

286 5115 476 5166 diebus.
508 5133 528 5165 ι
563 5118 697 5180 Quod
715 5117 756 5167 si
783 5117 852 5168 ita
876 5118 1014 5178 Hugo
1039 5117 1314 5168 consecrari
1338 5117 1506 5168 debuit
1533 5118 1582 5166 in
1607 5117 1887 5180 episcopum

288 5181 336 5231 in
365 5184 487 5234 festo
511 5186 566 5234 S.
615 5184 829 5234 ωηιὴωί
854 5184 1058 5247 apostoli
1082 5196 1209 5233 anno
1255 5184 1386 5233 1185
1424 5195 1520 5234 non
1552 5185 1794 5246 sequenti,
1840 5185 1890 5234 in

289 5262 433 5310 quem
483 5251 666 5313 passim
704 5263 894 5312 omnes,
940 5251 1199 5314 Rogerium
1242 5251 1413 5312 secuti,
1463 5251 1888 5302 consecrationem

295 5316 536 5377 rejiciunt.
558 5319 654 5369 Sed
668 5318 728 5369 de
749 5319 842 5368 hoc
879 5319 929 5367 in
971 5317 1316 5368 dissertatione
1335 5317 1471 5381 operi
1491 5317 1606 5369 huic
1641 5319 1892 5381 praemissa

289 5383 480 5444 plenius
503 5385 684 5446 agitur.

361 5468 472 5532 (59)
499 5471 629 5519 Satis
653 5469 809 5520 innuit
849 5470 927 5520 his
947 5469 1111 5520 verbis
1135 5471 1304 5519 auctor
1327 5482 1379 5519 se
1401 5469 1694 5519 monachum
1714 5468 1863 5520 fuisse
1879 5507 1893 5528 ,

291 5541 341 5588 et
367 5536 490 5586 idem
515 5536 773 5586 conﬁrmat
817 5537 924 5587 aliis
965 5538 1014 5586 in
1055 5537 1196 5599 locis,
1234 5537 1509 5600 praesertim
1543 5536 1628 5586 lib.
1653 5550 1701 5596 v,
1730 5549 1775 5584 e.
1811 5535 1896 5597 23,

290 5604 371 5654 ubi
396 5607 507 5666 post
528 5602 614 5652 illa
641 5617 656 5652 ε
687 5619 712 5651 ι
733 5605 848 5653 Hace
891 5604 1002 5666 ipsi,
1027 5603 1110 5665 qui
1132 5603 1329 5666 scripsit
1368 5603 1480 5665 ista,
1521 5602 1709 5652 locutus
1749 5605 1846 5664 est,
1874 5617 1898 5649 θ

1993 5047 2300 5109 scripserint,
2328 5047 2518 5109 ignoro.
2543 5048 2681 5110 Vide,
2711 5061 2819 5111 qua
2857 5048 3115 5100 observata
3159 5053 3276 5101 sunt
3313 5048 3374 5100 ab
3419 5049 3516 5100 alio
3537 5047 3601 5099 ad

1993 5115 2079 5164 lib.
2109 5128 2184 5177 ιιι,
2211 5126 2320 5176 cap.
2348 5115 2400 5178 6,
2427 5118 2542 5165 nota
2569 5115 2660 5165 96.
2793 5134 2806 5145 ο

2063 5222 2164 5287 (42)
2195 5244 2216 5265 σ
2245 5225 2411 5274 Mense
2438 5225 2655 5287 Augusto
2681 5225 2861 5289 (inquit
2884 5225 3135 5276 Trivettus
3175 5223 3234 5276 ad
3261 5237 3440 5276 annum
3470 5224 3602 5275 1177

1992 5291 2040 5340 in
2065 5291 2306 5341 Chronico
2331 5305 2358 5341 a
2386 5293 2538 5354 Luca,
2561 5293 2794 5354 Acherio,
2816 5295 2936 5342 tom.
2962 5293 3046 5352 lll,
3068 5291 3236 5354 Spicil.
3257 5291 3411 5357 edito)
3432 5292 3608 5342 Henri-

1995 5371 2081 5408 cus
2105 5358 2369 5420 Anglorum
2394 5370 2480 5408 rex
2505 5359 2668 5409 senior
2692 5372 2804 5410 cum
2827 5358 3052 5409 Galfrido
3077 5359 3176 5408 ﬁlio
3199 5358 3324 5410 duce
3344 5360 3607 5410 Britanno-

1994 5437 2104 5475 rum
2132 5425 2182 5474 in
2220 5426 2623 5475 Northmanniam
2664 5425 3025 5476 transfretavit.
3048 5439 3074 5472 ι
3102 5426 3337 5476 Baronius
3373 5425 3435 5476 ad
3476 5425 3606 5475 hunc

1996 5503 2176 5541 annum
2201 5491 2336 5542 addit
2360 5492 2518 5541 adhuc
2539 5492 2687 5543 fuisse
2712 5493 2892 5543 ibidem
2917 5503 3088 5554 regem
3112 5505 3165 5542 XI
3200 5493 3307 5542 Kal.
3333 5491 3535 5543 Octobr.

2073 5602 2180 5664 (43)
2208 5603 2349 5652 Anno
2389 5601 2538 5664 igitur
2565 5603 2692 5652 1177
2740 5603 2960 5654 creditur
2997 5603 3074 5652 vir
3109 5603 3188 5653 ille
3229 5603 3406 5653 nobilis
3443 5614 3607 5653 coram

291 5671 426 5721 addit
450 5673 557 5732 post
576 5682 728 5733 pauca
757 5689 768 5718 :
803 5687 829 5716 α
855 5670 955 5719 Sub
1000 5669 1278 5720 testimonio
1323 5670 1458 5731 prius
1500 5669 1743 5733 ejusdem,
1788 5681 1901 5720 cum
2003 5680 2119 5730 rege
2155 5669 2202 5717 in
2227 5667 2420 5718 laudem
2457 5669 2673 5732 llugonis
2699 5670 2990 5732 excurrisse,
3031 5671 3082 5719 et
3103 5668 3234 5719 circa
3275 5670 3424 5720 ﬁnem
3459 5669 3607 5730 hujus

291 5749 387 5802 quo
408 5736 696 5799 loquebatur
730 5737 958 5788 monachi
983 5739 1033 5788 et
1060 5737 1335 5799 presbyteri
1361 5738 1455 5787 sui.
1497 5749 1526 5783 ››

2004 5739 2088 5786 aut
2108 5734 2297 5786 initium
2323 5736 2575 5797 sequentis
2598 5737 2737 5800 nugo
2761 5749 2848 5801 per
2871 5736 3060 5800 legatos
3078 5736 3259 5800 petitus
3281 5736 3332 5788 in
3356 5735 3595 5799 priorem.
