3938 6410
409 352 512 406 963

1298 348 1354 402 8.
1396 345 1708 403 HUGONIS
1746 346 1962 403 EPISC.
2004 339 2326 403 LINCOLN.
2369 347 2534 406 0RD.
2575 349 2824 406 CARTH.

3610 348 3734 404 96‘

415 472 586 529 verba
610 472 870 544 pleraque
900 472 972 527 ab
1003 472 1195 528 eodem
1225 471 1499 544 inquirere
1526 473 1707 544 coepit.
1730 473 1871 528 Nam
1892 473 2076 543 (44)Δ
2106 472 2354 543 partibus
2410 474 2588 531 adhuc
2634 475 2833 530 nostris
2891 473 3220 530 sanctissimi
3275 473 3484 530 ordinis
3540 473 3718 542 hujus

415 561 619 616 dudum
648 569 847 617 sancte
875 559 1020 616 illius
1053 561 1479 616 conversationis
1511 561 1654 617 fama
1672 569 2002 632 praeventus,

415 650 684 707 asciverat
720 649 789 705 de
819 649 983 706 domo
1009 649 1236 721 prmfata
1263 650 1530 722 quosdam
1560 649 1776 717 fratres,
1809 649 2006 721 quibus

417 747 472 795 et
498 755 563 794 ex
591 738 746 804 locis,
779 753 944 810 quam
970 738 1074 809 ipsi
1111 739 1415 810 elegerant,
1448 738 1505 794 in
1533 739 1743 810 Anglia
1769 737 2010 794 contule-

417 835 502 882 rat
529 826 736 893 villam,
765 826 973 882 scilicet
999 827 1353 882 Withamiam
1400 828 1512 896 (45)
1572 827 1922 898 appellatam,
1951 827 2006 881 in

417 915 763 971 Bathoniensi
818 915 1088 972 territorio
1146 916 1305 971 sitam
1335 960 1350 984 ,
1429 932 1551 972 cum
1617 914 1778 972 terris
1833 915 2004 983 silvis,

416 1019 538 1058 cum
601 1003 823 1074 pascuis
905 1012 960 1059 et
1041 1003 1263 1060 vinariis
1295 1047 1309 1071 ,
1381 1021 1480 1060 nec
1562 1019 1673 1060 non
1752 1013 1806 1060 et
1888 1003 2008 1058 aliis

415 1091 706 1148 fundandae
761 1091 904 1148 illius
959 1092 1165 1148 ordinis
1221 1093 1408 1148 domui
1476 1092 1822 1149 necessariis.
1903 1091 2009 1160 Qui

415 1196 548 1236 vero
592 1180 870 1252 praedictis
928 1179 1187 1236 fratribus
1241 1182 1396 1252 prior
1452 1180 1628 1237 fuerat
1684 1181 2009 1252 designatus

419 1270 552 1340 (46),
584 1269 652 1324 ad
684 1269 853 1325 breve
884 1270 971 1325 vix
1000 1277 1216 1342 tempus
1243 1269 1298 1324 in
1328 1269 1525 1341 Anglia
1554 1269 1757 1341 degere
1783 1269 2009 1340 acquie-

416 1357 517 1413 vit.
574 1357 851 1414 Vacationi
879 1373 1117 1430 namque
1139 1366 1192 1413 et
1230 1358 1396 1429 quieti
1428 1357 1736 1413 solitudinis
1765 1355 2010 1412 assuefa-

418 1453 556 1513 ctus,
587 1446 868 1518 negotium
897 1445 1274 1502 sollicitudinis
1304 1453 1468 1502 tanta:
1497 1445 1888 1501 constructioni
1917 1445 2012 1499 de-

416 1534 589 1590 bitum
639 1544 820 1590 mente
865 1534 1098 1591 delicata
1142 1551 1250 1592 non
1283 1535 1504 1590 ferebat.
1548 1533 1806 1590 Taedebat
1863 1550 2008 1601 eum,

417 1623 527 1680 imo
558 1631 611 1680 et
640 1624 820 1680 socios
861 1625 979 1693 ejus
1025 1639 1165 1695 pene
1196 1631 1438 1688 cunctos,
1476 1624 1606 1678 ritus
1649 1624 1829 1695 gentis
1873 1622 2010 1678 alie-

421 1712 654 1784 nigenae,
689 1713 861 1768 diaetae
896 1711 1148 1779 insolitae,
1182 1721 1236 1768 et
1263 1720 1583 1770 caeterorum
1619 1728 1739 1784 qum
1769 1711 2012 1767 moribus

2105 563 2362 635 plantatio
2391 563 2656 620 cultorem
2684 563 2891 620 habere
2920 563 3178 619 meruerit
3215 570 3377 634 atque
3407 570 3710 631 rectorem,

2107 653 2360 708 videbitis
2390 669 2511 708 eam
2539 653 2816 710 laetissime
2855 652 2925 707 ad
2957 667 3172 708 omnem
3230 651 3407 707 subito
3463 650 3716 724 gratiam

2107 739 2486 798 fructificando
2547 740 2832 814 proﬁcere.
2876 742 3010 797 Tota
3064 741 3288 811 insuper
3339 739 3608 804 Ecclesia,
3654 746 3718 793 ut

2108 839 2290 887 certus
2321 847 2460 897 sum,
2492 830 2793 903 Anglicana
2839 829 2983 886 illius
3011 830 3314 902 purissime
3344 827 3629 899 religionis
3663 836 3720 882 et

2108 919 2534 990 religiosissima:
2561 919 2811 990 puritatis
2840 919 3013 975 nitore
3033 917 3315 975 venustius
3337 915 3709 973 decorabitur.

2110 1008 2379 1064 Caeterum
2408 1008 2552 1064 hunc
2581 1009 2664 1063 sui
2711 1007 2780 1063 de
2834 1006 2981 1063 facili
3011 1022 3121 1062 non
3176 1005 3417 1062 emittent
3443 1006 3512 1060 de
3542 1005 3718 1060 domo

2111 1111 2229 1152 sua.
2262 1098 2386 1167 Ipse
2443 1113 2658 1168 quoque
2707 1095 2924 1152 nonnisi
2971 1103 3194 1151 coactus
3223 1103 3277 1151 et
3318 1094 3536 1159 invitus,
3567 1092 3719 1149 alte-

2110 1185 2224 1240 rius
2254 1184 2604 1240 habitationis
2649 1184 2818 1240 adibit
2875 1185 3083 1240 sedem.
3142 1182 3448 1239 Favorabili
3476 1182 3716 1254 proinde

2109 1289 2172 1330 ac
2203 1281 2427 1329 strenua
2455 1290 2592 1345 opus
2625 1281 2708 1329 est
2745 1273 3018 1346 legatione
3054 1291 3068 1328 :
3100 1287 3334 1344 operosa
3389 1272 3552 1326 etiam
3581 1287 3715 1342 pre-

2111 1378 2236 1420 cum
2265 1362 2558 1418 ambitione
2588 1363 2888 1431 nitendum,
2913 1368 3199 1434 quatenus,
3227 1361 3333 1417 hoc
3363 1360 3480 1416 solo
3528 1375 3714 1432 quan-

2111 1453 2286 1508 tocius
2315 1451 2622 1523 impetrato,
2656 1459 2709 1508 et
2736 1459 2920 1506 vester
2957 1450 3028 1507 de
3056 1459 3251 1506 caetero
3292 1449 3505 1504 animus
3534 1464 3568 1504 a
3599 1447 3716 1502 sol-

2111 1539 2403 1596 licitudinis
2434 1541 2591 1610 hujus
2617 1539 2881 1595 molestiis
2909 1539 3195 1605 relevetur,
3232 1545 3286 1594 et
3313 1537 3432 1594 haec
3459 1536 3714 1592 sublimis

2111 1629 2307 1702 religio
2337 1629 2403 1683 ad
2434 1629 2665 1699 gloriam
2696 1627 3030 1684 excellentiae
3056 1636 3255 1684 vestra:
3289 1626 3556 1699 insignius
3583 1640 3717 1697 pro—

2113 1726 2364 1791 pagetur.
2401 1718 2693 1775 Invenietis
2743 1717 2887 1774 enim
2925 1717 2980 1772 in
3025 1731 3134 1772 uno
3160 1716 3265 1771 isto
3311 1715 3530 1771 homine
3585 1730 3714 1770 cum

420 1801 751 1856 advenarum
773 1810 825 1857 et
841 1801 982 1856 votis
1003 1800 1057 1856 in
1079 1800 1198 1858 solo
1221 1801 1515 1873 peregrino
1547 1801 1614 1856 de
1649 1800 1794 1856 facili
1823 1807 2012 1872 partu-
2034 1825 2088 1885 Β
2117 1815 2436 1863 ceterarum
2458 1807 2716 1862 virtutum
2737 1805 2976 1875 cumulo,
3001 1804 3260 1878 quidquid
3283 1803 3718 1877 longanimitatis

421 1889 568 1944 riunt
589 1889 966 1945 offensionem.
1013 1890 1151 1944 Nam
1178 1897 1231 1944 et
1285 1888 1700 1961 provincialium
1739 1888 2014 1944 nonnullis

421 1977 806 2034 formidolosus
837 1994 1022 2034 eorum
1052 1979 1335 2034 videbatur
1361 1994 1483 2034 esse
1515 1979 1570 2034 in
1603 1993 1732 2033 suos
1755 1977 1893 2032 ﬁnes
1916 1991 2013 2032 ac-

421 2080 629 2130 cessus,
664 2065 865 2121 frustra
895 2066 1100 2123 scilicet
1129 2067 1238 2123 illis
1284 2067 1651 2123 metuentibus
1683 2065 1807 2135 sibi,
1840 2081 1909 2122 ne
1937 2064 2015 2120 illi

420 2154 661 2225 propriis
717 2154 896 2210 minus
915 2156 1153 2210 contenti
1184 2155 1464 2222 limitibus,
1499 2171 1683 2210 eorum
1742 2169 2016 2224 occupan-

421 2241 508 2297 dis
531 2241 816 2313 jugeribus
844 2242 1134 2298 inhiarent.
1172 2243 1349 2311 Quem
1403 2242 1784 2315 indigenarum
1815 2243 2014 2297 adver-

421 2346 540 2386 sum
563 2346 621 2386 se
644 2331 745 2386 viri
794 2331 1112 2388 innocentes
1143 2331 1631 2402 motumpullulare
1685 2331 2004 2398 sentientes,

418 2418 662 2489 priorem
692 2435 850 2474 suum
878 2420 946 2474 ad
977 2420 1199 2476 domum
1241 2420 1420 2475 redire
1462 2421 1849 2491 permiserunt,
1884 2435 2015 2491 qua-

419 2515 577 2562 tenus
604 2509 1002 2564 communicato
1043 2525 1165 2564 cum
1220 2509 1352 2565 viris
1409 2509 1613 2564 sanctis
1644 2508 1894 2574 consilio,
1929 2507 2014 2569 vel

419 2597 778 2669 animaequior
805 2597 923 2668 ipse
952 2598 1170 2664 rediret,
1204 2598 1292 2654 vel
1321 2597 1484 2653 alium
1517 2598 1638 2654 loco
1669 2614 1769 2653 suo
1799 2598 1868 2652 ad
1909 2598 2016 2653 hoc

419 2686 596 2756 magis
626 2685 980 2742 sufficientem
1007 2687 1268 2743 destinari
1299 2687 1588 2743 obtineret.
1642 2687 1820 2742 Rediit
1857 2701 2012 2757 ergo,

419 2783 471 2830 et
499 2773 622 2830 loco
652 2775 768 2844 ejus
799 2775 936 2831 alius
967 2775 1212 2843 mittitur,
1246 2776 1336 2848 qui
1366 2776 1525 2832 taedio
1570 2775 1732 2830 simili
1761 2775 2010 2840 affectus,

418 2871 594 2920 morte
623 2862 784 2919 beata
832 2864 996 2920 finem
1044 2865 1296 2920 laborum
1351 2873 1404 2919 et
1441 2864 1566 2919 vitae
1613 2863 1824 2918 initium
1856 2863 2014 2919 citius

419 2950 646 3022 accepit.
677 2951 893 3023 Reliqui
923 2953 1061 3008 inter
1089 2953 1188 3007 ista
1219 2952 1413 3008 fratres
1434 2952 1598 3006 variis
1654 2951 2015 3022 perturbatio-

421 3055 550 3096 num
570 3040 825 3111 procellis
850 3041 1177 3096 unanimiter
1196 3041 1551 3097 fluctuabant.
1574 3041 1688 3097 Rex
1717 3040 1834 3112 ipse
1855 3056 2017 3112 ange-

421 3129 580 3184 batur
624 3129 937 3184 medullitus
965 3130 1036 3184 ad
1065 3130 1201 3186 haec.
1235 3130 1410 3200 Coepit
1452 3145 1689 3201 namque
1729 3127 2018 3201 imaginari

416 3218 528 3287 jam
549 3224 601 3273 et
615 3217 906 3289 pertimere
924 3217 1089 3274 futuri
1106 3226 1288 3274 notam
1309 3217 1539 3286 ruboris,
1565 3234 1672 3290 qua
1691 3217 2016 3273 inurendum

423 3321 486 3361 se
510 3315 736 3362 noverat
765 3307 910 3378 apud
936 3315 1223 3378 magnates
1251 3307 1542 3362 multarum
1571 3307 1626 3361 in
1658 3306 1884 3362 circuitu
1917 3319 2016 3360 na-

422 3393 648 3460 tionum,
683 3395 729 3450 si
753 3403 932 3467 coepta
959 3395 1098 3452 adeo
1129 3396 1387 3465 salubria,
1437 3396 1576 3452 adeo
1620 3395 1829 3451 cunctis
1859 3401 2014 3450 exte-

422 3483 500 3540 ris
525 3485 781 3557 gentibus
801 3484 1134 3552 favorabilia,
1160 3485 1496 3557 nequivisset
1533 3499 1939 3542 consummare.

493 3630 540 3683 Α
568 3627 683 3684 viro
712 3628 875 3700 igitur
892 3637 1195 3685 memorato
1226 3643 1388 3698 super
1410 3627 1493 3683 his
1520 3627 1628 3683 tale
1655 3626 1864 3696 recepit
1884 3641 2018 3682 con-

423 3715 603 3771 silium
636 3731 649 3770 :
679 3717 748 3771 ab
802 3716 908 3783 his,
940 3717 1132 3790 inquit,
1192 3717 1413 3772 domine
1468 3715 1545 3770 mi
1589 3731 1704 3779 rex,
1764 3714 2017 3770 fluctibus

421 3803 584 3860 unico
612 3819 710 3862 vos
747 3813 801 3860 et
833 3804 1212 3862 efﬁcacissimo
1241 3804 1474 3860 liberare
1503 3803 1732 3874 potestis
1763 3801 2013 3858 consilio.

421 3892 521 3947 Est
549 3892 607 3948 in
634 3891 798 3948 domo
827 3894 1126 3950 Carthusim
1155 3893 1374 3965 quidam
1395 3892 1712 3960 monachus,
1743 3892 2014 3947 natalibus

424 3979 644 4050 quidem
675 3981 871 4049 clarus,
905 3982 1002 4038 sed
1023 3997 1232 4038 morum
1264 3981 1581 4036 strenuitate
1611 3980 1775 4052 longe
1795 3981 2020 4051 praecla-

423 4067 554 4134 rior,
587 4070 806 4125 nomine
835 4071 994 4142 Hugo
1023 4070 1090 4126 de
1130 4069 1364 4125 Avalim.
1415 4070 1516 4125 Hic
1562 4070 1709 4124 omni
1758 4069 2019 4124 virtutum

425 4161 609 4238 gratia
636 4161 941 4224 decoratus,
977 4160 1052 4215 ita
1079 4167 1161 4215 est
1180 4159 1432 4214 omnibus
1463 4159 1555 4231 qui
1585 4175 1709 4214 eum
1752 4165 2019 4216 noverunt

425 4259 684 4325 acceptus
716 4257 768 4306 et
798 4249 1092 4323 gratiosus,
1115 4256 1172 4303 ut
1198 4257 1420 4320 aspectu
1452 4248 1570 4304 solo
1608 4247 1851 4303 omnium
1881 4247 1935 4302 in
1957 4263 2016 4303 se

423 4341 605 4416 rapiat
630 4339 877 4396 affectus.
930 4337 1034 4406 Qui
1064 4353 1193 4393 vero
1215 4337 1377 4392 etiam
1406 4337 1475 4391 ab
1505 4352 1598 4392 ore
1629 4337 1744 4404 ejus
1787 4337 2018 4392 verbum

423 4431 613 4486 audire
632 4435 930 4494 merentur,
954 4435 1213 4498 tanquam
1241 4427 1485 4483 divinum
1513 4442 1572 4480 se
1603 4425 1690 4480 vel
1709 4425 2019 4498 angelicum

2119 1905 2171 1952 et
2199 1895 2523 1962 dulcedinis,
2558 1895 2820 1967 quidquid
2850 1893 3312 1968 magnanimitatis
3343 1900 3399 1948 et
3451 1907 3717 1949 mansue-

2115 1985 2316 2040 tudinis
2371 1985 2427 2040 in
2467 1985 2650 2056 aliquo
2697 1984 3003 2039 mortalium
3057 1983 3257 2054 poterit
3287 1981 3534 2054 reperiri.
3564 1980 3718 2036 Nulli

2114 2075 2276 2144 hujus
2299 2089 2422 2130 esse
2459 2075 2675 2146 ingrata
2721 2071 2971 2129 vicinitas
3018 2079 3111 2127 aut
3150 2070 3478 2128 cohabitatio
3526 2069 3711 2136 valet;

2115 2164 2294 2219 nullus
2324 2166 2468 2220 hunc
2523 2162 2734 2232 vitabit,
2765 2171 2824 2216 ut
2863 2161 3263 2233 alienigenam;
3294 2159 3475 2216 nullus
3503 2173 3614 2214 non
3654 2165 3716 2212 ut

2115 2253 2308 2320 civem,
2364 2252 2547 2307 nullus
2587 2267 2698 2308 non
2753 2259 2814 2306 ut
2857 2248 3237 2315 domesticum,
3268 2256 3328 2303 ut
3381 2247 3626 2313 fratrem,
3657 2254 3718 2302 ut

2115 2341 2352 2397 amicum
2371 2341 2635 2410 intimum,
2668 2341 2821 2394 illum
2861 2337 3132 2409 respiciet.
3166 2338 3305 2393 Nam
3323 2344 3378 2393 et
3405 2337 3524 2408 ipse
3550 2350 3717 2391 omne

2114 2430 2412 2485 humanum
2462 2444 2639 2501 genus
2687 2443 2797 2482 non
2854 2426 3012 2484 aliter
3055 2440 3220 2498 quam
3265 2425 3491 2497 propria
3531 2431 3710 2479 atten-

2114 2517 2194 2573 dit
2222 2517 2454 2583 viscera,
2487 2517 2776 2572 universos
2822 2515 3070 2572 homines
3100 2513 3447 2586 amplectitur
3475 2520 3529 2568 et
3556 2510 3713 2567 fovet

2115 2605 2257 2661 ulnis
2301 2615 2354 2662 et
2397 2605 2611 2678 gremio
2637 2605 2812 2661 unicae
2850 2605 3146 2660 charitatis.

2187 2696 2314 2751 Hzec
2346 2703 2398 2750 et
2428 2695 2483 2750 in
2509 2695 2654 2751 hunc
2689 2694 2912 2750 modum
2931 2693 3167 2766 plurima
3196 2693 3315 2764 ipse
3344 2691 3574 2748 dixerat.
3610 2691 3714 2748 Di-

2118 2785 2262 2840 centi
2320 2799 2537 2856 quoque
2587 2799 2683 2841 rex
2733 2783 2966 2839 multum
3041 2781 3382 2855 applaudens
3411 2790 3465 2837 et
3506 2781 3719 2855 gratias

2115 2889 2305 2946 agens,
2339 2872 2527 2944 dirigit
2573 2887 2737 2944 quam
2786 2870 3068 2928 celerrime
3111 2886 3238 2927 cum
3281 2869 3476 2926 litteris
3543 2870 3719 2942 regiis

2116 2962 2187 3017 ad
2215 2962 2439 3017 domum
2464 2967 2710 3017 sanctam
2731 2959 3032 3016 Carthasim
3077 2959 3419 3016 venerabiles
3475 2958 3709 3030 legatos,

2116 3050 2397 3106 dominum
2426 3049 2680 3106 videlicet
2717 3047 3082 3120 Reginaldum
3131 3051 3243 3117 (47)
3295 3047 3718 3104 Bathoniensem

2118 3138 2458 3210 episcopum,
2513 3137 2960 3210 cognominatum
3013 3136 3337 3203 Lumbrach,
3370 3144 3423 3192 et
3479 3149 3600 3191 cum
3648 3149 3719 3190 eo

2118 3227 2262 3284 viros
2293 3225 2557 3299 quosdam
2596 3233 2848 3282 strenuos
2891 3233 2945 3281 et
2986 3224 3301 3282 industrios.

2760 3413 2986 3469 CAPUT
3054 3413 3122 3468 II.

2121 3559 2378 3626 Qualiter
2398 3558 2595 3613 nuntii
2611 3555 2683 3611 ad
2707 3555 3068 3613 Cartliusiam
3099 3556 3390 3627 veniente:
3427 3569 3596 3627 super
3615 3570 3717 3626 pe-

2191 3630 2394 3684 titione
2423 3645 2529 3684 sua
2571 3628 2916 3684 invenerunt
2947 3630 3158 3698 fratres
3203 3626 3716 3698 dissentientemet

2189 3701 2375 3772 quali:
2404 3703 2528 3755 erat
2542 3699 2847 3772 _sententia
2877 3697 3058 3772 ipsius
3086 3697 3154 3754 de
3184 3697 3709 3772 ipsaiexaudienda,

2190 3769 2247 3828 et
2278 3770 2378 3827 hoc
2406 3774 2491 3826 est
2525 3769 2656 3842 Cap.
2691 3773 2744 3835 3,
2783 3771 2846 3824 in
2873 3769 3020 3825 serie
3049 3783 3269 3840 magnae
3305 3771 3459 3825 Vitae.

2194 3894 2489 3950 Venientes
2519 3901 2696 3949 autem
2727 3892 2872 3965 regis
2909 3891 3075 3963 legati
3103 3891 3173 3948 ad
3230 3891 3592 3960 Carthusiam,
3628 3905 3719 3946 as-

2121 3990 2337 4054 sumpto
2366 3998 2553 4038 secum
2585 3981 2889 4037 venerabili
2921 3983 3032 4050 (48)
3068 3979 3573 4053 Gratianopolitano
3597 3979 3714 4050 epi—

2121 4086 2307 4142 scopo,
2343 4071 2515 4141 ipsius
2570 4070 2674 4127 loci
2722 4070 3052 4134 dioecesano,
3111 4069 3313 4124 litteras
3369 4068 3584 4124 Domini
3632 4067 3714 4122 sui

2121 4160 2290 4232 priori
2319 4167 2371 4215 ct
2415 4159 2672 4215 fratribus
2720 4166 3076 4229 praesentatas
3127 4158 3489 4230 persuasoriis
3535 4155 3715 4211 verbis

2121 4247 2438 4320 suppliciter
2467 4254 2520 4303 et
2550 4255 2770 4302 strenue
2801 4254 3226 4318 prosequuntur.
3281 4245 3551 4302 Omnibus
3579 4261 3708 4300 vero

2120 4337 2191 4392 ad
2229 4335 2463 4408 primum
2493 4334 2822 4392 contristatis
2842 4335 3104 4402 auditum,
3129 4335 3282 4406 prior
3302 4351 3467 4406 quam
3485 4333 3712 4389 maxime

2122 4425 2490 4492 conturbatur,
2552 4425 2974 4496 procrastinatur
3017 4439 3204 4479 eorum
3235 4424 3540 4495 responsio,
3579 4438 3712 4478 con-

424 4519 665 4594 gaudent
693 4516 977 4574 oraculum
1016 4516 1351 4588 percepisse.
1404 4516 1559 4570 Hunc
1615 4514 1662 4569 si
1718 4514 1934 4570 novella
1963 4515 2019 4570 in
2040 4507 2094 4567 D
2125 4513 2366 4570 scientiae
2407 4522 2462 4568 et
2489 4522 2613 4569 vota
2633 4529 2801 4585 super
2816 4511 3038 4585 negotio
3069 4512 3161 4567 tali
3192 4512 3554 4568 discutiuntur
3583 4511 3714 4566 inte-

494 4699 606 4765 (44)
629 4703 789 4762 Anno,
831 4701 885 4748 ut
920 4697 1132 4765 videtur,
1172 4697 1302 4746 H75
1342 4708 1427 4765 rex
1449 4695 1599 4765 enim
1624 4695 1860 4765 Henricus
1877 4694 2018 4765 juxta

423 4761 623 4830 Pagium
649 4769 697 4818 in
723 4767 906 4816 criticis
929 4766 988 4814 ad
1014 4763 1203 4813 initium
1230 4764 1412 4812 mensis
1442 4762 1552 4812 Julii
1583 4774 1710 4830 anno
1741 4763 1867 4812 1174
1893 4761 2021 4830 visi-

424 4828 546 4888 tavit
570 4835 786 4886 tumbam
811 4833 908 4881 divi
933 4833 1137 4880 Thomze
1165 4849 1175 4878 :
1207 4833 1256 4879 et
1279 4831 1360 4879 illa
1408 4830 1623 4889 visitata,
1651 4828 1790 4889 juxta
1819 4829 2019 4878 Trivet-

426 4910 528 4955 tum
571 4905 621 4952 in
647 4899 906 4958 Chronico,
945 4897 1089 4947 rediit
1124 4897 1173 4946 in
1213 4897 1636 4948 Northmanniam.
1679 4898 1793 4946 Post
1834 4896 2020 4944 Pascha

423 4983 539 5020 vero
559 4968 703 5017 annui
733 4968 860 5016 H75
888 4979 899 5012 :
931 4965 1037 5012 Rex
1059 4964 1220 5014 senior
1244 4965 1412 5027 (verba
1431 4968 1544 5014 sunt
1563 4961 1798 5027 Trivetti)
1821 4965 1872 5012 et
1894 4961 2021 5012 ﬁlius

427 5038 530 5098 ejus
556 5048 644 5085 rex
663 5033 847 5094 junior,
874 5032 923 5080 in
948 5031 1171 5091 Angliam
1197 5031 1558 5081 transfretavit.
1594 5050 1616 5072 ι

494 5119 596 5181 (15)
624 5118 732 5193 V_el,
769 5118 826 5193 ut
869 5115 917 5164 in
958 5117 1222 5166 Monastico
1259 5117 1526 5178 Anglicano
1574 5114 1771 5176 legitur,
1813 5113 1862 5162 in
1905 5125 2023 5175 agro

424 5189 801 5237 Somersetensi.

494 5276 604 5342 (46)
627 5277 748 5326 Dum
774 5277 905 5339 prior
928 5277 1100 5340 primis
1135 5275 1185 5326 in'
1227 5276 1444 5326 Witham
1492 5288 1550 5325 ex
1593 5271 2022 5342 Anglia‘rediitin

423 5339 823 5406 Carthusiam,et
845 5339 968 5396 alter
1001 5345 1115 5394 inde
1142 5345 1253 5394 illuc
1296 5343 1473 5393 missus
1515 5342 1657 5392 citius
1704 5339 1841 5401 obiit,
1884 5340 2022 5389 facile

427 5413 703 5529 triennium.
719 5411 858 5475 abiit,
907 5415 1170 5474 antequam
1212 5412 1348 5472 Hugo
1381 5407 1703 5459 Withamiam
1744 5407 2024 5457 mitteretur

436 5492 569 5541 prior
613 5491 666 5528 er
692 5491 783 5528 ius.

493 5561 596 5625 (17)
637 5563 844 5612 Beronio
909 5565 1056 5622 teste,
1083 5558 1379 5621 Reginaldus
1415 5572 1542 5609 anno
1584 5561 1714 5611 1173
1737 5560 2018 5623 designatus

422 5630 693 5694 episcopus,
722 5631 1037 5679 consecratur
1069 5639 1197 5694 anno
1233 5627 1510 5694 sequentia
1534 5627 1586 5677 S.
1614 5628 1758 5694 Petro
1783 5629 2020 5678 Tarenta-

421 5692 592 5762 siensi,
619 5700 672 5748 ut
694 5695 850 5748 refert
889 5692 1228 5747 Henschenius
1269 5692 1320 5742 in
1357 5692 1567 5756 praelim.
1609 5695 1670 5746 ad
1693 5693 1796 5756 ejus
1836 5694 2017 5746 Vitam.

2121 4696 2210 4757 Qui
2231 4707 2342 4745 cum
2369 4707 2494 4745 anno
2521 4694 2649 4744 1178
2675 4695 2854 4744 missus
2877 4693 3023 4744 fuerit
3047 4693 3236 4754 legatus
3274 4693 3506 4742 adversus
3530 4690 3722 4741 haereti-

2120 4775 2205 4812 cos
2229 4763 2510 4822 Tolosanos,
2541 4765 2589 4812 et
2612 4773 2737 4811 anno
2762 4761 2984 4822 sequenti
3010 4760 3288 4809 interfuerit
3310 4760 3512 4808 concilio
3531 4761 3718 4808 Latera-

2123 4831 2283 4889 nensi,
2313 4842 2406 4878 non
2432 4829 2638 4878 obscure
2666 4829 2927 4890 colligitur,
2958 4827 3096 4876 illum
3121 4828 3259 4876 circa
3286 4825 3431 4876 finem
3469 4837 3550 4875 an.
3594 4823 3714 4873 1177

2125 4897 2326 4946 missum
2349 4897 2497 4946 fuisse
2521 4896 2582 4946 ad
2606 4894 2916 4946 Carthusiam
2958 4907 3046 4955 pro
3085 4893 3374 4956 postulando
3417 4893 3468 4942 in
3509 4891 3713 4956 priorem

2122 4965 2343 5026 llugone.

2195 5090 2303 5157 (58)
2327 5094 2543 5143 Prmerat
2567 5106 2622 5142 eo
2647 5093 2867 5152 tempore
2899 5089 3196 5152 episcopatui
3234 5089 3446 5138 Joannes
3476 5100 3541 5157 ex
3566 5087 3713 5157 domi-

2125 5155 2298 5210 norum
2324 5161 2386 5209 de
2410 5161 2683 5222 Sassenage
2705 5157 2968 5219 propagine
2989 5160 3126 5206 ortus
3145 5196 3157 5218 ,
3176 5169 3236 5205 ex
3259 5155 3582 5205 Carthusiano
3605 5155 3719 5216 epis-

2124 5239 2292 5288 copus.
2321 5229 2387 5276 De
2415 5241 2507 5288 quo
2533 5228 2582 5276 in
2607 5225 2733 5275 serie
2773 5225 3108 5286 episcoporum
3150 5235 3209 5272 ex
3245 5222 3414 5272 ordine
3455 5225 3716 5284 assumpto-

2125 5306 2229 5342 mm
2252 5295 2318 5343 ita
2342 5295 2573 5344 scribitur
2599 5311 2611 5342 :
2651 5313 2670 5334 ι
2700 5293 2754 5340 1).
2782 5292 2994 5340 Joannes
3019 5302 3077 5339 ex
3101 5289 3425 5340 Carthusiano
3473 5289 3716 5351 cpiscopus

2123 5357 2837 5424 GratianOpolitanus,optimis
2858 5357 3073 5424 moribus
3108 5355 3255 5424 domi
3285 5357 3498 5424 forisque
3534 5359 3714 5424 specta-

2126 5430 2224 5486 tus,
2251 5427 2312 5476 ab
2331 5422 2458 5477 anno
2483 5429 2610 5477 1165
2629 5437 2783 5486 usque
2809 5425 2868 5474 ad
2895 5423 3101 5474 Kalend.
3132 5423 3281 5482 Junii,
3326 5435 3418 5483 qua
3455 5423 3533 5472 die
3579 5422 3716 5472 clx-los

2121 5506 2250 5542 anno
2280 5494 2408 5544 1194
2429 5494 2584 5544 addit.
2612 5508 2630 5540 ι
2672 5491 2837 5542 Abbas
2861 5491 3093 5540 Morotius
3137 5490 3198 5539 de
3226 5489 3354 5538 illius
3397 5489 3546 5549 obitu,
3581 5501 3712 5550 quem

2122 5561 2184 5609 ad
2209 5572 2361 5610 annos
2380 5561 2543 5622 plures
2585 5558 2772 5619 differt,
2814 5559 2921 5608 haec
2958 5557 3169 5606 scribit:
3209 5577 3229 5597 ι
3256 5556 3467 5606 Subinde
3504 5556 3718 5605 aetatibus

2125 5626 2226 5675 suis
2251 5621 2478 5689 expletis,
2506 5624 2833 5690 placidissima
2880 5624 2992 5674 vitae
3036 5621 3266 5686 clausula,
3314 5633 3422 5674 sese
3446 5622 3508 5673 ad
3531 5623 3719 5674 aeterni-

2128 5697 2283 5745 tatem
2306 5693 2599 5757 composuit.
2630 5709 2650 5743 ι
