3938 6412
172 352 284 405 965

1537 347 1722 403 VITA.
1762 370 1832 382 —
1870 343 2000 399 LIB.
2050 348 2122 401 II.

3387 349 3490 402 666

177 473 285 528 rim
316 474 675 546 singulorum.
708 475 858 529 Prior
887 475 1095 544 primus
1124 474 1370 545 petitioni
1401 473 1616 544 penitus
1646 485 1780 526 con-
1803 467 1858 526 Α
1887 468 2121 542 denique
2151 471 2206 525 in
2237 485 2336 526 sua
2351 472 2612 542 petitione
2644 471 3020 540 exaudiantur,
3043 478 3099 526 ut
3127 470 3402 544 gaudeant
3432 488 3492 528 se

177 562 420 629 tradicit,
456 571 507 617 et
538 558 767 618 fratrum
799 563 854 616 in
883 563 1104 617 diversa
1135 563 1368 618 variatur
1405 560 1689 618 sententia.
1724 559 1792 614 Hi

183 650 354 705 talem
403 651 601 718 virum,
637 659 690 706 et
719 651 1058 706 universitati
1106 651 1311 706 ordinis
1343 652 1455 721 (49)
1485 650 1623 705 adeo
1655 665 1790 720 pro-

183 738 446 805 futurum,
480 741 534 794 in
569 749 677 794 tam
709 748 911 795 remota
942 740 1062 795 loca
1091 740 1255 812 dirigi
1287 740 1591 794 nullatenus
1621 753 1791 808 opor-

188 835 308 883 tere
337 829 613 884 dicebant.
647 830 771 898 Alii,
802 845 1033 900 quorum
1064 845 1202 884 unus
1232 829 1482 884 dominus
1505 827 1617 897 (50)
1645 829 1792 882 Bovo

190 915 292 971 fuit
322 918 504 987 (quem
550 924 740 988 postea
785 918 1021 987 priorem
1071 918 1382 972 Withamiae
1429 918 1545 972 haec
1595 916 1793 986 sazpius

188 1005 512 1060 referentem
559 1006 886 1075 audivimus)
919 1021 952 1060 a
982 1008 1096 1061 Deo
1128 1006 1323 1061 exiisse
1371 1005 1598 1060 verbum
1648 1003 1794 1076 regis

191 1093 528 1160 asserebant,
576 1109 679 1149 nec
738 1102 911 1148 tutum
957 1095 1337 1150 contradicere
1376 1111 1498 1148 esse
1545 1091 1794 1164 plurimis

191 1182 494 1237 rationibus
543 1182 866 1238 edocebant.
905 1205 926 1232 α
962 1185 1091 1248 Vos,
1139 1183 1310 1254 inquit
1354 1184 1518 1247 Bovo,
1573 1181 1794 1236 nescitis

193 1269 510 1341 quidquam,
563 1286 663 1326 nec
714 1271 987 1343 cogitatis,
1035 1272 1164 1342 quia
1211 1286 1448 1341 superna
1511 1268 1794 1340 dispositio

193 1358 325 1414 facit
355 1359 472 1414 haec
501 1360 680 1413 omnia
711 1367 766 1412 ut
787 1360 998 1413 ordinis
1025 1361 1184 1428 hujus
1215 1359 1469 1415 sanctitas
1491 1375 1591 1430 per
1620 1358 1795 1413 virum

193 1455 444 1503 sanctum
471 1465 643 1518 usque
677 1447 729 1501 in
759 1464 1045 1518 supremos
1088 1449 1275 1502 mundi
1323 1449 1522 1502 limites
1550 1447 1794 1518 splendi-

196 1535 322 1590 dius
351 1537 644 1592 elucescat.
677 1536 784 1591 Sed
816 1552 993 1607 neque
1025 1537 1223 1607 putetis
1251 1537 1400 1591 illum
1430 1537 1521 1591 diu
1551 1535 1652 1590 sub
1682 1551 1796 1589 mo-

191 1623 289 1679 dio
321 1624 655 1680 latebrarum
700 1632 1008 1679 nostrarum
1055 1641 1220 1695 posse
1268 1625 1529 1680 cohiberi.
1580 1624 1797 1680 Credite

191 1728 334 1768 mea}
378 1713 652 1783 parvitati,
687 1713 826 1767 inter
853 1714 1127 1784 praecipua
1173 1714 1432 1769 Ecclesiae
1479 1720 1680 1768 sanctae
1709 1712 1796 1766 lu-

1889 559 2090 629 utilius,
2126 576 2290 632 quam
2319 561 2607 631 petierunt,
2644 561 2947 615 exauditos.
2990 583 3010 609 τι

2517 721 2743 777 CAPUT
2773 721 2864 774 III.

1898 845 2155 912 Qualiter
2185 846 2409 900 domum
2439 846 2731 900 obtentum
2761 848 2862 910 est,
2897 849 2963 898 ut
3012 844 3194 899 adiret
3226 844 3490 914 Angliam

1964 917 2114 986 Huqo
2145 917 2216 971 ad
2247 933 2430 987 regem
2478 919 2722 978 veniens,
2761 920 2816 970 et
2845 916 3095 987 qualiter
3131 916 3495 971 Withamiam

1964 1004 2094 1042 cum
2126 988 2332 1043 honore
2361 987 2634 1042 deductus
2662 989 2758 1042 sit.

1966 1093 2110 1148 Licet
2141 1101 2320 1147 autem
2352 1093 2468 1148 haec
2515 1109 2638 1163 quae
2667 1091 2948 1162 praemissa
2999 1099 3141 1156 sunt,
3177 1109 3273 1148 seu
3305 1099 3357 1147 et
3387 1092 3496 1147 alia

1894 1195 1994 1251 pro
2026 1182 2108 1235 sui
2140 1182 2484 1236 excusatione
2524 1181 2807 1235 instantius
2837 1182 2997 1253 Hugo
3043 1189 3490 1252 prosequeretur,

1895 1269 2106 1324 interna
2131 1278 2308 1324 tamen
2337 1270 2692 1341 dispositione
2715 1277 2906 1325 cuncta
2938 1269 3178 1326 suaviter
3202 1270 3495 1325 moderan-

1894 1359 1962 1413 tis
1991 1359 2272 1429 sapientiae
2301 1359 2421 1424 Dei,
2455 1359 2762 1413 nullatenus
2793 1358 2964 1428 potuit
2992 1366 3152 1412 nutus
3182 1358 3266 1412 sui
3297 1357 3492 1415 effectu

1895 1448 2118 1518 privari.
2153 1447 2260 1501 Sed
2291 1463 2392 1501 nec
2423 1446 2617 1517 prioris
2648 1446 2865 1517 quidem
2897 1447 3277 1517 patrocinium,
3311 1448 3496 1519 Hugo-

1896 1552 2022 1589 nem
2050 1536 2285 1590 retinere
2315 1535 2603 1605 cupientis,
2629 1535 2678 1590 ei
2708 1543 2892 1590 contra
2921 1535 3310 1605 dispositarum
3331 1552 3360 1589 a
3381 1536 3497 1590 Deo

1898 1640 2078 1678 rerum
2107 1624 2356 1679 ordinem
2399 1631 2613 1694 poterat
2655 1623 2967 1694 suffragari.
3019 1623 3312 1695 Utriusque
3364 1639 3498 1679 vero

1899 1713 2276 1779 contradictio,
2310 1721 2363 1768 et
2411 1713 2606 1784 prioris
2651 1712 2905 1767 videlicet
2952 1721 3003 1768 et
3053 1712 3317 1783 Hugonis,
3368 1712 3498 1768 dum

193 1801 425 1856 minaria
454 1802 631 1872 ipsum
660 1802 717 1855 in
747 1802 897 1857 brevi
927 1803 1157 1856 audietis
1201 1819 1366 1873 super
1409 1801 1795 1857 candelabrum
1818 1821 1872 1883 Β
1901 1802 2207 1857 nescienter
2233 1802 2424 1856 nititur
2466 1800 2744 1873 refragari,
2799 1801 3140 1871 compellitur
3188 1802 3501 1857 necessario

196 1889 557 1946 ecclesiastici
589 1890 868 1963 regiminis
899 1890 1200 1946 sublimari.
1234 1891 1448 1946 Dudum
1493 1891 1637 1946 enim
1667 1890 1798 1944 mihi

195 1979 488 2034 virtutibus
511 1980 671 2051 Hugo
688 1979 978 2049 episcopus
1000 1979 1114 2051 (51)
1137 1980 1314 2050 potius
1334 1981 1483 2035 visus
1506 1987 1608 2046 est,
1634 1995 1798 2051 quam

195 2054 498 2122 nionachus
527 2068 818 2122 exstitisse.
858 2089 880 2117 ι

274 2156 580 2211 Postulatus
623 2156 842 2211 demum
892 2158 1047 2229 Hugo
1098 2173 1265 2228 super
1311 2158 1428 2213 haec
1463 2173 1616 2212 suam
1665 2173 1799 2228 pro-

197 2244 342 2300 ferre
389 2245 730 2311 sententiam,
780 2253 834 2300 et
864 2262 1018 2300 suam
1055 2246 1272 2316 aperire
1320 2247 1667 2312 voluntatem,
1732 2248 1802 2300 ita

197 2333 358 2388 citius
391 2333 505 2388 ait:
543 2357 564 2380 ιι
602 2333 872 2390 Voluntati
916 2350 1054 2388 mea;
1106 2351 1270 2405 super
1311 2342 1450 2389 statu
1499 2351 1621 2389 meo
1669 2335 1802 2388 nihil

197 2423 414 2492 penitus
450 2437 732 2478 reservare
758 2423 866 2491 jam
900 2423 1111 2493 pridem
1140 2423 1365 2479 edoctus
1396 2423 1490 2478 fui.
1526 2422 1670 2491 Quid
1699 2439 1799 2478 aur

202 2518 311 2566 tem
343 2510 412 2566 de
439 2511 524 2565 his
554 2527 683 2566 vere
715 2512 964 2576 sentiam,
998 2511 1168 2566 libere
1213 2528 1498 2582 exponam.
1534 2513 1594 2566 In
1621 2512 1803 2568 medio

201 2607 400 2654 vestrae
450 2600 749 2654 sanctitatis
811 2601 999 2655 tandiu
1064 2610 1434 2668 conversatus,
1484 2602 1706 2656 monitis
1754 2609 1807 2656 et

201 2688 465 2758 exemplis
488 2689 685 2743 vestris
706 2689 763 2742 in
783 2697 990 2742 tantum
1011 2689 1248 2758 adjutus,
1275 2706 1555 2760 nunquam
1571 2690 1658 2745 vel
1706 2706 1806 2760 per

201 2791 372 2831 unum
413 2776 556 2832 diem
605 2777 846 2832 animam
892 2793 1069 2833 meam
1119 2779 1396 2834 custodire
1444 2779 1595 2834 scivi.
1650 2779 1806 2835 Unde

201 2864 392 2931 miror,
427 2865 700 2936 quomodo
730 2865 784 2919 in
816 2867 1078 2936 sapientis
1105 2867 1336 2936 alicujus
1358 2867 1598 2922 animum
1621 2883 1808 2924 ascen-

201 2953 374 3018 deret,
409 2953 554 3024 quod
599 2953 672 3009 ad
714 2954 946 3010 aliorum
993 2956 1268 3026 regendas
1320 2956 1529 3011 animas
1576 2974 1676 3027 per
1720 2972 1808 3012 me

201 3042 380 3113 ipsum
410 3042 547 3096 mitti
568 3042 786 3114 longius
808 3043 1143 3100 debuissem.
1177 3044 1426 3113 Qualiter
1454 3061 1584 3101 vero
1612 3061 1809 3102 novam

203 3131 425 3187 domum
457 3130 736 3186 instituere
768 3132 1224 3204 suﬂicerem,_qui
1271 3135 1617 3206 antiquorum
1649 3134 1809 3190 insti-

202 3228 318 3275 tuta
347 3236 564 3276 servare
593 3221 859 3292 nequivi?
889 3222 1122 3277 Puerilia
1153 3231 1276 3278 sunt
1320 3224 1423 3278 ista
1450 3240 1572 3294 quae
1615 3225 1797 3291 audio,

201 3324 305 3366 nec
353 3309 758 3365 deliberationis
805 3318 965 3366 tantae
1022 3311 1217 3382 spatio,
1268 3311 1421 3368 salvo
1482 3313 1803 3369 reverentiae

201 3405 400 3455 vestrae
428 3397 787 3468 beneplacito,
811 3398 1153 3471 aliquatenus
1174 3400 1359 3472 digna.
1385 3401 1617 3456 Omissis
1637 3401 1804 3473 igitur

203 3488 275 3543 de
303 3495 503 3544 caetero
535 3487 729 3542 talibus
759 3502 894 3543 cura
923 3496 976 3542 et
1005 3488 1285 3561 negotium
1312 3490 1544 3544 arduum
1576 3490 1665 3558 sit,
1701 3505 1805 3546 nec

201 3577 415 3648 patiens
463 3576 756 3643 dilationis,
791 3585 1083 3649 vestraque
1113 3578 1325 3634 intersit
1352 3579 1584 3634 solerter
1613 3580 1803 3649 provi-

205 3665 358 3731 dere,
393 3682 462 3720 ne
492 3665 640 3735 regis
668 3665 811 3720 illius
840 3675 1020 3738 coepta
1049 3666 1119 3721 ad
1148 3667 1453 3738 periculum
1503 3669 1805 3724 animarum

204 3769 272 3810 ac
299 3753 506 3810 ordinis
535 3755 710 3810 sancti
739 3754 977 3810 dedecus
1005 3757 1342 3826 protelentur
1369 3756 1572 3812 diutius
1600 3757 1806 3828 imper-

205 3843 366 3899 fecta.
403 3846 444 3898 li
474 3843 648 3910 vobis,
691 3852 783 3898 aut
812 3861 877 3899 ex
927 3846 1139 3900 caeteris
1189 3845 1440 3901 domibus
1471 3846 1683 3912 vestris,
1721 3846 1807 3902 vi-

203 3949 325 3987 rum
352 3933 662 4004 quempiam
693 3933 764 3988 ad
795 3935 898 3990 hoc
918 3949 1054 4006 opus
1084 3934 1340 3991 idoneum
1373 3935 1578 4008 eligite,
1602 3943 1654 3990 et
1685 3951 1807 3991 cum

207 4021 328 4075 istis
353 4021 565 4076 mittite.
603 4021 743 4076 Viris
773 4030 956 4078 autem
987 4023 1123 4092 istis,
1157 4031 1416 4096 tanquam
1448 4025 1805 4095 sapientibus,

207 4117 261 4165 et
289 4125 386 4165 vos
415 4111 691 4182 sapienter
719 4112 1068 4183 respondete,
1103 4113 1244 4168 velle
1275 4130 1373 4168 vos
1403 4129 1593 4169 eorum
1623 4121 1808 4169 votum

207 4199 423 4266 melius,
457 4214 623 4270 quam
655 4200 758 4270 ipsi
789 4200 1077 4272 postulant,
1104 4201 1425 4273 adimplere,
1459 4203 1809 4275 assignantes

208 4286 310 4354 eis,
343 4304 453 4343 non
481 4304 662 4360 quem,
695 4297 879 4360 utpote
928 4289 1164 4361 decepti,
1217 4291 1315 4345 sed
1362 4291 1598 4361 qualem,
1633 4299 1691 4345 ut
1715 4307 1809 4345 re-

204 4375 388 4448 ligiosi
416 4384 470 4432 et
497 4377 736 4447 discreti,
773 4386 1039 4450 quaerunt.
1083 4379 1204 4436 Non
1253 4379 1472 4450 expedit
1517 4379 1663 4434 enim
1708 4379 1810 4434 de-

204 4473 392 4535 ceptos
435 4466 490 4520 in
536 4481 774 4537 persona
823 4467 1078 4538 postulati
1127 4468 1484 4524 inconsultius
1541 4468 1808 4537 exaudiri,

1900 1891 2147 1945 famulari
2177 1891 2422 1962 operanti
2471 1890 2814 1945 invisibiliter
2859 1891 3144 1958 majestati.
3198 1892 3356 1957 Nam,
3391 1907 3500 1962 quo

1899 1979 2236 2050 pertinacius
2266 1980 2413 2050 prior
2443 1979 2748 2045 resistebat,
2784 1987 2835 2034 et
2865 1995 2972 2051 quo
3014 1979 3299 2034 instantius
3343 1981 3501 2052 lIugo

1902 2085 1961 2123 se
1991 2069 2060 2123 ad
2098 2069 2200 2123 hoc
2239 2067 2654 2124 insufficientem
2693 2068 2992 2134 asserebat,
3035 2084 3100 2123 eo
3127 2069 3502 2124 vehementius

1903 2157 2143 2228 episcopi
2173 2165 2470 2228 praesentes
2500 2172 2623 2213 cum
2655 2157 2768 2211 suis
2811 2157 3268 2224 consiliatoribus,
3295 2158 3503 2226 junctis

1902 2247 2124 2301 tandem
2154 2245 2259 2299 sibi
2289 2245 2614 2316 quibusdam
2662 2245 2892 2300 fratrum
2938 2245 3006 2300 de
3056 2254 3326 2301 conventu
3372 2255 3502 2301 natu

1902 2335 2219 2404 majoribus,
2251 2343 2306 2388 ut
2337 2335 2510 2398 fieret,
2545 2335 2689 2406 quod
2734 2350 2828 2388 rex
2861 2343 3042 2388 tantus
3091 2335 3338 2405 petierat,
3372 2351 3504 2406 per-

1904 2423 2191 2495 urgebant.
2225 2422 2370 2491 Quid
2396 2423 2557 2494 plura
2577 2425 2605 2477 ‘2
2636 2423 2884 2477 Fratrum
2931 2423 3150 2478 tandem
3181 2424 3506 2479 universitas

1905 2527 2029 2567 cum
2059 2512 2335 2582 precibus,
2370 2521 2478 2565 tum
2512 2519 2564 2566 et
2595 2511 2898 2566 rationibus
2929 2527 3117 2567 eorum
3150 2512 3241 2584 qui
3272 2512 3509 2569 advene-

1904 2609 2025 2655 rant
2054 2601 2196 2656 victa
2225 2601 2534 2672 petentibus
2564 2601 2726 2655 cedit.

1979 2691 2138 2762 Hugo
2155 2706 2284 2744 vero
2305 2690 2573 2744 assentire
2596 2690 2875 2762 ﬂagitatus
2905 2706 2935 2744 a
2951 2690 3178 2756 cunctis,
3196 2691 3250 2744 in
3266 2692 3508 2762 priorem

1907 2793 2030 2833 cum
2062 2778 2210 2832 aliud
2241 2794 2346 2834 non
2375 2786 2580 2848 posset,
2613 2778 2939 2834 transfundii
2973 2780 3317 2834 sententiam.
3351 2781 3508 2837 Scie-

1907 2867 2000 2921 bat
2048 2869 2190 2921 enim
2222 2866 2277 2921 id
2309 2867 2412 2921 sibi
2442 2868 2510 2921 ab
2541 2867 2632 2922 illo
2676 2868 2767 2938 qui
2797 2883 2922 2923 eum
2969 2876 3028 2922 ut
3069 2869 3305 2923 animam
3353 2885 3509 2924 suam

1907 2955 2180 3025 diligeret,
2214 2963 2264 3009 et
2285 2971 2317 3010 a
2339 2971 2396 3009 se
2425 2955 2734 3010 nullatenus
2766 2956 3014 3028 elongari
3043 2965 3276 3027 optaret,
3310 2957 3396 3013 vix
3420 2966 3512 3012 aut

1906 3060 2188 3115 nunquam
2217 3043 2428 3115 injungi
2458 3059 2642 3115 posse.
2675 3043 2848 3112 Quem
2881 3045 3102 3100 monitis
3132 3047 3374 3117 episcopi
3405 3047 3507 3114 sui,

1909 3141 2226 3189 cunctorum
2257 3132 2421 3187 etiam
2443 3133 2808 3203 gemebundis
2838 3133 3114 3203 precibus,
3135 3135 3227 3205 qui
3257 3135 3508 3203 aderant,

1915 3222 2312 3293 interpellatum
2345 3223 2422 3276 sic
2470 3222 2658 3276 dicunt
2687 3221 2766 3276 eis
2815 3222 2906 3294 qui
2936 3222 3234 3278 intererant
3277 3239 3512 3295 respon-

1917 3311 2062 3365 disse
2088 3327 2101 3364 ε
2140 3333 2161 3357 α
2197 3311 2340 3366 Vivit
2367 3309 2668 3365 Dominus!
2703 3327 2983 3382 nunquam
3013 3311 3115 3366 iste
3146 3328 3324 3368 sermo
3355 3329 3516 3383 egre-

1915 3399 2092 3454 dietur
2122 3415 2188 3454 ex
2218 3415 2314 3454 ore
2344 3415 2487 3466 meo,
2515 3415 2621 3470 quo
2648 3399 2871 3468 jubeam
2901 3401 3188 3471 Hugonem
3219 3417 3396 3456 meam
3429 3418 3517 3457 se-

1916 3496 2186 3544 nectutem
2225 3488 2339 3559 (52)
2387 3489 2645 3544 deserere
2689 3504 2893 3560 suaque
2943 3489 3258 3544 dulcissima
3288 3498 3340 3545 et
3382 3507 3514 3561 per-

1915 3577 2224 3633 necessaria
2253 3578 2546 3648 praesentia
2575 3577 2915 3632 Carthusiam
2954 3577 3197 3634 viduare.
3235 3598 3258 3628 ι
3291 3578 3398 3646 Qui
3427 3580 3515 3633 ni-

1915 3667 2026 3720 mia
2050 3666 2456 3736 importunitate
2495 3667 2866 3723 universorum
2917 3667 3137 3722 tandem
3186 3667 3430 3735 obrutus,
3465 3676 3518 3722 et

1917 3754 2048 3826 quid
2093 3756 2298 3812 faceret
2344 3772 2575 3826 prorsus
2604 3772 2714 3811 non
2762 3756 3066 3823 inveniens,
3119 3772 3417 3812 conversus
3445 3758 3518 3812 ad

1916 3844 2207 3899 Dominum
2275 3845 2834 3916 Gratianopol‘itanum
2882 3845 3000 3900 ait:
3040 3865 3062 3895 ι
3111 3846 3232 3900 Jam
3299 3845 3517 3917 quidem

1917 3941 2092 3986 ratum
2124 3941 2204 3988 est
2235 3933 2380 4004 quod
2409 3934 2477 3988 de
2497 3950 2584 3988 me
2613 3934 2761 3988 dixi:
2787 3935 3121 4007 Hugonema
3142 3951 3230 3989 me
3263 3950 3366 3990 vox
3397 3950 3521 3990 mea

1917 4029 2011 4076 aut
2042 4037 2196 4077 mens
2228 4037 2351 4077 mea
2381 4038 2662 4093 nunquam
2691 4023 3012 4078 removebit.
3046 4025 3124 4078 Tu
3149 4023 3263 4092 jam
3294 4023 3516 4089 videris,

1915 4118 1972 4164 tu
2003 4109 2294 4180 episcopus
2317 4119 2502 4165 noster
2531 4127 2612 4177 es,
2634 4119 2690 4166 tu
2721 4121 2878 4181 pater
2897 4112 3012 4181 (53)
3044 4120 3094 4166 et
3112 4112 3274 4167 frater
3292 4120 3480 4169 noster
3504 4128 3516 4167 :

1917 4199 1962 4252 si
1992 4198 2042 4253 ei
2073 4199 2176 4254 hoc
2206 4198 2480 4270 injungas,
2510 4200 2556 4253 si
2587 4200 2895 4271 praecipias,
2920 4216 3024 4273 ego
3055 4217 3162 4256 non
3187 4202 3520 4267 contradico,

1915 4302 2025 4342 non
2055 4288 2273 4342 resisto.
2304 4313 2325 4335 η
2354 4289 2468 4342 Nec
2498 4288 2657 4358 plura
2687 4289 2896 4344 locutus
2920 4289 3031 4357 jam
3061 4305 3251 4346 vocem
3283 4290 3408 4345 tletu
3439 4291 3523 4344 in-

1915 4383 2304 4446 terrumpente,
2327 4376 2582 4446 lacrymis
2611 4376 2947 4449 indulgebat,
2973 4378 3169 4448 quibus
3199 4379 3396 4433 mentis
3427 4394 3524 4433 an-

1916 4465 2018 4519 xiae
2042 4465 2239 4520 leniret
2268 4464 2532 4520 dolorem.

203 4549 334 4622 quia
362 4550 542 4622 decipi
567 4551 625 4606 in
654 4551 910 4623 qualitate
938 4567 1190 4624 persona:
1217 4569 1320 4610 nec
1349 4553 1454 4624 ipsi
1478 4552 1685 4611 volunt.
1720 4553 1808 4610 Sic
1830 4543 1884 4604 D
1985 4553 2216 4608 Videres
2237 4553 2352 4622 jam
2380 4570 2479 4624 per
2508 4569 2607 4608 ora
2637 4561 2954 4611 cunctorum
2971 4555 3117 4611 rivos
3147 4555 3318 4611 fluere
3346 4556 3524 4628 lacry-

276 4727 385 4793 (49)
413 4732 485 4783 Ex
512 4732 587 4782 bis
612 4733 870 4795 colligitur,
889 4733 1014 4796 quod
1033 4733 1208 4796 Guigo,
1231 4735 1348 4784 tunc
1370 4735 1502 4796 prior
1517 4735 1810 4795 Carthusire,

204 4798 285 4866 qui
314 4798 658 4866 meditabatur,
686 4800 756 4849 uti
782 4803 832 4850 et
856 4801 996 4864 paulo
1025 4804 1132 4862 post
1172 4803 1308 4860 fecit,
1339 4803 1591 4862 resignare
1622 4815 1814 4866 priora-

203 4865 294 4925 tui,
321 4865 528 4915 voluerit
553 4866 686 4916 illum
713 4880 806 4916 una
848 4881 958 4918 cum
985 4869 1266 4929 generalatu
1293 4869 1343 4916 in
1385 4874 1607 4918 nostrum
1649 4871 1810 4929 Hugo—

203 4943 318 4980 nem
341 4933 630 4981 transferre.
659 4934 795 4983 Unde
829 4946 918 4983 nec
947 4935 1142 4992 mirum,
1178 4935 1220 4984 si
1253 4936 1524 4997 legatorum
1566 4935 1808 4999 petitioni,

205 5001 436 5060 quantum
463 4999 637 5062 potuit,
663 5001 913 5062 restiterit,
938 5013 1046 5062 nec,
1077 5001 1168 5050 nisi
1195 5006 1413 5064 coactus,
1457 5015 1564 5054 eum
1602 5017 1629 5053 a
1655 5015 1706 5052 se
1731 5003 1810 5052 di-

209 5064 418 5116 miserit.

276 5148 381 5212 (50)
411 5150 498 5198 llic
523 5153 597 5199 est
622 5150 702 5200 ille
729 5151 880 5206 Bovo.
922 5151 1001 5213 qui
1045 5153 1235 5213 Hugoni
1280 5153 1330 5202 in
1356 5153 1575 5214 prioratu
1613 5154 1808 5203 Witha-

207 5216 386 5266 mensis
406 5217 683 5266 Carthusize
709 5219 943 5267 successit
973 5238 984 5267 :
1015 5223 1064 5269 et
1089 5220 1163 5268 cui
1189 5220 1345 5279 Guigo
1371 5221 1567 5282 exprior
1590 5221 1807 5271 Carthu-

207 5283 290 5333 sia!
319 5303 341 5325 ε
370 5285 660 5333 Tractatum
679 5284 739 5333 de
759 5285 1114 5348 quadripartito
1133 5286 1265 5336 cellre
1282 5286 1537 5349 exercitio,
1567 5303 1586 5334 ν
1624 5301 1652 5338 a
1677 5288 1808 5338 Chif-

206 5350 366 5400 ﬂectio
386 5352 439 5400 S.
469 5351 514 5399 J.
541 5350 745 5413 editum,
773 5351 1076 5415 inscripsisse
1100 5353 1332 5402 creditur.

274 5435 375 5494 {31)
405 5437 535 5502 Esse
556 5435 731 5486 iterata
756 5436 815 5486 de
839 5437 999 5486 futuro
1019 5437 1235 5500 [lagonis
1279 5438 1562 5500 episcopatu
1598 5439 1807 5502 praedic-

203 5503 290 5553 tio.
317 5502 487 5554 Prima
508 5501 593 5550 lib.
621 5515 657 5562 1,
686 5515 728 5552 c.
783 5503 834 5564 9,
877 5503 1005 5553 facta
1032 5516 1060 5553 a
1085 5517 1222 5565 sene,
1268 5518 1370 5567 prae
1406 5510 1550 5554 aetate
1597 5501 1807 5568 parietes

197 5571 335 5622 cella?
359 5583 463 5620 sua:
484 5580 722 5631 nusquam
769 5570 1056 5630 deserentc;
1084 5571 1237 5621 altera
1284 5584 1311 5621 a
1340 5573 1549 5629 Bovonc,
1599 5574 1679 5634 qui
1708 5573 1804 5622 ali-

195 5642 316 5701 quot
335 5639 455 5702 post
497 5647 652 5685 annos
678 5647 704 5685 e
730 5637 852 5686 cella
901 5635 951 5686 in
998 5637 1224 5700 Angliam
1265 5637 1476 5699 transiit,
1528 5637 1806 5702 ibidemque

1914 4733 2101 4793 Hugoni
2126 4733 2174 4783 in
2200 4733 2420 4796 prioratu
2462 4734 2718 4795 successit,
2762 4737 2810 4784 et
2857 4733 2918 4786 ad
2962 4748 3142 4786 annum
3191 4749 3341 4799 usque
3397 4736 3522 4787 1200

1915 4801 2074 4851 eidem
2100 4801 2320 4863 praefuit.

1985 4884 2094 4950 (52)
2138 4885 2282 4936 Senio
2307 4887 2456 4950 igitur
2485 4888 2799 4948 gravabatur,
2829 4888 2909 4951 qui
2949 4891 3065 4938 tunc
3091 4888 3223 4950 prior
3249 4892 3356 4940 erat
3394 4890 3510 4940 Car-

1913 4953 2108 5011 thusize,
2137 4966 2232 5002 non
2259 4955 2482 5015 Basilius,
2511 4958 2564 5003 ut
2611 4955 2765 5003 refert
2789 4955 3080 5018 Dorlandus,
3103 4959 3271 5018 utpote
3316 4960 3524 5019 quatuor

1911 5024 1994 5069 aut
2019 5021 2228 5082 quinque
2256 5020 2316 5070 ab
2360 5022 2474 5071 hinc
2500 5021 2642 5071 annis
2687 5025 2924 5083 mortuus,
2970 5035 3060 5071 nec
3100 5024 3399 5084 Jancelinus,
3431 5025 3524 5073 hoc

1911 5091 2129 5148 tempore
2156 5087 2314 5136 adhuc
2339 5093 2559 5151 vegetus,
2587 5089 2668 5150 qui
2719 5089 2919 5149 triginta
2945 5090 3099 5138 tribus
3125 5091 3265 5140 annis
3291 5093 3400 5152 post
3424 5091 3528 5140 Huc

1910 5167 2084 5213 gonem
2109 5153 2250 5203 obiit.
2279 5155 2375 5204 Sed
2399 5157 2552 5216 Guigo
2587 5155 2724 5218 prior
2749 5157 2936 5205 medius
2960 5158 3090 5205 inter
3111 5158 3256 5207 istum
3279 5162 3328 5207 et
3373 5159 3524 5220 hunc,

1911 5222 2055 5270 homo
2082 5221 2277 5270 omnino
2304 5233 2473 5283 senex,
2502 5226 2552 5272 et
2597 5221 2690 5280 bis,
2725 5225 2778 5272 ut
2822 5223 3030 5281 videtur,
3064 5225 3198 5286 prior
3232 5225 3524 5288 Carthusiaa,

1909 5300 1997 5337 nec
2021 5288 2386 5403 distiitiguendus
2409 5290 2471 5338 ab
2496 5291 2696 5350 Hugone
2721 5327 2736 5353 ,
2762 5290 2841 5352 qui
2868 5291 3103 5353 regimine
3127 5292 3180 5341 S.
3209 5291 3524 5342 Anthelmum

1909 5367 2138 5403 praecess:
2177 5391 2188 5403 .

1908 5367 2163 5416 βΓὶΕΟΘΞὸΙῑ
2177 5391 2188 5403 .

1979 5439 2086 5500 (55)
2115 5443 2278 5499 Pater,
2319 5455 2411 5503 qua
2437 5442 2691 5503 episcopus
2715 5443 3037 5503 diaecesanus,
3062 5444 3235 5502 frater,
3267 5456 3360 5506 qua
3383 5457 3522 5494 com-

1910 5509 2172 5569 professus,
2200 5511 2314 5557 tunc
2343 5509 2497 5558 factus
2519 5509 2696 5571 (inquit
2721 5508 2974 5574 Morotius)
3016 5526 3035 5555 α
3073 5509 3272 5573 quando
3302 5511 3521 5573 przefec-

1912 5578 2018 5624 tura
2049 5575 2334 5624 monasterii
2383 5577 2436 5624 S.
2475 5576 2674 5624 Roberti
2716 5576 2906 5639 abiens,
2954 5577 3246 5627 secretiores
3295 5578 3514 5628 latebras

1909 5641 2036 5692 inter
2059 5641 2433 5693 Carthusienses
2458 5641 2770 5703 conquisivit.
2801 5662 2824 5685 ι
