3938 6422
465 296 572 351 967

1322 298 1378 352 S.
1421 297 1738 355 HUGONIS
1776 296 1998 354 EPISC.
2047 295 2377 353 LINCOLN.
2424 295 2595 353 0RD.
2645 295 2893 353 CARTH.

3688 295 3816 349 968

459 433 695 474 marum.
725 417 1032 490 Episcopus
1051 425 1106 474 et
1133 419 1268 491 ipse,
1294 429 1352 475 ut
1382 430 1499 478 erat
1528 421 1824 493 piissimus,
1857 436 2054 478 mona-
2085 424 2140 484 Α
2158 420 2213 476 lo
2238 421 2390 492 pacis
2420 420 2770 487 valefaciens,
2802 435 2928 476 cum
2973 417 3081 473 illis
3110 415 3305 489 legatis
3334 418 3449 488 (55)
3479 417 3799 488 profectus

459 509 595 563 chus
626 507 782 563 valde
826 507 1088 563 honestus
1138 516 1191 564 et
1234 517 1574 577 mansuetus,
1606 510 2060 582 compellentibus

459 597 730 663 omnibus,
760 603 819 651 ut
847 596 1120 666 promissa
1148 597 1250 652 sibi
1269 614 1301 652 a
1322 599 1502 670 priore
1532 599 1589 653 in
1619 601 1904 671 Hugonem
1935 607 2057 654 ute-

457 693 607 740 retur
641 693 925 756 potestate,
976 686 1049 740 ita
1096 685 1333 757 primum
1379 687 1668 744 universos
1715 688 2055 759 alloquitur:

461 796 482 821 ι
522 773 664 842 Quia
708 773 882 843 vobis,
916 773 1116 829 fratres
1160 775 1488 843 charissimi,
1542 793 1680 848 quos
1727 792 1834 831 non
1881 776 2058 830 minus

456 861 868 918 conversatione
908 878 1072 934 quam
1116 863 1459 934 professione
1505 864 1823 919 Christianae
1871 863 2057 936 perfe-

457 951 650 1007 ctionis
696 950 908 1022 apicem
953 952 1342 1008 conscendisse
1407 953 1755 1008 manifestum
1804 961 1905 1020 est,
1957 969 2058 1009 nos

455 1039 676 1097 desides
705 1048 757 1096 et
785 1057 816 1094 a
847 1040 1085 1097 culmine
1133 1049 1332 1098 vestrae
1379 1042 1678 1098 sanctitatis
1718 1041 1884 1114 longe
1914 1041 2056 1096 infe-

455 1130 654 1196 riores,
684 1145 796 1186 non
824 1145 1053 1187 necesse
1105 1138 1190 1185 est
1217 1131 1511 1186 ostendere
1559 1131 1687 1202 quid
1716 1130 1773 1185 in
1798 1131 1904 1198 his,
1937 1146 2058 1202 quae

457 1219 558 1274 Dei
583 1226 727 1286 sunt,
760 1234 926 1290 agere
972 1219 1240 1289 debeatis,
1269 1227 1361 1274 aut
1393 1219 1557 1274 etiam
1601 1234 1823 1275 monere
1861 1226 2056 1291 quate-

457 1324 558 1363 nus
587 1307 745 1364 vobis
773 1307 970 1364 melius
998 1308 1238 1380 cognita,
1265 1315 1486 1364 strenue
1516 1308 1853 1380 compleatis,
1881 1307 1974 1380 qui
2003 1307 2057 1362 in

457 1397 606 1453 omni
634 1397 746 1453 vita
773 1405 954 1454 vestra
983 1413 1092 1454 non
1123 1413 1244 1469 quae
1271 1405 1452 1454 vestra
1485 1405 1628 1462 sunt,
1658 1397 1755 1452 sed
1781 1413 1900 1468 quas
1928 1397 2056 1452 Jesu

457 1485 676 1553 Christi,
729 1501 829 1542 vos
875 1501 1118 1558 quaerere
1175 1485 1562 1557 comprobatis.
1614 1487 1728 1542 Hoc
1772 1501 1940 1541 unum
1987 1485 2058 1540 ad

457 1573 782 1631 memoriam
810 1573 988 1642 vobis,
1024 1573 1254 1630 Domine
1286 1575 1454 1645 prior,
1487 1575 1586 1630 sed
1616 1582 1670 1630 et
1698 1581 1913 1640 vestrae,
1946 1572 2057 1629 fra-

459 1671 592 1728 tres,
641 1663 976 1720 universitati
1038 1663 1409 1720 revocandum
1452 1663 1656 1734 putavi,
1711 1663 1856 1735 quod
1902 1662 2058 1719 vobis

459 1759 586 1807 ante
615 1751 805 1807 oculos
849 1759 1103 1823 ponatur,
1151 1752 1384 1822 qualiter
1412 1751 1467 1807 in
1514 1767 1646 1808 casu
1695 1750 1968 1807 simillimo
1998 1767 2058 1806 se

460 1840 762 1895 habuerunt
791 1840 1235 1911 praedecessores
1263 1841 1452 1896 vestri.
1484 1865 1505 1888 ι»
1539 1840 1674 1896 Cum
1704 1840 1846 1895 enim
1879 1839 1948 1894 ad
1981 1840 2063 1894 in-

463 1928 713 1984 stantiam
744 1929 920 1984 sancti
967 1929 1397 1984 Cenomanensis
1427 1935 1553 1984 tunc
1581 1928 1824 1999 episcOpi
1853 1928 2062 1983 Bertir-

465 2017 664 2073 ramini
692 2017 806 2088 (54)
835 2017 891 2073 in
921 2017 1176 2073 occiduas
1223 2017 1522 2072 Galliarum
1551 2025 1737 2088 partes
1778 2017 2062 2072 sanctissi-

465 2122 590 2162 mus
642 2105 967 2162 Benedictus
1024 2105 1281 2163 dilectum
1327 2113 1381 2162 et
1424 2114 1670 2162 sanctum
1735 2104 2062 2175 discipulum

465 2210 623 2251 suum
650 2195 899 2250 Maurum
925 2193 1215 2250 fundandae
1244 2195 1422 2266 gratia
1443 2194 1727 2266 religionis
1748 2192 2064 2249 monasticze

462 2285 772 2350 destinaret,
809 2283 1041 2338 similem
1073 2283 1146 2337 ibi
1170 2283 1376 2340 luctum
1405 2291 1459 2339 et
1487 2285 1664 2339 luctus
1701 2297 1923 2339 causam
1953 2296 2064 2336 non

465 2372 808 2442 dissimilem,
837 2371 1021 2444 legitis
1051 2379 1318 2428 exortum.
1365 2371 1543 2440 Quem
1574 2389 1730 2427 suum
1779 2371 1981 2442 pariter
2011 2377 2064 2424 et

461 2459 685 2516 fratrum
717 2459 960 2516 dolorem
992 2475 1058 2516 ea
1088 2468 1310 2517 sanctus
1340 2460 1440 2515 Dei
1470 2460 1676 2516 ratione
1704 2458 2059 2531 compescuit,

459 2558 519 2605 ut
545 2550 858 2606 ostenderet
889 2565 1079 2606 servos
1108 2549 1208 2605 Dei
1237 2549 1546 2606 nullatenus
1565 2548 1877 2605 contristari
1900 2564 2064 2618 super

462 2639 566 2707 his,
599 2655 720 2710 quae
749 2639 890 2694 velle
919 2638 1169 2695 noverint
1198 2639 1490 2694 Dominum
1521 2655 1698 2694 suum.
1734 2637 1838 2693 Ubi
1860 2645 1913 2692 et
1943 2653 2063 2691 ver-

458 2728 588 2784 bum
616 2727 792 2784 intulit
820 2727 1085 2783 memoria
1115 2727 1499 2799 dignissimum
1537 2745 1549 2782 :
1584 2749 1607 2778 ι
1642 2727 1725 2782 Ne
1773 2725 1932 2792 forte,
1967 2725 2060 2791 ait,

462 2818 567 2873 hac
594 2816 715 2888 ipsa
743 2825 933 2872 nostra
970 2815 1189 2871 tristitia
1235 2817 1371 2883 Deo,
1407 2815 1553 2886 quod
1598 2813 1777 2869 absit!
1810 2813 2062 2870 invenia-

459 2922 582 2961 mur
621 2907 914 2962 contraire.
961 2904 1069 2960 Sed
1097 2912 1169 2973 te,
1205 2912 1260 2960 et
1288 2906 1469 2976 Hugo,
1503 2902 1669 2958 frater
1717 2902 2060 2972 charissime,

459 2994 518 3050 in
545 2995 649 3050 hoc
691 3009 908 3066 quoque
952 2992 1153 3047 imitari
1198 3009 1323 3048 eum
1371 2991 1643 3059 convenit,
1697 3007 1860 3062 quem
1908 2991 2062 3062 sequi

462 3097 682 3154 semper
723 3081 884 3138 dulce
932 3080 1190 3148 habuisti,
1240 3080 1578 3152 unigenitum
1627 3079 1820 3135 Filium
1869 3079 2062 3134 summi

459 3171 653 3237 Patris,
687 3170 778 3243 qui
806 3170 875 3226 de
904 3169 1169 3225 altissimo
1199 3187 1311 3226 suae
1330 3169 1625 3224 divinitatis
1652 3185 1753 3240 pro
1769 3168 2061 3224 multorum

459 3259 637 3315 salute
665 3260 735 3314 ad
764 3258 1043 3330 publicum
1073 3258 1331 3332 dignatus
1359 3267 1443 3314 est
1474 3258 1622 3314 exire
1652 3258 1904 3314 humanae
1932 3273 2061 3313 con-

461 3347 805 3404 versationis.
858 3349 926 3403 Et
953 3355 1010 3402 tu
1041 3347 1208 3419 igitur
1246 3346 1594 3421 peregrinari
1624 3347 1693 3402 ad
1722 3346 1998 3402 modicum
2029 3363 2063 3402 a

461 3437 567 3493 tuis
596 3437 956 3504 charissimis,
988 3437 1291 3508 postposito
1321 3436 1540 3492 interim
1583 3435 1778 3508 quietis
1806 3436 1944 3491 adeo
1972 3435 2061 3491 di-

462 3527 618 3583 lectae
645 3525 879 3596 silentio,
903 3542 1006 3597 pro
1036 3541 1101 3582 eo
1124 3542 1194 3582 ne
1224 3525 1518 3591 cuncteris,
1541 3525 1597 3578 in
1624 3525 1908 3595 praesentis
1938 3525 2063 3580 vitae

463 3615 672 3682 exsilio,
696 3623 751 3670 ut
781 3615 833 3670 ei
852 3616 1165 3686 perenniter
1185 3614 1533 3685 postmodum
1554 3613 1782 3669 socieris
1807 3613 1862 3668 in
1881 3612 2062 3668 beati-

462 3704 664 3759 tudinis
702 3720 812 3758 suae
859 3719 1054 3774 regno.
1106 3704 1220 3758 Hoc
1264 3719 1390 3775 ego,
1442 3703 1569 3758 licet
1615 3702 1892 3774 indignus,
1943 3701 2062 3757 vice

460 3792 633 3863 ipsius
661 3792 718 3846 in
746 3792 1122 3847 remissionem
1154 3800 1497 3862 peccatorum
1537 3798 1772 3861 tuorum,
1805 3792 1874 3846 ob
1913 3805 2062 3846 com-

461 3879 841 3952 pensationem
871 3879 1036 3934 etiam
1065 3887 1395 3934 mternorum
1442 3880 1810 3950 praemiorum,
1846 3879 1942 3932 tibi
1971 3879 2060 3933 in-

454 3969 647 4040 jungo,
683 3975 737 4022 et
766 3968 822 4021 in
849 3967 905 4024 vi
933 3967 1259 4023 obedientiae
1297 3967 1523 4022 ﬁrmiter
1571 3968 1850 4038 praecipio.
1885 3969 2062 4039 Perge

461 4057 647 4128 itaque
677 4071 870 4127 sospes
898 4065 949 4113 et
978 4055 1106 4112 felix
1154 4072 1275 4112 cum
1305 4056 1712 4112 venerabilibus
1761 4056 1890 4111 viris
1921 4056 2057 4122 istis,

460 4145 554 4217 qui
587 4153 639 4200 te
683 4160 882 4200 vocare
931 4153 1216 4213 venerunt,
1266 4161 1562 4216 curamque
1606 4145 1822 4215 suscipe
1867 4145 2062 4199 domus

461 4233 775 4289 Withamiaa
804 4233 861 4288 in
889 4233 1106 4307 Anglia,
1141 4233 1351 4290 favente
1375 4234 1624 4300 Domino,
1649 4233 2058 4301 construendae;

455 4323 651 4395 praesis
697 4337 916 4394 quoque
960 4330 1294 4387 constanter,
1328 4331 1381 4377 et
1411 4323 1588 4393 prosis
1627 4321 1894 4376 instanter
1941 4321 2062 4376 loco

458 4419 512 4466 et
540 4411 800 4466 fratribus
848 4410 924 4466 ibi
974 4410 1348 4484 congregatis,
1382 4411 1435 4465 in
1465 4410 1686 4465 nomine
1739 4408 1976 4474 Domini,
2011 4417 2065 4463 et

458 4499 861 4571 congregandis
873 4541 885 4554 .
915 4520 938 4549 ι

532 4590 686 4645 Hanc
732 4589 889 4659 Hugo
947 4587 1320 4644 ditiinitionem
1365 4587 1674 4658 aliquandiu
1722 4585 1954 4657 pedibus
2002 4601 2062 4641 se

459 4675 730 4748 pontificis
761 4677 1104 4732 advolvendo
1153 4677 1363 4732 irritare
1394 4676 1594 4741 nitens,
1631 4690 1733 4730 nec
1764 4674 2061 4746 quidquam

459 4765 789 4836 proficiens,
837 4765 1000 4819 cessit
1058 4773 1376 4835 postremo;
1445 4779 1677 4834 seseque
1724 4763 2058 4817 orationibus

459 4853 700 4910 omnium
728 4854 1075 4925 praesentium
1093 4853 1508 4920 commendans,
1534 4851 1789 4906 fratribus
1817 4852 1872 4906 in
1901 4867 2061 4907 oscu-

526 5031 635 5096 (54)
664 5033 795 5083 Alias
820 5033 1228 5092 Bertichramum,
1256 5033 1618 5091 Bertramnum,
1646 5034 1765 5091 etc.,
1791 5030 1850 5080 de
1874 5041 1988 5091 quo,
2011 5035 2061 5080 et

455 5101 584 5151 facto
604 5099 685 5151 hic
709 5105 908 5150 narrato
939 5099 1048 5148 vide
1092 5098 1441 5159 Mabilloniuin,
1470 5099 1603 5146 tomo
1643 5097 1661 5145 l
1688 5097 1946 5146 Annalium
1974 5099 2061 5146 Be-

459 5168 596 5230 ned.,
622 5179 672 5229 p.
703 5167 816 5226 107,
843 5170 894 5216 et
917 5165 1203 5216 Bollandum
1228 5165 1278 5213 in
1301 5163 1411 5213 Vita
1435 5165 1488 5213 S.
1516 5164 1665 5213 Mauri
1693 5163 1900 5214 abbatis-

531 5251 637 5315 (55)
664 5251 878 5312 Quorum
902 5263 1027 5300 unus
1050 5252 1098 5298 et
1121 5248 1392 5311 praecipuus
1420 5248 1726 5315 ,Reginaldus
1768 5247 2057 5298 Bathonicn-

458 5314 548 5382 sis,
572 5319 653 5380 qui
677 5331 787 5368 cum
813 5328 941 5366 anno
970 5318 1102 5365 117s
1137 5319 1306 5382 contra
1337 5314 1613 5382 ATolosanos
1640 5315 1812 5382 egerit,
1840 5317 1889 5364 et
1931 5327 2057 5364 anno

461 5379 682 5446 sequenti
725 5383 928 5433 concilio
974 5381 1286 5432 Lateranensi
1331 5379 1632 5442 interfuerit,
1681 5383 1748 5430 uti
1793 5381 1898 5442 jam
1947 5385 2061 5432 ante

463 5452 648 5513 monui,
673 5451 757 5501 vix
797 5448 1016 5509 dubium,
1056 5448 1172 5510 quin
1209 5448 1340 5498 circa
1364 5447 1508 5498 ﬁnem
1547 5460 1627 5498 an.
1659 5447 1785 5498 H77
1809 5460 1904 5499 una
1951 5460 2057 5498 cum

460 5519 663 5580 Hugone
687 5517 749 5566 ad
769 5527 933 5578 regem
957 5515 1168 5565 venerit.

531 5599 642 5666 (56)
666 5599 812 5663 Hom,
835 5597 1026 5650 scilicet
1049 5598 1466 5662 Auglosaxonibus
1489 5599 1618 5652 idem
1653 5603 1746 5661 est,
1779 5599 1906 5663 quod
1943 5598 2060 5649 Ger-

2160 517 2262 577 est,
2291 511 2361 565 ad
2391 527 2581 583 regem
2613 510 2775 576 venit,
2802 509 3129 579 tandemque
3152 523 3276 562 cum
3306 505 3492 562 favore
3521 505 3796 560 maximo

2159 599 2230 654 ab
2258 598 2380 670 ipso
2426 599 2704 666 dimissus,
2739 607 2791 654 et
2820 596 3177 654 Withamiam
3225 611 3346 652 cum
3397 596 3614 650 honore
3669 595 3796 650 de-

2160 688 2372 753 ductus,
2407 695 2664 759 tanquam
2693 687 2926 760 angelus
2956 683 3171 740 Domini
3203 699 3234 738 a
3261 683 3451 754 paucis
3471 683 3791 748 fratribus,

2159 775 2251 848 qui
2280 784 2406 832 tunc
2436 776 2510 832 ibi
2540 784 2711 844 erant,
2733 775 2789 831 in
2818 775 3057 847 priorem
3087 772 3381 844 suscipitur
3397 788 3520 829 cum
3551 772 3792 846 gaudio

2158 863 2437 921 ineffabili.

2782 1006 3006 1063 CAPUT
3037 1006 3128 1062 IV.

2163 1149 2419 1222 Qualiter
2466 1154 2642 1222 statu,
2695 1166 2858 1222 quem
2900 1150 3120 1205 invenit
3165 1147 3314 1222 apud
3369 1147 3784 1222 Withamiam.

2231 1221 2480 1287 visitata,
2531 1221 2604 1276 ad
2648 1218 2835 1289 regem
2893 1236 3168 1285 reversus,
3196 1218 3424 1289 'fecerit
3486 1219 3648 1273 vittae
3710 1218 3790 1273 de

2237 1291 2478 1347 Witham
2510 1291 2940 1360 habitatoribus,
2964 1291 3096 1346 inde
3119 1291 3472 1356 discessum,
3497 1289 3785 1360 largissi-

2230 1378 2320 1418 me
2347 1363 2649 1434 provideri.

2232 1486 2442 1542 Invenit
2488 1494 2671 1542 autem
2711 1486 2931 1554 fratres,
2964 1485 3112 1542 velut
3157 1485 3296 1541 alter
3322 1484 3523 1556 Joseph
3557 1484 3612 1539 in
3648 1485 3781 1539 Do-

2158 1575 2346 1642 thaim,
2398 1575 2543 1647 quod
2607 1575 2998 1646 interpretatur
3043 1574 3317 1646 defectus.
3382 1572 3782 1628 Consistebant

2160 1663 2412 1736 equidem
2433 1664 2487 1718 in
2516 1663 2653 1721 silva
2681 1664 2829 1719 haud
2858 1663 3046 1735 procul
3065 1661 3263 1734 aregia
3293 1669 3420 1718 tunc
3449 1661 3577 1718 villa
3597 1675 3782 1717 voca-

2082 1783 2135 1844 B
2161 1751 2287 1808 bulo
2316 1752 2578 1820 Witham,
2606 1770 2726 1824 quae
2755 1753 3063 1808 futurorum
3093 1751 3324 1824 quodam
3346 1749 3623 1823 praesagio
3657 1748 3778 1804 tale

2162 1857 2361 1898 nomen
2391 1841 2626 1897 creditur
2655 1841 2861 1897 sortita.
2893 1841 3101 1898 Dicitur
3121 1856 3357 1912 namque
3387 1839 3573 1894 Latine
3594 1855 3776 1894 man-

2162 1931 2266 1998 sio,
2301 1930 2414 1986 sive
2445 1931 2717 1986 habitatio
2748 1931 2863 2002 (56)
2895 1946 3108 1996 sensus,
3134 1929 3280 2001 quod
3308 1927 3637 1984 excellenter
3667 1943 3777 1998 per

2163 2019 2456 2075 adventum
2503 2019 2606 2075 viri
2653 2020 2831 2089 hujus,
2882 2018 3175 2074 Christiani
3221 2017 3548 2089 philosophi,
3609 2016 3775 2072 locus

2161 2108 2262 2164 iste
2294 2107 2429 2164 eiiici
2458 2108 2658 2164 meruit
2687 2108 2742 2164 in
2771 2124 2853 2176 re,
2885 2107 3129 2164 attractis
3170 2107 3407 2178 undique
3436 2105 3507 2161 ad
3534 2104 3772 2160 odorem

2163 2196 2368 2253 notitia
2399 2213 2511 2253 suae
2541 2198 2676 2253 viris
2705 2197 2954 2264 sensatis,
2989 2197 3043 2251 in
3073 2195 3220 2252 omni
3249 2195 3417 2251 verbo
3447 2201 3500 2250 et
3527 2193 3585 2248 in
3613 2193 3770 2249 omni

2163 2302 2328 2341 sensu
2357 2286 2845 2358 praestantissimis.
2878 2285 2984 2354 Qui
3012 2292 3295 2341 manentes
3344 2283 3546 2338 ibidem
3575 2289 3630 2338 et
3659 2281 3769 2338 ha-

2166 2374 2397 2430 bitantes
2442 2390 2698 2446 corpore,
2733 2375 2802 2430 ad
2830 2374 2978 2430 illam
3025 2381 3286 2430 aeternam
3331 2372 3574 2443 patriam,
3608 2371 3770 2440 cujus

2163 2463 2420 2534 perfectis
2462 2463 2576 2533 jam
2614 2463 2866 2518 sensibus
2910 2461 3115 2536 gaudia
3157 2468 3511 2534 praegustarit,
3545 2459 3769 2532 cogita-

2163 2551 2308 2606 tione
2340 2559 2392 2607 et
2419 2551 2674 2608 aviditate
2704 2552 2915 2608 inhiare
2945 2568 3055 2607 non
3085 2559 3322 2607 cessant.

2238 2639 2389 2708 Quos
2421 2648 2601 2696 autem
2632 2641 2836 2697 invenit
2866 2641 3079 2708 fratres,
3112 2639 3388 2694 habebant
3414 2638 3468 2692 hi
3500 2638 3614 2708 (57)
3642 2636 3767 2692 cel-

2163 2727 2303 2783 lulas
2333 2745 2399 2784 ex
2428 2730 2706 2785 asseribus
2734 2737 3034 2795 contextas,
3061 2727 3204 2783 vallo
3227 2727 3526 2798 perexiguo
3547 2733 3600 2780 et
3620 2725 3768 2796 palis

2163 2816 2572 2889 circumseptas.
2603 2820 2663 2873 In
2695 2818 2779 2873 his
2809 2826 3082 2889 utcunque
3111 2833 3284 2888 usque
3305 2815 3374 2871 ad
3405 2823 3616 2885 tempus
3637 2829 3762 2870 cor-

2164 2907 2420 2962 rectionis
2452 2923 2510 2962 se
2542 2907 2889 2978 recipientes,
2924 2907 3194 2972 omnibus,
3227 2914 3283 2959 ut
3322 2903 3561 2960 breviter
3606 2903 3768 2958 dica-

2165 3003 2271 3062 tur,
2305 3003 2396 3050 aut
2426 3011 2567 3067 pene
2595 2995 2847 3051 omnibus
2892 2993 3217 3052 necessariis
3249 3009 3314 3049 ac
3343 2992 3540 3048 debitis
3588 2989 3768 3046 ordini

2165 3099 2264 3139 suo
2298 3084 2645 3140 adminiculis
2675 3092 2825 3140 erant
2857 3091 3130 3140 carentes.
3157 3083 3348 3154 Neque
3377 3081 3538 3136 etiam
3567 3077 3769 3134 diffini-

2164 3179 2277 3228 tum
2309 3181 2428 3228 erat
2453 3189 2626 3244 usque
2648 3173 2952 3240 adhuc,ubi
2982 3172 3174 3240 major,
3189 3171 3281 3226 ubi
3300 3169 3478 3226 minor
3504 3167 3764 3235 ecclesia,

2163 3261 2560 3318 monachorum
2607 3261 2780 3327 cellae,
2815 3269 2868 3316 et
2895 3261 3194 3317 claustrum
3223 3275 3345 3315 cum
3394 3258 3613 3313 fratrum
3657 3256 3766 3311 do-

2163 3349 2433 3406 munculis
2494 3357 2547 3405 et
2599 3350 2873 3420 hospitum
2927 3347 3247 3405 diversoriis
3290 3347 3464 3418 aptius
3527 3345 3767 3401 construi

2166 3439 2502 3494 debuissent.
2538 3438 2736 3495 Villam
2781 3438 3168 3510 supradictam,
3204 3452 3391 3493 eorum
3433 3437 3546 3506 jam
3575 3432 3766 3488 ditioni

2165 3543 2466 3593 cessuram,
2500 3527 2832 3583 habitatores
2885 3527 3098 3598 pristini
3126 3526 3304 3581 adhuc
3351 3522 3675 3588 incolebant,
3711 3530 3768 3577 et

2163 3616 2398 3671 necdum
2419 3615 2698 3686 provisum
2729 3616 2810 3671 eis
2841 3615 3029 3682 fuerat,
3053 3622 3112 3669 ut
3133 3615 3292 3670 sedes
3322 3629 3449 3668 suas
3480 3612 3596 3666 sine
3615 3627 3765 3665 mur-

2163 3694 2338 3784 mure,
2375 3704 2493 3759 sine
2536 3704 2618 3758 sui
2665 3704 2909 3775 laesione,
2957 3703 3115 3760 novis
3161 3703 3364 3758 vellent
3410 3708 3501 3756 aut
3540 3707 3764 3772 possent

2165 3793 2576 3849 successoribus
2609 3793 2827 3848 cedere.

2236 3882 2332 3936 liis
2362 3889 2413 3936 et
2443 3882 2563 3936 aliis
2605 3882 2674 3936 de
2706 3882 2829 3946 situ,
2864 3881 2932 3935 de
2964 3880 3219 3953 qualitate
3270 3880 3391 3946 loci,
3425 3895 3526 3935 nec
3573 3893 3678 3933 non
3705 3886 3760 3933 et

2164 3971 2232 4026 de
2276 3969 2508 4036 caeteris,
2557 3986 2678 4041 quas
2721 3969 3023 4025 necessitas
3060 3969 3268 4024 ordinis
3315 3968 3594 4040 ﬂagitabat
3638 3966 3759 4022 loco

2165 4058 2478 4124 convenire,
2513 4058 2601 4113 vel
2631 4057 2842 4112 utilitati
2872 4057 3074 4112 ibidem
3113 4056 3555 4112 conversantium
3583 4055 3756 4110 inser-

2164 4145 2299 4215 vire,
2333 4146 2587 4218 diligenti
2618 4146 2834 4200 solertia
2863 4145 3168 4216 perspectis
3197 4160 3260 4201 ac
3290 4144 3569 4216 sigillatim
3612 4159 3754 4213 prae-

2163 4234 2380 4299 notatis,
2413 4235 2572 4304 Hugo
2592 4241 2779 4289 noster
2808 4234 2972 4302 (inter
2993 4250 3088 4290 eos
3119 4235 3195 4288 ita
3225 4233 3534 4289 condictum
3564 4231 3753 4300 fuerat)

2163 4323 2228 4376 ad
2261 4339 2448 4394 regem
2477 4323 2634 4378 citius
2661 4323 2960 4392 repedavit.
2993 4324 3231 4392 Cumque
3259 4322 3329 4377 de
3367 4321 3597 4394 singulis
3616 4320 3754 4390 quod

2165 4411 2267 4466 sibi
2298 4410 2584 4466 videbatur
2624 4411 2983 4480 exposuisset,
3018 4427 3110 4465 rex
3144 4411 3198 4464 in
3225 4410 3478 4465 omnibus
3527 4408 3755 4479 pruden-

2079 4499 2133 4559 D
2163 4499 2292 4554 tiam
2321 4499 2466 4554 illius
2497 4507 2550 4554 et
2577 4499 2899 4554 modestiam
2947 4499 3272 4565 admiratus,
3304 4513 3635 4570 quaecunque
3665 4495 3749 4550 ille

2162 4588 2448 4658 disposuit,
2479 4595 2531 4642 et
2562 4587 2652 4642 ille
2684 4587 3024 4657 approbavit,
3050 4596 3102 4643 et
3131 4603 3249 4659 quae
3271 4586 3561 4656 postulavit
3587 4584 3751 4638 liben-

2162 4686 2244 4731 ter
2273 4676 2514 4731 indulsit.
2549 4679 2627 4730 Ac
2656 4675 2829 4746 primo
2874 4675 3092 4745 quidem
3137 4676 3424 4730 universos
3473 4673 3746 4730 convocari

2161 4765 2287 4820 fecit
2314 4765 2642 4834 praediorum
2673 4763 2759 4818 vel
2790 4780 2970 4818 rerum
3002 4763 3357 4834 quarumlibet
3386 4777 3744 4834 possessores,

2164 4869 2301 4925 quos
2329 4853 2450 4910 loco
2477 4853 2676 4910 cedere
2705 4852 3009 4924 oportebat,
3042 4869 3110 4908 ne
3139 4852 3376 4924 quolibet
3417 4850 3640 4922 strepitu
3666 4857 3747 4903 aut

2162 5031 2320 5081 manis
2342 5032 2504 5092 Ilaim,
2536 5030 2734 5081 Haimat
2772 5027 2820 5077 id
2867 5031 2963 5090 est,
3008 5032 3196 5082 mansio
3226 5031 3414 5094 patria.
3464 5029 3580 5092 Wit,
3627 5027 3740 5079 idem

2160 5099 2286 5161 quod
2321 5099 2466 5160 Witz,
2494 5110 2686 5148 sensus.

2226 5199 2328 5264 (57)
2354 5201 2549 5251 Cellulae
2573 5213 2631 5249 ex
2658 5199 2931 5256 asseribus,
2973 5198 3180 5249 ecclesia
3223 5198 3437 5248 nondum
3480 5197 3733 5260 designata,

2156 5266 2420 5317 claustrum
2445 5280 2536 5317 nec
2561 5267 2864 5325 inchoatum,
2892 5265 3056 5327 plures
3095 5266 3156 5315 ad
3197 5278 3362 5325 regem
3403 5277 3644 5324 accessus,
3689 5268 3734 5313 et

2161 5333 2275 5395 alia,
2302 5346 2408 5394 quae
2433 5335 2524 5383 hoc
2551 5338 2600 5382 et
2639 5334 2858 5394 sequenti
2908 5333 3069 5394 capite
3115 5332 3414 5393 referuntur,
3458 5336 3508 5381 et
3555 5330 3731 5380 tandem

2162 5400 2397 5462 completa
2421 5401 2510 5450 sub
2536 5401 2734 5461 Hugone
2756 5398 2980 5460 aediﬁcia,
3007 5400 3198 5461 septem
3225 5403 3308 5448 aut
3343 5402 3451 5447 octo
3490 5397 3628 5446 facile
3651 5410 3734 5445 an-

2160 5479 2251 5516 nos
2275 5467 2606 5527 requirebant,
2631 5469 2685 5516 ut
2709 5465 3080 5528 perficerentur.
3105 5465 3239 5526 Quod
3263 5465 3371 5514 ideo
3413 5463 3593 5513 dictum
3619 5462 3732 5524 volo,

2159 5544 2221 5583 ne
2253 5534 2502 5595 nugonem
2527 5533 2684 5584 serius
2721 5544 2850 5584 anno
2896 5533 3024 5581 H78
3057 5531 3107 5581 in
3150 5531 3375 5593 Angliam
3416 5530 3604 5580 venisse
3641 5530 3738 5591 quis

2161 5599 2429 5653 existimet.
