3938 6422
95 346 225 400 9'73

1504 343 1693 397 VITA.
1742 371 1810 382 —
1849 341 1974 396 LIB.
2020 342 2085 395 Il.

3346 345 3451 399 97L

100 485 256 525 cum
292 468 638 542 Andegavia,
690 467 977 540 Aquitania
1033 483 1248 541 quoque
1295 483 1421 525 cum
1451 467 1744 533 Gasconia,
1769 470 1822 529 Α
1852 482 1973 538 quae
2002 465 2237 538 denique
2267 482 2418 521 suam
2447 467 2618 537 ipsius
2641 467 3030 540 contingebaut
3057 467 3308 523 salutem.
3343 467 3451 523 Cu-

108 573 237 614 nec
270 573 391 614 non
414 566 469 612 et
499 557 852 612 finitimarum
909 557 1200 629 regionum
1247 565 1454 613 tractus
1510 557 1665 612 multi
1693 565 1746 612 et

106 647 333 719 magni
359 647 732 715 subjacebant.
758 648 817 700 In
844 647 1093 701 omnibus
1142 663 1273 701 vero
1305 647 1465 700 terris
1495 646 1578 699 his
1597 647 1746 699 nulla

113 735 535 791 inveniebatur
563 751 795 805 persona
824 735 1196 806 cujuscunque
1235 735 1440 807 gradus
1471 742 1560 788 aut
1591 735 1744 789 ordi-

108 824 240 891 nis,
281 824 373 880 cui
405 824 663 879 libentius
709 824 1060 889 auscultaret,
1094 833 1147 879 et
1175 824 1259 879 cui
1306 823 1610 895 promptius
1641 824 1744 878 ob-

115 920 496 984 temperaret,
530 929 693 984 quam
714 913 919 967 homini
950 912 1093 979 huic,
1119 912 1175 966 in
1204 912 1474 978 omnibus,
1509 928 1630 983 qua:
1662 927 1746 965 ra-

118 1001 209 1057 tio
245 1001 446 1056 salutis
493 1001 688 1056 animae
745 1016 857 1058 sua:
887 1001 958 1056 ab
1000 1016 1066 1056 eo
1098 1000 1298 1072 inquiri
1349 1017 1446 1055 seu
1501 1000 1745 1055 exaudiri

119 1089 424 1162 exigebat.
459 1091 632 1145 Tanta
679 1089 914 1162 denique
945 1089 1312 1144 familiaritate
1370 1089 1447 1144 illi
1503 1089 1744 1159 seipsum

117 1179 537 1246 committebat,
559 1186 670 1234 tam
687 1179 956 1252 singulari
986 1179 1189 1234 amoris
1218 1178 1507 1250 privilegio
1536 1179 1745 1233 cunctis

118 1267 256 1324 fere
298 1267 553 1324 omnibus
582 1266 912 1339 praeferebat
957 1267 1130 1334 illum,
1163 1275 1218 1322 ut
1249 1267 1538 1322 crederent
1565 1275 1617 1322 et
1649 1283 1743 1322 as-

119 1364 387 1412 sererent
416 1355 766 1427 pertinaciter
797 1356 1062 1422 nonnulli,
1095 1357 1240 1411 hunc
1269 1355 1411 1410 illius
1430 1354 1598 1410 ﬁlium
1621 1373 1744 1411 esse

118 1445 467 1511 naturalem,
501 1453 555 1501 et
585 1446 745 1514 hujus
772 1445 926 1500 illum
964 1445 1267 1516 genitorem
1325 1443 1492 1500 fuisse
1549 1461 1742 1500 carna-

116 1533 268 1590 lem.

205 1622 464 1680 Vidimus
485 1629 608 1693 post
628 1629 862 1678 mortem
889 1621 1035 1695 regis
1083 1622 1343 1678 Richardi
1390 1622 1524 1692 (62),
1559 1621 1740 1691 hujus,

123 1711 204 1767 de
239 1727 354 1782 quo
375 1710 680 1783 loquimur,
705 1709 799 1765 ﬁlii
828 1710 976 1782 regis
1014 1717 1066 1766 et
1087 1710 1443 1777 successoris,
1504 1727 1627 1766 cum
1657 1728 1744 1765 es-

123 1807 221 1856 set
270 1801 430 1871 Ilugo
459 1799 516 1854 in
544 1798 744 1854 finibus
773 1799 1099 1871 Aquitaniae,
1132 1799 1449 1855 innumeras
1502 1799 1742 1872 undique

127 1887 379 1944 diversae
443 1888 770 1944 conditionis
790 1895 844 1944 et
881 1887 1161 1960 dignitatis
1206 1895 1414 1943 turmas
1463 1889 1533 1943 ad
1565 1889 1743 1960 ipsum

129 1993 496 2044 concurrere,
528 1993 632 2033 nec
679 1977 836 2033 aliter
881 1992 1044 2050 quam
1071 1993 1104 2032 a
1131 1977 1282 2050 regis
1339 1976 1578 2034 defuncti
1609 1994 1743 2051 ger-

127 2082 329 2135 mano,
367 2082 532 2137 super
561 2074 704 2121 statu
734 2082 834 2121 suo
881 2066 1060 2136 ipsum
1098 2066 1406 2122 consulere.
1437 2067 1744 2123 Contende-

135 2155 281 2210 bant
312 2154 598 2211 nobiscum
644 2154 848 2225 plures,
899 2155 1049 2210 illum
1081 2154 1307 2210 fratrem
1364 2155 1513 2228 regis
1537 2172 1744 2212 nuncu-

133 2251 376 2316 pantes;
407 2259 509 2300 nec
538 2243 838 2300 credebant
886 2243 1044 2298 nobis
1097 2245 1166 2298 de
1221 2244 1363 2298 illius
1415 2246 1743 2317 cognatione

134 2340 232 2386 aut
262 2332 551 2404 progenie,
585 2333 733 2404 quod
762 2349 949 2388 verum
975 2348 1324 2398 noveramus,
1349 2333 1738 2389 asserentibus.

141 2443 168 2471 α
206 2421 344 2488 Nos,
380 2421 660 2492 inquiunt,
703 2421 832 2493 quid
864 2437 1052 2477 verum
1081 2421 1368 2488 habeatur,
1403 2422 1471 2476 de
1502 2422 1584 2476 his
1622 2439 1743 2478 me-

135 2509 248 2564 lius
267 2509 489 2578 scimus,
514 2510 906 2582 etagnovimus
938 2509 1260 2566 evidentius.
1284 2511 1549 2566 Dominus
1578 2526 1744 2582 quon-

140 2599 276 2653 dam
306 2615 398 2655 rex
431 2606 616 2654 noster
644 2599 912 2655 Henricus
942 2615 1221 2671 nunquam
1252 2607 1532 2655 externum
1563 2599 1743 2655 homi-

141 2705 296 2754 nem,
319 2695 378 2742 ut
406 2687 568 2742 istum
590 2687 826 2757 amabat,
854 2697 911 2743 ut
932 2689 1095 2743 istum
1126 2689 1449 2755 honorabat,
1484 2689 1552 2744 de
1573 2689 1738 2754 nullo,

136 2784 199 2831 ut
254 2777 323 2831 de
381 2776 503 2844 isto,
561 2774 870 2832 confidebat
925 2776 1150 2846 nemini,
1210 2785 1268 2832 ut
1313 2777 1420 2844 isti,
1505 2778 1742 2848 seipsum

140 2865 424 2921 credebat.
457 2864 574 2920 Nisi
604 2865 704 2920 iste
734 2873 879 2920 esset
909 2865 1051 2920 filius
1081 2867 1196 2934 ejus
1228 2866 1394 2937 (quod
1425 2865 1584 2921 etiam
1615 2882 1743 2920 cor-

141 2953 294 3024 poris
314 2952 492 3008 forma
531 2953 829 3009 consimilis
858 2953 1013 3008 fateri
1059 2955 1343 3025 probatur)
1375 2971 1653 3026 nunquam
1685 2971 1744 3009 se

141 3050 198 3097 et
248 3059 344 3096 sua
373 3051 481 3097 tam
511 3041 825 3114 specialiter
854 3042 932 3096 illi
954 3051 1284 3114 exponeret,
1317 3059 1420 3099 nec
1450 3043 1505 3097 in
1536 3052 1744 3098 tantum

147 3131 374 3186 honoris
432 3129 636 3186 cultum
692 3131 968 3186 hominem
1023 3131 1386 3203 alienigenam
1427 3141 1571 3187 tanta
1619 3148 1743 3188 cum

154 3219 405 3274 instantia
433 3228 801 3290 promoveret.
839 3240 862 3270 ι
897 3221 965 3275 Et
990 3221 1107 3276 haec
1137 3221 1353 3293 quidem
1383 3220 1458 3275 illi
1493 3238 1504 3276 :

221 3330 243 3358 «
283 3309 479 3364 Verum
509 3324 611 3364 nos
665 3309 812 3380 quod
867 3309 1151 3364 verissime
1197 3310 1398 3365 scimus
1431 3309 1740 3366 firmissime

145 3395 460 3464 asserimus,
496 3397 624 3469 quia
651 3413 761 3454 non
784 3397 947 3452 istam
995 3398 1043 3454 ei
1084 3416 1254 3469 penes
1284 3416 1473 3471 regem
1505 3401 1740 3471 gratiam

147 3486 525 3542 conciliaverat
546 3501 674 3542 caro
705 3494 757 3541 et
787 3487 1033 3560 sanguis,
1054 3487 1151 3543 sed
1169 3488 1424 3544 revelatio
1455 3488 1628 3542 Patris
1651 3489 1742 3560 qui

143 3575 298 3631 estin
327 3574 501 3631 caelis.
561 3575 700 3630 Nam
745 3575 996 3632 conscius
1052 3575 1223 3648 ipsius
1281 3577 1454 3649 quiin
1507 3577 1739 3633 excelsis

142 3671 278 3734 erat,
310 3663 596 3718 manifeste
642 3671 863 3719 noverat
912 3680 1077 3736 quam
1135 3665 1370 3732 sincero,
1409 3682 1575 3737 quam
1605 3682 1738 3737 per-

144 3751 281 3808 fecto
352 3750 552 3808 affectu
611 3752 812 3820 cordis,
874 3753 1052 3824 ipsum
1108 3753 1308 3810 relictis
1366 3754 1620 3810 omnibus
1648 3755 1738 3810 ille

146 3848 483 3912 sequeretur,
516 3841 627 3912 qui,
690 3841 793 3896 nisi
847 3850 1070 3914 propter
1116 3843 1313 3913 ipsum,
1372 3843 1504 3897 nihil
1552 3859 1737 3900 amare

146 3929 364 3984 sciebat.
396 3951 418 3980 »
451 3929 567 3984 Rex
601 3946 817 4001 quoque
847 3938 1002 3986 acute
1033 3930 1089 3985 id
1123 3931 1301 4002 ipsum
1348 3931 1638 4003 pervidens
1687 3941 1738 3988 et

147 4018 506 4090 perpendens,
541 4017 679 4073 sicut
724 4019 864 4075 hanc
896 4034 929 4074 a
957 4020 1072 4075 Deo
1097 4021 1329 4090 gratiam
1357 4021 1598 4077 noscitur
1617 4037 1738 4090 per-

148 4107 372 4177 cepisse,
429 4114 487 4160 ut
543 4106 690 4162 viros
738 4107 894 4162 bona:
954 4108 1384 4164 conversationis
1427 4109 1736 4164 testimonio

147 4195 400 4267 probatos
433 4195 640 4250 arctius
661 4195 930 4266 diligeret,
957 4203 1104 4251 tanto
1135 4214 1254 4252 eum
1280 4214 1392 4267 pra)
1413 4198 1623 4254 caneris
1644 4213 1738 4253 co-

147 4281 236 4337 luit
267 4283 606 4350 eminentius,
633 4292 832 4355 quanto
863 4293 1110 4339 senserat
1132 4285 1282 4340 illum
1322 4285 1489 4340 divini
1538 4287 1736 4340 amoris

149 4369 348 4426 facibus
378 4373 623 4443 ﬂagrare
644 4372 1013 4429 excellentius.
1047 4375 1162 4429 Nec
1203 4374 1348 4428 enim
1379 4375 1434 4428 in
1484 4391 1736 4430 sermone

146 4460 536 4528 assentationis,
597 4461 798 4516 nedum
879 4462 1222 4527 adulationis,
1281 4462 1378 4517 fuit
1439 4463 1734 4534 aliquando

1846 572 1936 610 ras
1983 563 2163 610 tamen
2195 564 2537 611 terrenoruin
2569 556 2624 610 in
2652 557 2800 612 nullo
2830 573 2953 611 cum
3000 557 3094 611 illo
3163 555 3444 623 tractabat,

1848 645 1973 714 quia
2003 645 2120 699 sola
2149 645 2268 714 ipse
2297 645 2540 700 coelestia
2567 647 2812 712 curabat,
2864 646 2999 713 sola,
3034 646 3448 717 quibuscunque

1843 741 2031 804 posset
2058 734 2253 802 modis,
2287 734 2539 798 amanda,
2577 735 2870 806 qumrenda
2902 743 2955 790 et
3003 735 3301 789 obtinenda
3356 735 3446 788 in-

1846 822 2112 878 culcabat.
2173 822 2348 892 Quam
2403 823 2584 877 multis
2643 831 2822 878 tamen
2878 824 3023 880 bona
3068 840 3287 895 quoque
3333 831 3446 879 ter-

1847 926 1980 966 rena
2010 911 2258 983 llugonis
2287 911 2504 966 hortatu
2535 911 2625 967 ille
2655 912 2959 979 contulerit,
3007 912 3222 984 quoties
3251 912 3362 966 iras
3390 911 3444 967 in

1845 999 2189 1055 clementiam
2205 1017 2306 1071 per
2327 1001 2613 1073 llugonem
2635 1001 2925 1057 mutaverit
2948 1020 2963 1069 ;
2997 1010 3050 1056 et
3071 1001 3157 1056 his
3182 1016 3216 1056 a
3245 1001 3444 1073 quibus

1797 1151 1808 1158 μ
1846 1086 2086 1143 offensus
2115 1098 2279 1153 esset,
2308 1090 2519 1144 veniam
2541 1089 2876 1145 concesserit
2903 1109 2918 1157 ;
2949 1098 3080 1161 quot
3109 1089 3370 1146 ecclesias
3391 1097 3446 1145 et

1847 1175 1964 1231 loca
1995 1176 2248 1247 religiosa
2279 1177 2524 1250 llugonis
2555 1178 2778 1233 obtentu
2807 1179 3120 1250 protexerit,
3168 1178 3443 1249 rebusque

1844 1266 2170 1320 necessariis
2199 1266 2560 1336 ampliaverit,
2594 1267 2919 1338 perlongum
2969 1273 3115 1322 esset
3159 1265 3442 1338 sigillatim

1847 1368 2159 1409 recensere.
2196 1353 2447 1409 Monebat
2474 1354 2619 1410 hunc
2641 1357 2798 1428 Hugo
2820 1355 3058 1422 assidue,
3082 1371 3192 1410 non
3223 1355 3279 1409 in
3299 1369 3444 1410 vana

1843 1449 2112 1513 ventoque
2140 1441 2407 1513 fugaciori
2434 1443 2622 1498 mundi
2655 1444 3018 1514 prosperitate
3065 1451 3227 1515 atque
3257 1451 3444 1515 poten-

1846 1531 1917 1584 tia
1942 1530 2239 1600 conﬁdere,
2264 1547 2371 1588 non
2402 1531 2457 1586 in
2484 1531 2696 1588 incerto
2727 1532 3035 1588 divitiarum
3063 1548 3306 1604 sperare,
3339 1532 3440 1588 sed

1844 1619 1900 1674 in
1931 1620 2047 1674 Deo
2077 1619 2218 1688 vivo,
2248 1620 2341 1690 qui
2371 1635 2503 1675 vera
2533 1629 2614 1676 est
2662 1619 2938 1688 fortitudo,
2973 1629 3028 1678 et
3076 1621 3170 1693 qui
3199 1628 3352 1678 certa
3379 1628 3435 1678 et

1845 1715 2046 1763 acterna
2077 1716 2161 1764 est
2191 1708 2466 1765 beatitudo
2498 1710 2842 1780 sperantibus
2871 1719 2925 1766 et
2971 1709 3355 1766 conﬁtentibus
3383 1710 3441 1764 in

1769 1825 1822 1886 Β
1846 1813 1925 1852 se.
1959 1797 2231 1855 Suadebat
2262 1797 2311 1852 ei
2342 1796 2496 1854 facile
2525 1798 2787 1870 tribuere,
2810 1799 3063 1870 perituris
3083 1811 3442 1871 permansura

1843 1901 2182 1957 comparare,
2216 1886 2586 1960 indigentibus
2615 1888 3020 1945 communicare
3040 1888 3182 1944 bona
3199 1901 3440 1944 momen-

1842 1981 2022 2042 tanea,
2055 1990 2178 2030 cum
2209 1975 2406 2046 quibus
2467 1977 2744 2032 sortiretur
2771 1985 3001 2034 interna.

1916 2064 2093 2133 Super
2121 2063 2288 2120 variis
2333 2065 2651 2120 excessibus
2681 2066 2880 2136 saepius
2909 2066 3174 2138 arguebat
3203 2080 3350 2132 eum,
3383 2070 3434 2118 et

1843 2151 1912 2206 ad
1941 2152 2330 2207 correctionem
2372 2154 2564 2209 sedulo
2617 2154 2897 2210 invitabat.
2931 2155 3271 2227 Corripiebat
3315 2169 3438 2208 eum

1842 2241 2322 2297 vehementissime
2351 2259 2454 2313 pro
2471 2243 2718 2299 ecclesiis
2739 2245 3147 2300 cathedralibus
3170 2252 3223 2300 et
3244 2258 3431 2299 coeno-

1842 2329 1948 2384 biis
1976 2331 2310 2396 vacantibus,
2346 2348 2467 2403 quae
2496 2331 2552 2386 in
2582 2347 2746 2387 manu
2775 2349 2871 2388 sua
2928 2333 3110 2389 illicite
3138 2333 3336 2403 saepius
3371 2345 3439 2387 ac

1842 2417 1936 2472 diu
1975 2418 2268 2486 detinebat,
2303 2427 2355 2474 et
2384 2437 2484 2490 per
2511 2436 2706 2476 manus
2734 2438 2952 2478 suorum
2976 2422 3213 2494 pessime
3239 2427 3439 2476 tracta-

1844 2507 1968 2573 bat;
2003 2507 2057 2562 in
2087 2506 2450 2578 prmﬁciendis
2483 2510 2698 2564 tandem
2731 2511 3003 2582 episc0pis
3049 2519 3102 2566 et
3153 2508 3440 2566 abbatibus

1843 2611 1965 2651 eum
2023 2596 2172 2651 abuti
2223 2605 2482 2668 usurpata
2511 2614 2541 2652 a
2571 2599 3072 2669 praedecessoribus
3125 2600 3238 2655 suis
3281 2609 3441 2673 pote-

1845 2691 1981 2739 state
2007 2685 2382 2741 convincebat.
2418 2687 2732 2742 Insinuabat
2774 2689 3013 2743 omnium
3068 2705 3208 2760 pene
3261 2693 3439 2748 malo-

1844 2789 1966 2827 rum
1993 2790 2209 2828 causam
2241 2783 2292 2830 et
2323 2775 2611 2830 materiam
2641 2777 2696 2830 in
2725 2777 2928 2847 populo
2960 2777 3062 2834 Dei
3116 2795 3218 2849 per
3253 2779 3439 2853 indig-

1843 2877 1944 2917 nos
1971 2863 2238 2933 pullulare
2285 2863 2556 2934 praelatos,
2591 2881 2687 2936 per
2745 2880 2838 2920 eos
2897 2865 3090 2933 foveri,
3150 2884 3248 2939 per
3287 2869 3439 2940 ipsos

1843 2951 2054 3022 augeri,
2088 2969 2189 3022 per
2229 2967 2324 3006 eos
2355 2961 2405 3008 et
2437 2953 2643 3025 vigere.
2696 2955 2801 3008 Pro
2833 2953 2917 3008 his
2949 2955 3200 3010 omnibus
3229 2973 3362 3013 vero
3385 2959 3440 3014 in

1844 3039 1966 3094 illos
1995 3040 2268 3111 prmcipue
2301 3057 2488 3110 pmnas
2519 3041 2704 3096 divino
2727 3043 3007 3097 asserebat
3030 3043 3235 3112 judicio
3265 3054 3442 3102 retor-

1844 3129 2110 3199 quendas,
2134 3129 2226 3200 qui
2253 3129 2449 3184 talibus
2478 3130 2532 3184 in
2577 3146 2766 3186 eorum
2813 3132 3153 3202 promotione
3191 3142 3444 3190 auctores

1847 3234 1906 3272 se
1938 3225 2029 3272 aut
2054 3217 2299 3274 fautores
2332 3235 2442 3273 non
2473 3219 2783 3275 timuissent
2831 3221 3090 3277 exhibere
3121 3239 3136 3276 :
3173 3244 3195 3271 ιι
3232 3231 3286 3279 et
3315 3225 3446 3295 quid

1843 3321 2074 3362 necesse
2104 3315 2204 3372 est,
2239 3307 2437 3374 aiebat,
2463 3324 2496 3362 ο
2526 3308 2786 3380 princeps
2807 3309 3230 3380 sapientissime,
3253 3320 3313 3366 ut
3341 3329 3440 3384 pro

1842 3411 1986 3452 vano
2046 3396 2414 3468 cujuscunque
2469 3396 2658 3452 favore
2714 3414 2968 3468 personae
3022 3406 3100 3455 tot
3157 3400 3444 3457 animabus

1841 3493 2072 3540 mortem
2101 3484 2299 3539 inferas
2319 3485 2685 3555 perniciosam
2705 3486 2734 3540 ?
2763 3495 2840 3541 tot
2867 3487 2936 3542 de
2966 3488 3273 3558 perditione
3300 3490 3443 3545 mul-

1842 3581 2040 3640 torum,
2073 3574 2274 3628 Christi
2321 3582 2495 3630 morte
2524 3575 2945 3646 redemptorum,
2992 3577 3276 3648 dispendia
3322 3580 3441 3637 Deo

1839 3661 2074 3735 irroges,
2109 3663 2316 3734 tibique
2349 3663 2579 3734 proinde
2629 3671 2708 3718 tot
2764 3664 3153 3736 suppliciorum
3191 3666 3444 3724 cumulos

1839 3751 1897 3806 in
1924 3751 2161 3806 futurum
2190 3768 2422 3822 reponas
2438 3753 2465 3807 ‘I
2487 3761 2686 3824 quanto
2708 3753 2879 3808 satius
2907 3753 3106 3810 liberas
3135 3756 3442 3828 quibusque

1841 3840 2137 3896 electiones
2162 3841 2314 3909 juxta
2344 3857 2613 3897 canonum
2645 3842 2778 3897 scita
2817 3842 3150 3914 relinquens,
3206 3845 3444 3916 teipsum

1841 3936 1918 3984 tot
1965 3929 2230 3985 malorum
2273 3929 2584 4001 labyrintho
2641 3931 2940 4002 eXplicares
2963 3975 2976 3999 ,
3010 3940 3064 3989 et
3089 3943 3208 3990 tuas
3237 3934 3307 3990 ad
3336 3936 3443 3991 hoc

1839 4025 2044 4072 tantum
2075 4027 2256 4088 partes
2287 4019 2664 4089 intei-poneres
2696 4028 2772 4089 ut,
2821 4021 2913 4092 qui
2969 4023 3086 4078 Deo
3133 4032 3437 4094 acceptum,

1839 4114 1891 4162 et
1921 4107 1974 4160 in
2003 4107 2089 4160 his
2118 4124 2239 4178 qua:
2269 4108 2368 4162 Dei
2391 4117 2534 4178 sunt,
2558 4109 2760 4180 populo
2789 4110 2883 4164 tibi
2915 4111 3123 4167 credito
3145 4120 3197 4167 et
3217 4113 3436 4168 subdito

1837 4195 2183 4265 profuturum
2204 4197 2496 4268 eligerent,
2528 4198 2905 4267 praevalerent,
2938 4207 2992 4253 et
3020 4199 3075 4252 in
3106 4201 3436 4256 contrarium

1837 4284 2071 4339 nitentes
2101 4284 2154 4338 in
2185 4285 2298 4338 suis
2328 4285 2697 4339 molitionibus
2728 4285 2847 4340 elisi
2887 4286 3228 4344 deficerent?
3265 4314 3286 4337 η
3320 4290 3438 4347 Hac

1839 4372 1984 4427 enim
2014 4372 2245 4437 ratione,
2279 4373 2512 4443 provida
2543 4381 2856 4429 sanctorum
2884 4375 3107 4430 Patrum
3137 4377 3432 4448 dispensa-

1837 4461 1911 4516 tio
1941 4461 1995 4516 in
2024 4460 2388 4531 praeficiendis
2419 4462 2774 4517 ecclesiarum
2811 4463 3134 4531 rectoribus,
3166 4465 3434 4523 Christia-

144 4549 279 4620 apud
309 4567 451 4604 eum.
509 4549 830 4617 Enimvero,
894 4550 1111 4622 qualem
1169 4559 1394 4607 noverat
1451 4552 1728 4622 expedire,
1755 4549 1807 4608 D
1836 4549 2077 4604 nissimis
2107 4549 2236 4604 olim
2267 4549 2605 4620 principibus
2635 4550 2816 4607 locum
2846 4552 3086 4608 noscitur
3114 4568 3436 4612 accommo-

145 4638 242 4693 sibi
269 4639 462 4710 primo,
497 4637 693 4694 deinde
725 4639 871 4705 suis,
922 4649 1200 4711 postremo
1233 4641 1524 4706 universis,
1579 4641 1729 4695 illum

145 4727 355 4797 cupiens
384 4727 648 4794 exhiberi,
683 4727 914 4782 instabat
945 4737 1249 4800 opportune
1289 4730 1598 4800 importune
1633 4746 1730 4800 pro

147 4832 299 4872 causa
327 4825 377 4871 et
399 4817 639 4887 negotio,
673 4833 774 4887 pro
808 4825 1052 4888 tempore
1083 4826 1136 4873 et
1166 4819 1304 4883 loco,
1339 4835 1598 4889 arguens,
1631 4819 1730 4872 ob-

147 4919 359 4960 secrans
389 4913 440 4959 et
471 4905 759 4974 increpans
790 4921 913 4959 eum
947 4906 999 4959 in
1031 4907 1179 4960 omni
1207 4907 1470 4977 patientia
1501 4915 1552 4961 et
1581 4907 1730 4963 suavi

147 4993 377 5049 doctrina
402 4995 667 5060 miscens,
701 4994 854 5062 juxta
880 4994 935 5048 S.
973 4995 1247 5051 Benedicti
1279 4996 1565 5068 egregiam
1600 5011 1729 5050 sen-

149 5082 374 5148 tentiam,
442 5081 780 5153 temporibus
841 5087 1116 5156 tempora,
1167 5087 1474 5141 terroribus
1505 5085 1729 5140 blandi-

147 5175 345 5227 menta.

213 5260 284 5315 De
315 5259 458 5315 illius
487 5259 669 5331 itaque
698 5261 866 5316 rebus
896 5263 1158 5317 duntaxat
1199 5279 1296 5318 seu
1325 5261 1564 5334 negotiis
1593 5277 1728 5317 con-

154 5349 418 5404 siliabatur
439 5349 540 5404 iste
571 5366 694 5405 cum
724 5349 836 5416 illo,
874 5368 994 5422 quae
1039 5351 1330 5418 Christum,
1382 5367 1504 5422 qua:
1530 5350 1728 5406 Eccle-

147 5439 288 5510 siam,
315 5455 437 5512 quae
473 5439 628 5512 regni
659 5439 1122 5511 tranquillitatem,
1155 5457 1276 5513 quze
1299 5439 1484 5512 populi
1512 5455 1726 5511 pacem,

1831 4639 1994 4694 dasse
2024 4654 2132 4694 non
2163 4647 2484 4707 extremum,
2520 4655 2627 4709 quo
2657 4655 2756 4709 per
2785 4656 2973 4694 eorum
3005 4641 3435 4700 sincerissimam

1833 4727 2174 4799 diligentiam
2203 4727 2636 4795 ambitiosorum,
2668 4729 2714 4782 si
2742 4746 2863 4800 qua:
2895 4730 3231 4798 emersisset,
3263 4740 3435 4790 teme-

1833 4817 1963 4870 ritas
1993 4816 2204 4872 facilius
2246 4825 2604 4887 premeretur,
2652 4817 3036 4890 religiosorum
3069 4836 3201 4875 vero
3231 4822 3431 4877 unani—

1835 4905 1995 4960 mitas
2024 4905 2080 4959 in
2103 4905 2294 4959 studiis
2324 4905 2436 4960 suis
2467 4906 2649 4976 robur,
2686 4915 2737 4961 et
2767 4908 2823 4961 in
2861 4908 2999 4963 votis
3049 4907 3300 4965 effectum
3329 4926 3430 4967 ex-

1833 4994 2068 5064 peditius
2098 5004 2543 5066 consequeretur.

1903 5083 2122 5137 Talibus
2156 5085 2314 5155 llugo
2345 5084 2628 5139 insistebat
2659 5085 2920 5157 eloquiis,
2956 5094 3008 5141 et
3055 5088 3433 5158 hujuscemodi

1831 5188 1967 5242 erga
1995 5172 2297 5244 principem
2329 5175 2557 5229 vacabat
2588 5175 2805 5229 monitis
2825 5221 2839 5245 ,
2879 5176 3093 5247 quoties
3145 5179 3432 5236 occasione

1830 5261 2189 5333 qualicunque
2212 5264 2327 5331 ejus
2347 5264 2600 5318 utebatur
2619 5263 2874 5318 familiari
2905 5280 3150 5334 accessu,
3177 5276 3272 5324 aut
3303 5285 3429 5340 quo.

1831 5351 1932 5406 ties
1965 5351 2254 5406 secretiori
2297 5352 2442 5406 illius
2487 5353 2797 5423 potiebatur
2852 5352 3034 5411 affatu.
3094 5357 3164 5411 Et
3205 5358 3430 5429 quidem

1829 5439 2038 5494 ratione
2067 5440 2350 5512 multiplici
2399 5441 2579 5512 ipsum
2629 5442 2815 5497 adibat
2868 5441 3230 5515 frequentius,
3283 5463 3432 5505 nunc

206 5618 308 5687 (62)
347 5617 485 5671 Obiit
526 5629 656 5670 anno
704 5617 853 5683 1199,
895 5618 976 5672 die
1014 5619 1047 5670 6
1070 5617 1266 5682 Aprilis,
1302 5617 1574 5670 Richardus
1596 5628 1712 5681 rex,
1741 5615 1880 5680 cujus
1901 5617 2118 5681 exequiis
2142 5619 2196 5670 S.
2240 5619 2394 5682 Hugo,
2422 5618 2491 5670 uti
2529 5619 2758 5683 refertur,
2801 5620 2868 5672 lib
2892 5634 2943 5686 v,
2975 5634 3022 5676 c.
3067 5623 3146 5687 15,
3191 5624 3432 5678 interfuit.
