3938 6404
473 327 578 380 9'75

480 447 780 503 accersitus
832 443 902 499 ab
956 442 1095 514 ipso,
1125 454 1267 496 nunc
1297 455 1396 511 pro
1425 439 1588 494 variis
1648 438 1862 503 domus,
1905 451 2068 508 quam
2090 436 2144 496 Α

481 534 745 590 fundabat
791 541 844 588 et
901 530 1150 604 regebat,
1193 527 1608 584 necessitatibus
1635 527 1774 581 ultro
1822 526 1889 580 ad
1947 540 2069 580 eum

478 638 738 696 pergens.
770 620 1140 693 Emergebant
1169 633 1297 674 vero
1333 615 1668 672 creberrime
1697 622 1826 669 tunc
1857 622 2071 683 tempo-

481 712 558 766 ris
603 709 722 782 regi
749 709 874 765 hinc
906 708 1030 763 inde
1061 707 1292 762 adversa
1319 704 1571 776 plurima,
1605 719 1726 774 quae
1740 701 1944 772 jugiter
1970 700 2072 755 viri

482 798 782 870 spiritualis
811 795 1182 854 consolatione
1213 793 1360 850 varia
1390 792 1596 848 ferebat
1617 790 1807 854 levius,
1832 804 2075 844 nonnun-

485 903 648 960 quam
678 900 813 942 vero
847 884 1163 956 superabat,
1199 883 1371 938 fretus
1402 882 1518 950 ejus
1549 879 1904 944 orationibus,
1936 877 2076 932 faci-

487 977 614 1044 lius,
643 975 963 1047 plerumque
991 981 1170 1028 autem
1204 971 1319 1039 ejus
1361 971 1654 1024 instructus
1685 966 1925 1024 consiliis
1969 965 2076 1021 cir-

486 1063 854 1136 cumspectius
884 1069 975 1118 aut
1003 1060 1323 1132 prudentius
1352 1057 1680 1114 declinabat.

1082 1202 1306 1258 CAPUT
1365 1201 1478 1255 νη.

495 1317 751 1385 Qualiter
773 1329 884 1385 rex
905 1314 967 1385 in
988 1309 1240 1383 periculo
1261 1307 1785 1385 nttri§_Britannici
1805 1306 2079 1385 constitit:

565 1391 676 1448 tus,
719 1377 1116 1439 liberationem
1175 1394 1332 1434 suam
1402 1379 1622 1448 llugoni
1674 1377 1941 1446 ascripsit
1965 1393 1987 1448 ς
2021 1378 2077 1428 et

561 1444 754 1512 vovere
800 1453 1094 1508 dicebatur
1142 1450 1298 1522 quod
1325 1449 1397 1503 ad
1427 1444 2078 1522 po'ntiﬁcalem_'gradum

559 1528 850 1582 niteretur
876 1540 1006 1578 eum
1035 1515 1371 1594 quantocius
1397 1515 1743 1590 promovere,
1775 1519 1822 1572 si
1857 1515 1930 1570 ad
1952 1530 2078 1586 por-

565 1602 689 1653 tum
733 1592 1054 1651 incolumis
1089 1592 1395 1648 erveniret.

561 1718 799 1790 Contigit
828 1725 1005 1773 autem
1035 1716 1153 1771 vice
1184 1713 1416 1786 quadam
1473 1727 1660 1784 regem
1719 1725 1843 1765 cum
1901 1708 2079 1764 classe

493 1823 600 1864 non
631 1788 847 1863 modica
877 1804 1113 1860 medium
1141 1801 1400 1874 pelagus,
1447 1800 1588 1855 inter
1625 1798 1935 1855 Neustriam
1965 1795 2081 1852 Bri-
2102 1788 2154 1850 B

491 1895 842 1966 tanniamque
903 1892 1187 1947 limitatum
1213 1931 1227 1959 ,
1289 1889 1591 1944 sulcantem
1639 1886 1802 1942 nimia
1856 1893 2081 1956 repente

490 1983 712 2039 suborta
733 1987 1052 2053 tempestate
1073 1994 1214 2051 pene
1232 1976 1567 2049 naufragari.
1590 1977 1634 2031 Α
1651 1975 1826 2047 prima
1846 1973 2082 2045 denique

491 2071 677 2144 vigilia
705 2069 880 2127 noctis
925 2083 1076 2124 mare
1130 2067 1498 2122 intumescens
1552 2062 1855 2119 furentibus
1885 2061 2078 2128 ventis,

493 2159 676 2215 nimiis
719 2159 957 2215 motibus
985 2165 1076 2213 aut
1135 2153 1423 2220 obsistere,
1452 2160 1543 2209 aut
1597 2151 1822 2207 allidere
1879 2151 2076 2218 visum,

489 2263 658 2305 naves
699 2246 911 2304 medias
957 2261 1102 2301 nunc
1144 2243 1310 2322 astris
1332 2243 1594 2310 inserere,
1642 2256 1786 2296 nunc
1833 2254 2080 2311 mergere

487 2331 688 2402 abysso
727 2330 1028 2386 laborabat.
1062 2329 1176 2384 Hoc
1221 2325 1611 2382 elementorum
1658 2323 1811 2387 ludo,
1871 2322 2076 2389 nescio,

492 2433 564 2475 an
587 2418 791 2492 aliquid
819 2418 874 2474 in
895 2418 1000 2474 hoc
1029 2417 1268 2472 humana
1307 2413 1528 2486 pertulit
1581 2410 1818 2470 conditio
1869 2411 2079 2466 luctuo-

492 2507 623 2564 sius.
653 2509 766 2563 Sub
795 2509 900 2564 hac
915 2513 1090 2562 morte
1119 2505 1239 2577 ipsa
1277 2502 1540 2558 amariore
1573 2501 1764 2557 mortis
1817 2499 2076 2573 imagine,

489 2612 600 2653 non
635 2597 908 2654 modicum
940 2593 1199 2667 temporis
1228 2607 1523 2664 expensum
1566 2589 1799 2646 docebat
1831 2589 2080 2662 singulos

487 2685 880 2759 navigantium,
910 2699 1071 2741 omne
1116 2681 1241 2740 vitae
1276 2679 1521 2736 mortalis
1568 2677 1804 2749 spatium
1831 2677 1919 2733 vix
1959 2677 2078 2731 exi-

488 2791 659 2850 guum
683 2773 923 2846 reputari
954 2779 1284 2828 momentum
1315 2768 1362 2824 si
1391 2782 1563 2840 sagax
1591 2767 1868 2838 inSpector
1896 2783 2077 2821 rerum

483 2865 630 2922 illius
665 2861 1066 2934 contempletur
1091 2875 1368 2916 occasum.
1390 2857 1479 2913 Nil
1509 2871 1625 2922 rex,
1658 2855 1734 2912 nil
1761 2853 1972 2924 consul,
2002 2853 2079 2909 nil

487 2961 702 3025 potens,
731 2949 808 3006 nil
833 2949 988 3006 fortis
1006 2957 1096 3004 aut
1123 2947 1294 3014 dives,
1327 2945 1403 3000 nil
1459 2943 1682 3016 quilibet
1749 2943 1930 2999 senior
1985 2949 2080 2998 aut

483 3041 720 3110 juvenis,
753 3046 923 3094 totum
952 3037 1083 3093 illud
1113 3034 1465 3103 causabatur,
1497 3031 1641 3104 quod
1661 3040 1884 3088 eatenus
1907 3031 2077 3086 vixis-

1367 318 1422 372 S.
1467 314 1781 372 HUGONIS
1820 312 2034 369 EPISC.
2078 309 2399 367 LlNCOLN.
2443 311 2612 368 0RD.
2662 313 2861 368 CART.

3664 316 3764 369 976

2769 436 2996 493 CAPUT
3032 438 3168 493 VIII.

2179 524 2435 598 Qualiter
2491 523 2770 598 devotioni
2829 527 3091 598 totaliter
3117 529 3271 598 Hugo
3300 527 3647 593 intendebat,
3679 527 3765 580 ita

2249 596 2389 666 quod
2411 596 2468 666 in
2500 595 2716 650 somnis
2744 595 2888 666 hanc
2919 595 3245 660 dictionem,
3279 600 3476 662 Amen,
3512 598 3578 653 de
3624 612 3762 652 con-

2246 665 2551 739 suetudine
2579 665 3020 739 proferebat;_et
3045 669 3292 739 qualiter
3319 672 3493 723 etiam
3523 683 3580 723 se
3599 682 3762 739 gere-

2247 736 2339 789 bat
2375 739 2438 811 in
2467 736 2704 802 mensa;
2735 737 2982 811 etquod,
3015 736 3668 811 quamcunqaehabeb'at
3700 737 3765 790 in

2247 807 2508 861 manibus
2540 807 2984 878 occupationem,
3016 807 3074 864 se
3106 812 3287 864 totum
3309 807 3366 864 ei
3399 809 3588 864 dabat.

2250 921 2371 990 lpse
2423 920 2537 988 jam
2594 919 2866 990 completa
2905 921 3018 992 (63)
3075 919 3431 978 aedificatione
3483 921 3768 991 utriusque

2177 1008 2498 1074 mansionis,
2533 1007 2766 1063 fratrum
2810 1007 3017 1064 scilicet
3044 1017 3098 1064 et
3151 1012 3558 1078 monachorum,
3591 1006 3768 1064 solitis

2179 1104 2381 1152 sanctae
2410 1095 2842 1152 conversationis
2871 1097 3165 1165 exercitiis,
3199 1114 3303 1169 quo
3346 1097 3586 1162 liberius,
3619 1109 3684 1150 eo
3715 1100 3774 1148 et

2179 1185 2478 1255 impensius
2509 1185 2757 1241 vacabat.
2790 1186 3030 1256 Tempus
3055 1202 3215 1242 omne
3245 1186 3388 1257 quod
3436 1183 3611 1241 somni
3649 1181 3770 1238 sola

2180 1274 2483 1328 necessitas
2541 1273 2643 1328 sibi
2699 1273 2922 1328 minime
2977 1275 3327 1341 vindicasset,
3369 1272 3619 1339 orationi,
3679 1276 3774 1324 aut

2179 1363 2416 1427 lectioni,
2452 1370 2542 1416 aut
2599 1362 2955 1429 meditationi,
3007 1363 3093 1419 vel
3136 1361 3403 1434 spirituali
3455 1357 3773 1430 indulgebat

2181 1449 2460 1504 collationi
2490 1450 2604 1504 sive
2657 1450 3037 1506 exhortationi.
3102 1450 3425 1522 Quanquam
3482 1445 3774 1504 dormienti

2181 1537 2418 1608 corpori,
2453 1539 2649 1593 mentis
2678 1553 2952 1609 nunquam
2981 1539 3472 1594 dormituritionem
3491 1535 3776 1607 subripere

2181 1625 2532 1693 credidisses,
2557 1625 2603 1679 si
2635 1625 2684 1681 ei
2714 1624 3036 1681 familiarius
3067 1627 3400 1692 adhaereres,
3425 1625 3472 1681 si
3502 1621 3779 1679 dormien-

2183 1723 2291 1769 tem
2325 1713 2607 1769 sollicitius
2636 1713 2985 1780 observares,
3011 1714 3056 1768 si
3089 1714 3431 1782 referentem,
3463 1728 3585 1785 qua
3607 1709 3777 1768 corde

2180 1801 2332 1874 vigili
2363 1801 2501 1857 inter
2530 1801 2746 1873 soporis
2774 1817 2945 1856 nexus
2976 1801 3169 1872 spiritu
3224 1801 3362 1856 liber
3415 1799 3775 1873 percepisset,

2181 1889 2474 1945 studiosius
2528 1889 2856 1944 attendisses
2890 1904 2901 1944 :
2935 1889 3154 1944 audires
3201 1889 3348 1944 hunc
3405 1889 3610 1944 centies
3650 1901 3777 1944 cum

2182 1977 2488 2034 vehementi
2520 1977 2741 2049 spiritus
2794 1976 3142 2048 impulsione,
3175 1991 3296 2034 cum
3347 1975 3472 2032 forti
3501 1975 3776 2031 labiorum

2181 2065 2568 2137 impressione,
2603 2066 2718 2122 sive
2749 2065 2804 2120 in
2833 2066 2921 2122 die
2950 2066 3069 2121 sive
3098 2065 3153 2120 in
3181 2073 3340 2120 nocte
3377 2064 3776 2136 quiescentem,

2181 2155 2470 2226 mysticum
2538 2154 2670 2210 illud
2739 2170 2835 2210 ore
2899 2154 3060 2210 toties
3137 2153 3422 2210 Dominico
3496 2152 3774 2223 iteratum,

2186 2268 2207 2289 «ι
2243 2246 2436 2310 Amen,
2475 2264 2497 2294 ι
2530 2243 2683 2315 quasi
2721 2242 3128 2299 conclusionem
3158 2241 3456 2313 praemissa:
3509 2239 3777 2296 orationis

2180 2331 2469 2403 proferre;
2502 2331 2635 2386 nihil
2656 2347 2788 2387 vero
2818 2330 2967 2386 aliud
2996 2329 3067 2386 ab
3111 2345 3208 2386 ore
3265 2328 3602 2396 dormientis,
3635 2327 3782 2384 sicut

2179 2419 2458 2492 plerisque
2489 2420 2658 2475 moris
2688 2427 2791 2488 est,
2827 2426 2919 2475 aut
2949 2433 3112 2476 voces
3143 2425 3234 2474 aut
3260 2417 3432 2475 verba
3453 2415 3779 2472 somniando

2181 2509 2450 2576 emittere,
2484 2508 2782 2580 aliquando
2826 2507 3175 2580 procedebat,
3211 2506 3308 2562 sed
3339 2505 3532 2562 leniter
3559 2513 3611 2561 et
3632 2504 3780 2578 quie-

2181 2597 2391 2653 tissime
2422 2597 2725 2668 pausando,
2754 2613 2897 2652 nunc
2926 2612 3028 2667 per
3080 2594 3368 2651 intervalla
3396 2593 3596 2661 rarius,
3629 2606 3780 2648 nunc
3831 2593 3834 2596 ’

2179 2702 2312 2742 vero
2342 2686 2698 2757 frequentius,
2731 2693 3009 2756 protracta
3037 2683 3429 2756 aliquantulum
3458 2683 3630 2754 prima
3659 2680 3780 2753 syl-

2178 2774 2325 2842 laba,
2358 2782 2410 2830 et
2451 2774 2641 2830 ultima
2677 2773 2734 2829 in
2773 2781 2984 2829 acutum
3016 2772 3164 2828 velut
3201 2771 3494 2841 jaculando
3551 2769 3776 2838 emissa,

2178 2863 2475 2919 innumeris
2531 2863 2742 2919 vicibus
2788 2862 3086 2932 repetebat.
3119 2861 3236 2917 Nec
3292 2875 3425 2916 vero
3478 2859 3695 2926 mirum,
3730 2857 3779 2911 si

2178 2951 2469 3006 dormienti
2525 2967 2638 3006 non
2693 2951 2925 3006 deerant
2969 2949 3182 3005 interna
3237 2949 3525 3016 serenitas,
3585 2947 3779 3002 intima

2177 3038 2398 3094 claritas
2430 3047 2483 3095 et
2511 3053 2665 3095 mera
2695 3037 2953 3106 suavitas,
2985 3053 3149 3109 quem
3203 3036 3520 3108 vigilantem
3551 3043 3778 3091 externa

487 3136 591 3195 set,
640 3135 694 3183 et
741 3125 888 3199 quod
929 3140 1180 3181 serenum
1230 3122 1524 3196 aliquando
1565 3120 1790 3179 vidisset
1819 3127 1874 3175 el-
1928 3127 2148 3204 πᾶα-ο
2176 3128 2405 3194 vanitas,
2456 3143 2604 3184 caeca
2662 3127 2971 3197 curiositas,
3005 3134 3058 3182 et
3087 3127 3302 3198 impura
3358 3125 3606 3198 voluptas
3660 3123 3776 3179 suis

485 3215 733 3289 quillnm.
764 3217 882 3270 Jam
911 3214 1014 3269 sub
1042 3212 1215 3270 oculis
1243 3227 1488 3284 praesens
1530 3211 1720 3267 mortis
1763 3209 1944 3282 imago
1975 3223 2074 3264 co-

486 3305 649 3378 gebat
675 3302 964 3360 nonnullos
993 3301 1194 3358 habere
1224 3300 1280 3356 in
1309 3301 1450 3357 votis
1492 3301 1664 3372 ipsius
1693 3298 1905 3371 pridem
1938 3312 2074 3354 acu-

483 3393 626 3451 leum
657 3391 962 3465 pertulisse.
996 3390 1204 3461 Quibns
1232 3405 1390 3446 mens
1446 3389 1631 3445 sanior
1689 3395 1820 3457 erst,
1853 3385 2076 3442 confes-

484 3482 626 3539 sioni
655 3488 1003 3554 peccatorum
1051 3478 1393 3548 insistebant,
1445 3495 1511 3536 ex
1541 3475 1922 3550 desperatione
1954 3474 2078 3530 vitae

482 3573 772 3645 praesentis
816 3568 1234 3625 sollicitudinem
1263 3567 1455 3623 futurae
1489 3567 1785 3638 capientes.
1818 3562 2078 3620 Precibus

485 3658 736 3732 plerique
781 3657 1163 3732 gemebundis,
1213 3655 1461 3728 votisque
1515 3656 1585 3710 ad
1651 3652 1959 3722 Dominum,
2012 3651 2079 3706 ad

486 3755 708 3803 sanctos
729 3755 784 3803 et
823 3747 894 3802 ad
924 3753 1144 3802 sanctas
1187 3743 1653 3800 succlamitabant.
1717 3743 1832 3798 Rex
1863 3740 2082 3796 tandem

486 3842 540 3890 et
569 3835 687 3906 ipse
716 3834 773 3889 in
800 3835 920 3890 haec
966 3833 1130 3889 verba
1161 3831 1406 3904 prorupit
1439 3849 1452 3887 :
1491 3856 1511 3879 ιι
1549 3831 1617 3897 0,
1676 3829 1872 3902 inquit,
1907 3829 1953 3884 si
2000 3828 2081 3884 vi-

484 3922 680 3996 gilaret
709 3937 855 3978 nunc
883 3919 1286 3976 Carthusiensis
1317 3921 1474 3992 Hugo
1529 3935 1684 3974 meus
1711 3917 1723 3973 l
1775 3919 1821 3973 si
1852 3917 2081 3974 secretis

487 4011 793 4067 intenderet
822 4009 986 4066 modo
1043 4007 1332 4080 precibus!
1366 4008 1410 4063 si
1443 4007 1530 4064 vel
1577 4006 1912 4064 solemnibus
1959 4021 2080 4061 cum

487 4099 600 4154 suis
651 4099 910 4155 fratribus
937 4097 1228 4153 interesset
1253 4097 1415 4153 modo
1445 4095 1752 4152 divinorum
1782 4093 2082 4150 officiorum

495 4187 757 4256 excubiis,
825 4201 935 4243 non
1003 4187 1076 4242 ita
1130 4185 1184 4242 in
1244 4185 1467 4259 longum
1516 4183 1624 4240 mei
1663 4183 2082 4240 oblivisceretur

493 4275 669 4333 Deusl
708 4296 731 4327 ι
765 4276 915 4331 Tunc
934 4291 1094 4331 orans
1124 4281 1178 4332 et
1204 4273 1364 4330 altius
1390 4273 1759 4345 ingemiscens
1792 4289 1804 4326 :
1845 4295 1865 4318 ει
1911 4271 2078 4336 Deus,

495 4365 684 4438 inquit,
709 4363 797 4421 cui
826 4363 998 4421 servit
1024 4362 1172 4435 prior
1229 4361 1538 4418 Withamia:
1567 4361 1622 4416 in
1651 4360 1898 4425 veritate,
1941 4357 2083 4413 illius

491 4455 797 4510 interventu
855 4461 908 4509 et
954 4452 1182 4516 meritis,
1216 4451 1374 4506 nobis
1403 4451 1458 4506 in
1507 4457 1654 4506 tanta
1699 4464 1797 4520 pro
1845 4446 2083 4520 peccatis

495 4542 700 4599 nostris
740 4541 993 4614 angustia
1016 4541 1160 4610 juste
1188 4539 1545 4612 deprehensis
1588 4537 1885 4595 clementer
1913 4535 2076 4590 mise-

496 4648 638 4688 rere.
673 4655 694 4679 η
729 4631 928 4687 Ferunt
958 4629 1179 4702 quidam
1222 4629 1386 4683 etiam
1415 4626 1630 4683 vovisse
1662 4643 1784 4682 eum
1842 4624 1987 4697 quod
2017 4623 2087 4679 ad

494 4718 866 4792 pontiﬁcalem
895 4719 1158 4774 niteretur
1185 4716 1412 4789 gradum
1445 4715 1766 4787 quantocius
1795 4714 1944 4769 illum
1967 4727 2086 4783 pro-

499 4823 742 4876 movere,
768 4807 814 4862 si
833 4805 1124 4862 meruisset
1143 4804 1430 4861 incolumis
1453 4804 1521 4859 ad
1542 4812 1757 4874 portum
1780 4801 2083 4874 pervenire.

494 4897 611 4952 Nec
638 4911 806 4960 mora,
837 4893 1019 4965 pelagi
1045 4893 1251 4965 fragor,
1311 4900 1594 4946 ventorum
1628 4892 1786 4946 turbo
1845 4889 2089 4944 subsedit

495 4993 547 5040 et
591 4983 852 5047 evanuit;
885 4981 1084 5038 cadunt
1132 4981 1344 5047 ﬂuctus,
1392 4980 1528 5036 redit
1599 4995 1736 5034 aura
1791 4978 1985 5042 lenior,
2036 4985 2089 5032 et

497 5073 693 5127 fretum
723 5070 960 5126 funditus
975 5069 1366 5139 complanatur,
1403 5085 1571 5124 naves
1601 5069 1872 5124 universae
1902 5074 2088 5138 optato

495 5159 773 5231 potiuntur
809 5158 1006 5223 littore,
1039 5158 1348 5213 referuntur
1396 5158 1690 5230 gratiarum
1748 5157 1987 5211 actiones
2019 5155 2090 5210 ab

495 5247 768 5302 universis
797 5247 995 5302 divina:
1028 5246 1347 5309 clementia},
1383 5254 1434 5300 et
1465 5263 1559 5301 rex
1609 5247 1676 5300 de
1699 5253 1895 5301 caetero
1928 5260 2090 5300 vene-

501 5335 694 5392 rationi
743 5335 840 5391 viri
872 5335 969 5390 Dei
999 5351 1056 5390 se
1088 5343 1256 5390 totum
1287 5335 1522 5390 devovit.

565 5513 674 5576 (63)
701 5513 910 5576 Quze,ut
943 5513 1056 5563 alibi
1081 5513 1313 5576 praamisi,
1341 5516 1528 5578 septem
1567 5517 1650 5564 aut
1675 5516 1784 5564 octo
1835 5525 2006 5578 annos,
2040 5519 2092 5566 ut

497 5581 838 5644 compleretur,
867 5580 1164 5643 requirebat.

566 5665 671 5730 (64)
695 5665 871 5717 Diebus
916 5677 1087 5728 nempe
1115 5665 1360 5716 ferialibus
1393 5667 1520 5717 intra
1555 5664 1932 5730 hebdomadam,
1951 5665 2092 5727 juxta

2177 3217 2396 3272 irretire
2425 3215 2699 3272 illecebris
2741 3215 3049 3272 nullatenus
3079 3213 3461 3286 praevalebant.

2248 3305 2383 3360 Cum
2412 3320 2540 3361 vero
2590 3319 2855 3375 corporea
2897 3303 3146 3360 sumebat
3189 3303 3465 3369 alimenta,
3499 3318 3624 3358 cum
3652 3301 3778 3357 fau-

2178 3394 2332 3449 cibus
2352 3401 2557 3449 tereret
2585 3393 2766 3448 cibum
2818 3391 3127 3448 nutrimenti
3176 3391 3399 3460 terreni,
3430 3398 3557 3446 tunc
3599 3390 3777 3462 potis-

2179 3483 2375 3537 simum
2404 3498 2563 3537 aures
2585 3483 2702 3551 ejus
2745 3481 3079 3547 esuriebant,
3113 3489 3165 3536 et
3195 3479 3516 3538 hauriebant
3546 3479 3781 3535 verbum

2179 3571 2299 3628 Dei.
2336 3570 2393 3626 Si
2421 3587 2544 3626 cum
2575 3569 2832 3626 fratribus
2861 3585 2960 3642 pro
2980 3585 3133 3626 more
3158 3570 3307 3640 juxta
3328 3568 3780 3625 consuetudinem

2179 3659 2288 3714 diei
2318 3658 2441 3715 festi
2472 3658 2819 3716 refectorium
2864 3658 3148 3732 ingressus
3175 3673 3284 3714 una
3326 3673 3449 3712 cum
3477 3656 3582 3713 illis
3611 3671 3776 3729 pran-

2180 3748 2355 3815 deret,
2389 3756 2550 3820 prout
2578 3756 2810 3804 cmteros
2839 3748 2956 3820 ipse
2988 3747 3247 3804 monebat
3281 3755 3333 3802 et
3361 3745 3613 3812 docebat,
3638 3760 3776 3802 ocu-

2180 3836 2264 3892 los
2294 3837 2349 3892 in
2394 3852 2603 3904 mensa,
2651 3852 2848 3891 manus
2907 3835 2961 3890 in
3009 3835 3256 3899 scutella,
3299 3843 3351 3891 et
3399 3851 3559 3889 aures
3615 3835 3683 3888 ad
3713 3833 3780 3888 li-

2181 3925 2358 3990 brum,
2390 3941 2486 3980 cor
2514 3933 2693 3980 autem
2726 3925 2795 3979 ad
2824 3925 3000 3980 Deum
3031 3923 3288 3979 habebat.
3324 3922 3380 3979 Si
3415 3921 3562 3978 solus
3583 3921 3778 3978 edebat

2181 4014 2235 4068 in
2266 4013 2458 4070 cellula
2492 4015 2627 4084 (64),
2662 4013 3034 4085 partiebantur
3082 4012 3186 4067 sibi
3228 4011 3367 4067 liber
3426 4019 3478 4067 et
3534 4010 3778 4066 mensula

2181 4101 2468 4158 oculorum
2497 4101 2698 4157 oﬂicia.
2743 4103 2896 4157 Tunc
2927 4101 3070 4156 enim
3091 4101 3298 4156 lumina
3328 4101 3444 4170 ejus
3492 4116 3550 4155 se
3580 4100 3778 4155 distra-

2181 4191 2385 4245 hebant
2412 4189 2674 4257 vicissim,
2708 4190 2834 4246 hinc
2863 4186 3003 4245 liber
3047 4197 3288 4262 apertus,
3329 4189 3455 4244 hinc
3483 4188 3640 4260 panis
3663 4195 3778 4244 erat

2182 4280 2482 4351 appositus.
2506 4280 2643 4334 Nam
2667 4279 2946 4351 pulmenta
2978 4279 3147 4335 rarius
3187 4277 3602 4348 adjiciebantur,
3637 4291 3778 4350 aqua

2185 4368 2297 4423 sola
2328 4367 2527 4439 saepius
2570 4367 2828 4438 poculum
2859 4367 3017 4422 simul
3056 4375 3106 4422 et
3155 4365 3446 4436 juscellum
3470 4365 3585 4421 fuit.
3643 4366 3777 4422 Con-

2185 4456 2482 4512 dimentum
2512 4456 2596 4511 his
2614 4456 2788 4528 epulis
2813 4456 3264 4528 pretiosissimum
3312 4471 3583 4528 nunquam
3613 4453 3783 4510 defuit

2189 4561 2368 4601 sermo
2398 4544 2517 4600 Dei.

2261 4635 2319 4688 In
2348 4637 2498 4688 omni
2527 4649 2764 4705 namque
2804 4642 3051 4705 tempore
3090 4641 3141 4689 et
3172 4633 3229 4688 in
3272 4632 3419 4689 omni
3457 4632 3598 4698 loco,
3633 4629 3780 4705 quod

2187 4722 2312 4782 loci.
2346 4721 2491 4794 quod
2523 4722 2784 4794 temporis
2809 4722 3077 4794 flagitaret
3109 4721 3268 4789 ratio,
3301 4721 3406 4777 hoc
3442 4729 3495 4776 et
3528 4721 3645 4793 ipse
3694 4719 3779 4774 fa-

2187 4810 2383 4875 ciebat,
2417 4811 2519 4866 hoc
2550 4819 2602 4865 et
2621 4811 2740 4865 aliis
2769 4811 3041 4882 agendum
3070 4809 3342 4866 monebat.
3376 4809 3528 4866 Adeo
3549 4809 3696 4864 velut
3724 4808 3780 4864 in

2187 4899 2426 4954 habitum
2468 4899 2571 4954 sibi
2601 4907 2840 4955 verterat
2893 4899 3351 4956 ordinatissimam
3379 4907 3433 4954 et
3473 4897 3779 4954 saluberri-

2189 5004 2332 5042 mam
2397 4986 2806 5054 institutionem,
2853 4997 2910 5043 ut
2962 5005 3181 5059 semper
3236 4995 3380 5043 totus
3461 4995 3513 5042 et
3570 4987 3784 5058 integer

2189 5077 2464 5131 videretur
2492 5076 2546 5130 in
2575 5093 2659 5145 eo,
2685 5077 2752 5131 ad
2781 5078 2924 5148 quod
2953 5093 3076 5132 eum
3097 5077 3379 5132 intendere
3397 5075 3782 5146 praescribebat

2189 5165 2293 5220 loci
2320 5165 2600 5235 praesentis
2629 5173 2719 5220 aut
2751 5167 2900 5220 horse
2940 5165 3245 5236 dispositio,
3279 5173 3331 5219 et
3375 5173 3432 5219 ut
3478 5167 3582 5220 hoc
3605 5164 3783 5234 ipsum

2190 5250 2349 5305 etiam
2381 5256 2625 5320 tempore
2656 5249 2972 5320 quiescendi
2992 5251 3306 5305 observaret
3322 5249 3374 5302 in
3397 5248 3614 5304 lectulo.
3635 5249 3786 5302 Nun-

2191 5353 2352 5410 quam
2385 5353 2506 5393 eum
2538 5337 2784 5404 lectulus,
2821 5337 3117 5394 dummodo
3148 5346 3293 5393 esset
3349 5336 3657 5403 incolumis,
3695 5334 3782 5392 vel

2190 5519 2613 5570 Cat-thusiensium
2639 5519 3058 5581 consuetudinem,
3086 5517 3255 5568 diebus
3281 5520 3471 5569 tantum
3516 5516 3780 5569 Dominicis

2192 5589 2239 5636 ct
2261 5587 2448 5638 festivis
2471 5586 2614 5638 simul
2643 5587 2689 5637 in
2725 5585 2982 5637 reiectorio
3009 5582 3385 5637 comedentium.
3757 5609 3764 5615 -
