3938 6400
105 377 215 429 977

1486 369 1672 425 VITA.
1719 397 1788 412 —
1825 369 1952 426 LIB.
1995 371 2062 424 II.

3328 367 3431 419 978

106 499 181 555 ad
212 505 561 555 momentum
592 497 761 554 tenuit
792 497 1124 571 vigilantem.
1159 497 1301 563 Mox,
1336 503 1392 550 ut
1414 496 1528 565 ejus
1551 511 1728 549 mem-
1750 496 1805 558 Α
1833 502 2119 566 aperuerat
2147 495 2306 566 Hugo
2336 501 2522 549 noster
2552 491 3026 564 perseverantibus
3053 491 3109 546 in
3138 489 3428 563 pulsando,

110 588 214 641 bra
273 595 513 642 stratum
543 587 867 657 excepisset,
894 587 1054 642 etiam
1086 586 1206 656 ipsa
1236 600 1491 656 soporem
1531 583 1737 654 pariter

113 675 501 746 excipiebant.
522 675 578 730 Si
599 675 1215 747 quandointempestive
1247 674 1302 728 in
1333 673 1574 745 quolibet
1606 687 1735 728 casu

116 765 463 820 excitaretur
516 779 546 818 a
605 778 826 827 somno,
879 762 1166 819 confestim
1216 761 1301 816 vel
1332 762 1401 816 ad
1431 760 1736 816 orationem

117 853 417 925 surgebat,
477 851 564 906 vel
615 851 716 906 sub
745 858 1021 908 momento
1069 850 1386 907 solvebatur
1434 865 1624 904 rursus
1680 848 1734 903 in

122 956 414 1012 soporem.

777 1011 1002 1067 CAPUT
1032 1012 1128 1066 IX.

126 1102 398 1170 Qualiter
427 1101 499 1157 ad
527 1103 717 1172 ipsum
747 1100 897 1171 apud
938 1101 1296 1172 ll’z’tnamiam
1328 1099 1737 1172 (con/luebatur

195 1189 302 1243 pro
336 1170 876 1243 solatio—capiendo,-
905 1176 958 1226 et
989 1171 1132 1243 quod
1165 1171 1335 1243 multi
1355 1187 1486 1243 cum
1515 1185 1578 1224 eo
1608 1170 1736 1224 reli-

190 1242 382 1313 gioni:
411 1259 529 1297 sua:
557 1244 733 1298 vitam
762 1242 964 1296 ducere
995 1242 1337 1313 cupiebant,
1365 1242 1483 1313 ipse
1543 1244 1736 1295 tamen

195 1312 305 1368 nec
339 1315 474 1378 cito,
506 1328 611 1368 nec
633 1313 804 1383 facile
833 1313 1132 1383 pulsantes
1167 1312 1492 1382 recipiebat.

196 1418 296 1473 His
326 1425 383 1474 et
406 1417 716 1488 hujusmodi
748 1415 1042 1488 spiritualis
1063 1415 1368 1488 disciplinae
1391 1415 1582 1470 studiis
1632 1416 1736 1470 flo-

122 1514 282 1562 rente
308 1507 458 1578 apud
491 1505 839 1561 Withamiam
865 1505 1116 1577 Hugone,
1175 1513 1226 1560 et
1269 1519 1393 1560 cum
1443 1505 1555 1558 suis
1608 1518 1738 1560 con-

119 1595 413 1666 discipulis
449 1594 740 1649 salubriter
777 1594 1213 1664 phi1050phante.
1275 1593 1623 1648 confluebant
1671 1592 1738 1646 ad

122 1699 246 1738 eum
294 1683 522 1754 plurimi
567 1683 798 1739 diversa}
855 1681 1180 1738 conditionis
1236 1698 1334 1737 seu
1381 1680 1739 1752 professionis

125 1771 228 1826 viri
258 1770 513 1844 religiosi
544 1772 680 1841 (633),
713 1778 934 1841 aspectu
967 1770 1112 1824 illius
1163 1777 1215 1824 et
1262 1769 1424 1824 affatu
1481 1769 1739 1825 aedificari

126 1860 326 1915 instrui
351 1867 406 1916 et
436 1875 659 1915 munere
691 1867 885 1930 Optatae
916 1858 1303 1914 consolationis
1347 1857 1580 1912 refoveri
1623 1874 1738 1913 cer-
1767 1847 1820 1908 B

125 1949 234 2002 tius
257 1957 679 2019 praesumentes.
713 1948 827 2002 Nec
858 1962 984 2002 vero
1016 1962 1114 2002 sua
1145 1947 1458 2018 quempiam
1490 1962 1618 2016 spes
1648 1945 1741 2000 fal-

125 2037 291 2102 lebat,
328 2036 514 2092 nullus
543 2037 598 2090 in
629 2043 776 2107 parte
807 2035 897 2106 pio
926 2035 1279 2089 fraudabatur
1309 2034 1488 2090 cordis
1517 2034 1739 2089 deside-

129 2126 233 2181 rio.
261 2125 494 2181 Cunctis
515 2125 659 2196 apud
683 2123 1040 2180 Withamiam
1063 2122 1316 2193 exempla
1327 2123 1595 2178 dabantur
1615 2139 1740 2194 per-

131 2214 291 2270 facta
327 2213 638 2286 religionis,
667 2229 860 2268 omnes
890 2212 1015 2267 inde
1045 2211 1739 2283 reportabantdocumenta

130 2319 279 2359 sana
308 2301 708 2370 instructionis,
742 2310 794 2357 et
825 2300 1051 2373 quisque
1086 2299 1282 2356 affectu
1313 2301 1621 2370 replebatur
1638 2301 1742 2371 piae

131 2391 466 2447 devotionis.
497 2390 632 2446 Hine
680 2390 855 2445 subito
882 2406 978 2460 per
1020 2405 1212 2446 omnes
1244 2389 1538 2445 Britanniae
1582 2389 1738 2457 fines,

135 2485 346 2535 sanctae
376 2479 539 2548 hujus
587 2477 858 2549 opinionis
902 2477 1198 2550 fragrantia
1243 2477 1478 2532 suaviter
1522 2477 1738 2544 diffusa,

132 2567 432 2624 multorum
461 2567 763 2639 praecordia
794 2573 953 2621 tantm
982 2566 1287 2622 dulcedinis
1311 2565 1576 2621 adiciebat
1617 2580 1741 2639 gra-

137 2657 232 2721 tia,
267 2665 328 2711 ut
361 2655 468 2711 viri
497 2653 891 2722 litteratissimi,
926 2654 1202 2726 variisque
1231 2654 1383 2712 ditati
1422 2654 1740 2721 redditibus,

135 2745 346 2801 relictis
368 2744 530 2813 hujus
559 2743 748 2799 mundi
775 2743 1008 2814 pompis,
1041 2750 1240 2799 sanctae
1267 2751 1318 2797 et
1347 2742 1575 2798 sincera)
1599 2742 1742 2797 illius

138 2832 578 2891 conversationis
606 2831 962 2888 humilitatem
1019 2839 1131 2887 tota
1187 2831 1476 2888 devotione
1525 2839 1746 2903 expete-

135 2930 278 2988 rent,
304 2929 530 2994 totaque
551 2921 835 2977 alacritate
878 2920 1136 2978 subirent.

211 3010 541 3066 Gaudebant
561 3008 910 3064 illustrissimi
950 3008 1363 3079 disciplinarum
1418 3008 1744 3064 scholarium

134 3098 384 3171 magistri
417 3098 516 3153 sub
547 3097 677 3153 tanti
707 3096 1020 3168 magisterio
1063 3096 1304 3153 doctoris
1345 3096 1476 3151 illud
1521 3095 1747 3167 implere

140 3186 540 3258 apostolicum:
567 3206 589 3236 ι
608 3185 663 3242 Si
694 3185 814 3257 quis
836 3185 1050 3240 videtur
1078 3184 1216 3240 inter
1239 3201 1336 3241 vos
1360 3185 1578 3256 sapiens
1599 3199 1741 3251 esse,
1767 3207 1814 3270 ϐ

141 3274 341 3330 stultus
372 3273 656 3338 efficiatur,
689 3281 746 3328 ut
772 3273 839 3328 sit
861 3273 1077 3344 sapiens
1109 3274 1157 3343 (l
1186 3274 1305 3329 Cor.
1332 3288 1413 3338 tu,
1441 3277 1550 3340 10).
1589 3294 1610 3322 ι
1638 3273 1746 3327 Ab-

145 3363 330 3419 dicata
357 3363 541 3434 itaque
569 3377 710 3417 vana
766 3361 956 3418 mundi
1003 3361 1262 3433 sapientia
1311 3362 1412 3416 sub
1461 3360 1746 3431 disciplina

145 3451 508 3524 praeceptoris
537 3451 673 3506 adeo
703 3450 850 3507 docti
897 3449 1206 3506 efficiuntur
1235 3459 1288 3506 et
1325 3451 1428 3521 ipsi
1484 3450 1748 3506 docibiles

145 3541 265 3606 Dei,
301 3540 576 3596 tramitem
615 3539 938 3594 Christianae
969 3539 1328 3610 philosophiae
1383 3538 1750 3595 indeclinabili

145 3630 270 3685 vitae
301 3636 586 3699 carpentes
616 3628 958 3684 rectitudine.
991 3627 1246 3683 Nonnulli
1279 3643 1496 3700 quoque
1529 3636 1579 3682 et
1625 3642 1748 3684 mo-

147 3718 472 3783 nachorum,
506 3732 608 3772 nec
653 3724 706 3772 et
750 3733 815 3772 ex
863 3716 1190 3773 clericorum
1247 3716 1532 3772 ordinibus
1576 3733 1749 3788 regu-

146 3804 345 3860 larium
376 3806 476 3860 sub
505 3804 722 3878 virgam
751 3821 811 3860 se
840 3803 1057 3861 solertis
1103 3804 1403 3860 transferre
1461 3805 1752 3876 cupiebant

149 3894 410 3965 pastoris,
448 3894 632 3966 sagaci
660 3892 915 3950 nimirum
945 3893 1127 3949 animo
1170 3893 1594 3965 perpendentes,
1629 3907 1751 3950 cor-

152 3997 337 4052 porca:
368 3982 595 4054 quidem
623 3997 838 4054 pascuae
893 3983 1221 4046 ariditatem,
1267 3999 1388 4054 qua:
1433 3998 1604 4053 penes
1628 3998 1752 4037 eum

154 4071 552 4140 reperiebatur,
585 4071 916 4142 pinguedine
974 4071 1276 4142 spiritualis
1330 4071 1599 4126 alimonia:
1629 4070 1756 4127 ube-

156 4159 267 4213 rius
293 4161 656 4230 compensari.
693 4161 814 4231 Ipse
843 4176 972 4216 vero
997 4160 1344 4231 praepositus,
1378 4167 1436 4215 ut
1466 4169 1579 4215 erat
1629 4176 1754 4229 pru-

156 4247 292 4303 dens
321 4265 420 4320 per
440 4249 624 4304 omnia
653 4257 706 4304 et
735 4249 1184 4320 circumspectus,
1216 4265 1318 4305 nec
1339 4249 1446 4304 cito
1479 4265 1576 4304 nec
1601 4249 1756 4304 facile

156 4337 429 4406 aperiebat
449 4337 807 4408 pulsantibus.
845 4339 1115 4394 Probabat
1150 4354 1382 4408 namque
1413 4338 1666 4408 spiritus,
1700 4345 1756 4392 ut

157 4435 342 4481 monet
370 4427 684 4497 Apostolus,
719 4427 764 4482 si
793 4444 857 4482 ex
892 4427 1005 4482 Deo
1037 4435 1240 4494 essent,
1294 4436 1344 4481 et
1395 4427 1612 4498 quidem
1647 4441 1756 4482 non

157 4513 274 4570 sine
304 4515 595 4571 dulcedine
643 4523 695 4571 et
743 4515 851 4571 leni
895 4516 1130 4588 quadam
1173 4515 1483 4587 asperitate.
1536 4515 1759 4586 Aperuit

157 4610 331 4658 autem
365 4603 686 4674 quibusdam
735 4613 857 4675 post
905 4604 1144 4676 largiora
1181 4604 1537 4676 probamenta
1566 4620 1758 4676 perse-

163 4692 480 4748 verantibus
512 4693 566 4747 in
592 4691 882 4765 pulsando.

797 4799 1026 4856 CAPUT
1055 4800 1126 4856 X.

1837 583 2236 654 beneplacitum
2269 581 2366 636 fuit
2413 581 2664 637 Domino.
2699 580 2964 635 Abierunt
3011 579 3156 634 enim
3211 578 3433 650 quidam

1838 679 2156 738 retrorsum,
2193 686 2425 742 quorum
2455 671 2561 725 duo
2585 676 2739 724 erant
2761 668 3008 723 Andreas
3029 674 3082 722 et
3103 667 3433 723 Alexander.

1837 760 2084 816 Andreas
2105 760 2408 816 monachus
2429 759 2732 813 habebatur
2763 765 2814 812 et
2842 756 3070 812 sacrista
3090 755 3429 820 monasterii,

1837 849 1982 919 quod
2012 847 2385 903 Mulchelneice
2418 848 2528 916 (66)
2561 853 2938 916 nuncupatur;
2981 843 3288 900 Alexander
3316 844 3434 913 (67)

1837 937 2133 1002 saecularis,
2169 944 2226 991 ut
2256 936 2452 1006 vulgus
2481 935 2738 1006 loquitur,
2781 933 3063 989 exstiterat
3121 931 3434 988 canonicus.

1911 1025 2067 1079 Versi
2087 1039 2324 1096 namque
2347 1023 2400 1077 in
2423 1022 2765 1087 seditionem,
2791 1022 3078 1093 Hugonem
3099 1019 3288 1074 durius
3308 1034 3434 1076 exa-

1839 1107 2156 1168 cerbab'ant.
2209 1111 2460 1166 Andreas
2519 1119 2795 1181 utcunque
2850 1108 3061 1164 furebat
3113 1107 3435 1174 modestius,

1838 1201 2146 1255 Alexander
2176 1215 2304 1256 vero
2335 1199 2451 1254 sine
2478 1197 2865 1252 moderaminis
2896 1203 3120 1268 aspectu
3141 1195 3309 1250 multa
3340 1209 3441 1251 suo

1839 1289 2008 1344 Paulo
2029 1291 2142 1359 (68)
2171 1289 2317 1343 mala
2337 1287 2681 1342 ostendebat.
2728 1309 2748 1331 α
2781 1284 3055 1341 Seduxisti
3085 1299 3206 1350 nos,
3239 1283 3431 1356 inquit,

1837 1377 2095 1448 pessime,
2121 1384 2174 1432 et
2195 1375 2446 1430 induxisti
2478 1375 2531 1429 in
2562 1375 2741 1430 locum
2770 1373 3012 1428 herroris
3043 1380 3094 1428 et
3116 1379 3280 1428 vasta:
3308 1371 3442 1427 soli-

1838 1465 2062 1530 tudinis,
2095 1465 2335 1536 privatos
2371 1471 2422 1518 et
2457 1471 2649 1518 exutos
2707 1460 3130 1518 habitationibus
3184 1459 3436 1527 amoenis,

1840 1554 2111 1624 rebusque
2141 1553 2336 1624 Opimis
2370 1560 2452 1606 :et
2474 1551 2625 1624 quasi
2657 1565 2764 1604 non
2797 1548 3272 1622 essentreligiosaz
3291 1548 3437 1620 quieo

1838 1642 1906 1695 tis
1935 1641 2243 1697 habitacula
2275 1641 2329 1694 in
2361 1639 2580 1705 smculo,
2614 1638 2689 1692 ita
2719 1637 2858 1693 inter
2886 1637 3106 1694 frutices
3147 1636 3304 1692 nobis
3353 1635 3439 1692 fe-

1840 1730 1960 1785 rino
1990 1730 2154 1786 modo
2185 1738 2237 1784 et
2266 1744 2414 1784 more
2433 1727 2863 1785 delitescendum
2889 1725 3224 1798 praascribis.
3245 1725 3429 1781 Abun-

1841 1819 1930 1872 dat
1959 1819 2136 1874 omnis
2168 1826 2313 1872 terra
2343 1816 2729 1889 religiosorum
2759 1815 2997 1869 virorum
3029 1814 3280 1878 coetibus,
3335 1812 3431 1867 ubi

1841 1917 1893 1964 et
1968 1905 2393 1963 cohabitantium
2474 1902 2755 1958 multitudo
2849 1903 2915 1956 ad
2993 1901 3281 1970 solatium,
3386 1908 3440 1959 et

1839 1996 2103 2068 perfectio
2148 1995 2277 2050 satis
2360 1993 2518 2049 nobis
2589 1990 2856 2047 sufficeret
2929 1991 2998 2045 ad
3081 1990 3438 2062 exemplum:

1840 2093 1894 2141 et
1942 2099 2072 2140 ecce
2146 2083 2266 2146 soli,
2319 2083 2436 2137 sine
2496 2080 2710 2145 solatio,
2761 2095 2885 2152 pra:
2935 2079 3146 2135 accidia
3199 2078 3444 2151 languidi

1842 2183 1892 2231 et
1922 2181 2216 2244 torpentes,
2249 2172 2523 2227 neminem
2556 2169 2680 2225 totis
2720 2169 2912 2224 diebus
2968 2167 3235 2237 videmus,
3280 2182 3443 2240 quem

1841 2263 2133 2327 imitemur,
2167 2261 2264 2317 sed
2294 2261 2527 2332 parietes
2549 2259 2716 2327 solos,
2750 2258 2946 2330 quibus
2967 2255 3316 2324 includimur,
3349 2256 3439 2311 in-

1842 2358 2071 2406 tuemur.
2107 2349 2215 2405 Sed
2244 2364 2346 2405 nec
2373 2347 2568 2405 cedent
2597 2347 2755 2403 nobis
2781 2346 3006 2402 nimium
3051 2345 3177 2402 licet
3229 2352 3443 2418 arguta

1842 2440 2084 2495 rationes
2106 2447 2231 2493 tuae.
2252 2436 2549 2492 Manifestis
2582 2436 2726 2492 enim
2748 2443 2801 2492 et
2825 2434 3144 2492 rectissimis
3164 2433 3448 2490 sententiis

1843 2528 2042 2584 nostris
2074 2543 2290 2599 semper
2318 2526 2644 2582 adversatur
2674 2540 2857 2582 sermo
2887 2531 3036 2579 tuus.
3081 2524 3161 2578 Ita
3191 2537 3324 2579 vero
3343 2537 3441 2578 ra-

1843 2616 2077 2672 rissimae
2106 2615 2286 2672 adhuc
2313 2613 2541 2669 interris
2571 2621 2624 2668 et
2650 2612 2881 2670 novellae
2900 2612 3059 2680 hujus
3089 2610 3230 2684 legis
3242 2611 3441 2684 jugum

1843 2705 2002 2760 nobis
2030 2703 2356 2776 portandum
2396 2702 2678 2773 ingeritur,
2730 2716 2794 2760 ac
2848 2701 2895 2757 si
2941 2699 3167 2772 perierit
3217 2699 3441 2771 ubique,

1844 2801 2211 2866 praeterquam
2241 2791 2388 2864 apud
2417 2790 2846 2856 Carthusienses,
2881 2788 3254 2845 Christianitas
3308 2795 3441 2855 tota,

1847 2891 1899 2938 et
1930 2881 2018 2938 vix
2039 2880 2384 2953 paucissimis
2413 2879 2756 2936 homunculis
2784 2878 2868 2934 via
2900 2877 2968 2933 sit
3014 2884 3297 2949 comperta
3351 2891 3444 2931 sa-

1846 2972 1990 3026 lutis.
2025 2973 2246 3036 Verum,
2281 2985 2419 3040 quos
2451 2968 2663 3040 potiora
2693 2983 2802 3023 non
2849 2967 3034 3034 latent,
3093 2967 3194 3021 hac
3238 2964 3448 3021 inutilia

1848 3067 1901 3115 et
1929 3074 2068 3114 vana
2097 3057 2301 3113 diutius
2329 3065 2516 3112 tenere
2547 3071 2650 3112 nec
2679 3056 2900 3121 debent,
2932 3070 3035 3110 nec
3063 3053 3260 3109 valent.
3300 3072 3322 3106 ι
3349 3051 3448 3107 His

1848 3163 1982 3218 ergo
2015 3154 2067 3202 et
2097 3145 2292 3200 talibus
2315 3160 2529 3200 sacrum
2550 3144 2701 3198 illum
2731 3143 2982 3198 ordinem
3010 3141 3273 3214 arguebat
3330 3140 3448 3196 bla-

1848 3234 2127 3308 sphemiis,
2163 3241 2214 3289 et
2251 3233 2446 3289 talibus
2485 3233 2657 3288 virum
2711 3231 2812 3287 Dei
2868 3229 3136 3288 alliciebat
3189 3228 3450 3288 conviciis

1847 3324 2084 3380 hominis
2105 3321 2410 3394 pervicacia
2449 3320 2658 3377 vesani.

1918 3411 2149 3467 Dolebat
2177 3411 2383 3467 interea
2434 3411 2592 3482 Hugo
2630 3408 2890 3481 periculis
2948 3423 3156 3474 eorum,
3218 3407 3308 3480 qui
3340 3407 3452 3476 jam

1850 3501 2198 3557 firmaverant
2229 3499 2332 3554 sibi
2356 3513 2665 3554 sermonem
2685 3513 2917 3569 nequam
2935 3495 3246 3567 apostasiaz.
3268 3494 3446 3550 Time-

1850 3591 1943 3646 bat
1973 3605 2188 3662 quoque
2212 3587 2529 3644 scandalum
2560 3585 2900 3641 infirmorum
2947 3600 3014 3642 ac
3043 3591 3293 3641 recenter
3312 3597 3450 3640 con-

1851 3695 2158 3744 versorum,
2219 3692 2356 3749 quos
2398 3683 2599 3747 praeter
2662 3674 3002 3730 inevitabiles
3086 3673 3450 3744 undecunque

1852 3768 2183 3839 prodeuntes
2207 3765 2564 3821 tentationum
2586 3770 2747 3818 aestus
2777 3762 3150 3818 vehementius
3183 3761 3457 3830 hujusmoo

1853 3857 1907 3913 di
1955 3855 2303 3928 exagitabant
2357 3859 2740 3925 tempestuosae
2798 3850 3076 3923 procellae.
3136 3851 3267 3906 Erat
3309 3849 3454 3906 enim

1855 3944 2075 4016 Spiritus
2103 3959 2310 4008 eorum,
2342 3941 2482 3997 male
2512 3940 2720 3998 scilicet
2740 3940 3111 4006 robustorum,
3135 3937 3457 3994 velutturbo

1854 4033 2140 4104 impellens
2160 4031 2425 4102 parietem
2457 4036 2661 4086 sanctae
2693 4027 2842 4084 illius
2871 4027 3168 4095 societatis,
3191 4034 3245 4083 et
3261 4025 3458 4083 discin-

1855 4122 1992 4177 dens
2021 4135 2119 4192 pro
2141 4119 2346 4174 viribus
2377 4132 2721 4188 compagem.
2755 4115 3028 4184 Quantum
3058 4115 3296 4187 denique
3326 4129 3459 4171 mu:-

1858 4209 2161 4275 stitudinis,
2195 4215 2564 4279 quantumque
2603 4205 2746 4260 taadii
2787 4220 3003 4260 sacrum
3061 4203 3192 4258 illud
3245 4211 3452 4275 pectus,

1856 4300 1911 4354 in
1944 4299 2179 4353 fraterna
2209 4295 2586 4366 compassione
2618 4301 2668 4348 et
2698 4309 2826 4348 vera
2856 4293 3055 4364 pietate
3084 4291 3456 4360 tenerrimum,

1858 4387 2206 4458 occupaverit
2237 4401 2338 4458 pro
2353 4399 2544 4441 amara
2561 4381 2774 4438 illorum
2795 4379 3177 4447 obstinatione,
3202 4380 3456 4456 necipse,

1860 4477 1952 4548 qui
1982 4478 2086 4532 hoc
2113 4475 2330 4548 pertulit
2386 4473 2510 4530 ullis
2555 4472 2748 4548 potuit,
2808 4478 2866 4526 ut
2919 4471 3120 4543 saepius
3164 4467 3457 4536 fatebatur,

1782 4565 1833 4624 D
1863 4566 2043 4623 verbis
2064 4564 2368 4622 declarare.

1930 4655 2176 4711 Vidimus
2215 4661 2398 4710 autem
2433 4659 2622 4725 postea
2683 4653 2825 4706 hunc
2864 4650 3040 4721 ipsum
3094 4645 3462 4704 Alexandrum

1860 4747 1994 4817 (69‘),
2030 4743 2443 4799 Cluniacensem
2471 4740 2833 4806 monachum,
2865 4737 3031 4795 rebus
3061 4736 3164 4792 sibi
3210 4735 3460 4808 aliquan-

1862 4834 2029 4889 tulum
2059 4832 2376 4888 cedentibus
2406 4839 2601 4888 contra
2642 4837 2844 4895 votum,
2894 4825 3304 4899 permutationis
3348 4841 3463 4881 suas

1863 4923 2197 4995 pmnitudine
2219 4923 2459 4986 ductum,
2493 4918 2739 4992 Hugonis
2769 4926 2896 4974 tunc
2927 4915 3168 4988 episcopi
3204 4912 3464 4970 ambitio-

1783 5083 1787 5086 .
1867 5012 1980 5067 sius
2007 5011 2240 5082 gratiam
2274 5011 2582 5081 implorare,
2616 5007 2774 5062 nobis
2801 5007 2964 5062 etiam
3012 5002 3336 5076 multiplices
3376 5003 3464 5056 in-

1867 5100 2146 5174 geminare
2179 5115 2390 5172 preces,
2444 5113 2573 5172 quo,
2615 5097 2921 5152 interventu
2969 5101 3174 5162 nostro,
3232 5090 3466 5148 reditum

163 4885 236 4942 De
258 4890 690 4960 apostatatione
718 4891 971 4959 fratrum
993 4890 1230 4945 Andrew
1250 4894 1305 4945 et
1336 4890 1670 4953 Alexandri,
1707 4895 1763 4944 et

233 4959 597 5032 dc’conviciis
625 4977 689 5015 ac
720 4961 1081 5032 blasphemiis
1130 4961 1454 5016 earumdem
1484 4961 1544 5014 in
1578 4963 1762 5031 Hugo-

236 5046 369 5086 nem
401 5034 456 5087 et
489 5031 746 5088 ordinem
779 5031 1241 5087 Cdrthusiensem
1268 5033 1477 5087 illatis.

236 5118 302 5174 Ut
330 5126 514 5175 autem
545 5134 609 5174 ex
641 5118 745 5175 fine
775 5119 976 5192 patuit,
1009 5135 1117 5174 non
1164 5119 1218 5175 in
1267 5119 1536 5187 omnibus,
1571 5119 1766 5194 quibus

236 5297 337 5362 (65)
360 5301 495 5352 lnter
519 5300 610 5352 hos
632 5301 852 5353 Andreas
879 5304 928 5352 et
954 5301 1247 5362 Alexander,
1275 5301 1334 5352 de
1356 5301 1527 5364 quibus
1552 5314 1660 5364 cap.
1688 5312 1770 5352 sco
1870 5276 2296 5364 δέθᾮίλξξίξυῖῐὲ
2319 5269 3137 5364 95932183913339}Blcsensisi
3161 5267 3252 5320 sub
3274 5279 3469 5321 nume"

169 5341 337 5426 φιὲῖιῖί
357 5341 609 5418 ἦέἱιῖὲτῖιῖξ
626 5341 858 5431 ῥ’ἑῖίῖιῖὶῖ
880 5341 1771 5430 ἓεᾶἱιῑέξιῖὗξέἑοῖἷεῖεῖξὶἷρῘΤΞ,Ἕκ
1870 5344 1956 5408 ⁸6,
1979 5357 2072 5406 qua
2097 5356 2207 5396 θιιω
2233 5344 2291 5394 ad
2317 5343 2639 5394 constantiam
2666 5341 2870 5391 animat-

172 5431 412 5518 }Yalterus
428 5434 986 5518 (apudLWhartonrumAiLn
1011 5435 1185 5512 Anglia
1196 5448 1365 5518 sacra,
1381 5440 1562 5518 partit,
1581 5448 1631 5497 p.
1649 5434 1745 5484 586

1941 5456 2042 5518 (68)
2072 5455 2253 5506 Allusio
2279 5453 2339 5504 ad
2365 5453 2482 5503 illud
2503 5453 2725 5502 Timoth.
2749 5464 2859 5514 cap.
2887 5464 2954 5500 Iv.
2995 5463 3013 5493 α
3035 5445 3320 5501 ‘Alcxander
3354 5461 3480 5500 tera-

173 5502 409 5573 expriore
438 5502 782 5573 Barthoniensi
813 5502 1169 5554 Carthusianus
1193 5503 1372 5566 factus,
1396 5502 1478 5564 qui
1503 5505 1667 5553 tamen
1712 5502 1774 5552 ad
1875 5502 2702 5573 τίυξὦιίιῖεζιῇίηῇηέιασειεηαη,
2735 5535 2753 5564 ,

178 5565 442 5626 prioratum
468 5567 636 5620 rediit.

1946 5624 2046 5686 (69)
2077 5624 2176 5676 Sub
2201 5623 2355 5675 tribus
2397 5622 2581 5674 ultimis
2625 5622 2737 5673 vitae
2762 5623 2815 5674 S.
2858 5622 3078 5688 Hugonia
3122 5619 3282 5682 annis,
3307 5619 3481 5686 quibus

245 5685 343 5747 (66)
370 5689 423 5756 ln
448 5688 716 5756 Monastico
742 5690 1029 5752 Anglicano,
1057 5693 1095 5741 t.
1131 5691 1177 5753 l,
1205 5703 1254 5752 p.
1283 5689 1378 5739 194
1402 5690 1451 5739 et
1471 5688 1585 5748 197,
1614 5689 1777 5752 appel-
1879 5685 2050 5743 auctor
2073 5693 2184 5743 vitae
2202 5691 2390 5756 Hugoni
2417 5689 2642 5740 adhaesit.

173 5749 299 5806 tatur
322 5755 676 5808 Michelniense
701 5759 750 5809 et
773 5749 1067 5810 MicelnenSe
1085 5758 1136 5809 in
1162 5749 1281 5821 agro
1304 5756 1601 5808 Dorsetensi.
