3938 6442
456 329 559 391 9Ἰ9

1371 330 1426 384 S.
1468 326 1784 386 HUGONIS
1822 323 2041 383 EPISC.
2080 318 2406 378 LINCOLN.
2447 319 2613 377 0RD.
2655 318 2861 377 CARH.

3660 329 3768 381 980

456 460 763 511 mereretur
792 455 862 509 ad
898 454 1034 521 veri,
1077 462 1138 510 ut
1191 455 1489 521 asserebat,
1548 454 1791 527 paradisi
1834 453 2049 509 incaute

2156 464 2447 523 cerissimae
2474 462 2750 520 charitatis
2780 462 2997 534 insigne
3027 461 3562 531 documentumjuit.
3587 467 3768 540 Igitur

457 542 724 615 perditam
750 542 1109 598 mansionem.
1143 546 1362 610 Verum,
1415 542 1553 598 sicut
1606 559 1703 614 per
1730 542 2054 613 Apostolum

461 632 664 687 dictum
693 632 859 686 estde
879 630 1026 686 Esau
1058 650 1111 685 τα
1134 633 1257 687 Non
1280 632 1825 701 iuvenitpmnitentiae
1849 631 2048 696 locum,

460 734 768 791 quanquam
802 734 925 774 cum
955 720 1213 790 lacrymis
1244 719 1547 791 inquisierit
1586 735 1706 774 eam
1731 720 1912 789 (llebr.
1945 733 2051 783 xu,

462 807 573 877 17).
611 831 631 856 »
669 808 845 863 Rediit
873 816 1055 863 autem
1083 816 1133 863 et
1154 818 1487 863 memoratus
1516 809 1784 873 Andreas,
1818 808 2053 861 nominis

460 896 544 952 sui
574 898 780 953 honore
817 897 1111 967 mutilatus,
1170 898 1241 953 ad
1288 907 1416 953 nota
1482 899 1594 968 (’70)
1653 896 1893 951 infantiae
1943 911 2054 950 suae

393 1041 400 1051 .
462 992 749 1051 cunabula.

1065 1117 1290 1176 CAPUT
1313 1119 1409 1175 XI.

466 1252 1024 1323 Qualiterdif/icilem
1040 1269 1097 1307 se
1120 1252 1376 1308 habuerit
1395 1258 1586 1308 noster
1602 1255 1750 1323 [Iugo
1772 1254 1842 1309 ad
1859 1270 2053 1310 eorum

530 1325 933 1408 receptioncm,
966 1325 1271 1408 ςμιὶιξωηει⁸
1311 1329 1770 1408 apostata‘ssent;
1800 1340 1855 1378 et
1884 1342 2051 1408 quam

534 1399 728 1520 ἓςῗενσ
768 1397 1204 1519 ξσνεὶςςιεηιὶτιηι
1254 1397 1311 1448 in
1356 1413 1457 1451 sua
1502 1397 1771 1465 religione
1802 1397 2051 1467 quietem

573 1481 589 1520 ι
618 1481 778 1520 exerz
819 1506 832 1518 .

531 1596 761 1668 Semper
789 1597 947 1668 Hugo
977 1595 1323 1652 difﬁcillimus
1370 1594 1747 1651 inveniebatur
1778 1598 1848 1652 ad
1908 1598 2049 1653 reci-

460 1685 688 1757 piendos
711 1685 880 1739 semel
897 1700 1154 1756 egressos
1166 1684 1236 1738 ab
1257 1684 1469 1750 ordine,
1492 1699 1589 1739 seu
1610 1686 1929 1753 monachos,
1956 1702 2052 1742 seu

2153 570 2293 627 pene
2317 554 2428 623 jam
2484 569 2583 624 pro
2639 551 3028 608 consuetudine
3084 551 3229 606 illius
3285 553 3495 610 ordinis
3540 556 3767 628 integro

2154 644 2381 698 fratrum
2428 656 2676 707 numero,
2727 639 2973 696 aedificiis
3006 655 3225 711 quoque
3256 642 3605 713 regularibus
3656 644 3766 698 de-

2154 739 2340 787 center
2406 730 2823 794 consummatis,
2879 726 3221 783 aedificandis
3276 729 3649 787 indesinenter
3709 732 3767 786 in

2155 828 2344 874 sancto
2372 819 2656 888 proposito
2687 818 2791 871 sibi
2821 818 3244 872 commissarum
3268 820 3452 874 ovium
3472 821 3767 875 animabus

2153 907 2282 961 boni
2312 908 2469 974 hujus
2499 905 2736 977 pastoris
2764 905 3085 976 invigilabat
3107 905 3347 962 solertia.
3382 909 3439 961 In
3471 909 3627 977 cujus
3659 924 3768 963 ne-

2154 995 2286 1065 gotii
2341 1010 2452 1050 non
2506 994 2785 1049 mediocre
2852 992 3197 1061 adjutorium,
3245 995 3416 1050 sacris
3474 996 3769 1051 codicibus

2152 1082 2526 1149 conficiendis,
2551 1081 2935 1153 comparandis
2981 1088 3052 1147 et,
3086 1082 3282 1153 quibus
3311 1091 3495 1153 posset
3540 1083 3754 1150 modis,

2153 1170 2500 1243 acquirendis
2520 1171 2668 1225 haud
2706 1185 2933 1240 segnem
2978 1184 3204 1241 operam
3233 1170 3597 1241 impendebat.
3660 1171 3767 1224 His

2153 1260 2297 1315 enim
2328 1267 2381 1313 et
2408 1274 2509 1329 pro
2528 1258 2738 1314 deliciis
2766 1265 2818 1313 et
2830 1272 2932 1328 pro
2947 1258 3151 1313 divitiis
3164 1266 3408 1329 tempore
3431 1257 3759 1329 tranquillo,

2151 1348 2236 1403 his
2266 1347 2461 1402 bellico
2496 1346 2595 1401 sub
2647 1346 2930 1418 procinctu
2961 1361 3063 1418 pro
3091 1345 3213 1402 telis
3241 1345 3327 1402 vel
3356 1346 3539 1412 armis,
3570 1346 3657 1400 his
3699 1345 3761 1399 in

2150 1436 2295 1490 fame
2316 1451 2411 1505 pro
2443 1435 2718 1501 alimonia,
2752 1442 2806 1490 et
2834 1435 2891 1489 in
2919 1435 3186 1508 languore
3215 1450 3313 1507 pro
3342 1433 3576 1495 medela.
3620 1433 3764 1488 reli-

2151 1524 2323 1596 giosis
2352 1522 2787 1594 quibuscunque,
2818 1522 3062 1578 maxime
3091 1522 3260 1579 vitam
3310 1521 3627 1594 gerentibus
3671 1536 3766 1577 so-

2151 1611 2405 1680 litariam,
2432 1612 2695 1666 utendum
2721 1627 2844 1666 esse
2873 1611 3233 1667 memorabat.

2223 1699 2359 1755 Hinc
2412 1699 2639 1770 contigit
2667 1708 2725 1755 ut
2782 1714 2906 1755 cum
2964 1715 3097 1772 rege
3143 1699 3467 1755 familiarius
3522 1698 3767 1770 quodam

459 1788 776 1842 conversos,
811 1788 1064 1829 asserens
1096 1789 1252 1844 quam
1282 1772 1516 1827 maxime
1535 1772 1658 1827 huic
1686 1774 1936 1845 religioni
1967 1790 2051 1831 ca-
2076 1808 2129 1869 B
2159 1791 2405 1853 tempore
2456 1799 2631 1854 agens
2702 1783 2770 1837 de
2824 1784 3055 1853 penuria
3108 1782 3374 1839 librorum
3405 1783 3767 1838 interscrcret

461 1861 693 1916 vendam
722 1861 915 1916 sedulo
944 1860 1280 1915 instabilium
1307 1860 1580 1916 levitatem
1602 1861 1905 1932 palearum.
1940 1864 2057 1920 Hoc

459 1948 732 2021 siquidem
759 1949 979 2005 nomine
1034 1949 1157 2004 illos
1196 1949 1551 2021 exprimebat,
1604 1951 1694 2022 qui
1722 1951 1791 2005 ad
1844 1951 2055 2007 facilem

461 2038 774 2094 tentationis
802 2046 1011 2093 motum
1068 2046 1389 2109 separantur
1416 2055 1449 2094 a
1479 2040 1713 2111 collegio
1761 2040 2051 2107 bonorum,

459 2127 676 2185 excussi
714 2128 784 2183 ab
813 2142 941 2183 area
969 2128 1115 2183 initae
1153 2127 1532 2198 professionis.
1585 2130 1905 2196 llujusmodi
1959 2131 2059 2185 ho-

460 2217 635 2271 mines
664 2216 721 2271 in
747 2215 870 2272 aliis
900 2216 1238 2272 commodius
1260 2216 1504 2272 habitare
1536 2234 1700 2288 posse
1730 2218 1867 2275 locis
1920 2219 2054 2275 reli-

456 2305 631 2380 giosis
654 2305 889 2373 dicebat,
920 2305 977 2361 in
996 2305 1192 2377 quibus
1221 2305 1341 2361 vitae
1368 2306 1556 2361 activae
1586 2306 1874 2378 disciplina
1893 2308 2058 2363 etiam

457 2396 591 2451 istos
621 2394 946 2467 quandoque
986 2402 1274 2465 promovet
1325 2394 1395 2450 ad
1451 2395 1701 2450 salutem.
1737 2398 1819 2452 Eo
1874 2406 2057 2453 autem

457 2484 600 2557 ipso,
632 2483 779 2556 quod
808 2483 999 2540 talium
1022 2490 1250 2555 experta
1276 2490 1328 2539 et
1351 2485 1585 2555 probata
1614 2485 1844 2541 societas
1889 2502 2055 2558 repu—

458 2573 641 2630 dietur
695 2572 767 2628 ab
815 2572 1009 2628 ordine
1070 2571 1463 2641 Carthusiensi,
1523 2582 1633 2629 tam
1682 2574 1788 2630 illis
1846 2576 2057 2631 consuli

459 2661 660 2730 aiebat,
683 2661 795 2735 qui,
836 2676 908 2719 ne
948 2660 1344 2734 ingrediantur,
1402 2662 1760 2733 repelluntur,
1809 2679 1973 2737 quam
2004 2672 2055 2721 et

459 2749 587 2818 illis,
626 2751 717 2824 qui
737 2751 882 2806 intus
912 2749 1159 2818 admissi,
1192 2750 1356 2823 quieti
1382 2750 1609 2807 interius
1631 2761 1947 2821 morantur;
1979 2762 2051 2820 et,

458 2855 584 2897 cum
613 2840 733 2897 istis
760 2839 816 2896 id
847 2840 918 2895 ad
944 2839 1090 2912 quod
1109 2839 1289 2896 minus
1317 2838 1500 2896 idonei
1531 2848 1655 2896 sunt
1681 2857 1789 2897 non
1838 2841 2055 2898 confer-

454 2938 561 2999 tur,
594 2929 715 2986 aliis
744 2944 939 2986 eorum
959 2943 1185 2985 accessu
1207 2928 1653 2999 impedimentum
1683 2945 1793 2986 non
1834 2931 2053 3004 irroga-

458 3027 567 3074 tur.
590 3018 805 3075 Nullius
834 3033 984 3085 vero,
1013 3016 1311 3089 quamlibet
1340 3017 1541 3087 dilecti,
1584 3018 1882 3089 quamlibet
1907 3036 2053 3091 prae-

459 3106 746 3164 eminentis
794 3105 916 3172 viri,
968 3105 1272 3160 nullatenus
1327 3105 1645 3161 admittebat
1711 3106 1767 3161 in
1797 3108 1899 3163 hoc
1921 3123 2053 3164 casu

2159 1872 2540 1927 mentionem:
2585 1886 2618 1925 a
2675 1886 2781 1941 quo
2838 1872 3170 1940 admonitus,
3231 1878 3290 1926 ut
3344 1870 3767 1927 conscribendis

2159 1977 2258 2031 per
2296 1960 2657 2016 conductitios
2696 1959 2992 2029 scriptores
3037 1958 3190 2013 libris
3235 1958 3531 2023 insisteret,
3585 1974 3768 2014 mem-

2162 2050 2356 2103 branas
2381 2049 2483 2102 sibi
2507 2049 2700 2103 deesse
2731 2047 3029 2118 respondit.
3062 2048 3199 2102 Tum
3228 2047 3319 2102 ille
3357 2065 3369 2102 :
3407 2069 3428 2094 ‹‹
3465 2049 3532 2102 Et
3580 2062 3766 2119 quan-

2157 2144 2292 2203 tum,
2335 2138 2429 2202 ait,
2463 2136 2711 2207 pecuniae
2740 2136 2836 2191 tibi
2857 2136 2939 2191 vis
2994 2136 3234 2192 conferri
3277 2136 3347 2189 ad
3393 2136 3765 2207 supplendum

2158 2226 2301 2281 hunc
2330 2224 2603 2281 defectum
2624 2225 2651 2278 ?
2669 2256 2738 2265 —
2767 2226 2906 2290 Una,
2959 2225 3153 2296 inquit,
3186 2240 3377 2280 marca
3418 2224 3632 2297 argenti
3664 2223 3763 2279 diu

2159 2313 2401 2369 sufficiet.
2442 2338 2463 2362 »
2500 2314 2615 2369 Rex
2644 2314 2714 2368 ad
2735 2314 2852 2369 haec
2884 2313 3174 2369 subridens
3209 2328 3221 2367 :
3262 2336 3283 2359 «
3328 2312 3396 2380 Ο,
3448 2313 3541 2380 ait,
3588 2327 3762 2384 quam

2160 2402 2515 2458 immoderate
2546 2416 2745 2473 gravas
2772 2404 2873 2459 hos
2893 2403 2921 2456 ?
2956 2425 2977 2450 η
3038 2402 3314 2473 Jussitque
3344 2402 3402 2456 in
3458 2400 3762 2458 continenti

2158 2487 2349 2543 decem
2378 2502 2595 2543 marcas
2635 2486 2804 2553 fratri,
2838 2486 2931 2557 qui
2973 2502 3097 2541 cum
3137 2501 3204 2540 eo
3259 2493 3398 2551 erat,
3455 2485 3757 2541 numerari.

2159 2575 2413 2632 Promisit
2441 2576 2603 2632 etiam
2634 2590 2800 2631 unam
2831 2575 3235 2641 bibliothecam,
3254 2574 3540 2646 utriusque
3560 2575 3757 2629 Testa-

2157 2665 2323 2720 menti
2352 2680 2552 2735 corpus
2580 2664 2791 2737 integre
2820 2663 3203 2731 continentem,
3227 2678 3286 2719 se
3304 2662 3757 2719 transmissurum

2158 2752 2226 2809 ei.
2261 2753 2441 2809 Rediit
2468 2753 2614 2824 prior
2657 2754 2901 2808 domum.
2942 2753 3010 2808 Et
3066 2768 3163 2808 rex
3190 2750 3448 2823 promissi
3505 2750 3590 2807 sui
3643 2766 3758 2807 non

2154 2842 2462 2908 immemor,
2537 2841 2761 2914 inquirit
2824 2841 3057 2897 sollicite
3114 2834 3502 2896 bibliothecam
3549 2840 3756 2911 Optime

2156 2931 2479 2997 confectam,
2515 2945 2675 3001 quam
2727 2930 2776 2986 ei
2815 2930 3067 2987 conferre
3094 2929 3377 3001 potuisset.
3429 2928 3759 3003 Suggeritur

2157 3020 2377 3073 demum
2454 3018 2725 3074 curiosius
2814 3019 3113 3090 quaerenti,
3189 3018 3487 3074 monachos
3567 3017 3787 3085 Sancti,

2155 3108 2422 3163 Withonii
2455 3109 2567 3176 (72)
2598 3108 2881 3180 egregiam
2909 3108 3112 3164 recenti
3144 3106 3419 3163 etdecenti
3436 3122 3601 3179 opere
3614 3121 3754 3162 con-

460 3211 676 3269 preces,
700 3194 952 3251 omnibus
982 3195 1039 3251 in
1069 3194 1343 3250 communi
1374 3194 1616 3250 auditum
1639 3194 1898 3252 claudens
1924 3198 2054 3254 red-
2076 3167 2123 3229 Ο
2154 3195 2349 3251 fecisse
2382 3195 2787 3265 bibliothecam,
2814 3196 2869 3251 in
2892 3211 2994 3268 qua
3044 3196 3113 3250 ad
3170 3210 3419 3251 mensam
3476 3196 3755 3253 edentium

459 3285 644 3353 eundi,
680 3284 773 3358 qui
802 3290 995 3356 sponte
1030 3283 1419 3352 deseruissent,
1452 3284 1506 3339 in
1550 3284 1746 3357 quibus
1794 3301 1853 3341 se
1901 3286 2056 3358 prius

457 3373 828 3432 intractabiles
865 3371 1259 3442 exhibuissent,
1293 3380 1448 3445 septa
1475 3372 1632 3429 ovilis
1664 3374 1765 3429 sui.

529 3463 751 3520 Zelabat
780 3478 881 3536 per
906 3462 1093 3520 omnia
1123 3478 1346 3518 suorum
1375 3463 1634 3535 quietem,
1687 3472 1940 3537 tanquam
1969 3466 2055 3522 sui

455 3553 629 3626 ipsius
659 3551 911 3609 salutem.
946 3551 1240 3609 Videbatur
1270 3559 1452 3609 autem
1470 3552 1539 3619 ei,
1571 3568 1683 3608 non
1711 3552 1887 3611 solum
1903 3554 2056 3625 ipsos

459 3642 698 3715 quietem
737 3643 878 3698 hanc
934 3641 1278 3714 perturbare,
1329 3641 1423 3713 qui
1474 3640 1662 3713 aliqua
1712 3641 2053 3714 improbitate

461 3732 763 3789 Sabbatum
784 3729 1004 3787 illorum
1024 3738 1275 3787 sanctum
1303 3738 1357 3786 et
1414 3730 1703 3787 delicatum
1746 3746 2052 3803 praesume-

459 3828 585 3879 rent
606 3819 904 3888 iufestare;
937 3818 1048 3875 imo
1078 3826 1133 3877 et
1156 3818 1278 3876 illos
1327 3819 1422 3891 qui
1462 3818 1688 3876 infestos
1734 3819 2052 3877 dissimula-

459 3916 584 3967 rent
606 3913 693 3966 vel
720 3909 964 3966 inclusos
982 3907 1298 3981 reprimere,
1322 3908 1408 3965 vel
1444 3908 1792 3965 infestaturos
1842 3918 1896 3967 et
1944 3925 2050 3967 ex-

457 3998 633 4071 cluso,
663 4014 734 4058 ne
759 3998 1198 4073 ingrederentur,
1242 3997 1589 4072 negligenter
1622 4013 1833 4056 arcere.

1066 4166 1289 4225 CAPUT
1334 4167 1458 4224 XII.

466 4290 744 4359 Qualiter,
781 4289 914 4365 licet
945 4294 1091 4365 esset
1137 4290 1410 4365 de_libris
1437 4295 1885 4365 congregationis
1938 4309 2055 4349 sua:

532 4362 866 4418 necessariis
883 4363 1278 4434 perquirendis
1317 4362 1618 4429 sollicitus,
1641 4362 2052 4420 bibliothecam

534 4434 648 4517 (1.7)
683 4436 879 4517 tamen
905 4448 1007 4504 per
1034 4449 1223 4517 regem
1277 4434 1385 4489 sibi
1416 4452 1451 4517 (ξ
1481 4434 1798 4517 «monachis.
1842 4435 2051 4517 "titho-

2155 3285 2381 3339 fratrum
2414 3284 2526 3356 legi
2554 3284 2857 3340 debuisset.
2901 3284 3021 3353 Quo
3054 3284 3145 3339 ille
3192 3292 3491 3355 comperto,
3550 3283 3753 3355 oppido

2154 3374 2381 3445 gavisus
2410 3381 2511 3441 est,
2545 3374 2886 3445 accessitque
2918 3374 3237 3445 quantocius
3255 3374 3322 3428 ad
3341 3373 3581 3445 priorem
3610 3373 3753 3428 illius

2152 3462 2437 3529 Ecclesiae,
2486 3469 2543 3518 et
2569 3463 2671 3518 sub
2699 3463 2881 3518 multae
2909 3462 3433 3533 recompensatiouis
3475 3462 3752 3533 pollicita-

2153 3550 2300 3613 tione
2330 3551 2521 3607 donari
2546 3551 2653 3607 sibi
2682 3568 2879 3607 munus
2909 3558 3155 3622 optatum
3182 3551 3353 3622 petiit,
3398 3558 3562 3623 atque
3593 3551 3752 3607 citius

2151 3640 2481 3711 impetravit.
2515 3642 2700 3713 Itaque
2746 3640 2898 3713 prior
2950 3640 3265 3696 Withamiae
3312 3655 3436 3697 cum
3490 3639 3753 3696 fratribus

2152 3729 2285 3799 suis,
2321 3729 2654 3786 bibliotheca
2671 3730 2827 3802 regio
2856 3745 3081 3785 munere
3118 3736 3371 3800 suscepta
3403 3736 3456 3784 et
3485 3728 3747 3799 inspecta,

2151 3834 2263 3874 non
2291 3819 2644 3874 mediocriter
2676 3826 2729 3874 et
2757 3819 2860 3891 ipsi
2892 3817 3054 3874 laetati
3076 3825 3221 3887 sunt,
3256 3825 3310 3873 et
3337 3817 3394 3873 in
3422 3832 3488 3875 eo
3525 3818 3748 3889 potissi-

2150 3924 2299 3963 mum
2329 3908 2505 3981 gavisi
2526 3907 2673 3981 quod
2705 3906 2830 3978 styli
2860 3906 3191 3980 elegantiam
3242 3906 3515 3979 totiusque
3567 3907 3748 3977 cperis

2156 4003 2491 4052 venustatem
2552 3995 2836 4067 operosior
2891 3994 3199 4052 emendatio
3254 3993 3538 4050 sublimius
3595 4010 3748 4051 com-

2150 4084 2454 4141 mendaret.

2222 4171 2458 4245 Contigit
2482 4178 2606 4244 post
2634 4171 2739 4229 hoc
2769 4172 3055 4243 quemdam
3087 4187 3154 4227 ex
3186 4172 3467 4228 monachis
3487 4172 3746 4230 Ecclesia

2150 4261 2548 4319 Withoniensis
2606 4262 2741 4332 (73),
2819 4260 3191 4317 mdiﬁcatibnis
3275 4262 3474 4335 gratia,
3532 4262 3745 4319 venisse

2150 4350 2507 4406 Withamiam
2540 4348 2756 4419 :Quem
2816 4350 2970 4421 prior
2997 4365 3153 4406 more
3210 4366 3310 4406 suo
3357 4366 3568 4406 summa
3625 4366 3744 4407 cum

2150 4437 2464 4495 affabilitate
2494 4446 2678 4509 optato
2710 4437 2964 4495 reficiens
2999 4446 3202 4495 sancta:
3260 4438 3604 4495 discretionis
3634 4455 3743 4496 sum

530 4504 1276 4600 recesseratin?“
1295 4506 1718 4600 ξῖιαυαίτο,
1746 4507 2049 4600 ecaritate

2156 4528 2437 4600 colloquio,
2473 4504 2661 4584 didicit
2690 4537 2915 4600 repente
2944 4528 3015 4582 ab
3035 4543 3119 4594 eo,
3154 4542 3280 4584 cum
3310 4536 3511 4600 quanta
3531 4528 3741 4600 suppli-

528 4576 739 4646 aﬁectu
768 4575 925 4629 ultro
950 4574 1107 4629 reddi
1135 4577 1297 4645 fecit.
1334 4577 1481 4633 Unde
1521 4578 1809 4632 convaluit
1840 4594 1913 4632 ex
1945 4578 2045 4632 illo

524 4647 845 4717 presertim
869 4649 1116 4715 tempore
1136 4647 1293 4701 inter
1312 4647 1614 4703 monachos
1639 4649 1755 4703 Win
1764 4652 2045 4704 tonienses

523 4716 581 4773 et
628 4716 1030 4790 Witltamenses
1063 4719 1333 4790 eremitas
1363 4717 1591 4790 dilectio
1621 4721 1912 4790 specialis,
1944 4736 2047 4790 per

521 4804 694 4915 ﬂuam
747 4788 1016 4870 Robertus
1058 4788 1218 4871 prior
1282 4787 1955 4873 cathedram—ecclesiae,
1987 4794 2043 4873 et

567 4859 801 4915 adulfus
827 4860 1091 4915 sacrtsta.
1132 4856 1560 4915 li’zthamtenses
1588 4861 1775 4915 eﬂ‘ectz
1797 4864 2043 4915 solitam

567 4856 1091 4931 adulfusgsacrista',
1132 4856 1560 4931 ll’ithamienses
1588 4861 1775 4931 e/fecti
1797 4856 2046 4916 solitarii

521 4932 662 4985 sunt
681 4928 711 4996 ;⁷
756 4928 829 5001 ad
884 4944 1145 5001 quorum_
1177 4930 1521 4985 instantiam
1576 4928 1931 5001 inscripsisse
1987 4947 2044 4987 se

518 5001 727 5056 asserit
754 4999 937 5056 Vitam
965 4999 1150 5055 nostri
1174 5000 1423 5069 Hugonis
1451 5002 1701 5071 ejusdem
1737 4999 2003 5059 dictator.

516 5123 671 5180 Libet
699 5122 974 5180 succincte
1005 5122 1253 5195 quadam
1271 5138 1335 5180 ex
1364 5124 1537 5196 gestis
1559 5125 1680 5192 viri,
1700 5126 1848 5197 pleni
1868 5127 2045 5198 gomi-

446 5228 533 5269 nae
561 5211 884 5279 dilectionis,
932 5211 1032 5268 Dei
1087 5212 1339 5270 videlicet
1393 5220 1447 5269 et
1498 5214 1751 5286 proximi,
1811 5215 2040 5283 referre,

442 5300 590 5375 quod
620 5300 884 5372 ejusdem,
916 5318 1036 5375 quae
1060 5301 1115 5357 in
1144 5301 1237 5359 illo
1266 5302 1619 5360 vehementer
1653 5304 1890 5375 emicuit,
1923 5304 2041 5361 sin-

510 5480 621 5549 (70)
649 5483 701 5534 1d
723 5485 817 5547 est,
842 5482 1232 5547 Mulchelnciam,
1259 5484 1331 5535 uti
1365 5485 1685 5549 interpretor.

514 5567 618 5631 (71)
644 5569 695 5619 ld
722 5572 816 5630 est,
846 5582 985 5620 sacra
1009 5570 1180 5632 Biblia,
1209 5583 1315 5635 qua:
1346 5572 1532 5623 veteres
1570 5573 1752 5636 passim
1779 5573 2039 5626 bibliothe-

444 5647 553 5687 cam
576 5636 842 5687 vocabant.

2148 4617 2361 4673 catione
2390 4616 2653 4672 Dominus
2683 4633 2776 4673 rex
2834 4617 3219 4674 bibliothecam
3276 4617 3453 4689 ipsam
3490 4617 3741 4689 dignatus

2146 4705 2305 4761 fuerit
2332 4721 2365 4762 a
2394 4706 2576 4777 priore
2607 4720 2704 4762 suo
2736 4706 3030 4777 postulare.
3065 4729 3085 4753 α
3112 4706 3181 4761 Et
3201 4721 3302 4761 nos
3323 4706 3544 4777 quidem
3572 4707 3625 4761 in
3656 4721 3744 4773 eo,

2146 4794 2236 4864 ait,
2269 4794 2433 4850 etiam
2465 4794 2806 4867 gratulamur
2834 4794 3156 4866 impensius,
3189 4795 3335 4866 quod
3367 4803 3566 4850 vestrm
3595 4795 3739 4849 illam

2146 4882 2434 4938 contulerit
2463 4883 2754 4939 sanctitati.
2780 4883 2915 4952 Quae
2942 4883 2989 4938 si
3017 4883 3173 4939 vobis
3201 4899 3301 4954 per
3330 4883 3515 4939 omnia
3542 4883 3734 4954 placet,

2144 4966 2285 5022 bene
2313 4982 2404 5022 res
2431 4967 2717 5038 processit.
2734 4968 2827 5023 Sin
2858 4967 3013 5036 alias,
3048 4974 3101 5023 et
3122 4967 3167 5021 si
3189 4983 3220 5021 a
3243 4975 3427 5023 vestra
3453 4975 3737 5023 consuetu-

2143 5054 2269 5110 dine
2298 5054 2526 5110 dissidet
2556 5055 2738 5127 aliqua
2760 5056 2845 5111 sui
2871 5064 3047 5129 parte,
3081 5072 3182 5111 nos
3210 5054 3314 5112 ista
3342 5072 3444 5128 pro
3476 5055 3631 5111 libitu
3651 5071 3738 5113 ve-

2144 5151 2255 5200 stro
2286 5142 2450 5215 longe
2479 5144 2762 5200 meliorem
2781 5144 2941 5201 citius
2971 5143 3321 5201 conficiemus
3340 5160 3445 5216 pro
3476 5152 3657 5200 vestra
3684 5144 3736 5200 in

2142 5232 2392 5290 omnibus
2413 5233 2770 5306 dispositione
2790 5228 3152 5291 ordinandam
3166 5274 3180 5290 .
3218 5234 3372 5291 Hauc
3393 5233 3535 5289 enim
3550 5241 3734 5290 nostro

2141 5322 2263 5379 usui
2291 5331 2601 5396 nostraeque
2628 5323 3027 5392 consuetudini,
3063 5338 3167 5381 nec
3196 5323 3313 5379 sine
3342 5322 3530 5396 magni
3569 5321 3735 5379 sudo-

2137 5498 2250 5547 Julii
2273 5499 2429 5548 sancti
2450 5498 2718 5550 Swithuni.
2752 5500 2821 5550 De
2845 5512 2939 5563 quo
2962 5498 3263 5550 Bollandiani
3282 5497 3345 5549 ad
3370 5498 3553 5550 dictam
3580 5497 3725 5556 diem,

2138 5568 2188 5615 et
2211 5566 2532 5629 Mabillonius,
2560 5570 2660 5617 tom
2685 5566 2747 5617 Ill
2768 5568 2968 5631 Annal.,
2995 5579 3045 5630 p.
3074 5567 3161 5617 98.

2206 5667 2313 5732 (75)
2336 5670 2450 5720 Sive
2474 5669 2847 5731 Wintonieusis,
2889 5670 2950 5721 de
2987 5681 3082 5735 qua
3105 5667 3215 5720 vide
3246 5670 3461 5721 Monast.
3508 5669 3728 5734 Anglica-

507 5717 616 5787 (72)
643 5721 775 5773 Alias
800 5721 849 5773 in
873 5723 1211 5788 Martyrologio
1249 5724 1468 5776 Romano
1509 5724 1572 5776 ad
1614 5725 1743 5777 diem
1784 5726 1814 5775 2
1854 5728 2038 5781 mensis
2134 5717 2251 5789 nuin
2279 5717 2317 5786 ι’.
2339 5717 2462 5801 i,
2485 5717 2976 5799 3‘1'a'iii'i‘daéndig,
2997 5717 3084 5788 ibi.
3113 5717 3233 5787 959.
