3938 6406
153 317 256 369 969
1544 317 1722 371 VITA.
1767 345 1836 358 --
1874 318 2001 372 LIB.
2046 319 2110 372 ll.
3372 323 3476 376 970

155 439 487 510 frequentia:
519 442 884 512 cujuscunque
911 454 1157 506 accessu,
1184 440 1488 496 solitudinis
1518 456 1630 498 suae
1658 441 1765 496 alta
1787 445 1841 502 A
1869 442 2282 513 possessoribus
2312 443 2575 513 pristinis,
2603 457 2827 515 quarum
2844 442 2921 498 illi
2936 445 3044 514 jam
3077 443 3318 518 pretium
3348 460 3478 517 pos-

159 529 379 584 silentia
411 530 759 601 interrumpi,
793 538 884 584 aut
932 529 1125 584 saltem
1173 530 1527 600 interpellari,
1561 530 1647 585 vel
1680 530 1768 584 in-
1872 530 2132 600 sidentes,
2176 533 2368 586 iterato
2427 533 2574 603 ipsas
2631 541 2721 588 aut
2775 534 2957 603 pretio
3014 534 3355 600 distrahunt,
3387 541 3480 590 aut

157 617 418 688 terpolari
451 618 540 674 vel
594 619 804 674 modice
858 618 1180 690 potuissent.
1241 618 1451 687 Quibus
1508 635 1573 673 ex
1619 627 1770 689 parte
1870 619 1938 674 ad
1967 619 2104 674 alias
2134 621 2466 675 transferunt
2497 621 2690 676 iterum
2728 621 3129 678 inhabitandas.
3163 623 3286 693 Ipse
3343 638 3478 678 vero

158 706 305 777 regis
329 707 486 778 Optio
517 707 639 762 data
669 715 751 762 est
779 707 833 762 in
878 707 1174 773 communi,
1207 717 1264 762 ut
1293 725 1323 763 e
1381 708 1594 762 duobus
1627 708 1772 778 quod
1870 708 2030 779 Hugo
2061 708 2260 778 locum,
2292 716 2350 764 ut
2379 710 2542 766 modo
2571 709 2827 778 cernitur,
2849 719 3127 768 exstruere
3155 710 3474 767 festinabat.

158 795 542 868 unusquisque
571 796 850 851 maluisset
871 795 1116 868 eligeret.
1141 798 1320 867 Agros
1351 797 1557 852 scilicet
1585 805 1638 850 et
1668 797 1770 852 ha-

159 883 366 938 bitandi
398 883 520 940 loca
551 884 860 940 conditione
918 884 1056 954 pari,
1117 892 1174 938 ut
1231 886 1375 954 apud
1422 884 1771 938 Withamiam
2470 880 2692 937 CAPUT
2721 881 2783 935 V.

162 973 378 1028 fuerant
405 973 604 1038 sortiti,
637 980 725 1027 aut
752 972 807 1027 in
837 972 1026 1042 regiis,
1059 971 1150 1027 ubi
1167 972 1482 1045 elegissent,
1516 973 1773 1028 maneriis

165 1060 513 1132 reciperent;
568 1070 660 1116 aut
717 1061 962 1131 pristinae
1019 1060 1294 1116 servitutis
1336 1062 1470 1133 jugo
1517 1060 1767 1126 absoluti,

165 1165 301 1221 quas
331 1150 555 1216 vellent,
589 1149 846 1222 regiones
875 1149 1048 1204 libere
1078 1150 1148 1204 ad
1195 1149 1509 1204 incolendas
1540 1149 1769 1204 adirent.

230 1240 383 1294 Tunc
415 1239 541 1293 aliis
570 1246 759 1303 terras,
783 1237 904 1293 aliis
920 1237 1231 1308 petentibus
1253 1238 1582 1304 libertatem,
1617 1238 1773 1308 Hugo

161 1327 300 1396 juris
322 1326 550 1400 benigni
567 1327 851 1382 aemulator
871 1327 1247 1382 tenacissimus
1269 1328 1388 1399 regi
1415 1328 1490 1381 ait
1529 1344 1541 1381 :
1578 1351 1597 1374 α
1631 1328 1770 1392 Jam,

167 1416 406 1484 domine,
450 1417 557 1471 hoc
613 1416 771 1470 etiam
829 1415 1102 1486 provideri
1155 1431 1383 1471 necesse
1439 1424 1558 1481 est,
1591 1424 1646 1470 ut
1675 1431 1775 1487 pro

164 1504 420 1563 domibus
449 1504 540 1560 vel
569 1504 980 1576 quibuscunque
1001 1505 1056 1560 in
1078 1504 1316 1560 culturas
1345 1512 1397 1560 et
1427 1503 1602 1561 varias
1634 1513 1777 1560 stru-

165 1602 347 1650 cturas
377 1593 688 1665 sumptibus
718 1601 808 1648 aut
828 1593 1116 1648 sudoribus
1145 1592 1374 1648 istorum
1403 1593 1776 1664 compensatio

165 1682 523 1753 pecuniarum
553 1682 836 1748 tribuatur,
867 1689 1136 1753 quatenus
1187 1682 1240 1736 in
1298 1681 1446 1737 nullo
1475 1681 1776 1738 detrimen-

1877 1020 2134 1096 Qualiter
2156 1022 2266 1077 loci
2293 1023 2719 1096 constructione
2757 1039 2859 1095 pro
2887 1026 3224 1096 sumptuum
3251 1024 3478 1095 defectu

1945 1093 2281 1148 nullatenus
2299 1094 2654 1164 procedente,
2689 1093 2876 1164 fratre
2901 1093 3137 1152 Girdrdo
3166 1093 3353 1166 regem
3381 1096 3477 1152 ad-

1945 1167 2116 1238 eunte
2142 1180 2269 1220 cum
2293 1169 2486 1238 nosb'o
2502 1165 2747 1238 llugone,
2771 1170 2827 1219 et
2843 1166 2961 1235 regi
2978 1167 3144 1238 verba
3161 1165 3479 1238 asperrima

1942 1236 2289 1313 proferente,
2324 1236 2571 1313 Hugonis
2593 1237 3123 1313 exstititgatientia
3143 1236 3474 1313 approbata,

1947 1306 2110 1376 cujus
2131 1320 2203 1360 ea:
2228 1309 2365 1360 tunc
2387 1306 2458 1361 ad
2478 1321 2665 1376 regem
2687 1306 3062 1372 lamiliarita:
3081 1313 3166 1366 est
3178 1306 3479 1366 uehemen-

1950 1375 2065 1430 tius
2095 1376 2451 1444 conﬁrmata.

1949 1507 2160 1564 Accidit
2190 1508 2415 1576 interea,
2447 1509 2670 1578 majoris
2721 1511 3144 1568 constructionis
3185 1512 3300 1582 jam
3328 1520 3478 1585 parte

1879 1597 2264 1653 convenienter
2292 1597 2564 1668 explicita,
2599 1615 2788 1671 regem
2819 1601 2985 1655 variis
3015 1601 3174 1673 regni
3204 1602 3348 1659 curis
3375 1602 3480 1658 de-

1878 1693 2087 1741 tentum
2127 1685 2308 1741 minus
2357 1687 2636 1742 intendere
2682 1687 3008 1758 quibusdam
3047 1690 3269 1746 fabricis
3316 1689 3482 1764 perﬁ-

167 1780 279 1826 tum
303 1787 411 1843 per
441 1786 546 1826 nos
588 1771 1000 1838 sustinentibus,
1050 1771 1188 1826 laetis
1216 1770 1362 1838 laeti,
1396 1779 1449 1826 et
1495 1770 1776 1828 benevolis
1795 1803 1850 1867 Β
1879 1773 2107 1838 ciendis,
2143 1789 2368 1846 quarum
2389 1791 2519 1830 usus
2540 1775 2820 1831 videretur
2847 1778 3317 1848 pernecessarius.
3350 1779 3483 1835 Inde

166 1859 534 1916 succedamus
563 1859 724 1931 grati.
763 1879 786 1910 ι
820 1859 901 1914 Ad
934 1860 1039 1915 hoc
1069 1859 1123 1914 in
1179 1859 1387 1930 primis,
1448 1875 1574 1915 cum
1630 1859 1775 1916 velut

168 1947 447 2005 difﬁcilem
481 1949 527 2004 si
557 1948 840 2006 exhiberet
868 1965 984 2016 rex,
1016 1949 1108 2004 ille
1124 1948 1179 2004 in
1209 1949 1444 2005 bonitate
1465 1949 1776 2022 praecipuus

167 2043 216 2094 et
246 2037 305 2092 in
333 2038 646 2094 interventu
676 2044 931 2094 strenuus
959 2037 1172 2106 adjecit,
1208 2037 1398 2093 dicens
1431 2056 1446 2092 :
1483 2059 1505 2089 ι
1542 2039 1772 2104 Revera,

168 2126 361 2198 inquit,
395 2126 619 2182 domine
646 2126 739 2193 mi,
773 2125 878 2182 nisi
907 2143 1083 2198 usque
1139 2125 1210 2181 ad
1266 2126 1488 2182 obolum
1544 2127 1778 2184 novissi-

167 2231 314 2271 mum
345 2231 518 2286 super
545 2216 797 2272 omnibus
828 2215 1164 2272 satisfactum
1185 2215 1345 2271 fuerit
1365 2215 1515 2286 prius
1546 2215 1780 2271 homini-

170 2301 268 2359 bus
300 2304 445 2371 istis,
479 2304 635 2360 locus
665 2304 810 2360 idem
849 2321 956 2361 non
1015 2304 1215 2375 poterit
1271 2305 1506 2361 conferri
1534 2305 1711 2362 nobis.
1751 2325 1773 2356 υ

169 2395 242 2449 [ta
273 2410 411 2450 vero
439 2409 676 2450 mercem
711 2393 834 2460 sibi,
865 2401 925 2448 ut
965 2394 1205 2464 putabat,
1256 2392 1312 2449 in
1357 2393 1505 2449 nullo
1533 2393 1780 2465 profutu-

171 2498 289 2538 ram
348 2498 541 2539 emere
597 2499 694 2539 rex
752 2483 1085 2554 compulsus,
1143 2483 1200 2537 in
1257 2483 1472 2554 tuguria
1527 2482 1782 2538 videlicet

170 2571 562 2637 vetustissima,
598 2572 750 2644 tigna
792 2571 1032 2641 cariosa,
1077 2587 1142 2627 ac
1198 2571 1462 2643 parietina
1518 2572 1782 2628 semiruta

170 2662 397 2716 multum
433 2659 624 2716 effudit
651 2677 727 2716 aes
756 2676 854 2732 pro
875 2660 1027 2715 brevi
1057 2660 1370 2716 commodo.

238 2751 448 2806 Verum
479 2749 787 2822 negotiator
815 2749 916 2805 iste
947 2749 1146 2816 bonus,
1178 2749 1387 2804 tantillo
1416 2764 1525 2804 non
1555 2757 1780 2805 conten-

167 2847 251 2894 tus
284 2839 464 2906 lucro,
499 2838 605 2893 nisi
619 2838 881 2908 justitiam
903 2853 1157 2894 servasse
1177 2838 1374 2909 potius,
1399 2855 1561 2909 quam
1582 2837 1780 2895 fecisse

167 2927 611 2984 misericordiam
675 2927 777 2982 sibi
823 2927 1114 2996 videretur,
1182 2927 1254 2982 ita
1302 2927 1417 2997 regi
1463 2943 1558 2983 ore
1603 2927 1780 2984 faceto

170 3033 368 3072 rursus
399 3015 518 3072 iniit
552 3031 564 3072 :
602 3037 625 3066 ‹
658 3016 779 3083 Eia,
803 3015 1024 3072 domine
1062 3015 1136 3070 mi
1158 3032 1277 3082 rex,
1303 3031 1432 3072 ecce
1449 3015 1505 3070 in
1521 3025 1668 3071 terra
1689 3024 1782 3072 tua

168 3106 401 3178 propria
431 3105 656 3161 divitem
685 3112 738 3161 te
766 3104 1020 3160 domibus
1048 3105 1358 3160 numerosis
1396 3105 1606 3160 advena
1663 3105 1781 3176 ipse

1878 1862 2180 1934 sumptibus
2211 1863 2266 1918 in
2297 1862 2570 1935 stipendia
2599 1863 2979 1922 deficientibus
3007 1865 3240 1924 artifices
3269 1865 3485 1939 queruli

1876 1951 2118 2023 priorem
2147 1960 2202 2007 et
2244 1951 2440 2008 fratres
2487 1952 2811 2024 importunis
2849 1955 3040 2012 crebro
3085 1955 3270 2012 verbis
3298 1956 3483 2012 laces-

1878 2041 2087 2096 sebant.
2121 2041 2259 2097 Hinc
2291 2041 2558 2112 quosdam
2598 2057 2628 2098 e
2669 2041 2930 2098 fratribus
2975 2043 3049 2102 ad
3096 2044 3304 2101 curiam
3332 2045 3488 2116 prior

1878 2128 2186 2196 destinavit,
2218 2129 2311 2201 qui
2339 2130 2460 2202 regi
2491 2146 2656 2202 super
2695 2131 3006 2201 hujusmodi
3034 2131 3253 2190 defectu
3281 2147 3489 2206 oppor-

1881 2224 2007 2273 tune
2039 2226 2416 2291 suggererent,
2450 2219 2703 2290 huncque
2741 2219 2984 2291 suppleri
3027 2221 3354 2278 obtinerent.
3387 2221 3488 2278 Ille

1879 2305 2230 2377 provisurum
2261 2307 2483 2379 negotio
2515 2323 2594 2374 se,
2629 2315 2680 2364 et
2717 2308 3035 2365 necessaria
3079 2309 3235 2366 citius
3263 2309 3488 2381 pollice-

1880 2402 1965 2449 tur
1982 2395 2297 2452 missurum.
2330 2394 2595 2465 Redeunt,
2621 2396 2712 2468 qui
2745 2396 2898 2452 missi
2929 2396 3159 2465 fuerant,
3191 2397 3326 2454 nihil
3351 2413 3490 2470 prm-

1880 2490 1964 2538 ter
1993 2483 2160 2538 verba
2190 2491 2555 2555 reportantes.

1953 2571 2340 2628 Dissimulante
2390 2572 2604 2629 interim
2661 2574 2910 2646 principe
2957 2575 3105 2646 quod
3161 2575 3491 2648 promiserat

1880 2659 2201 2730 adimplere,
2262 2670 2532 2718 cessatum
2583 2669 2667 2718 est
2714 2661 2956 2718 funditus
3001 2663 3070 2718 ab
3113 2679 3302 2735 opere.
3334 2663 3491 2720 Prior

1880 2749 1980 2803 sub
2055 2748 2270 2805 silentio
2342 2750 2717 2807 sustinendum
2782 2750 3030 2821 credidit,
3080 2760 3139 2807 ut
3189 2768 3284 2809 rex
3340 2760 3491 2810 motu

1882 2837 2105 2909 proprio
2135 2838 2280 2909 quod
2337 2838 2593 2910 expedire
2637 2848 2863 2896 noverat
2911 2840 3139 2912 exsequi
3169 2841 3487 2898 studuisset.

1884 2926 2106 2990 Verum,
2159 2927 2279 2997 ipso
2335 2927 2534 2984 diutius
2590 2927 2924 3000 negligente,
2982 2929 3178 2986 iterata
3223 2930 3490 3002 interpel-

1883 3013 2025 3070 latur
2068 3014 2363 3086 legatione,
2423 3017 2747 3088 iterumque,
2811 3017 2954 3072 sicut
3007 3018 3178 3089 prius,
3240 3019 3487 3088 verbum,

1883 3118 1994 3157 non
2024 3103 2228 3171 datum,
2263 3113 2591 3174 reportatur.
2652 3105 2798 3160 Inter
2853 3105 2972 3161 haec
3017 3105 3188 3161 multa
3232 3106 3492 3163 dilatione

171 3175 224 3250 et
252 3175 468 3267 egenus
497 3194 619 3250 feci.
659 3215 681 3245 ι
716 3195 800 3250 Ad
829 3195 952 3250 haec
982 3194 1274 3250 subridens
1313 3210 1408 3249 rex
1442 3211 1454 3248 :
1493 3215 1516 3246 ι
1552 3195 1661 3260 Sic,
1690 3175 1784 3249 in-
1806 3175 1854 3238 Ο
1880 3199 2151 3263 protracta
2192 3194 2408 3250 taedium
2468 3194 2742 3266 subrepsit
2797 3193 3076 3250 fratribus.
3136 3193 3369 3264 Quidam
3425 3212 3492 3252 ex

172 3283 306 3356 quit,
343 3284 634 3350 ditescere,
667 3299 770 3354 ego
800 3299 910 3338 non
941 3283 1230 3354 cupiebam
1264 3300 1276 3337 :
1311 3283 1510 3338 divitiae
1539 3283 1658 3338 istae
1680 3283 1791 3352 jam

173 3388 317 3443 pene
344 3389 582 3444 egenum
610 3388 699 3427 me
730 3371 990 3427 fecerunt.
1051 3372 1162 3427 Sed
1209 3388 1310 3427 nec
1367 3372 1482 3427 scio
1540 3371 1628 3427 cui
1685 3372 1792 3426 sint

170 3461 296 3516 usui
325 3476 464 3533 Opes
489 3461 653 3517 istas?
686 3481 708 3511 ι
743 3462 894 3516 Tunc
923 3461 1082 3530 Hugo
1129 3461 1234 3516 hoc
1263 3460 1427 3515 modo
1481 3460 1657 3516 elicita
1692 3477 1792 3531 per

176 3549 294 3617 ejus
325 3565 657 3621 responsum
685 3549 976 3606 occasione
1006 3548 1321 3621 proferendi
1360 3549 1506 3621 quod
1535 3549 1790 3605 intende-

182 3637 276 3693 bat
312 3654 324 3692 :
365 3659 388 3690 ι
421 3639 508 3693 En
537 3637 698 3704 bene,
731 3637 922 3709 inquit,
945 3644 1004 3692 ut
1037 3636 1215 3702 video,
1240 3637 1630 3708 parvipenditis
1647 3653 1791 3693 com-

178 3727 443 3783 mercium
475 3727 639 3782 istud.
697 3726 816 3781 Fiat
877 3725 1044 3798 igitur
1101 3726 1245 3797 quod
1301 3733 1542 3781 vestram
1599 3726 1791 3783 deceat

179 3816 632 3887 magnitudinem,
665 3823 714 3871 et
746 3815 878 3870 mihi
905 3830 1014 3870 non
1044 3814 1266 3870 babenti
1294 3815 1388 3871 ubi
1433 3823 1595 3886 caput
1624 3816 1789 3871 recli-

182 3919 310 3960 nem
339 3905 540 3961 dentur
568 3905 686 3960 istaa
716 3904 890 3960 azdes.
936 3927 956 3951 ιι
1001 3904 1234 3974 Stupens
1265 3904 1334 3958 ad
1364 3905 1507 3960 hanc
1536 3904 1785 3974 postula-

183 3992 390 4049 tionem
421 4010 535 4062 rex,
561 4002 612 4049 et
634 3993 992 4065 postulantem
1013 4008 1136 4048 cum
1157 3992 1511 4048 admiratione
1532 3993 1786 4048 intuitus:

185 4104 208 4131 ε
243 4081 290 4137 Ο
321 4090 394 4152 te,
447 4082 637 4153 inquit,
698 4082 982 4137 dominum
1031 4081 1374 4136 mirabilem!
1409 4083 1549 4136 Num
1606 4090 1785 4152 putas,

181 4171 322 4242 quod
356 4186 526 4227 novas
582 4171 778 4226 domus
835 4170 990 4226 vobis
1045 4186 1375 4241 nequeamus
1419 4171 1788 4225 construere?

183 4260 356 4316 Dicito
389 4268 566 4315 tamen
597 4259 726 4331 quid
756 4264 813 4314 tu
844 4259 968 4314 inde
999 4258 1251 4315 faceres?
1289 4284 1308 4306 η
1344 4259 1410 4313 Et
1438 4258 1527 4313 ille
1561 4275 1573 4311 :
1610 4283 1630 4305 α
1666 4260 1786 4314 Non

181 4348 363 4415 decet,
397 4349 588 4420 inquit,
631 4348 874 4420 regalem
923 4347 1338 4418 amplitudinem
1368 4348 1436 4402 de
1485 4347 1786 4419 quibusque

179 4437 422 4492 minimis
450 4439 812 4509 interrogare.
847 4438 972 4492 Hmc
1000 4436 1175 4508 prima
1222 4445 1303 4491 est
1351 4436 1536 4507 petitio
1567 4451 1691 4491 mea
1717 4437 1787 4492 ad

1893 3283 1997 3354 his,
2031 3283 2195 3339 etiam
2224 3282 2331 3338 bile
2359 3282 2632 3349 commoti,
2666 3281 2850 3338 verbis
2882 3283 2939 3338 in
2969 3283 3210 3355 priorem
3240 3284 3492 3356 asperio-

1892 3373 2043 3428 ribus
2069 3372 2414 3428 invebuntur.
2451 3371 2687 3427 Desidiae
2717 3372 2859 3426 enim
2889 3371 3050 3428 simul
3108 3381 3162 3428 et
3196 3373 3492 3446 negligen-

1891 3461 1980 3516 tiae
2010 3461 2278 3528 incusant,
2314 3460 2459 3532 quod
2487 3477 2585 3532 per
2633 3460 2877 3532 seipsum
2917 3475 3126 3534 regem,
3159 3461 3287 3517 licet
3315 3461 3372 3516 in
3402 3478 3493 3518 re-

1892 3550 2052 3607 motis
2081 3557 2365 3621 agentem,
2421 3565 2525 3620 pro
2582 3556 2732 3605 tanto
2783 3549 3007 3621 negotio
3051 3550 3167 3618 jam
3222 3549 3353 3606 olim
3383 3566 3496 3607 non

1891 3639 2132 3695 adiisset.
2166 3639 2354 3694 Frater
2390 3645 2573 3694 autem
2631 3637 2874 3709 quidam,
2925 3637 3194 3694 Girardus
3251 3639 3366 3710 (58)
3396 3653 3496 3696 no-

1890 3728 2057 3795 mine,
2092 3727 2173 3784 vir
2200 3726 2402 3783 austeri
2430 3726 2651 3799 quidem
2684 3726 2909 3798 ingenii,
2969 3726 3067 3783 sed
3097 3726 3240 3783 bene
3267 3727 3497 3799 religio-

1892 3833 2004 3886 sus,
2038 3825 2092 3872 et
2123 3832 2375 3872 sermone
2398 3815 2542 3872 inter
2589 3825 2879 3888 magnates
2909 3822 2962 3871 et
3007 3815 3282 3888 principes
3310 3815 3498 3874 edica-

1890 3905 2164 3971 cissimus,
2196 3905 2394 3960 talibus
2432 3903 2672 3975 priorem
2703 3903 2898 3960 affatur
2953 3904 3132 3961 verbis
3167 3920 3181 3959 :
3213 3925 3238 3956 α
3274 3903 3499 3975 Quous-

1891 4011 2016 4066 que,
2077 3994 2271 4066 inquit,
2356 3993 2578 4049 domine
2633 3993 2806 4064 prior,
2869 3992 3196 4066 palpandum
3239 3994 3499 4063 judicatis

1888 4083 2162 4138 hominem
2193 4082 2562 4151 durissimum,
2612 4097 2716 4137 nec
2760 4082 2939 4152 potius
2992 4082 3173 4154 palam
3201 4082 3254 4139 ei
3281 4082 3499 4139 denun-

1889 4172 2034 4226 tiatis
2063 4179 2119 4226 ut
2177 4179 2517 4226 consummet
2549 4170 2706 4227 citius
2763 4169 3012 4237 aediﬁcia,
3063 4171 3261 4243 quibus
3307 4186 3499 4228 carere

1888 4276 1996 4316 non
2027 4260 2187 4314 debet
2230 4259 2403 4315 forma
2431 4259 2640 4314 ordinis
2683 4258 2894 4315 nostri?
2921 4267 3032 4326 aut,
3067 4259 3114 4315 si
3143 4259 3372 4316 ulterius
3400 4260 3499 4316 dif-

1889 4350 2027 4404 ferre
2075 4348 2339 4414 maluerit,
2391 4347 2771 4402 valefacientes
2821 4347 2872 4402 ei
2928 4348 2996 4402 ad
3040 4347 3276 4419 patriam
3325 4356 3379 4403 et
3423 4348 3494 4403 ad

1887 4438 2109 4492 domum
2155 4436 2432 4507 pr0priam
2481 4436 2659 4491 redire
2690 4450 2795 4491 una
2851 4451 2974 4491 cum
3031 4435 3189 4492 nobis
3241 4436 3494 4492 omnibus

181 4534 253 4592 te,
287 4536 360 4594 et,
396 4541 522 4584 cum
553 4527 622 4581 sit
649 4526 883 4593 modica,
917 4543 1016 4582 cur
1067 4541 1274 4581 moram
1329 4526 1507 4596 patior
1536 4525 1590 4580 in
1621 4542 1859 4603 exau-D
1884 4526 2141 4581 maturius
2171 4525 2454 4580 festinetis.
2486 4531 2570 4579 An
2598 4525 2776 4578 minus
2805 4524 3245 4590 animadvertitis,
3279 4524 3408 4596 quia
3435 4524 3494 4581 in

183 4614 388 4671 diendo
409 4616 437 4670 ?
463 4638 486 4667 ι
513 4616 663 4671 Tunc
683 4632 775 4670 rex
794 4615 1040 4670 alludens
1061 4615 1316 4686 (libenter
1336 4615 1478 4669 enim
1509 4614 1786 4685 ingenium

182 4704 324 4771 viri,
355 4713 411 4760 ut
459 4713 577 4759 erat
631 4704 1124 4775 prudentissimus,
1165 4704 1329 4776 longa
1385 4703 1790 4759 concertatione

182 4795 476 4850 verborum
507 4793 844 4864 explorabat)
879 4811 891 4847 :
929 4817 949 4841 ιι
987 4793 1053 4861 O,
1079 4793 1268 4863 inquit,
1293 4793 1566 4847 hominem
1586 4792 1640 4846 in
1672 4793 1789 4847 solo

183 4883 484 4957 peregrino
512 4899 652 4952 pene
675 4883 789 4950 jam
819 4883 1114 4937 violentum
1141 4881 1152 4935 l
1187 4883 1306 4947 iste,
1340 4881 1385 4936 si
1417 4882 1622 4937 viribus
1652 4882 1788 4936 nite-

187 4979 354 5039 retur,
393 4971 524 5042 quid
565 4978 770 5043 ageret,
831 4972 923 5042 qui
978 4971 1163 5026 verbis
1222 4971 1290 5024 ita
1337 4971 1660 5041 extorquet?
1714 4986 1783 5025 ne

186 5075 314 5116 vero
375 5061 535 5114 nobis
590 5060 806 5114 duriora
861 5059 1160 5114 inferantur
1217 5060 1284 5113 ab
1341 5076 1444 5130 eo,
1494 5059 1582 5113 fiat
1639 5061 1784 5130 quod

188 5149 370 5223 exigit.
404 5171 426 5199 ι
461 5150 609 5204 Tunc
639 5149 728 5204 ille
758 5163 1052 5205 concessas
1069 5148 1172 5202 sibi
1201 5149 1347 5204 aech
1377 5149 1614 5204 omnium
1636 5148 1785 5204 dedit

253 5331 354 5393 (58)
383 5330 519 5382 Idem
563 5343 674 5381 cum
717 5329 818 5392 illo,
853 5330 914 5381 de
959 5341 1052 5389 quo
1086 5329 1136 5379 in
1176 5329 1286 5379 Vita
1328 5330 1380 5379 S.
1429 5329 1677 5379 Anthelmi
1715 5329 1782 5379 ita

189 5399 460 5450 scribitur:
495 5413 520 5446 α
545 5399 764 5448 Aderant
804 5400 965 5447 autem
1009 5408 1070 5446 ex
1111 5396 1382 5446 Carthusize
1423 5395 1657 5445 fratribus
1689 5396 1784 5446 duo

192 5479 368 5527 genere
395 5465 603 5528 nobiles,
631 5465 716 5515 sed
741 5465 1016 5515 humilitate
1038 5476 1094 5513 ac
1118 5463 1232 5513 ﬂdei
1254 5463 1482 5512 firmitate
1499 5463 1780 5524 nobiliores,

189 5536 338 5594 Aymo
364 5532 613 5592 videlicet,
643 5533 718 5581 vir
741 5531 987 5593 quondam
1007 5531 1057 5580 in
1074 5530 1248 5580 saeculo
1288 5528 1575 5591 magniﬁcus
1612 5541 1668 5578 ac
1694 5542 1786 5591 po-

192 5604 318 5665 tens,
347 5604 396 5650 et
423 5598 662 5651 Girardus
699 5599 744 5648 ei
768 5600 949 5651 virtute
989 5609 1082 5649 non
1118 5597 1295 5660 impar,
1323 5619 1346 5639 ν
1379 5600 1476 5646 etc.
1504 5596 1591 5646 Hic
1618 5597 1783 5659 igitur,

407 5693 646 5748 ΡΑτιιοι.
679 5691 858 5747 CLIII.

1889 4614 2097 4670 ordinis
2125 4612 2296 4669 nostri
2325 4613 2594 4668 redundat
2610 4613 2862 4680 injuriam
2883 4619 3026 4667 tanta
3047 4611 3196 4668 circa
3215 4627 3318 4668 nos
3347 4611 3493 4668 illius

1889 4703 2117 4769 incuria,
2151 4711 2204 4758 et
2231 4718 2331 4758 nos
2359 4701 2464 4772 ipsi
2493 4709 2778 4772 pateamus
2824 4709 3144 4757 cunctorum
3202 4701 3259 4756 in
3288 4702 3491 4759 circui-

1891 4800 1946 4848 tu
1976 4791 2254 4857 derisioni,
2293 4791 2386 4862 qui
2413 4799 2490 4846 tot
2514 4791 2628 4860 jam
2656 4790 2988 4861 temporibus
3018 4790 3104 4846 hic
3133 4807 3489 4847 commanen-

1889 4890 1989 4950 tes,
2023 4881 2236 4952 exiguis
2269 4880 2610 4951 nequivimus
2652 4879 3046 4936 mansiunculis
3100 4880 3219 4936 istis
3271 4880 3489 4937 culmen

1888 4970 2213 5041 imponere?
2243 4969 2400 5038 Quod
2431 4969 2477 5024 si
2507 4968 2838 5025 verecundia
2885 4968 3068 5025 innata
3116 4985 3216 5026 vos
3244 4970 3483 5038 cohibet,

1883 5075 1952 5115 ne
1983 5059 2191 5115 homini
2221 5058 2366 5124 huic,
2397 5075 2518 5130 quin
2548 5059 2724 5124 decet,
2758 5057 3074 5129 proferatis,
3108 5058 3284 5130 ipsum
3314 5058 3488 5115 adea-

1885 5166 2006 5204 mus
2035 5149 2258 5220 pariter,
2289 5156 2361 5215 et,
2386 5164 2506 5219 quae
2530 5147 2579 5203 ei
2599 5148 2840 5204 dicturus
2871 5164 2993 5203 sum
3023 5163 3150 5220 ego,
3183 5148 3436 5217 audietis,
3461 5173 3485 5198 υ

1881 5329 2009 5380 sicut
2031 5331 2082 5379 S.
2113 5328 2376 5380 Anthelmo
2400 5328 2462 5378 ad
2488 5332 2696 5379 mortem
2720 5340 2890 5390 usque,
2919 5328 2986 5378 ita
3013 5331 3123 5390 post
3151 5327 3278 5380 illius
3301 5327 3488 5380 obitum

1882 5397 2067 5458 Ilugoni
2089 5396 2243 5446 astitit
2266 5397 2314 5445 in
2341 5396 2513 5459 Anglia
2544 5409 2558 5447 :
2584 5397 2635 5446 in
2660 5408 2756 5459 qua
2780 5399 2920 5445 notus
2947 5397 3090 5446 Petro
3109 5395 3320 5448 Cellensi
3344 5395 3408 5446 ab
3429 5408 3493 5447 eo

1884 5464 1931 5512 in
1959 5467 2221 5513 comment.
2251 5463 2298 5512 in
2320 5463 2407 5512 lib.
2434 5463 2545 5524 Job,
2570 5476 2615 5512 c.
2644 5475 2700 5523 ιι,
2730 5461 2796 5512 ita
2821 5460 3042 5512 laudatur
3069 5477 3081 5506 :
3122 5479 3141 5509 ι
3179 5463 3361 5514 Nudius
3395 5466 3494 5514 ter-

1885 5530 1979 5580 tius
2005 5529 2102 5580 vidi
2127 5529 2388 5590 quemdam
2410 5529 2680 5580 Gerardum
2715 5529 2933 5593 nomine,
2969 5530 3332 5583 Carthusiensis
3356 5528 3494 5582 ordi-

1885 5597 1960 5646 nis
1981 5597 2204 5647 fratrem.
2232 5596 2320 5657 Qui
2346 5607 2490 5659 super
2515 5598 2695 5658 omnia,
2732 5612 2750 5644 ι
2785 5598 2881 5646 etc.

3210 5691 3270 5741 31
