3938 6402
453 281 550 334 971

1348 281 1404 335 S.
1446 280 1760 339 HUGONIS
1798 279 2018 337 EPISC.
2060 277 2389 335 LINCOLN.
2438 277 2604 335 0RD.
2645 280 2894 338 CARTH.

3652 289 3756 343 972

527 400 848 458 Convocatis
877 408 1058 458 autem
1088 403 1297 458 cunctis
1341 403 1620 473 fratribus,
1655 413 1707 460 et
1747 404 1966 475 negotio
1989 403 2042 457 in
2064 403 2120 463 A
2149 400 2413 472 temporis
2441 401 2559 472 ipse
2590 402 2949 458 reminiscens
2978 408 3122 458 totus
3152 402 3573 460 inhorresceret.
3604 404 3756 462 Tunc

454 505 743 564 commune
773 490 1012 561 prolato,
1048 491 1247 561 placuit
1296 493 1547 549 omnibus
1599 495 1894 551 Girardum
1924 514 2048 554 cum

457 579 642 650 priore
678 577 952 650 proficisci
981 579 1050 635 ad
1081 597 1290 654 regem.
1323 583 1392 636 Et
1437 583 1585 654 prior
1618 601 1631 639 :
1668 608 1688 632 α
1728 586 2044 657 Consilium,

455 667 647 739 inquit,
682 675 920 723 vestrum
951 677 1002 724 et
1032 685 1136 740 ego
1165 678 1443 742 gratanter
1471 680 1717 743 accepto.
1769 675 2051 730 Verumta-

456 771 582 810 men
634 755 821 824 vobis,
873 755 1037 812 frater
1094 757 1348 826 Girarde,
1392 761 1789 830 providendum
1839 763 1941 818 erit
1968 772 2044 829 ut,

457 843 919 915 quemadmodum
939 844 1131 916 libere,
1153 845 1227 901 ita
1255 855 1308 902 et
1337 848 1584 905 modeste
1614 865 1712 905 vos
1733 851 1977 906 habeatis
1995 852 2048 906 in

457 947 712 988 sermone
747 940 952 988 vestro.
985 934 1120 988 Cum
1177 935 1321 990 enim
1371 937 1457 1006 sit,
1489 945 1548 991 ut
1603 954 1732 993 vere
1781 940 2046 1010 comperi,

457 1020 715 1092 princeps
734 1020 838 1076 iste
867 1022 1082 1093 sagacis
1120 1023 1413 1079 admodum
1440 1025 1646 1098 ingenii
1702 1035 1754 1081 et
1782 1026 2048 1084 inscruta-

457 1109 582 1165 bilis
617 1108 733 1165 fere
789 1109 975 1178 animi,
1027 1109 1234 1178 forsan,
1296 1121 1354 1167 ut
1403 1120 1571 1168 tentet
1603 1129 1704 1170 nos
1741 1115 2048 1171 dissimulat

455 1197 714 1254 exaudire
752 1212 872 1254 nos.
904 1199 1017 1255 Scit
1045 1200 1231 1271 procul
1287 1201 1453 1258 dubio
1482 1202 1851 1273 perfectionis,
1886 1221 2048 1276 quam

456 1285 691 1358 professi
718 1303 928 1355 sumus,
960 1303 1124 1360 quam
1153 1289 1385 1344 maxime
1414 1290 1699 1359 interesse,
1739 1291 1872 1348 illud
1902 1293 2044 1348 divi-

454 1392 582 1430 num
601 1375 825 1446 implere
869 1376 1273 1444 documentum,
1303 1394 1411 1450 quo
1440 1379 1638 1435 dicitur
1666 1380 1823 1436 nobis
1860 1395 1872 1436 :
1928 1403 1950 1432 ι
1987 1383 2046 1438 In

457 1486 479 1516 ι
515 1464 773 1536 patientia
803 1473 980 1520 vestra
998 1466 1350 1537 possidebitis
1386 1467 1598 1524 animas
1628 1478 1838 1526 vestras
1887 1473 2041 1541 (Luc.

455 1575 478 1604 ι
501 1568 624 1619 χχι,
660 1555 784 1624 l9);
821 1574 844 1604 ι
877 1571 979 1610 nec
1007 1570 1113 1610 non
1147 1563 1199 1611 et
1216 1555 1347 1611 illud
1367 1556 1666 1612 beatissimi
1688 1559 1839 1614 Pauli
1871 1575 1884 1614 :
1924 1582 1945 1612 ι
1985 1561 2044 1615 In

454 1663 478 1693 ι
511 1642 764 1698 omnibus
813 1643 1168 1698 exbibeamus
1196 1661 1318 1710 nos,
1352 1645 1491 1702 sicut
1523 1647 1622 1701 Dei
1652 1647 1949 1714 ministros,
1991 1650 2045 1703 in

2150 505 2298 558 vero,
2333 506 2458 546 cum
2488 490 2591 545 ista
2618 491 2932 561 proferebat
2961 492 3123 546 heros
3152 491 3264 558 ille,
3315 492 3403 548 cui
3451 509 3517 547 ex
3561 493 3758 564 Spiritu

2149 579 2250 632 Dei
2279 578 2504 633 libertas
2533 587 2684 634 tanta
2712 580 2830 646 fuit,
2857 581 3015 652 Hugo
3038 589 3186 636 tanto
3214 581 3333 637 vice
3363 582 3512 654 regis
3544 582 3754 636 suffun-

2150 666 2384 721 debatur
2413 667 2634 734 rubore,
2669 677 2723 723 ut
2755 668 2842 724 vix
2886 668 3264 724 confusionem
3311 671 3496 726 cordis
3526 671 3610 726 sui
3639 670 3755 742 ipse

2151 755 2428 810 toleraret.
2450 757 2705 812 Monebat
2727 757 2949 812 fratrem
2972 757 3171 812 talibus
3193 757 3368 813 effatis
3390 775 3631 830 parcere,
3664 768 3754 814 aut

2149 843 2363 913 penitus
2395 844 2570 898 silere.
2608 846 2807 900 Verum
2838 845 2912 912 is,
2949 854 3005 900 ut
3061 855 3178 900 erat
3200 848 3549 903 conscientiae
3575 847 3756 919 purio-

2149 930 2223 985 ris
2252 939 2305 986 et
2336 932 2653 988 reverenda:
2679 933 2916 1000 canitiei,
2951 935 3236 1007 sanguinis
3257 937 3416 990 etiam
3449 936 3562 1008 (60)
3585 951 3752 1009 gene-

2149 1019 2282 1088 rosi,
2313 1020 2447 1075 nihil
2475 1021 2730 1092 ducebat,
2760 1037 3101 1094 quaecunque
3148 1023 3389 1092 dixisset,
3437 1024 3568 1096 quin
3596 1025 3750 1080 dice-

2149 1115 2233 1162 ret
2260 1108 2367 1163 alia
2398 1116 2560 1180 atque
2585 1109 2712 1180 alia,
2745 1111 2943 1182 quibus
2973 1111 3270 1183 principem
3318 1113 3618 1185 corrigeret
3657 1120 3748 1168 aut

2149 1197 2412 1265 erudiret,
2445 1206 2498 1253 et
2527 1198 2634 1254 alia
2661 1199 2839 1255 adhuc
2869 1199 3104 1256 dicendo
3142 1201 3503 1258 subnecteret.
3537 1203 3751 1256 Interea

2148 1300 2280 1340 vero
2311 1302 2422 1354 rex,
2459 1303 2560 1342 nec
2589 1287 2769 1343 vultus
2815 1289 3137 1356 immutavit,
3171 1306 3271 1345 nec
3299 1291 3528 1346 verbum
3558 1289 3747 1356 edidit,

2147 1373 2256 1428 imo
2288 1374 2481 1430 tacitus
2514 1383 2562 1430 et
2594 1377 2917 1448 tranquillus
2946 1377 3216 1433 dicentem
3247 1364 3515 1443 sustinuff,
3549 1393 3750 1450 quous-

2147 1479 2252 1533 que
2282 1463 2554 1528 universa,
2605 1481 2726 1536 quae
2778 1474 2959 1522 mente
3018 1467 3358 1538 concepisset
3415 1466 3600 1533 frater,
3649 1481 3747 1521 ore

2148 1552 2459 1620 parturiret.
2497 1553 2740 1608 Tandem
2770 1553 2862 1610 ille
2893 1555 3120 1610 satiatus
3151 1555 3604 1627 prmcordialique
3630 1569 3754 1626 par-

2147 1641 2400 1696 turitione
2429 1651 2752 1697 exoneratus
2782 1641 2945 1698 finem
2986 1644 3112 1700 fecit
3160 1643 3646 1717 objurgationibus,
3697 1651 3751 1698 et

452 1750 475 1781 ι
511 1729 675 1785 multa
695 1731 1042 1803 patientia(lI
1061 1733 1181 1789 Cor.
1202 1749 1277 1799 VI,
1313 1735 1386 1803 4).
1413 1759 1434 1782 »ι
1455 1734 1623 1791 Multa
1634 1753 1766 1792 vero
1787 1737 2043 1808 patientia

2149 1729 2360 1785 silentio
2390 1729 2533 1784 labia
2563 1729 2897 1804 ﬂagellantia
2934 1733 3264 1800 concedens,
3294 1733 3545 1805 spiritum
3577 1731 3748 1788 conti-

448 1817 504 1872 in
533 1833 600 1874 eo
629 1819 1032 1890 comprobatur,
1065 1820 1111 1876 si
1139 1822 1309 1877 multa
1355 1824 1633 1879 contraria
1672 1825 1786 1880 sive
1814 1825 2044 1882 adversa

446 1905 501 1960 in
559 1907 730 1962 multa
785 1907 1004 1964 lenitate
1060 1917 1342 1981 supportet
1397 1911 1785 1984 longanimitas
1838 1913 2038 1970 multa:

445 1994 702 2066 patientia
733 1996 876 2051 enim
907 1996 1024 2053 sine
1055 1997 1464 2072 longanimitate
1521 2017 1630 2057 non
1688 2003 1884 2070 multa,
1944 2004 2041 2058 sed

447 2091 598 2138 curta
627 2085 749 2152 erit,
782 2085 990 2157 absque
1019 2085 1236 2142 lenitate
1269 2103 1400 2145 vero
1431 2105 1654 2160 prorsus
1685 2091 1831 2146 nulla
1861 2092 1982 2146 erit.
2015 2117 2034 2140 n

517 2173 822 2244 Assumptis
869 2173 1035 2247 igitur
1078 2175 1228 2247 prior
1263 2191 1469 2247 secum,
1515 2179 1773 2249 praedicto
1803 2179 2038 2236 Girardo

445 2268 498 2316 et
544 2261 651 2316 alio
681 2261 872 2330 fratre,
902 2263 1122 2320 nomine
1152 2265 1406 2336 Cynardo
1474 2268 1608 2337 (59),
1661 2268 1954 2339 grandzevo
1986 2278 2037 2325 et

441 2350 846 2420 probatissima:
874 2351 931 2408 in
951 2361 1132 2410 sancta
1159 2354 1425 2425 religione
1464 2355 1692 2423 virtutis,
1727 2358 1796 2413 ad
1845 2375 2034 2432 regem

437 2438 716 2510 profectus
748 2448 849 2497 est.
883 2440 1032 2511 Quos
1080 2441 1170 2498 ille
1200 2458 1410 2514 omnes,
1457 2461 1519 2501 ac
1549 2446 1595 2500 si
1653 2447 1906 2503 coelestes
1937 2463 2034 2503 an-

436 2527 613 2600 gelos,
694 2531 1076 2587 venerabiliter
1153 2533 1451 2604 excipiens,
1508 2534 1576 2588 ad
1614 2534 2033 2593 insinuationem

434 2614 684 2672 instantis
713 2619 918 2689 negotii
946 2619 1145 2676 blanda
1174 2621 1404 2689 locutus,
1453 2623 1593 2678 bona
1637 2624 1924 2694 pollicitus,
1949 2625 2032 2680 di-

435 2703 650 2761 lationis
682 2722 956 2764 excusans
987 2724 1227 2778 causam,
1247 2711 1480 2766 celerius
1493 2712 1670 2767 omnia
1695 2714 2030 2784 perficienda

431 2794 775 2865 promittens,
837 2807 1086 2869 sumptus
1142 2808 1326 2854 tamen
1387 2800 1860 2872 inpraesentiarum
1918 2819 2028 2858 non

431 2884 674 2950 contulit,
709 2902 809 2941 nec
861 2887 1078 2958 quando
1119 2897 1266 2942 esset
1311 2888 1601 2944 collaturus
1657 2891 1860 2946 certius
1905 2892 2026 2947 inti-

434 2971 622 3028 mavit.
648 2973 783 3028 Tum
814 2990 949 3029 vero
999 2973 1317 3030 infrendens
1349 2976 1517 3032 frater
1560 2977 1844 3045 Girardus,
1879 2996 2024 3035 suae-

432 3076 539 3130 que
577 3061 756 3131 potius
803 3061 1210 3119 deliberationis
1259 3064 1526 3134 pristinae,
1558 3083 1721 3138 quam
1769 3067 2022 3124 admoni-

426 3148 590 3203 tionis
619 3147 720 3209 sibi
751 3149 905 3205 factae
960 3167 1194 3222 memor,
1234 3169 1426 3226 regem
1468 3156 1783 3226 aggreditur
1835 3157 2026 3214 durius

427 3251 683 3309 arguere.
717 3238 948 3293 Demum
983 3255 995 3295 :
1035 3262 1056 3290 ι
1094 3239 1394 3313 Quidquid,
1453 3243 1549 3310 ait,
1600 3244 1667 3299 de
1717 3254 1913 3302 caetero
1945 3248 2026 3302 vi-

424 3340 546 3380 sum
603 3325 759 3382 vobis
815 3326 994 3398 fuerit,
1053 3329 1272 3386 domine
1311 3347 1424 3396 rex,
1492 3340 1581 3387 aut
1641 3333 1890 3390 faciendo
1938 3336 2024 3391 vel

421 3414 722 3471 omittendo
770 3430 938 3488 opere
967 3417 1240 3486 inchoato,
1278 3435 1400 3474 mea
1449 3420 1676 3476 ulterius
1718 3439 1829 3478 non
1867 3424 2022 3479 inter-

2146 1818 2281 1887 nuit,
2314 1827 2365 1873 et
2393 1834 2586 1874 vocem
2617 1821 2900 1890 repressit.

2213 1907 2407 1962 Habito
2436 1916 2560 1978 post
2587 1909 2701 1963 haec
2731 1908 2800 1963 ab
2840 1908 3107 1964 universis
3154 1909 3466 1981 aliquandiu
3508 1910 3618 1966 alto
3664 1909 3746 1965 si-

2140 1993 2324 2063 lentio,
2358 1995 2543 2066 priore
2572 1997 2777 2052 vultum
2800 2013 2914 2068 pra:
2937 1997 3253 2054 confusione
3269 1998 3623 2069 deprimente,
3659 2015 3746 2055 re-

2139 2100 2262 2154 gem
2297 2093 2478 2140 autem
2497 2085 2812 2156 aspiciente,
2843 2094 3118 2157 mstusque
3145 2087 3340 2141 mentis
3370 2087 3515 2141 illius
3545 2103 3611 2143 ex
3640 2104 3744 2158 ge-

2139 2173 2312 2227 stibus
2343 2173 2511 2244 ipsius
2539 2175 2929 2244 perpendente,
2966 2174 3044 2230 sic
3064 2175 3280 2230 tandem
3308 2175 3426 2246 ipse
3457 2192 3553 2230 rex
3584 2191 3743 2231 orsus

2137 2269 2220 2316 est
2249 2260 2426 2333 loqui:
2454 2284 2475 2311 ε(
2502 2261 2775 2330 Quidnam
2794 2270 2870 2328 tu,
2891 2262 3148 2334 inquitad
3171 2264 3478 2336 Hugonem,
3511 2265 3741 2319 medita-

2135 2349 2351 2404 bundus
2382 2357 2560 2406 tecum
2603 2351 2874 2408 deliberas
2899 2394 2913 2418 ,
2947 2351 3029 2407 vir
3077 2351 3216 2408 bone
3237 2353 3266 2406 ?
3290 2353 3433 2409 Num
3480 2353 3642 2408 etiam
3674 2361 3732 2408 tu

2132 2437 2284 2493 abire
2305 2438 2568 2510 disponis,
2594 2448 2645 2495 et
2666 2439 2858 2496 cedere
2876 2439 3036 2496 nobis
3047 2456 3279 2513 regnum
3300 2441 3580 2496 nostrum?
3605 2465 3626 2490 υ
3651 2441 3737 2497 Ad

2134 2542 2294 2597 quem
2323 2526 2414 2582 ille
2445 2527 2713 2584 submisse
2733 2536 2785 2582 et
2805 2528 3001 2583 leniter
3032 2545 3045 2583 :
3081 2551 3103 2576 α
3150 2529 3274 2584 Non
3302 2529 3441 2586 adeo
3462 2529 3531 2585 de
3559 2529 3736 2597 vobis,

2129 2613 2322 2685 inquit,
2356 2615 2586 2671 Domine
2629 2616 2903 2688 despero;
2931 2617 3109 2688 potius
3155 2618 3456 2688 compatior
3501 2618 3737 2688 impedi-

2129 2704 2326 2758 mentis
2356 2704 2550 2760 vestris
2578 2712 2628 2760 et
2659 2705 3128 2777 occupationibus,
3164 2706 3362 2778 quibus
3390 2707 3739 2778 praepediun-

2128 2799 2215 2846 tur
2243 2792 2502 2848 salutaria
2547 2795 2743 2850 animae
2791 2803 2986 2850 vestrae
3035 2795 3232 2849 studia.
3283 2795 3549 2868 Occupati
3587 2796 3738 2851 enim

2128 2881 2278 2948 estis,
2314 2890 2386 2948 et,
2421 2897 2543 2936 cum
2583 2882 2848 2937 Dominus
2892 2883 3180 2952 adjuverit,
3232 2884 3371 2938 bene
3425 2900 3736 2956 proseque-

2125 2969 2257 3025 mini
2287 2980 2466 3041 coepta
2499 2970 2758 3026 salubria.
2797 2993 2819 3022 υ
2862 2972 3013 3026 Tunc
3063 2989 3161 3028 rex
3213 2972 3528 3043 complexus
3585 2991 3730 3042 eum,

2125 3058 2199 3113 ita
2230 3074 2351 3114 cum
2377 3060 2686 3128 juramento
2717 3060 2792 3115 ait
2825 3077 2838 3113 :
2877 3083 2900 3107 ι
2936 3061 3041 3116 Per
3088 3060 3317 3117 salutem
3349 3062 3544 3117 anima:
3573 3079 3732 3131 meae,

2126 3147 2254 3201 dum
2285 3147 2473 3202 vitales
2503 3149 2722 3220 spirabo
2749 3165 2932 3216 auras,
2965 3157 3023 3204 tu
3054 3164 3087 3204 a
3115 3165 3238 3205 meo
3271 3166 3443 3222 regno
3475 3167 3585 3207 non
3613 3151 3732 3207 dis-

2124 3235 2328 3302 cedes;
2364 3245 2542 3292 tecum
2570 3239 2770 3309 partiar
2799 3237 2945 3294 enim
2973 3238 3202 3294 consilia
3248 3239 3520 3306 salutaria,
3556 3247 3733 3296 tecum

2124 3331 2176 3378 et
2207 3324 2387 3379 studia
2412 3327 2604 3381 animm
2626 3342 2762 3382 mea:
2782 3326 3117 3382 necessaria.
3163 3348 3181 3377 ι
3208 3327 3356 3382 Misit
3386 3329 3657 3401 extemplo
3679 3337 3732 3385 et

2125 3421 2394 3484 sumptus,
2427 3430 2674 3487 opusque
2713 3431 2928 3472 summa
2957 3431 3081 3472 cum
3109 3415 3361 3472 instantia
3382 3417 3544 3486 jussit
3573 3433 3730 3474 com-

422 3503 546 3557 erit.
579 3504 770 3560 Totum
802 3505 956 3561 vobis
988 3523 1220 3578 regnum
1243 3516 1487 3564 vestrum
1516 3511 1760 3582 quietum
1780 3513 1938 3579 cedo,
1969 3522 2021 3568 et
2118 3500 2276 3573 ΡῙοΓίο
2319 3527 2339 3550 κ

419 3591 490 3647 ad
519 3600 764 3648 nostram
823 3595 1266 3652 Cartbusiensem
1327 3613 1570 3654 eremum
1628 3600 1782 3655 vobis
1811 3601 2020 3659 valefa-

419 3681 571 3738 ciens
599 3698 726 3738 mox
759 3683 972 3739 redibo.
1007 3685 1281 3740 Putatisne
1311 3701 1408 3742 vos
1456 3688 1615 3744 nobis
1663 3690 1896 3762 gratiam
1926 3707 2020 3748 ex-

420 3770 632 3840 hibere,
669 3772 716 3826 si
747 3781 929 3827 vestro
978 3789 1080 3828 nos
1113 3774 1197 3829 vel
1227 3791 1366 3846 pane
1397 3776 1770 3846 substentetis,
1803 3795 1926 3836 cum
1953 3797 2019 3836 eo

418 3859 636 3929 penitus
683 3875 792 3915 non
848 3862 1120 3932 egemus?
1174 3863 1376 3920 Verum
1429 3866 1599 3921 satius
1629 3875 1711 3922 est
1759 3868 1920 3924 nobis
1946 3870 2016 3925 ad

419 3961 559 4002 saxa
587 3956 898 4004 nostrarum
929 3950 1224 4022 confugere
1254 3953 1491 4024 Alpium,
1554 3973 1720 4026 quam
1758 3957 1826 4012 ad
1857 3958 2016 4013 talem

419 4035 696 4092 hominem
725 4036 932 4094 habere
994 4039 1325 4112 conﬂictum,
1370 4043 1460 4115 qui
1499 4051 1684 4114 totum,
1738 4047 1883 4117 quod
1914 4063 2015 4117 pro

420 4139 517 4179 sua
567 4124 741 4182 salute
801 4127 1027 4198 geritur,
1072 4137 1327 4202 tanquam
1379 4132 1648 4202 perditum
1697 4134 2012 4190 arbitratur.

419 4213 631 4268 Habeat
661 4214 764 4269 sibi
794 4215 953 4272 citius
984 4217 1306 4286 amissurus,
1340 4228 1413 4287 et,
1447 4221 1534 4276 cui
1571 4222 1764 4288 nescit,
1798 4223 2014 4279 relictu-

417 4318 514 4357 rus
545 4318 697 4376 opes,
733 4319 869 4377 quas
915 4313 1119 4362 tantum
1151 4316 1326 4375 amat;
1361 4324 1464 4365 nec
1510 4310 1752 4365 Christus
1778 4312 1862 4366 his
1891 4312 2013 4383 dig-

418 4400 595 4462 natur,
630 4408 733 4449 nec
763 4393 1051 4466 quisquam
1069 4395 1425 4464 Christianus,
1458 4398 1786 4470 participari.
1831 4425 1851 4446 ιι
1886 4401 2014 4456 Ilmc

2719 3611 2944 3668 CAPUT
2973 3613 3064 3667 VI.

2127 3715 2276 3783 Quod
2297 3731 2402 3771 rea:
2425 3718 2641 3791 [ἠιθοηὶ
2655 3717 2901 3774 credidit
2905 3736 3028 3791 prw
3039 3722 3264 3777 caeteris
3282 3723 3538 3780 omnibus
3560 3725 3621 3780 in
3640 3722 3730 3780 his

2191 3803 2460 3868 quassum
2488 3790 2733 3868 salutem
2767 3790 3418 3868 aninimgcontingebqnt,
3442 3799 3500 3850 et
3531 3795 3673 3868 quod
3694 3813 3730 3850 ιι

2189 3859 2390 3937 multis
2411 3859 2555 3929 regis
2575 3859 2733 3937 ﬁlius
2751 3863 2968 3937 putabit
2973 3866 3088 3928 tur;
3110 3867 3166 3919 et
3185 3859 3729 3937 duodipsum'super

2189 3930 2364 3983 variis
2382 3931 2698 3985 excessibus
2716 3930 3020 4001 arguendo,
3039 3949 3154 3988 non
3171 3930 3424 3990 cessabat
3445 3930 3732 3992 sacris'in-

2189 4002 2447 4076 [armare
2471 4001 2986 4076 eajhorlalionibus,
3031 4007 3163 4074 quia
3203 4008 3323 4076 ejus
3355 4007 3513 4062 varia
3535 4023 3728 4062 conso-

2193 4071 2404 4148 latione
2429 4071 2607 4126 levius
2640 4072 2859 4148 ferebat
2880 4071 3134 4148 adversa,
3157 4071 3421 4146 et'fretus
3442 4079 3562 4148 ejus
3590 4095 3725 4134 ora-

2196 4141 2437 4213 tionibus
2453 4144 2753 4212 superabat
2772 4146 3024 4213 facilius,
3051 4149 3107 4201 et
3128 4141 3384 4203 consiliis
3404 4141 3728 4205 instructus

2188 4212 2657 4283 circumspectius
2688 4212 3028 4271 declinabat.

2186 4317 2314 4372 Post
2343 4317 2461 4372 haec
2489 4318 2747 4390 princeps
2778 4320 2870 4376 ille
2897 4336 3133 4395 magnus
3183 4324 3288 4381 viri
3334 4325 3435 4381 Dei
3483 4326 3724 4382 crebrius

2116 4403 2399 4460 fruebatur
2426 4407 2717 4478 colloquio,
2751 4416 2804 4464 et
2845 4411 3074 4466 consilio
3125 4412 3360 4484 amplius
3407 4414 3726 4471 delectaba-

417 4477 509 4548 ita,
542 4479 652 4536 imo
683 4489 736 4537 et
767 4482 857 4552 [his
887 4483 1086 4539 similia
1114 4485 1245 4540 satis
1274 4486 1516 4554 duriora,
1552 4487 1766 4542 Girardi
1797 4489 2011 4544 blandi-
2040 4473 2093 4533 Ῑ)
2119 4502 2230 4548 tur.
2270 4495 2386 4550 Nec
2415 4504 2568 4550 erant
2587 4473 2768 4562 multi;
2803 4499 2900 4553 sed
2929 4508 3000 4569 et,
3027 4508 3084 4555 ut
3112 4473 3348 4558 amultis
3375 4503 3723 4575 credebatur,

426 4576 601 4624 menta
624 4569 695 4625 ad
723 4578 927 4626 tantum
957 4573 1352 4630 dominatorem
1410 4575 1720 4630 referuntur
1750 4577 1938 4634 fuisse.

494 4656 639 4726 Quid
664 4676 791 4716 vero
811 4661 902 4732 pio
935 4661 1076 4718 inter
1091 4663 1194 4718 ista
1217 4671 1270 4718 et
1290 4664 1538 4719 modesto
1550 4665 1718 4736 priori
1739 4684 1837 4722 suo
1850 4668 2013 4722 animi

428 4743 607 4815 fuerit,
659 4747 930 4805 referebat
971 4750 1088 4822 ipse
1149 4752 1349 4823 saepius
1381 4752 1496 4821 jam
1556 4754 1842 4826 episcopus
1886 4757 2016 4812 talia

420 4849 546 4890 eum
584 4843 640 4891 et
679 4844 830 4893 tanta
873 4846 1244 4910 prosecutum,
1294 4848 1348 4896 et
1394 4841 1587 4897 horum
1640 4853 1763 4915 post
1811 4853 2014 4901 tantum

498 5009 604 5074 (59)
631 5011 700 5061 De
720 5023 816 5075 quo
837 5011 947 5063 vide
971 5012 1110 5076 plura
1137 5013 1264 5065 infra
1289 5014 1376 5065 lib.
1404 5029 1472 5078 tv,
1497 5030 1543 5067 c.
1574 5017 1654 5068 12.

500 5112 603 5174 (60)
650 5115 725 5164 Ex
769 5114 967 5176 familia,
1003 5120 1058 5165 ut
1096 5116 1306 5178 videtur,
1353 5121 1579 5170 comitum
1628 5123 2020 5174 Nivernensium.

431 5179 608 5250 Comes
633 5192 840 5241 namque
869 5182 1182 5232 Nivernensis
1205 5184 1380 5234 dicitur
1403 5201 1430 5236 a
1457 5189 1718 5250 Dorlando,
1756 5196 1803 5240 et
1840 5204 1868 5240 a
1913 5195 2021 5242 Mo—

436 5246 559 5295 rotio
587 5265 598 5294 :
627 5249 705 5318 qui
720 5251 896 5318 tamen
923 5262 1032 5318 eum
1072 5251 1366 5302 confundunt
1403 5267 1508 5303 cum
1557 5246 1832 5318 Guillelmo,
1877 5261 2022 5309 etiam

436 5325 498 5386 ex
518 5313 695 5386 comite
720 5314 1023 5386 lfivernensi,
1063 5318 1398 5386 t'ai'tbusiano,
1443 5323 1564 5371 Acta
1607 5313 1858 5386 utriusque
1898 5338 2026 5376 com-

434 5379 700 5448 miscendo.
728 5381 855 5443 Quas
878 5381 1239 5443 distinguendos
1263 5390 1468 5448 constat,
1493 5392 1596 5438 tum
1629 5401 1688 5439 ex
1712 5379 1821 5440 Vita
1845 5394 1896 5442 S.
1920 5396 2022 5443 An-

433 5444 635 5520 tlielmi,
655 5446 705 5496 in
749 5449 1129 5520 qua__utriusqu_e
1171 5452 1226 5500 lit
1268 5444 1466 5515 mentio,
1510 5459 1614 5504 tum
1652 5457 1761 5518 quia
1783 5471 1843 5508 ex
1875 5459 2016 5520 epist.

433 5511 637 5575 Eugenii
663 5526 800 5576 papae
825 5515 887 5564 ill
912 5519 961 5566 et
984 5529 1044 5566 ex
1065 5517 1214 5569 altera
1239 5521 1292 5570 S.
1315 5511 1547 5572 Bernardi
1571 5522 1630 5572 ad
1649 5511 1784 5573 fdam
1808 5511 2024 5577 comitis-

433 5580 703 5655 sam‘apud
727 5582 988 5655 a_ch_erium
1015 5587 1133 5634 tom.
1177 5586 1238 5635 ll.
1271 5587 1465 5650 Spicit,
1491 5601 1542 5651 p.
1575 5589 1694 5653 813,
1722 5603 1833 5641 nov.
1877 5593 2016 5655 edit.,

434 5647 624 5697 constat
667 5647 976 5703 Guillelmum
1015 5656 1129 5704 ante
1172 5647 1350 5704 annum
1381 5647 1511 5706 H53
1535 5647 1814 5720 mortuum;
1843 5647 2021 5711 Gerarl

2121 4582 2206 4638 vel
2231 4599 2371 4638 unus
2402 4584 2500 4638 sub
2532 4585 2679 4640 omni
2709 4587 2827 4656 ejus
2858 4596 3155 4660 potestate,
3205 4589 3262 4646 in
3291 4607 3396 4662 quo
3424 4592 3600 4664 magis
3630 4610 3726 4648 re-

2123 4670 2431 4742 quiesceret
2460 4673 2679 4744 spiritus
2711 4675 2847 4744 ejus,
2883 4693 3046 4749 quam
3075 4678 3132 4733 in
3176 4679 3356 4750 priore
3386 4681 3721 4736 Withamiaa.

2123 4761 2255 4815 Erat
2282 4768 2460 4816 autem
2491 4770 2734 4832 potestas
2764 4765 2879 4833 ejus
2909 4766 3097 4836 multa,
3130 4767 3218 4823 cui
3264 4776 3376 4824 tota
3418 4785 3541 4826 cum
3570 4777 3724 4840 parte

2125 4849 2237 4921 (6t)
2267 4849 2499 4904 maxima
2517 4851 2785 4907 Hiberniae
2807 4855 3075 4910 serviebat
3102 4856 3322 4929 Anglia,
3355 4857 3441 4913 cui
3467 4858 3726 4914 Neustria

2123 5027 2238 5098 dum
2265 5042 2378 5098 vero
2403 5030 2562 5082 adhuc
2583 5033 2763 5083 vixisse
2789 5035 2877 5085 sub
2902 5037 3104 5098 Hugone
3142 5041 3332 5089 certum
3360 5042 3450 5089 est.
3477 5041 3547 5091 De
3587 5040 3722 5091 Guil-

2123 5095 2363 5169 l_ermo_ad
2381 5099 2623 5169 an.‘tl_38
2657 5101 2724 5150 ita
2748 5102 2918 5152 scribit
2960 5095 3245 5154 Cuillelmus
3288 5105 3348 5155 de
3385 5108 3564 5168 Nangis
3595 5108 3722 5169 apud

2124 5163 2384 5232 Acherium
2412 5165 2577 5226 Spicil.
2606 5171 2726 5216 tom.
2755 5169 2838 5228 Ill,
2865 5183 2976 5232 pag.
3004 5172 3053 5218 3.
3085 5191 3105 5213 ο
3135 5171 3362 5222 Florebat
3403 5163 3549 5224 etiam
3587 5163 3723 5224 Guil-

2125 5229 2310 5299 lermus
2358 5233 2670 5299 b’ivernensis
2716 5229 2880 5284 comes
2920 5229 3154 5298 insignis;
3181 5240 3318 5299 cujus
3361 5241 3554 5291 devotio
3597 5241 3720 5291 mira

2125 5296 2322 5366 enituit,
2345 5297 2459 5366 dum
2483 5299 2541 5349 de
2577 5303 2760 5361 potenti
2787 5303 3004 5366 principe
3025 5296 3194 5356 saeculi
3229 5296 3392 5359 factus
3418 5311 3492 5359 est
3521 5309 3570 5358 in
3595 5308 3722 5358 Car-

2125 5363 2285 5412 tbusia
2313 5365 2509 5415 humilis
2534 5380 2718 5431 pauper
2739 5363 2959 5420 Christi;
2987 5391 3008 5413 ι

2190 5466 2295 5541 (6t_)_
2315 5469 2352 5516 Α
2379 5471 2515 5541 patre
2540 5470 2772 5521 Henricus
2797 5473 3196 5533 Andegavensem
3215 5475 3464 5539 ducatum,
3494 5478 3719 5541 Angliam

2121 5543 2240 5609 cum.
2256 5534 2608 5653 Neustriatjurc
2633 5541 2853 5591 materno
2876 5541 3102 5606 obtinuit,
3129 5542 3415 5596 Hiberniam
3441 5534 3603 5597 autem
3624 5545 3722 5596 sibi

2121 5610 2270 5650 armis
2293 5613 2349 5650 su
2382 5615 2479 5653 ieci
2509 5639 2521 5652 .

2120 5610 2270 5650 armis
2293 5610 2521 5664 subjecit.
