3938 6436
231 400 344 454 981

1376 397 1561 454 VITA.
1610 427 1677 438 --
1717 396 1842 452 LIB.
1884 395 1976 452 Ill.
2020 425 2090 437 —
2126 394 2430 452 PROLOG.

3452 395 3556 450 982

233 524 323 578 ris
388 525 640 595 impensa
697 524 924 580 fecimus
969 538 1296 578 consonare.
1338 546 1359 571 υ
1403 522 1485 578 Ad
1544 523 1662 578 haec
1711 522 1936 593 priorA
1966 520 2231 576 restitutio
2250 519 2474 592 pretiosi
2505 535 2697 576 revera
2726 520 2929 576 laboris
2959 519 3146 576 vestri.
3201 519 3256 576 Si
3284 533 3417 576 vero
3475 519 3564 574 bi-

234 613 538 668 admirans
568 612 863 681 (nesciebat
894 612 1038 667 enim
1066 613 1220 682 prius
1266 627 1505 683 quonam
1537 612 1732 666 ordine
1761 627 1860 666 rex

234 701 581 756 obtinuisset
610 702 781 771 illam)
813 702 1040 756 fratrem
1083 702 1340 756 continuo
1381 701 1451 754 ita
1501 699 1696 754 affatus
1727 707 1810 755 est
1842 719 1855 755 :

235 810 260 838 ι
305 792 465 844 Itane
487 790 742 845 dominus
761 807 854 844 rex
874 789 1159 844 ecclesiam
1184 798 1426 844 nostram
1449 789 1696 843 fundavit
1717 789 1854 844 adeo

232 878 569 933 necessario
599 878 788 933 labore
817 878 1043 934 vestro?
1074 878 1248 932 Crede
1278 878 1426 941 mihi,
1461 877 1853 944 amantissime,

236 967 572 1021 restituetur
629 967 785 1021 vobis
832 967 887 1019 in
934 966 1230 1021 continenti
1278 966 1603 1021 bibliotheca
1651 974 1851 1020 vestra.

236 1055 357 1110 Sed
394 1063 446 1110 et
477 1054 708 1110 fratrum
740 1063 1043 1110 vestrorum
1073 1071 1172 1126 per
1201 1071 1301 1110 vos
1331 1056 1525 1111 devote
1573 1055 1853 1127 supplica-

231 1160 370 1198 mus
405 1143 765 1210 universitati,
799 1151 1066 1215 quatenus
1113 1152 1317 1199 nostra
1346 1144 1639 1216 dignentur
1676 1144 1854 1198 humi-

229 1232 386 1287 litati
418 1232 720 1305 indulgere,
757 1233 903 1303 quod
932 1232 1223 1288 occasione
1252 1233 1444 1299 nostri,
1477 1233 1636 1288 nobis
1671 1240 1852 1288 tamen

230 1319 291 1375 id
324 1320 735 1392 ignorantibus,
766 1319 1039 1376 defectum
1067 1321 1436 1376 sustinuerunt
1457 1321 1540 1375 sui
1569 1321 1796 1377 codicis.
1827 1342 1849 1372 ι

230 1409 337 1463 Ilis
369 1410 679 1464 monachus
699 1409 895 1464 auditis
923 1409 1274 1465 vehementer
1291 1410 1532 1481 expavit,
1550 1411 1854 1483 gemebun-

230 1497 325 1552 dis
359 1512 530 1552 orans
559 1497 806 1565 vocibus,
839 1513 908 1553 ne
937 1498 1064 1553 talia
1093 1499 1365 1570 cogitaret
1394 1498 1481 1555 vel
1508 1497 1850 1571 loqueretur,

227 1584 558 1642 nullatenus
590 1586 848 1657 expedire
880 1587 1158 1642 aiiirmans
1188 1586 1437 1643 ecclesia
1467 1603 1596 1654 sua,
1647 1596 1706 1643 ut
1749 1588 1852 1643 sibi

227 1674 451 1729 utiliter
481 1674 768 1730 conciliata
798 1675 890 1730 tali
922 1692 988 1730 ex
1030 1676 1188 1731 xenio
1238 1675 1386 1748 regis
1437 1677 1616 1747 gratia
1660 1677 1850 1749 quavis

226 1764 538 1819 occasione
569 1763 909 1829 descivisset,
949 1787 969 1811 α
1009 1765 1203 1834 Estne,
1232 1766 1426 1836 inquit,
1485 1767 1587 1821 hoc
1637 1781 1844 1832 verum,

1967 609 2291 665 bliothecam
2323 610 2464 665 hanc
2494 609 2742 680 recipere
2776 608 3024 665 clanculo
3065 608 3290 664 minime
3336 607 3564 680 acquie-

1959 698 2128 761 scitis,
2163 713 2267 768 ego
2300 698 2447 752 illam
2479 697 2529 753 ei
2558 698 2800 765 restituo,
2833 698 2922 769 qui
2954 699 3060 753 huc
3087 697 3266 768 ipsum
3311 697 3559 752 destina-

1958 786 2051 841 vit.
2086 786 2142 842 Si
2173 801 2304 853 vero
2336 802 2457 841 eam
2480 786 2906 857 reportaveritis,
2941 787 3045 842 hoc
3073 785 3151 840 illi
3181 802 3278 857 per
3305 800 3404 842 nos
3437 785 3559 840 nul-

1957 875 2171 930 latenus
2201 875 2530 930 innotescet.
2569 899 2590 924 υ
2616 874 2760 943 Quid
2780 875 2947 930 multa
2974 874 3001 928 ?
3029 874 3314 946 Recipiunt
3359 889 3558 931 mona-

1953 963 2040 1019 chi
2071 963 2315 1019 codicem
2353 980 2530 1031 suum,
2567 963 2724 1035 quasi
2764 963 2967 1019 recenti
3023 963 3166 1018 dono
3205 963 3552 1035 acquisitum,

1955 1052 2181 1107 multum
2205 1053 2272 1108 de
2303 1053 2515 1118 codice,
2548 1053 2645 1108 sed
2675 1051 2842 1108 multo
2873 1051 2996 1123 plus
3027 1051 3096 1106 de
3137 1051 3556 1108 transmittentis

1955 1157 2021 1198 ac
2059 1141 2391 1197 restituentis
2447 1141 2756 1210 dulcedine,
2806 1147 2856 1197 et
2910 1140 2980 1196 de
3043 1140 3326 1196 charitatis
3381 1141 3556 1214 ipsius

1953 1229 2288 1300 plenitudine
2327 1229 2633 1287 exhilarati.

2023 1319 2304 1374 Convaluit
2355 1319 2624 1390 siquidem
2663 1334 2728 1374 ex
2785 1318 2878 1374 illo
2928 1318 3231 1390 praesertim
3306 1327 3554 1392 tempore

1951 1407 2094 1462 inter
2115 1407 2397 1479 utriusque
2426 1407 2532 1464 loci
2579 1407 2816 1474 accolas,
2851 1407 3264 1464 Withonienses
3296 1408 3555 1466 videlicet

1951 1495 2253 1551 coenobitas
2283 1503 2335 1551 et
2366 1496 2795 1552 Withamienses
2834 1496 3110 1562 eremitas,
3152 1497 3365 1552 eximia
3386 1539 3400 1567 ,
3457 1499 3546 1553 di-

1950 1583 2203 1639 lectionis
2233 1586 2619 1656 prarogativa,
2643 1592 2932 1656 praestante
2948 1585 3050 1640 Dei
3078 1585 3274 1656 gratia,
3297 1585 3352 1641 in
3374 1602 3551 1642 avum

1951 1673 2228 1728 duratura.
2263 1673 2377 1728 Visi
2407 1682 2530 1729 sunt
2579 1681 2759 1728 autem
2805 1681 2997 1744 postea
3025 1674 3127 1730 viri
3183 1674 3331 1729 omni
3390 1675 3554 1731 laude

1950 1761 2232 1816 attollendi
2263 1761 2532 1817 Robertus
2565 1764 2678 1833 (74)
2719 1761 2870 1833 prior
2915 1761 3246 1818 cathedralis
3302 1763 3551 1820 ecclesia

223 1852 387 1923 quod
418 1853 489 1907 de
520 1853 636 1921 ejus
657 1851 842 1908 favore
872 1852 993 1923 plus
1012 1853 1170 1910 solito
1190 1853 1536 1925 prasumitis,
1557 1870 1659 1910 nec
1690 1855 1846 1910 vobis
1867 1889 1917 1948 B
1950 1850 2380 1948 Withoniensis,‘
2401 1859 2453 1905 et
2484 1850 2802 1948 liadulphqﬂs
2849 1852 2962 1948 (75)
2988 1851 3246 1948 “sacrista
3303 1853 3545 1948 ejusdem

222 1940 394 1995 triste
425 1948 509 1995 est
535 1941 626 1994 tali
655 1941 799 1996 hunc
855 1957 1080 1995 munere
1128 1943 1364 2014 negotiis
1413 1943 1625 1999 vestris'
1657 1944 1843 2015 propi-

219 2029 364 2083 tium
395 2044 523 2084 esse
552 2028 807 2084 effectum
837 2030 864 2084 ?
890 2051 912 2079 ι
948 2031 1084 2084 Cum
1113 2030 1202 2086 ille
1232 2030 1485 2086 fratribus
1516 2031 1630 2087 suis
1659 2033 1840 2088 omni-

224 2117 338 2171 bus
373 2133 444 2171 ex
495 2117 602 2173 hoc
655 2119 915 2189 gaudium
959 2120 1278 2189 provenisse
1335 2130 1622 2186 assereret,
1684 2121 1842 2192 Ilugo

225 2205 522 2274 subjunxit
557 2223 570 2260 :
617 2228 637 2252 α
676 2207 742 2262 Ut
774 2208 895 2274 hoc,
929 2207 1118 2279 inquit,
1171 2208 1430 2278 gaudium
1487 2217 1844 2282 perpetuetur

219 2294 276 2350 in
307 2301 566 2367 tongum,
600 2303 823 2352 cunctos
853 2311 1079 2354 necesse
1102 2304 1184 2353 est
1215 2303 1271 2353 ut
1301 2297 1466 2354 lateat
1493 2297 1632 2355 facta
1686 2299 1841 2355 vobis

1947 1937 2213 2003 ecclesiae,
2246 1939 2680 1993 Withamienses
2709 1938 2890 1994 effecti
2923 1939 3172 2007 solitarii,
3197 1939 3253 1994 in
3283 1955 3383 1995 sua
3412 1941 3548 1997 soli-

1947 2027 2131 2082 tudine
2160 2027 2361 2097 optime
2392 2026 2710 2098 profecisse.
2767 2051 2787 2073 «
2838 2027 2921 2082 Ad
2970 2043 3197 2099 quorum
3239 2028 3545 2084 instantiam

1943 2114 2073 2170 dicit
2103 2131 2162 2170 se
2201 2115 2535 2186 compositor
2591 2132 2809 2190 magna
2867 2117 3000 2172 Vita
3056 2116 3230 2172 nostri
3294 2118 3542 2190 Hugonis

1943 2203 2052 2272 illa,
2087 2219 2208 2275 qua
2234 2202 2302 2259 de
2330 2219 2395 2260 eo
2427 2205 2666 2277 scripsit,
2712 2204 3005 2263 scribendo
3033 2213 3374 2279 posterorum
3403 2205 3544 2264 noti-

1942 2301 2030 2356 tia
2051 2301 2485 2359 commendasse.
2528 2327 2548 2350 υ

1499 2478 1751 2550 Explicit
1796 2478 1934 2534 liber
1972 2479 2270 2535 secundus.

1367 2761 1810 2825 PROLOGUS
1853 2763 2071 2825 LIBRI
2116 2764 2404 2825 TERTII.

288 2945 460 3014 Quia,
495 2951 786 3017 prastante
808 2945 1061 3017 Domino,
1094 2946 1242 3002 beati
1271 2947 1371 3002 viri
1401 2955 1577 3021 gesta,
1631 2949 1828 3021 quibus

211 3035 282 3089 ab
315 3037 444 3106 ipso
473 3034 722 3107 pueritia
752 3051 865 3090 sua
897 3042 1140 3106 tempore
1170 3037 1528 3108 omnipotenti
1557 3039 1673 3094 Deo
1704 3055 1825 3094 me-

211 3125 324 3180 ruit
354 3123 602 3196 placere,
635 3139 809 3196 usque
838 3124 909 3179 ad
941 3124 1399 3196 episcopationem
1428 3127 1512 3181 sui
1545 3127 1825 3198 qualicun-

210 3230 322 3284 que
354 3213 504 3284 stylo
525 3213 837 3268 summatim
867 3215 1210 3270 exaravimus
1245 3233 1257 3269 :
1298 3231 1462 3284 nunc,
1497 3217 1729 3287 qualiter
1758 3217 1826 3272 ad

207 3301 613 3373 episcopatum,
638 3301 846 3358 caelesti
874 3310 1239 3374 prosequente
1269 3305 1443 3375 gratia
1498 3305 1824 3361 conscende-

1930 2959 1980 3004 et
2011 2951 2294 3006 sublimius
2319 2959 2698 3008 veneraretur.
2739 2952 3049 3020 Referebat,
3107 2954 3349 3027 inquam,
3411 2956 3528 3012 hac

1927 3039 1995 3094 ad
2017 3041 2545 3096 commendationem
2577 3041 2944 3097 exhibentium
2974 3050 3023 3099 et
3052 3043 3120 3098 ad
3151 3044 3525 3100 excitationem

1929 3128 2053 3182 talia
2094 3129 2493 3198 admirantium,
2528 3145 2649 3184 cum
2703 3130 2807 3201 ipsi
2841 3131 2958 3186 sola
3015 3141 3157 3187 esset
3216 3140 3525 3190 sanctorum

1927 3217 2180 3272 sanctitas
2238 3235 2337 3289 pro
2394 3218 2671 3289 miraculo,
2733 3227 2786 3275 et
2842 3219 2960 3276 sola
2991 3220 3265 3278 sufficeret
3321 3222 3372 3278 ei
3425 3237 3523 3294 pro

1926 3307 2194 3377 exemplo.

209 3389 302 3457 rit,
339 3398 395 3446 et
428 3390 665 3462 qualiter
695 3390 749 3445 in
782 3405 846 3447 eo
869 3391 1063 3446 vixerit
1093 3399 1146 3447 et
1193 3392 1455 3460 docuerit,
1517 3394 1824 3450 succinctus
1847 3390 1893 3451 C
1997 3391 2168 3447 Unico
2199 3400 2379 3447 autem
2401 3400 2452 3447 et
2483 3393 2779 3448 universali
2810 3401 2921 3448 erat
2951 3395 3002 3450 ei
3031 3395 3296 3452 miraculo
3327 3395 3523 3452 Condi-

211 3493 406 3534 sermo
433 3486 744 3549 percurrat.
774 3481 889 3535 Nec
917 3479 1061 3536 enim
1083 3481 1301 3552 singula
1333 3482 1430 3536 sed
1462 3499 1639 3554 neque
1684 3499 1822 3555 pra-

211 3568 380 3638 cipua
409 3574 696 3640 gestorum
718 3569 835 3638 ejus
864 3575 1028 3640 atque
1076 3571 1367 3626 verborum
1397 3585 1431 3626 a
1461 3572 1620 3628 nobis
1659 3573 1820 3629 modo

209 3657 561 3712 recensenda
586 3657 983 3728 promittimus;
1019 3658 1116 3715 sed
1144 3673 1210 3714 ea
1237 3659 1372 3727 sola,
1408 3675 1511 3716 nec
1541 3668 1722 3716 tamen
1753 3677 1819 3718 ea

207 3745 416 3813 omnia,
456 3761 580 3815 qua
598 3745 758 3801 nobis
804 3754 930 3802 sunt
961 3763 1026 3802 ex
1067 3748 1313 3818 ejusdem
1372 3749 1582 3805 actibus
1614 3758 1665 3805 et
1694 3765 1816 3806 me-

206 3833 520 3890 moralibus
548 3833 706 3890 dictis
734 3835 936 3891 certius
963 3845 1244 3908 comperta
1274 3845 1324 3894 et
1353 3840 1668 3898 memoriter
1725 3857 1814 3895 re-

209 3929 381 3979 tenta.
415 3923 482 3979 In
501 3923 700 3994 quibus
728 3939 838 3980 non
893 3924 1312 3982 admirationem
1361 3928 1689 3999 superﬂuam
1726 3929 1812 3986 le-

209 4012 462 4083 gentium
491 4011 605 4067 sive
638 4013 970 4068 audientium
1008 4024 1312 4088 captamus,
1359 4018 1459 4074 sed
1495 4018 1676 4089 potius
1724 4035 1807 4088 ea,

209 4116 335 4171 qua
366 4110 558 4158 sancta
588 4110 640 4157 et
669 4103 904 4158 salubria
945 4112 1090 4172 sunt,
1147 4117 1310 4163 nosse
1349 4114 1401 4162 et
1459 4105 1659 4164 imitari
1711 4125 1810 4165 cu-

206 4189 479 4261 pientium
509 4190 945 4248 aedificationem.
975 4193 1116 4248 Nam
1147 4202 1198 4250 et
1227 4195 1280 4249 in
1310 4196 1416 4253 hoc
1445 4197 1611 4253 etiam
1639 4198 1810 4254 tradi-

207 4286 318 4333 tam
349 4295 384 4335 a
413 4280 621 4336 sanctis
650 4281 763 4350 (’16)
796 4281 1002 4337 ordinis
1046 4283 1445 4342 Carthusiensis
1500 4287 1811 4344 auctoribus

204 4368 534 4438 gravitatem
564 4370 770 4440 pariter
797 4372 1221 4428 ethumilitatem
1243 4373 1404 4430 altius
1434 4384 1486 4431 et
1515 4375 1810 4448 perfectius

203 4456 522 4528 imbiberat,
557 4466 613 4513 ut
639 4459 773 4516 nihil
801 4460 980 4516 minus
1011 4477 1175 4534 quam
1205 4463 1594 4522 miraculorum
1624 4467 1808 4538 prodi-

204 4545 297 4617 gia
326 4547 521 4603 mirari
545 4555 636 4604 aut
663 4549 908 4606 aemulari
939 4551 1236 4620 videretur,
1267 4569 1392 4610 cum
1447 4555 1568 4612 hac
1625 4562 1806 4613 tamen

201 4634 272 4691 de
303 4637 441 4693 viris
468 4637 674 4695 sanctis
702 4639 841 4697 lecta
870 4648 961 4698 aut
993 4641 1214 4716 cOgnita
1270 4644 1510 4702 suaviter
1556 4645 1804 4720 referret,
1827 4641 1880 4701 D

276 4815 385 4891 (7f)
413 4819 782 4891 Wintoniensis,
807 4826 877 4891 et
910 4827 1076 4886 postea
1123 4827 1251 4886 prior
1292 4827 1682 4891 Withamiensis,
1711 4829 1803 4880 nisi

205 4883 270 4934 sit
295 4886 421 4938 alius
457 4885 523 4937 ab
548 4901 604 4939 co
627 4883 843 4952 cujus'ﬂt
869 4883 1052 4943 mentio
1074 4883 1160 4943 lib.
1188 4908 1238 4954 v,
1262 4907 1308 4944 c.
1335 4895 1416 4944 ⁸24.

275 4969 388 5045 (Ἰξί)
417 4973 491 5045 ,λὰ
516 4972 659 5045 hujus
685 4980 733 5025 et
756 4977 873 5026 dicti
909 4979 1107 5028 Roberti
1149 4993 1320 5042 preces
1342 4981 1577 5045 scriptam
1605 4995 1708 5033 esse
1735 4983 1804 5033 vi-

205 5038 305 5088 tam
330 5038 384 5089 S.
422 5040 638 5105 Hugouis
663 5045 839 5096 asserit
865 5038 1193 5112 abbreviator,
1221 5049 1300 5112 qui
1328 5048 1376 5100 id
1399 5038 1649 5114 accepisse
1677 5051 1804 5102 vide-

1922 3479 2056 3535 toris
2085 3480 2189 3548 sui,
2223 3497 2344 3552 qua
2374 3496 2652 3553 nunquam
2684 3482 2734 3537 ei
2753 3483 2960 3550 deerat,
2995 3484 3372 3554 pracordialis
3426 3501 3517 3542 re-

1921 3568 2185 3636 cordatio,
2219 3577 2270 3624 et
2317 3570 2649 3640 magnalium
2694 3587 2912 3643 quoque
2966 3571 3114 3626 illius
3171 3573 3437 3644 stupenda
3465 3582 3519 3629 et

1918 3657 2313 3728 inexplicabilis
2343 3659 2646 3715 multitudo.
2679 3659 2921 3715 Plurima
2949 3675 3082 3717 vero
3118 3661 3187 3717 ad
3226 3677 3377 3718 suam
3424 3662 3514 3734 ip-

1917 3746 2031 3800 sius
2059 3747 2383 3820 quandoque
2428 3747 2838 3815 relevationem,
2885 3765 2988 3805 nec
3034 3765 3144 3806 non
3190 3757 3244 3806 et
3289 3750 3516 3806 aliorum

1917 3834 2116 3906 saepius
2145 3835 2549 3908 epitulationem
2580 3854 2680 3909 per
2720 3853 2864 3905 eum,
2898 3837 3028 3894 dum
3084 3838 3383 3910 adviveret,
3413 3855 3512 3896 seu

1916 3923 2175 3980 scientem
2207 3942 2304 3980 seu
2332 3925 2685 3994 nescientem,
2718 3927 3010 3983 Dominum
3039 3928 3354 3985 exhibuisse
3399 3928 3508 3985 mi-

1913 4013 2118 4080 racula,
2143 4014 2366 4083 nemini,
2399 4015 2489 4087 qui
2519 4015 2841 4072 familiarius
2871 4016 2948 4072 illi
2969 4017 3214 4085 adhasit,
3239 4018 3509 4076 incertum

1912 4100 2028 4157 fuit.
2062 4103 2170 4158 Sed
2199 4120 2300 4159 nec
2319 4104 2443 4171 ista,
2477 4121 2598 4176 qua
2630 4113 2900 4179 utcunque
2956 4105 3207 4164 fidelibus
3253 4123 3497 4164 commu-

1911 4190 2144 4246 nicando
2191 4192 2514 4261 scribemus,
2565 4195 2647 4249 rei
2701 4194 2861 4264 hujus
2919 4195 3206 4264 certitudo,
3266 4212 3506 4268 superna

1911 4279 2206 4350 opitulante
2235 4281 2428 4353 gratia,
2459 4281 2839 4353 denegabitur.
2870 4283 2999 4340 Hac
3028 4301 3157 4340 vero
3195 4284 3265 4340 de
3322 4301 3506 4356 proa-

1909 4368 2020 4423 mio
2047 4369 2207 4438 hujus
2236 4369 2405 4425 libelli
2437 4370 2579 4425 tertii
2606 4370 2662 4425 in
2697 4370 2865 4426 Vitam
2886 4371 3029 4427 beati
3056 4373 3160 4428 viri
3180 4373 3504 4444 pralibasse

1911 4456 2138 4513 sufﬁciat
2170 4478 2182 4525 ;
2217 4466 2269 4514 et
2289 4459 2405 4528 jam
2435 4459 2676 4516 historia
2707 4459 2926 4530 seriem,
2961 4461 3196 4518 incultus
3223 4461 3350 4518 licet
3387 4470 3502 4536 sty-

1909 4546 2031 4615 bus,
2064 4547 2294 4604 evolvat.

1904 4833 1984 4883 tur
2005 4845 2064 4882 ex
2087 4833 2244 4896 primo
2267 4833 2478 4883 auctoris
2503 4833 2720 4897 prologo,
2747 4831 2828 4895 qui
2853 4832 2995 4884 deest
3018 4833 3067 4884 in
3093 4846 3214 4885 mss.

1973 4916 2081 4982 (76)
2110 4919 2212 4968 Non
2233 4921 2334 4968 tam
2361 4918 2593 4969 miracula
2619 4919 2668 4968 in
2687 4917 2837 4968 oculis
2861 4919 3112 4970 hominum
3130 4956 3144 4978 ,
3171 4930 3316 4983 quam
3350 4919 3502 4972 vitam

1904 4989 2124 5034 sanctam
2152 4986 2199 5035 in
2222 4989 2485 5047 conspectu
2510 4985 2624 5050 Dei,
2667 4997 2858 5049 semper
2880 4986 3171 5052 expetivisse
3214 4987 3506 5041 Carthasia-

1906 5064 1994 5104 nos
2018 5065 2078 5103 ex
2104 5053 2197 5104 hoc
2223 5053 2326 5104 loco
2350 5056 2510 5117 patet.

1572 5252 1826 5325 Explicit
1854 5256 2136 5328 prologus.
