3938 6410
415 343 519 395 983

1296 337 1351 391 S.
1393 333 1707 393 HUGONIS
1744 334 1969 392 EPISC.
2015 330 2341 393 LINCOLN.
2386 333 2558 393 0RD.
2605 331 2835 389 CARTH

3618 336 3720 389 984

1539 789 1905 891 LIBER
1979 785 2573 891 TERTIUS.

942 1212 1168 1268 CAPUT
1197 1210 1488 1267 PRIMUM.

593 1390 849 1459 Qualiter
878 1391 1029 1461 [Iugo
1058 1392 1122 1445 in
1153 1392 1469 1462 episcopum
1506 1394 1588 1445 est
1612 1392 1841 1446 electus.

491 1560 750 1615 Promoto
778 1559 893 1627 (77)
926 1557 981 1612 in
1001 1557 1524 1628 archiepiscopalem
1558 1556 2017 1628 Rothomagensis

421 1645 686 1703 Ecclesiae
717 1646 906 1702 sedem
937 1646 1055 1700 viro
1109 1646 1411 1701 venerabili
1442 1645 1750 1712 Walthero,
1797 1646 2016 1701 Lincol-

419 1736 596 1792 niensi
625 1735 904 1806 episc0po,
939 1750 1031 1790 rex
1061 1735 1363 1807 Anglorum
1420 1733 1684 1790 Henricus
1744 1736 2016 1791 secundus

422 1824 569 1895 apud
598 1823 931 1895 Eyneshaim
957 1832 1081 1878 octo
1110 1823 1279 1878 ferme
1326 1823 1651 1879 continuatis
1681 1824 1874 1878 diebus
1907 1826 2017 1895 (78)

423 1919 714 1969 tractatum
774 1911 958 1966 habuit
1006 1927 1170 1982 super
1213 1911 1375 1967 variis
1406 1913 1560 1984 regni
1605 1912 1840 1984 negotiis
1897 1928 2020 1967 cum

423 2001 696 2073 episcopis
727 2008 779 2057 et
805 2000 1152 2073 magnatibus
1180 2008 1360 2057 terrea.
1404 2001 1464 2056 In
1500 2001 1695 2056 eodem
1751 2000 2021 2072 siquidem

422 2090 776 2156 monasterio,
807 2096 1050 2160 tempore
1079 2088 1194 2151 illo,
1220 2089 1325 2159 piae
1353 2089 1630 2145 memoriae
1660 2088 2021 2144 Waldevinus

424 2180 539 2251 (79)
589 2177 994 2235 Cantuariensis
1049 2177 1513 2249 archiepiscopus,
1560 2187 1612 2232 et
1640 2176 2019 2248 suﬂ‘raganeo-

425 2284 550 2324 rum
578 2267 696 2336 ejus
726 2267 948 2339 quidam
993 2266 1194 2338 hospiti
1254 2266 1429 2338 gratia
1487 2281 1610 2321 sese
1657 2265 2019 2321 contulerant.

426 2359 541 2414 Rex
571 2355 735 2412 etiam
764 2354 996 2429 singulis
1050 2355 1245 2410 diebus
1272 2354 1399 2411 illuc
1457 2370 1613 2409 mane
1666 2353 2017 2423 adventabat,

426 2446 664 2518 indeque
692 2445 763 2500 ad
783 2443 1047 2518 palatium
1073 2459 1251 2510 suum,
1286 2442 1429 2516 quod
1459 2442 1605 2513 apud
1660 2440 2021 2498 Woldestoch

2034 1212 2089 1272 Α
2119 1211 2374 1265 ambitum
2434 1210 2504 1265 ob
2552 1209 2773 1266 honoris
2822 1218 2875 1266 et
2929 1209 3213 1281 potestatis
3268 1211 3433 1267 decus
3483 1210 3712 1264 minime

2118 1299 2427 1355 renuissent
2456 1299 2784 1370 episcopari,
2834 1300 2880 1354 si
2928 1298 3189 1355 adfuisset
3217 1299 3310 1371 qui
3340 1314 3433 1354 eos
3488 1297 3713 1370 coegis-

2120 1395 2217 1442 set.
2255 1389 2455 1443 Verum
2488 1388 2720 1443 Domino
2748 1403 2845 1444 cor
2874 1387 3022 1460 regis
3070 1387 3126 1442 in
3152 1402 3318 1443 manu
3373 1386 3623 1455 habente,
3657 1392 3715 1440 et

2119 1491 2226 1546 quo
2256 1475 2420 1531 vellet
2448 1475 2578 1530 illud
2600 1476 2910 1544 inclinante,
2942 1476 3305 1532 abnuentibus
3363 1475 3467 1531 sibi
3501 1482 3713 1530 metro-

2117 1564 2358 1635 politano
2389 1563 2619 1636 aliisque
2649 1563 2925 1620 nonnullis
2962 1564 3214 1637 personis
3259 1563 3554 1637 religiosis,
3584 1577 3713 1617 ma-

2119 1653 2261 1707 xime
2292 1668 2444 1719 vero,
2478 1652 2547 1707 de
2569 1669 2677 1724 quo
2708 1653 2960 1724 superius
2997 1652 3199 1709 mentio
3228 1652 3413 1708 habita
3468 1659 3569 1718 est,
3600 1652 3714 1706 Ba-

2118 1741 2366 1796 honiensi
2399 1742 2657 1812 episcopo
2686 1741 2988 1814 Reginaldo
3019 1742 3252 1797 instante
3273 1785 3285 1808 ,
3318 1742 3390 1796 ad
3416 1748 3492 1796 tot
3521 1739 3717 1796 Domi-

2118 1830 2365 1886 nicarum
2386 1829 2568 1885 ovium
2599 1830 2902 1885 custodiam
2933 1846 3028 1885 rex
3057 1830 3175 1900 ipse
3213 1830 3484 1885 utiliorem
3531 1829 3719 1901 provi-

2118 1918 2236 1973 deri
2267 1918 2551 1990 satagebat
2582 1926 2881 1989 pastorem.
2915 1918 3008 1973 Illa
3037 1933 3274 1990 namque
3303 1917 3579 1984 dioecesis,
3634 1917 3721 1973 bis

2121 2004 2234 2072 (82)
2257 2010 2553 2074 quaternos
2582 2002 2867 2058 continens
2910 2001 3406 2069 archidiaconatus,
3449 2018 3553 2073 per
3609 2016 3718 2058 uo-

2119 2106 2241 2146 vem
2274 2099 2325 2146 et
2356 2106 2422 2146 eo
2450 2090 2680 2162 amplius
2710 2090 3037 2146 distenditur
3054 2090 3551 2147 comitatus.Urbes
3578 2106 3720 2162 prte-

2120 2179 2381 2252 grandes,
2413 2179 2605 2250 plebes
2636 2193 2768 2235 vero
2796 2179 3115 2235 innumeras
3144 2178 3525 2250 complectitur
3559 2197 3575 2246 ;
3614 2195 3721 2235 nec

2121 2267 2276 2325 facile
2306 2267 2580 2324 invenitur
2606 2267 2746 2323 alter
2776 2268 2848 2322 ab
2895 2283 2961 2324 eo
3004 2268 3211 2324 vastior
3256 2274 3345 2323 aut
3398 2267 3720 2339 populosiOr

2119 2357 2486 2429 episcopatus.
2519 2358 2822 2414 Vacaverat
2848 2372 2976 2413 vero
3013 2356 3178 2429 paulo
3206 2363 3333 2412 ante
3391 2356 3551 2413 sedes
3604 2363 3715 2412 tam

2121 2445 2346 2519 egregia
2375 2445 2533 2501 annis
2555 2446 2775 2502 circiter
2802 2446 2993 2501 decem
3024 2446 3137 2516 (83)
3194 2452 3247 2501 et
3295 2452 3438 2513 octo,
3499 2445 3717 2503 duobus

427 2536 540 2607 (80)
570 2534 819 2602 habetur,
860 2540 988 2607 post
1023 2533 1298 2629 actitatum
1357 2547 1480 2587 cum
1847 2530 2095 2629 colloTB
2121 2535 2239 2607 (84)
2263 2533 2513 2591 videlicet
2543 2541 2593 2590 et
2643 2534 2780 2590 semi
2833 2542 2957 2606 post
3013 2533 3428 2591 translationem
3502 2535 3715 2609 praefati

427 2623 615 2696 quium
644 2623 823 2680 denuo
879 2622 1112 2699 redibat.
1154 2619 1450 2677 Celebrate
1505 2626 1630 2674 sunt
1672 2619 1877 2675 ibidem
1905 2620 2019 2691 (81)

426 2720 558 2770 tunc
583 2711 845 2785 temporis
872 2711 1254 2785 episcoporum
1280 2716 1335 2765 et
1360 2706 1615 2765 abbatum
1660 2709 2021 2780 quorumdam

427 2801 741 2859 electiones.
763 2801 882 2858 Huc
909 2809 963 2857 et
1016 2796 1424 2856 Lincolnienses
1472 2797 1719 2855 canonici
1773 2799 2019 2855 advene-

426 2898 550 2949 rant
577 2890 818 2962 electuri,
852 2905 949 2947 seu
972 2887 1151 2961 potius
1183 2886 1488 2959 suscepturi
1536 2887 1854 2960 episcopum
1901 2903 2019 2944 coe-

425 2976 555 3033 litus
594 2974 847 3032 electum.

496 3065 733 3123 Fuerunt
763 3080 830 3121 eo
872 3071 1114 3135 tempore
1170 3060 1666 3133 praeminentiores
1709 3060 1881 3133 ipsius
1909 3062 2021 3117 Ec-

428 3154 611 3214 clesiae
639 3168 893 3227 persona
919 3166 1027 3208 non
1056 3165 1261 3223 paucae,
1310 3149 1551 3207 consiliis
1579 3158 1669 3205 aut
1722 3150 2018 3223 obsequiis,

427 3244 590 3301 etiam
615 3242 889 3317 palatinis,
926 3240 1162 3297 astricta:
1189 3238 1277 3296 vel
1322 3239 1572 3296 addictaa.
1603 3239 1772 3294 Erant
1808 3238 1863 3294 in
1913 3254 2021 3295 sae-

427 3340 705 3400 cularibus
730 3336 944 3406 famosi,
993 3336 1299 3393 litterarum
1354 3336 1559 3393 scilicet
1614 3344 1667 3392 et
1712 3336 2023 3394 divitiarum

427 3430 828 3489 mundanorum
856 3427 1013 3501 copia
1045 3426 1450 3499 praeponentes.
1510 3424 1762 3498 Plerique
1816 3442 1881 3481 ex
1936 3425 2022 3481 his

426 3520 653 3591 nullum,
685 3517 982 3593 quemlibet
1007 3516 1269 3589 amplum,
1322 3516 1696 3587 episcopatum
1741 3514 2021 3587 magnitu—

426 3611 555 3668 dine
585 3625 689 3668 sua
732 3607 1053 3681 reputabant
1105 3606 1411 3676 majorem:
1435 3604 1690 3660 nimirum
1738 3619 1862 3660 cum
1918 3603 2023 3675 ipsi

425 3698 777 3773 amplioribus
798 3694 1206 3755 cumularentur
1243 3693 1563 3763 redditibus,
1616 3708 1782 3767 quam
1830 3692 2024 3770 ingens

2122 2622 2385 2695 episcopi,
2417 2622 2728 2695 quindecim
2759 2623 2872 2694 (85)
2904 2638 3033 2679 vero
3062 2629 3188 2679 ante
3240 2622 3385 2678 illius
3424 2638 3717 2681 consecra-

2122 2712 2344 2768 tionem.
2367 2712 2468 2768 Tot
2497 2727 2765 2768 annorum
2795 2711 3083 2768 curriculis
3112 2726 3249 2784 ager
3277 2711 3370 2767 ille
3408 2711 3716 2771 dominicus

2121 2801 2389 2858 industria
2416 2800 2723 2871 destitutus,
2755 2799 2903 2857 haud
2928 2801 3129 2857 mirum
3159 2801 3205 2856 si
3239 2800 3494 2858 vitiorum
3540 2803 3717 2859 senti-

2120 2891 2222 2947 bus
2243 2890 2532 2962 multisque
2552 2890 2872 2946 abusionum
2893 2888 3233 2962 germinibus
3249 2889 3533 2962 squalebat
3559 2906 3721 2964 oper-

2122 2987 2229 3036 tus.
2261 2979 2569 3034 Discrimen
2597 2978 2731 3034 tanti
2758 2977 2886 3033 mali
2916 2978 3019 3034 sibi
3049 2994 3147 3035 rex
3167 2978 3409 3035 sentiens
3463 2979 3721 3052 imputari

2122 3068 2310 3140 (quem
2338 3067 2588 3124 videlicet
2608 3067 2905 3123 vocationis
2932 3072 3045 3123 tam
3073 3067 3390 3124 inconsultae
3438 3076 3720 3126 auctorem

2123 3156 2395 3213 exstitisse
2442 3156 2681 3227 patebat)
2729 3156 3058 3212 omnimodis
3114 3156 3302 3213 nititur
3342 3172 3441 3229 per
3494 3156 3722 3215 cultoris

2123 3244 2439 3301 electissimi
2468 3244 2841 3300 strenuitatem
2880 3245 3098 3301 omissae
3125 3245 3327 3301 diutius
3355 3246 3580 3304 cultura:
3598 3246 3719 3303 dis-

2121 3334 2322 3407 pendia
2352 3348 2725 3405 compensare.

2195 3422 2419 3479 Clericis
2451 3423 2631 3495 itaque
2658 3421 2766 3477 illis
2796 3422 2849 3477 in
2878 3422 3117 3493 disparia
3164 3432 3289 3481 vota
3346 3424 3551 3481 frustra
3598 3433 3716 3481 stu-

2124 3512 2397 3579 dentibus,
2429 3510 2627 3568 nullius
2659 3526 2816 3579 vero,
2850 3512 2955 3568 nisi
2984 3513 3262 3585 propriam
3300 3514 3532 3586 quisque
3561 3529 3720 3571 suam

2114 3601 2287 3675 ipsius
2335 3600 2736 3673 promotionem
2765 3617 2831 3658 ex
2861 3600 3062 3667 animo,
3103 3610 3160 3657 ut
3189 3603 3487 3659 dicebatur.
3539 3619 3719 3675 expe—

2116 3690 2369 3759 tentibus,
2401 3689 2652 3746 insistunt
2682 3689 2918 3761 plurimi,
2952 3690 3299 3748 consulentes
3336 3693 3416 3749 eis
3443 3692 3715 3759 obnixius,

426 3788 652 3865 quilibet
679 3786 1048 3860 episcopatus.
1080 3784 1288 3843 Eorum
1341 3792 1527 3840 tamen
1577 3782 1766 3855 aliqui,
1811 3781 1927 3838 sive
1956 3780 2027 3838 ad
2058 3858 2091 3865 _
2115 3787 2173 3836 ut
2200 3780 2379 3836 virum
2408 3777 2851 3850 incomparande
2879 3777 3158 3851 bonitatis,
3202 3780 3454 3839 videlicet
3484 3781 3724 3855 priorem

424 3858 631 3939 bonum
652 3858 805 3948 juxta
832 3858 1152 3950 Apostolum
1181 3890 1340 3948 opus,
1373 3873 1490 3931 sive
1512 3873 1661 3943 juxta
1699 3869 2017 3930 seacularem
2045 3858 2094 3923 Ο
2118 3868 2450 3938 Withamiae,
2483 3866 2737 3924 studeant
2783 3867 2839 3923 in
2883 3875 3164 3941 pastorem
3220 3870 3488 3929 obtinere.
3549 3871 3716 3930 Com-

491 4056 602 4124 (77)
628 4057 767 4124 Anno
792 4054 941 4121 1183,
980 4054 1101 4124 obiit
1121 4055 1363 4124 Rotrodus
1384 4054 1799 4124 archiepiscopus
1825 4053 2029 4124 (notho-

424 4120 693 4191 ma'gensls)
719 4124 796 4175 cui
820 4120 1055 4175 successit
1079 4123 1328 4191 Walterus
1369 4122 1430 4175 de
1455 4122 1771 4174 Constantiis.
1831 4121 2026 4191 pineol-

420 4188 605 4246 niensis
630 4188 904 4254 episcopus.
929 4191 1003 4243 lta
1025 4190 1303 4241 Chronicon
1345 4191 1739 4253 Rothomagense
1770 4201 1799 4238 a
1831 4188 2027 4239 Labbeo

421 4266 545 4311 tom.
574 4260 597 4309 1
627 4257 755 4310 Bibl.
782 4270 940 4311 novae.
960 4269 1011 4311 υ.
1037 4257 1137 4307 369
1160 4257 1365 4308 editum.
1411 4257 1546 4308 Idem
1580 4255 1839 4307 conﬁrmat
1861 4256 2024 4306 Chro-

421 4269 545 4311 tom.
574 4269 597 4309 1
629 4269 755 4310 unm.
782 4270 940 4320 novae,
960 4269 1011 4322 p.
1037 4269 1137 4307 sua
1160 4269 1365 4308 emtum.
1412 4269 1546 4308 mem
1580 4269 1839 4307 count-mat
1861 4269 2023 4306 enro-

420 4327 570 4379 nicon
594 4324 801 4377 caenobii
836 4324 1012 4377 Μογῑυὶ
1039 4323 1190 4376 maris
1231 4336 1283 4388 p.
1312 4323 1463 4388 1440,
1503 4323 1631 4386 apud
1653 4324 1869 4374 Martene
1894 4325 1933 4372 t.
1959 4323 2023 4372 lll

421 4393 664 4447 Anecdot.
689 4392 896 4445 Additur
921 4391 971 4443 in
996 4390 1238 4443 Chronico
1262 4389 1641 4454 Rothomagensi
1669 4403 1683 4440 :
1717 4403 1745 4437 α
1768 4389 1869 4438 Hoc
1896 4400 2023 4439 anno

423 4461 555 4513 1185
596 4462 824 4523 receptus
868 4458 1115 4510 Walterus
1156 4456 1218 4508 de
1268 4457 1594 4519 Constantiis,
1640 4457 1689 4506 in
1726 4455 2019 4519 archicpisc.

417 4522 863 4591 Rothomageusem
886 4526 938 4577 in
980 4526 1105 4576 festo
1141 4525 1200 4591 Β,
1237 4525 1473 4575 Matthiae.
1506 4543 1528 4565 ι
1556 4524 1619 4573 Et
1642 4522 1756 4591 huic
1780 4522 2023 4573 consentit

416 4590 744 4648 Trivettusin
780 4591 1023 4645 Chronico
1047 4590 1203 4656 quoad
1232 4604 1431 4652 annum,
1458 4591 1637 4641 omissa
1661 4590 1760 4640 die.

488 4677 599 4746 (78)
623 4680 726 4731 Duo
764 4677 979 4740 ejusdem
1006 4677 1108 4728 fere
1150 4676 1371 4746 nominis
1407 4674 1703 4746 monasteria
1741 4672 2025 4746 referuntur

419 4750 472 4800 in
496 4741 765 4799 monastico
791 4745 1060 4810 Anglicano
1080 4748 1116 4794 t.
1148 4746 1168 4796 l
1191 4757 1205 4806 ;
1231 4744 1595 4810 Eveshamense
1617 4741 1667 4810 in
1693 4754 1810 4810 agro
1828 4741 2020 4810 Wigor-

417 4814 577 4868 uiensi
614 4825 732 4879 pag.
782 4808 916 4879 144';
944 4813 1341 4879 Eyneshamense
1375 4808 1425 4858 in
1459 4808 1864 4879 agro‘onniensi
1904 4820 2017 4869 pag.

417 4874 633 4935 289.111
654 4874 830 4934 horum
871 4878 1046 4930 ultimo
1087 4878 1280 4931 videtur
1326 4879 1524 4927 coactus
1571 4874 1720 4925 fuisse
1766 4876 1861 4924 iste
1898 4886 2018 4924 con-

422 4953 617 5003 ventus.

484 5032 587 5099 (79)
612 5030 877 5099 Balduinus
903 5030 1297 5099 archiepiscopus
1344 5027 1436 5099 fuit
1458 5026 1520 5099 ab
1544 5038 1679 5099 anno
1714 5026 2017 5099 1181usque

412 5102 471 5154 ad
492 5094 676 5153 annum
707 5098 832 5150 1191
862 5110 958 5161 quo
980 5097 1101 5148 obiit
1125 5096 1178 5145 in
1200 5094 1480 5157 Palestina,
1497 5097 1621 5145 teste
1649 5094 1797 5156 Pagio
1825 5096 1874 5144 in
1897 5094 2011 5161 crit.

416 5151 818 5227 advaaronium,
956 5164 1048 5214 701
1110 5161 1299 5215 Oblisse
1348 5151 1519 5212 tamen
1561 5173 1687 5211 anno
1723 5151 1867 5211 ’1191)
1913 5160 2017 5211 vult
2045 5151 2099 5211 D

410 5236 724 5286 Warthonus
745 5232 794 5282 in
820 5230 993 5294 Anglia
1014 5242 1177 5281 sacra.
1198 5231 1337 5292 part.
1364 5242 1401 5292 ι,
1430 5240 1539 5292 pag.
1574 5229 1687 5277 115.

481 5316 595 5385 (80)
622 5318 777 5385 Forte
786 5316 919 5385 idem
944 5327 1056 5365 cum
1091 5314 1430 5385 Wodestkam,
1469 5312 1530 5385 de
1567 5325 1671 5385 quo
1707 5312 1843 5385 intra
1869 5325 1916 5361 c.
1941 5312 1974 5361 8
2003 5330 2015 5385 ξ

412 5379 510 5437 uno
528 5379 715 5436 etcum
760 5383 1031 5446 Widestoc,
1080 5381 1162 5432 ubi
1202 5383 1330 5432 teste
1377 5381 1589 5431 Henrico
1632 5379 2019 5430 Huntindonensi

408 5452 539 5515 apud
584 5449 847 5502 Achorium
872 5453 991 5500 tom.
1056 5449 1119 5498 Ill
1172 5448 1321 5512 Spicil
1352 5488 1366 5511 ,
1392 5461 1441 5511 p.
1471 5449 1591 5510 503,
1638 5447 1881 5515 Bobertus
1936 5459 2016 5508 cp.

410 5514 635 5571 Lincoln.
679 5529 789 5568 cum
817 5529 932 5581 rege
958 5516 1160 5578 loquens
1186 5516 1440 5579 apoplexia
1474 5517 1635 5565 tactus
1659 5514 1855 5577 legitur.

482 5600 587 5667 (81)
613 5603 754 5652 Auno
779 5601 909 5652 1185
929 5602 1218 5652 convocatus
1262 5601 1409 5651 fuisse
1458 5612 1546 5667 per
1588 5610 1767 5667 regem
1788 5597 2017 5667 prazlatos

415 5673 467 5721 et
488 5664 717 5733 proceres
762 5668 918 5719 refert
960 5669 1206 5719 Trivettus
1256 5668 1306 5717 in
1354 5666 1601 5717 Chronico
1635 5666 1727 5733 sed
1757 5664 1914 5733 locum
1954 5664 2014 5733 ad

415 5730 561 5799 quem
586 5735 766 5801 vocati,
792 5748 889 5789 non
921 5740 1077 5789 notat.
1104 5734 1376 5788 Laudinum
1414 5735 1612 5785 vocatos
1632 5744 1693 5783 ex
1714 5731 1921 5793 Rogerio
1946 5730 2016 5780 ait

2126 4054 2378 4115 Baronius,
2407 4055 2457 4105 et
2478 4065 2694 4104 causam.
2722 4054 2920 4117 propter
2944 4064 3092 4115 quam
3130 4053 3309 4115 vocati,
3347 4063 3443 4104 una
3466 4063 3576 4104 cum
3616 4054 3722 4104 Tri-

2125 4124 2257 4172 vetto
2292 4122 2509 4184 assignat
2531 4120 2800 4172 subsidium
2827 4123 2971 4170 terra:
2997 4123 3201 4171 sanctae.
3234 4120 3404 4170 Utrum
3428 4120 3520 4169 hoc
3543 4124 3626 4172 aut
3644 4133 3723 4170 se-

2125 4190 2293 4250 quenti
2317 4200 2442 4238 anno
2467 4188 2616 4238 etiam
2641 4187 2926 4251 congregati
2953 4187 3137 4237 fuerint
3172 4187 3220 4236 tn
3246 4186 3541 4248 Eyneshaim
3576 4199 3724 4239 nemo

2124 4255 2297 4306 asserit
2319 4267 2412 4305 nec
2438 4258 2601 4315 negat.

2192 4338 2302 4403 (82)
2330 4341 2427 4389 Hos
2451 4341 2704 4390 enumerat
2747 4351 2854 4390 cum
2897 4337 3252 4390 archidiaconis
3296 4338 3420 4402 apud
3456 4339 3717 4392 Acheriatu

2122 4405 2253 4458 dicto
2275 4411 2407 4458 tomo
2432 4420 2487 4471 p.
2519 4407 2618 4458 504
2640 4408 2792 4457 Henr.
2821 4406 3255 4470 Huntindonensis,
3280 4418 3405 4457 unus
3427 4418 3487 4456 ex
3509 4407 3646 4469 ipsis.

2191 4490 2299 4553 (83)
2325 4490 2670 4553 Computandis
2692 4490 2753 4540 ab
2794 4503 2923 4541 anno
2950 4491 3076 4542 1167
3126 4501 3238 4552 quo,
3284 4490 3433 4540 Teste
3471 4490 3717 4553 Trivetto,

2122 4558 2361 4609 Robertus
2395 4558 2615 4608 Lincoln.
2649 4558 2903 4621 episcopus
2925 4557 3062 4620 obiit,
3094 4569 3263 4607 mense
3287 4559 3337 4607 et
3360 4556 3437 4606 die
3464 4569 3559 4607 non
3587 4556 3722 4607 addi-

2122 4625 2203 4685 tis,
2231 4637 2321 4675 nec
2348 4625 2597 4686 hucusque
2622 4625 2852 4675 inventis.
2877 4624 2928 4675 Si
2970 4624 3069 4683 ita,
3112 4634 3211 4673 non
3250 4622 3441 4673 circiter
3479 4623 3645 4674 decem
3674 4627 3725 4674 et

2121 4696 2233 4741 octo
2257 4693 2392 4753 anni,
2418 4691 2503 4740 sed
2527 4692 2696 4741 decem
2722 4694 2772 4741 et
2797 4701 2972 4741 novem
3013 4690 3331 4750 etlluxissent,
3361 4690 3401 4739 si
3436 4691 3572 4749 Hugo
3596 4702 3724 4741 anno

2122 4758 2270 4819 1186,
2298 4758 2377 4808 die
2398 4760 2451 4809 S.
2478 4758 2660 4808 Matth.
2690 4758 2740 4808 in
2767 4758 3045 4822 episcopum
3070 4760 3381 4808 consecratus
3406 4756 3596 4808 fuisset.

2187 4842 2291 4906 (81)
2319 4841 2454 4893 Unde
2479 4842 2560 4893 hic
2585 4843 2886 4893 semitertius
2923 4854 3081 4893 annus
3121 4846 3229 4903 post
3262 4841 3627 4892 translationem
3653 4841 3724 4892 in-

2115 4910 2364 4961 choandus
2389 4910 2471 4971 sit,
2498 4910 2687 4971 indiget
2712 4909 2955 4969 examine,
2986 4909 3196 4959 maxime
3218 4909 3331 4958 dum
3357 4919 3455 4958 non
3479 4908 3562 4959 diu
3584 4908 3728 4957 Wal-

2118 4980 2250 5028 terus
2274 4976 2604 5028 Lincolniensi
2630 4976 2864 5026 Ecclesiae
2889 4975 3104 5037 praefuit,
3133 4987 3286 5025 annus
3312 4976 3498 5024 tantum
3530 4975 3612 5039 (uti
3655 4975 3728 5025 ait

2117 5042 2430 5095 Cambrensis
2453 5043 2579 5106 apud
2603 5043 2927 5093 Warthonum
2970 5054 3022 5105 p.
3068 5054 3104 5090 ιι
3153 5041 3338 5104 Anglia:
3373 5053 3561 5106 sacrae,
3608 5053 3721 5105 pag.

2119 5112 2147 5161 Δ
2161 5110 2239 5175 18)
2276 5110 2512 5161 existens.

2188 5196 2299 5260 (85)
2330 5194 2402 5247 Ab
2427 5194 2561 5245 obitu
2586 5193 2806 5257 Roberti,
2841 5194 2941 5256 qui,
2968 5196 3021 5244 ut
3046 5192 3280 5256 pramisi,
3306 5193 3436 5260 obiit,
3448 5204 3575 5243 anno
3604 5192 3729 5243 1187

2119 5266 2202 5313 aut
2229 5259 2359 5313 1166
2388 5274 2553 5312 mense
2582 5262 2771 5311 incerto
2799 5299 2813 5322 ,
2859 5261 3086 5311 abierunt
3138 5260 3251 5309 anni
3295 5259 3569 5321 quindecim
3605 5271 3733 5310 anno

2125 5329 2277 5379 1182.
2313 5329 2494 5379 Verum
2517 5340 2577 5377 an
2607 5329 2699 5377 hoc
2725 5340 2850 5377 anno
2876 5328 2941 5378 sit
2965 5327 3014 5376 in
3039 5326 3431 5377 Lincolniensem
3471 5339 3728 5377 consecra-

2121 5402 2199 5447 tus
2222 5396 2494 5457 Walterus,
2523 5395 2691 5444 nullibi
2727 5394 2907 5457 reperi.
2953 5393 3210 5444 Probabile
3253 5394 3296 5443 id
3336 5397 3499 5443 tamen
3540 5393 3735 5444 videtur

2123 5476 2183 5512 ex
2209 5475 2287 5524 eo,
2315 5461 2428 5524 quid
2477 5461 2604 5523 apud
2649 5462 2908 5511 Baronium
2957 5473 3016 5510 ex
3060 5460 3267 5523 Rogerio
3307 5459 3559 5510 Galfridus
3604 5472 3733 5509 anno

2123 5530 2247 5579 1181
2302 5529 2583 5578 mandatum
2632 5540 2659 5576 a
2705 5540 2830 5591 papa
2857 5527 3143 5590 acceperit,
3194 5530 3279 5577 aut
3324 5538 3490 5577 sacros
3530 5526 3731 5577 ordines

2117 5595 2417 5657 suscipendi,
2440 5596 2523 5645 aut
2543 5594 2820 5655 resignamli
2840 5596 3206 5656 episcopatum:
3231 5605 3290 5643 ex
3311 5593 3485 5654 quibus
3503 5593 3731 5644 ultimum

2117 5664 2233 5712 fecit
2276 5674 2403 5711 anno
2462 5661 2585 5710 1182
2629 5663 2678 5710 in
2722 5660 2995 5722 Epiphania
3043 5659 3232 5709 Domini
3295 5674 3306 5702 :
3376 5660 3453 5710 cui
3494 5662 3733 5712 successit

2117 5730 2381 5793 Walterus,
2409 5728 2522 5779 anni
2550 5728 2692 5778 unius
2715 5728 2968 5792 episcopus
2994 5726 3041 5778 in
3070 5728 3162 5777 hac
3188 5725 3426 5778 Ecclesia.
