3938 6402
193 387 300 439 985

1570 385 1750 441 VITA.
1794 414 1862 427 —
1899 385 2026 440 LIB.
2071 387 2159 443 III.

3409 385 3513 440 986

196 507 490 563 mendatur
535 523 566 564 a
611 511 792 566 multis
843 513 957 580 ejus
1022 516 1312 582 sanctitas,
1361 516 1478 583 ejus
1525 511 1805 576 discretio,
1839 511 1891 571 Α
1912 511 2120 568 nesciat
2149 529 2270 568 esse
2303 514 2543 568 votivum
2572 519 2630 568 ut
2659 511 2714 566 in
2765 517 3019 582 suscepto
3047 525 3195 567 curae
3224 508 3515 581 pastoralis

199 595 496 653 affabilitas
525 599 659 666 ejus,
695 600 813 668 ejus
845 609 895 655 et
918 602 1120 675 religio
1155 604 1211 658 in
1254 605 1578 660 immensum
1608 599 1812 656 attolli-

203 694 313 741 tur.
341 684 534 742 Omnis
566 688 800 761 denique
827 673 1053 746 morum“
1070 693 1362 764 elegantia,
1413 691 1592 748 omnis
1637 689 1811 745 virtu-

206 781 322 828 tum
382 775 707 846 quadratura
771 778 826 832 in
873 779 990 835 solo
1051 781 1270 836 homine
1338 781 1441 836 isto
1490 778 1811 835 convenisse

205 863 550 933 praedicatur.
585 864 780 920 Nullus
819 881 906 935 eo,
955 885 1167 924 summo
1217 870 1436 942 dignior
1483 867 1806 931 sacerdotio,

205 965 452 1008 consona
479 953 774 1010 multorum
803 970 938 1012 voce
966 957 1310 1014 acclamatur.
1359 959 1440 1012 Ad
1487 958 1604 1012 haec
1632 956 1811 1026 primo

202 1039 351 1095 velut
398 1041 623 1097 horrore
669 1044 904 1115 quodam
961 1045 1212 1116 perfundi
1258 1062 1516 1102 cerneres
1561 1044 1810 1101 homines

205 1127 479 1198 praefatos,
513 1131 764 1187 homines
785 1133 1062 1202 nimirum,
1107 1152 1227 1207 quae
1271 1135 1450 1192 carnis
1495 1141 1638 1199 sunt,
1684 1149 1808 1188 sen-

204 1216 420 1283 tientes,
456 1219 726 1289 homines,
758 1221 1004 1294 inquam,
1047 1224 1210 1278 etiam
1259 1225 1314 1278 in
1343 1238 1508 1279 causa
1536 1222 1655 1289 Dei,
1689 1238 1809 1293 quae

205 1306 486 1361 hominum
533 1309 712 1378 potius
777 1327 938 1382 quam
987 1328 1108 1383 quae
1156 1313 1256 1367 Dei
1302 1322 1426 1368 sunt
1479 1318 1804 1384 quaerentes.

207 1395 454 1467 Denique
501 1397 704 1452 cultum
752 1399 994 1471 regionis
1037 1400 1200 1466 illius,
1252 1402 1386 1456 ritus
1433 1410 1486 1457 et
1530 1399 1807 1472 loquelam

203 1483 394 1552 ipsius,
431 1485 534 1538 sibi
563 1501 791 1556 prorsus
814 1496 902 1542 aut
924 1491 1198 1544 contraria
1219 1498 1311 1544 aut
1331 1491 1518 1562 ignota
1544 1489 1806 1560 praeferre

200 1586 312 1626 non
369 1573 488 1628 sine
535 1574 824 1630 derisionis
887 1577 1152 1633 cachinno
1180 1579 1543 1649 proferebant.
1605 1579 1805 1633 Verum

198 1659 316 1716 hac
372 1660 587 1716 illorum
629 1664 830 1721 derisio
878 1681 911 1720 a
958 1681 1151 1721 sanum
1199 1667 1550 1738 sapientibus,
1602 1681 1804 1739 magno

201 1763 393 1803 eorum
423 1752 732 1820 commodo,
767 1754 1056 1810 salubriter
1085 1755 1268 1811 derisa
1311 1763 1412 1811 est.
1445 1756 1554 1826 Ipsi
1586 1771 1804 1828 quoque

1913 599 2089 657 ofﬁcio
2119 602 2463 670 coadjutores
2493 600 2737 671 accipiat,
2772 607 2824 655 et
2861 599 3261 656 comministros
3291 597 3515 669 regula-

1911 689 1986 744 ris
2034 690 2334 761 disciplinaz
2380 690 2716 762 experientia
2763 687 3104 744 instructos?
3146 688 3348 743 Verum
3396 687 3515 742 hac

1910 779 2136 836 istorum
2166 787 2292 835 vota
2321 780 2408 836 vel
2444 779 2624 835 studia
2651 778 2807 833 vobis
2853 776 3208 848 praejudicare
3258 790 3369 830 non
3410 791 3511 830 va-

1910 868 2041 923 lent.
2077 870 2330 926 Vestrum
2361 875 2445 923 est
2473 875 2746 924 rectorem
2784 865 2956 922 libere
3005 865 3228 937 eligere,
3259 864 3414 933 cujus
3443 864 3513 920 de

1910 964 2103 1013 caetero
2152 957 2528 1013 moderamina
2572 962 2817 1026 Oporteat
2863 953 3176 1010 necessario
3219 967 3546 1027 moresque_

1908 1045 2160 1101 tolerare.
2197 1046 2444 1117 Denique
2473 1061 2584 1101 non
2611 1044 2667 1100 in
2705 1043 2875 1116 regali
2921 1041 3140 1114 palatio,
3193 1041 3292 1097 sed
3335 1057 3512 1112 neque

1908 1134 1962 1190 in
1994 1134 2288 1206 pontiﬁcali
2319 1134 2568 1200 consilio,
2617 1131 2914 1189 dummodo
2960 1130 3268 1188 schismatis
3308 1129 3396 1186 vel
3424 1129 3508 1183 al-

1908 1224 2076 1279 terius
2106 1239 2213 1279 non
2262 1223 2589 1280 interveniat
2643 1237 2786 1277 noxa
2841 1220 3106 1287 criminis,
3153 1219 3283 1291 quin
3329 1217 3510 1289 potius

1905 1313 1961 1366 in
1991 1328 2089 1368 suo
2119 1313 2488 1383 cujuscunque
2518 1311 2766 1368 ecclesiae
2797 1308 3035 1382 capitulo
3081 1307 3314 1364 rectoris
3345 1307 3514 1363 eccle-

1906 1401 2108 1457 siastici
2134 1408 2217 1455 est
2246 1401 2572 1456 celebranda
2605 1399 2816 1456 electio.
2871 1399 3076 1470 Itaque,
3107 1404 3165 1451 ut
3191 1411 3330 1452 meae
3356 1394 3512 1451 vobis

1905 1489 2184 1560 parvitatis
2233 1490 2514 1544 sententiae
2563 1489 2860 1553 intimetur,
2911 1485 3172 1542 noveritis
3213 1500 3302 1541 me
3344 1482 3507 1556 quid-

1905 1580 2036 1651 quid
2064 1579 2132 1634 de
2163 1578 2426 1634 electione
2457 1585 2635 1634 actum
2667 1584 2766 1643 est,
2801 1576 3012 1631 irritum
3039 1575 3245 1630 habere
3273 1580 3327 1629 et
3355 1587 3512 1643 pror-

1904 1682 1999 1723 sus
2027 1667 2202 1722 inana.
2238 1669 2347 1722 Vos
2377 1682 2594 1738 quoque
2623 1681 2722 1738 pro
2767 1663 2968 1720 infecto
3008 1663 3276 1719 habentes
3326 1659 3507 1732 quod-

1904 1771 2117 1828 cunque
2145 1771 2311 1826 super
2328 1756 2432 1811 hoc
2451 1771 2579 1826 pars
2599 1754 2848 1826 quaedam
2874 1759 3049 1808 coetus
3078 1750 3246 1807 vertri
3265 1748 3506 1805 noscitur

202 1836 271 1890 ad
299 1837 647 1906 immensum,
675 1857 783 1895 non
815 1843 978 1898 modo
1009 1860 1139 1908 suae,
1173 1844 1282 1898 imo
1316 1852 1367 1899 et
1412 1845 1576 1899 totius
1605 1843 1800 1899 Eccle-
1831 1867 1883 1928 Β
1905 1852 2220 1910 attentasse,
2253 1845 2320 1898 ad
2349 1844 2629 1914 propriam
2675 1858 2798 1898 cum
2844 1841 2944 1897 Dei
2990 1837 3370 1894 benedictione
3418 1851 3509 1892 eo-

198 1925 294 1980 size
352 1936 558 1982 sanctae
621 1929 826 1995 decus,
879 1947 1040 2003 quem
1089 1931 1366 2002 pueriliter
1423 1934 1799 2003 despexerant,

197 2021 405 2070 mutato
437 2025 660 2087 repente
690 2019 937 2084 consilio,
981 2021 1309 2077 unanimiter
1355 2022 1571 2076 demum
1615 2021 1803 2093 elege-

201 2110 350 2157 runt.
393 2104 488 2172 Ita,
525 2121 684 2176 quem
717 2105 788 2161 ab
835 2116 1040 2164 aeterno
1088 2108 1143 2163 in
1189 2110 1294 2165 hoc
1339 2110 1516 2180 ipsum
1563 2110 1806 2181 elegerat

196 2195 480 2262 Dominus,
535 2204 781 2267 tempore
841 2197 1096 2253 divinitus
1152 2198 1419 2268 praeﬁnito
1466 2198 1686 2271 eligitur
1733 2200 1802 2254 ab

193 2284 524 2340 hominibus.
549 2284 901 2340 Gratulantur
921 2286 1010 2356 qui
1027 2295 1294 2343 noverant
1315 2303 1459 2356 eum,
1486 2295 1539 2342 et
1559 2287 1650 2359 qui
1670 2288 1804 2342 noti-

194 2373 284 2429 tiae
313 2373 428 2442 ejus
458 2381 710 2444 expertes
741 2381 912 2440 erant,
948 2375 1206 2430 mirantur
1231 2394 1245 2440 ;
1276 2375 1330 2431 in
1359 2391 1644 2432 commune
1673 2391 1801 2432 vero

193 2461 262 2516 ab
292 2461 544 2518 omnibus
591 2463 856 2518 Dominus
904 2463 1050 2519 Deus
1094 2480 1230 2520 voce
1279 2465 1540 2520 altissima
1589 2466 1799 2520 collau-

194 2551 364 2606 datur.

797 2677 1021 2734 CAPUT
1065 2678 1132 2732 Il.

201 2803 459 2872 Qualiter
478 2803 630 2871 Hugo
653 2803 986 2858 electionem
1015 2805 1196 2874 primo
1228 2803 1296 2858 de
1311 2819 1370 2858 se
1397 2805 1615 2874 [actam
1638 2818 1797 2874 repu-

266 2879 395 2928 tans
422 2874 652 2946 irritam
671 2878 725 2928 et
746 2876 998 2946 inanem,
1023 2875 1094 2929 ad
1115 2891 1173 2929 se
1192 2875 1545 2930 venientibus
1564 2890 1797 2946 persua-

262 2946 442 3011 situt,
467 2944 539 2999 ad
559 2945 942 2999 cathedralem
979 2946 1274 3000 ecclesiam
1314 2944 1650 3010 remeantes,
1685 2946 1795 3001 ele-

264 3017 509 3071 ctionem
539 3016 744 3070 ibidem
775 3017 1109 3071 canonicam
1131 3017 1504 3072 celebrarent.

261 3120 420 3176 Clero
449 3119 612 3194 igitur
640 3127 875 3192 petente,
910 3137 1040 3193 rege
1087 3121 1442 3194 approbante,
1475 3122 1793 3192 proceribus

187 3225 312 3267 cum
343 3209 615 3281 episcopis
661 3210 1109 3280 acclamantibus,
1142 3226 1175 3266 a
1223 3210 1642 3282 metrOpolitano
1676 3212 1792 3280 ejus
1815 3226 1861 3289 ο

186 3314 314 3355 mox
343 3298 534 3355 electio
567 3298 942 3366 confirmatur,
977 3300 1096 3370 ipso
1126 3299 1340 3354 interim
1393 3300 1448 3354 in
1479 3315 1576 3356 suo
1606 3316 1792 3356 eremo

185 3384 405 3450 latente,
439 3390 492 3438 et
523 3383 652 3454 quid
681 3383 749 3438 de
783 3399 840 3439 se
871 3385 937 3436 ab
963 3383 1070 3438 illis
1101 3385 1213 3454 (86)
1261 3385 1424 3454 longe
1454 3400 1485 3438 a
1517 3401 1574 3440 se
1603 3385 1793 3456 positis

185 3479 442 3544 ageretur
469 3486 698 3542 prorsus
727 3472 1026 3528 nesciente.
1070 3475 1115 3527 Α
1161 3472 1281 3528 loco
1321 3481 1498 3528 autem
1529 3473 1666 3545 ipso,
1701 3473 1792 3529 ubi

187 3561 460 3617 celebrata
492 3568 570 3616 est
603 3559 796 3616 electio
826 3561 966 3632 ipsa,
1013 3561 1201 3616 directi
1256 3570 1378 3617 sunt
1415 3562 1481 3617 ad
1512 3579 1634 3618 eum
1667 3563 1790 3634 qui-

186 3650 308 3704 dam
338 3665 403 3706 ex
434 3649 621 3721 primis
669 3649 1016 3716 electoribus,
1068 3649 1172 3706 illis
1198 3651 1304 3719 jam
1339 3651 1391 3706 in
1437 3667 1534 3722 spe
1577 3651 1791 3707 clericis

185 3745 240 3793 et
270 3736 394 3794 ﬁliis
424 3738 557 3793 suis.
625 3737 730 3806 Qui
763 3738 969 3794 domini
1009 3739 1408 3811 archiepise0pi
1451 3739 1787 3809 mandatum,

185 3844 308 3883 cum
350 3827 542 3883 litteris
590 3827 757 3899 regiis
805 3843 1021 3900 quoque
1068 3827 1399 3896 deterentes,
1447 3837 1503 3885 ut
1556 3830 1626 3884 ad
1666 3846 1790 3886 eum

183 3916 524 3989 perveniunt,
557 3916 607 3971 ei
651 3917 948 3974 vocationis
989 3933 1102 3973 suae
1150 3918 1399 3973 ordinem
1446 3919 1514 3974 ad
1559 3920 1788 3990 gradum

186 4005 526 4076 superiorem
559 4014 856 4077 exponunt.
891 4005 1011 4074 Quo
1041 4006 1130 4062 ille
1159 4007 1364 4073 audito,
1406 4007 1599 4063 litteris
1629 4008 1787 4064 etiam

183 4109 323 4168 quas
349 4094 633 4150 attulerant
687 4095 946 4167 inspectis
989 4096 1208 4168 (quibus
1255 4105 1375 4168 post
1425 4096 1527 4152 alia
1574 4097 1787 4153 denun-

180 4183 411 4239 tiabatur
440 4183 510 4250 ei,
543 4191 811 4256 quatenus
860 4186 961 4240 sub
1009 4185 1288 4241 celeritate
1337 4186 1455 4256 regi
1505 4194 1558 4241 et
1603 4187 1787 4242 archi-

180 4273 440 4345 episcOpo
488 4288 608 4330 sese
658 4281 1037 4344 prmsentaret,
1086 4275 1153 4328 de
1201 4275 1627 4331 consecrationis
1676 4291 1788 4332 suae

179 4361 402 4434 negotio
432 4363 783 4433 tractaturus)
813 4362 923 4419 tale
953 4361 1008 4418 in
1065 4363 1362 4419 continenti
1411 4363 1481 4418 ad
1528 4364 1707 4418 audita
1735 4371 1788 4420 et

180 4451 427 4523 inspecta
454 4450 603 4506 dedit
632 4466 974 4522 responsum.

252 4563 271 4586 «
308 4539 450 4606 Non,
482 4539 670 4612 inquit,
706 4539 916 4595 videtur
943 4541 1269 4607 mirandum,
1303 4541 1348 4594 si
1398 4541 1650 4596 dominus
1679 4556 1773 4597 ar-

1792 4588 1846 4650 D

1903 1933 2123 1988 clesiam
2153 1940 2412 1987 remeate.
2447 1931 2525 1986 lbi
2570 1931 2774 2002 Spiritu
2819 1929 2996 1985 sancti
3038 1926 3270 1984 consilio
3308 1925 3510 1997 pariter

1905 2031 1954 2077 et
1984 2021 2250 2091 adjutorio
2281 2021 2424 2086 freti,
2449 2021 2764 2075 canonicam
2813 2017 3046 2089 pastoris
3093 2015 3256 2072 vestri
3285 2011 3507 2070 electio-

1903 2127 2028 2166 nem
2076 2110 2393 2165 solemniter
2435 2109 2728 2164 celebrate.
2774 2106 2932 2176 Quod
2960 2114 3018 2161 ut
3047 2105 3215 2176 digne
3241 2099 3504 2168 efﬁciatis,

1902 2215 2011 2254 non
2043 2199 2210 2271 regis,
2246 2214 2354 2254 non
2383 2197 2652 2268 praasulis,
2702 2211 2812 2252 non
2857 2195 3092 2266 denique
3136 2193 3509 2262 cujuscunque

1901 2288 2156 2354 hominis,
2205 2287 2303 2342 sed
2348 2286 2518 2342 solius
2565 2285 2666 2342 Dei
2725 2283 3110 2356 omnipotentis
3150 2281 3504 2345 voluntatem,

1901 2377 2136 2448 gratiam
2183 2384 2236 2431 et
2284 2374 2523 2432 favorem
2589 2390 2705 2446 pra:
2747 2373 2918 2429 oculis
2965 2369 3232 2426 habeatis.
3279 2367 3440 2423 Aliud
3469 2381 3504 2423 ι

1900 2481 2022 2521 mea
2046 2464 2311 2536 parvitate
2338 2463 2560 2519 minime
2606 2459 2992 2534 reprobabitis.
3045 2458 3203 2514 Abite
3232 2456 3417 2529 igitur,
3449 2462 3503 2512 et

1900 2553 2130 2625 angelus
2157 2551 2376 2608 Domini
2404 2551 2580 2608 bonus
2611 2550 2900 2608 comitetur
2928 2548 3229 2605 vobiscum.
3269 2569 3292 2594 υ

1965 2643 2047 2698 Eo
2075 2643 2254 2713 itaque
2283 2641 2338 2696 in
2369 2640 2636 2696 sententia
2672 2637 3018 2711 persistente,
3052 2652 3177 2692 cum
3207 2633 3356 2691 nulla
3373 2647 3502 2705 pos-

1899 2739 1982 2786 set
2011 2731 2221 2786 ratione
2250 2728 2432 2785 induci
2461 2736 2518 2784 ut
2539 2729 2659 2801 regi
2689 2743 2787 2784 seu
2807 2724 3185 2796 archipraesuli
3215 2739 3370 2779 suam
3398 2736 3500 2794 pro

1899 2820 1992 2874 tali
2021 2819 2244 2891 negotio
2273 2817 2622 2890 praesentiam
2650 2817 2948 2884 exhiberet,
2971 2814 3047 2869 illi
3069 2814 3140 2870 ad
3167 2828 3284 2882 eos,
3316 2811 3409 2883 qui
3439 2826 3500 2866 se

1896 2909 2174 2974 miserant,
2211 2906 2530 2980 quantocius
2558 2905 2853 2969 redierunt,
2876 2904 3014 2959 miro
3041 2902 3204 2959 modo
3233 2901 3290 2956 in
3319 2900 3502 2956 omni-

1897 2998 2018 3064 bus,
2054 3013 2172 3068 qute
2203 2997 2273 3052 ab
2302 3011 2368 3052 eo
2397 2995 2699 3060 audierant,
2736 3002 2788 3049 et
2837 3009 2955 3064 quae
2995 2991 3144 3048 circa
3183 3005 3309 3048 eum
3338 2987 3497 3045 vide-

1897 3093 2035 3152 rant,
2069 3083 2338 3141 aediﬁcati.
2369 3085 2486 3140 Nec
2523 3083 2700 3140 solum
2749 3081 2872 3154 ipsi,
2934 3080 3034 3137 sed
3063 3087 3116 3135 et
3163 3093 3354 3134 omnes
3404 3076 3497 3148 qui

1895 3175 2182 3230 audierunt
2210 3173 2393 3230 mirati
2423 3181 2549 3228 sunt
2576 3180 2628 3228 et
2666 3173 3016 3228 vehementer
3053 3167 3356 3238 jucundati,
3390 3164 3497 3221 col-

1893 3263 2250 3319 laudantibus.
2269 3263 2323 3318 in
2355 3279 2420 3318 eo
2450 3261 2660 3318 cunctis
2688 3275 2754 3316 ac
2794 3256 3272 3332 magniﬁcantibus
3319 3255 3496 3310 since-

1893 3352 2108 3408 ritatem
2138 3352 2322 3418 animi,
2356 3351 2612 3406 virtutem
2651 3348 2862 3405 eximite
2889 3344 3254 3411 discretionis,
3287 3343 3494 3401 vivaci-

1893 3448 2054 3497 tatem
2084 3440 2295 3497 consilii
2326 3447 2378 3495 et
2407 3440 2578 3496 zelum
2609 3437 2999 3496 ecclesiasticae
3035 3433 3325 3492 libertatis.

2531 3581 2756 3638 CAPUT
2793 3581 2864 3636 III
2877 3623 2889 3635 .

1897 3693 2154 3760 Qualiter
2166 3705 2266 3762 pro
2289 3692 2564 3745 electione
2589 3689 2836 3745 secunda
2856 3688 3006 3762 apud
3027 3687 3385 3762 Lincolniam
3404 3701 3492 3762 ce-

1967 3757 2200 3826 lebrata,
2235 3761 2307 3816 ad
2336 3777 2395 3816 se
2424 3761 2614 3832 missis
2645 3757 3022 3832 responderit,
3049 3774 3104 3814 se
3132 3759 3256 3813 sine
3283 3757 3491 3832 prioris

1966 3832 2278 3888 Carthusiw
2306 3831 2622 3888 obedientia
2643 3829 2956 3907 epiScOpale
2975 3845 3118 3887 onus
3136 3845 3252 3886 non
3267 3829 3490 3885 subitu-

1963 3921 2090 3959 rum
2106 3945 2118 3957 .

1961 4009 2184 4064 Talibus
2210 4009 2375 4082 igitur
2421 4008 2492 4064 ad
2537 4008 2777 4065 notitiam
2835 4007 3232 4064 Lincolniensis
3275 4004 3492 4078 capituli

1888 4097 2133 4170 perlatis,
2168 4098 2495 4153 universitas
2525 4097 2666 4153 illius
2695 4097 2914 4170 collegii
2946 4097 3057 4166 jam
3086 4095 3244 4169 quasi
3273 4096 3491 4152 arrham

1889 4185 2080 4242 futurae
2110 4186 2440 4242 strenuitatis
2465 4195 2515 4242 et
2545 4185 2810 4258 quasdam
2839 4187 3096 4241 virtutum
3126 4185 3390 4256 primitias
3419 4185 3489 4241 de

1890 4291 1990 4331 suo
2007 4275 2178 4331 electo
2201 4292 2260 4331 se
2275 4276 2589 4347 percepisse
2610 4274 2909 4345 impensius
2929 4275 3248 4346 gratulatur.
3275 4273 3490 4346 Quique

1887 4364 2038 4436 prius
2068 4380 2126 4420 se
2156 4363 2298 4420 male
2328 4363 2580 4420 inductos
2603 4379 2667 4419 ac
2688 4363 3085 4419 circumventos
3104 4362 3488 4434 querebantur,

1888 4461 1944 4507 ut
1973 4452 2248 4508 hominem
2276 4460 2469 4507 natura
2511 4452 2822 4516 barbarum,
2874 4451 3142 4519 moribus,
3192 4459 3249 4505 ut
3299 4450 3488 4507 formi-

1888 4541 2111 4608 dabant,
2145 4549 2422 4614 agrestem
2467 4548 2521 4597 et
2548 4557 2826 4612 asperum,
2876 4539 2978 4595 sibi
3037 4539 3091 4594 in
3139 4547 3405 4597 rectorem
3435 4556 3492 4606 et

176 4627 575 4700 chiepiscopus,
637 4636 728 4683 aut
784 4628 944 4684 etiam
1005 4629 1258 4684 dominus
1305 4645 1437 4694 rex,
1484 4627 1845 4701 personam”
1881 4631 2161 4686 dominum
2202 4631 2517 4701 elegissent,
2568 4645 2714 4685 nunc
2761 4629 2879 4686 vice
2927 4645 3082 4685 versa
3131 4629 3386 4684 bonitatis
3434 4638 3488 4686 et

175 4733 374 4784 meam,
426 4717 675 4789 quamvis
723 4717 814 4772 tali
858 4718 1062 4774 honore
1109 4718 1410 4791 indignam,
1462 4718 1586 4774 licet
1629 4728 1780 4778 tanto

174 4806 328 4862 oneri
356 4806 522 4878 longe
549 4806 832 4878 imparem,
882 4808 950 4862 ad
995 4807 1232 4881 gradum
1279 4807 1513 4864 libenter
1559 4809 1780 4864 videant

171 4894 399 4966 provehi
429 4895 697 4950 altiorem.
730 4896 871 4951 Nam
904 4904 955 4951 et
979 4896 1201 4951 domino
1230 4896 1351 4970 regi
1382 4897 1503 4969 quis
1533 4898 1778 4970 ambigat

173 4983 515 5055 placiturum,
547 4984 592 5037 si
622 4983 770 5039 viros
800 4999 832 5038 a
861 5000 920 5039 se
971 4985 1251 5058 religionis
1299 4985 1524 5041 obtentu
1553 4987 1620 5041 de
1648 5003 1776 5058 par-

176 5071 318 5127 tibus
349 5071 548 5128 ascitos
578 5072 825 5137 remotis,
857 5073 1136 5144 prosperis
1167 5073 1220 5127 in
1264 5089 1436 5146 regno
1467 5089 1567 5129 suo
1597 5074 1780 5132 videat

177 5161 368 5216 ﬂorere
397 5160 745 5217 successibus
765 5160 794 5215 ?
823 5160 1173 5217 nihilominus
1205 5169 1256 5218 et
1285 5162 1504 5218 domino
1534 5163 1777 5220 Cantua-

173 5249 359 5315 riensi,
392 5250 484 5322 qui
512 5249 796 5323 religionis
841 5249 1084 5306 habitum
1128 5251 1239 5319 jam
1286 5267 1425 5323 pene
1466 5252 1613 5308 solus
1662 5255 1775 5323 (8'7)

173 5338 312 5394 inter
337 5338 626 5410 episcopos
658 5347 817 5394 terra:
864 5339 1025 5408 hujus
1072 5339 1328 5410 praeferre
1375 5340 1602 5409 videtur,
1656 5341 1776 5413 quis

239 5518 346 5582 (86)
374 5520 528 5569 Erant
560 5519 627 5568 illi
655 5519 702 5568 in
730 5519 951 5570 C(BllOblO
975 5521 1270 5580 Eyneshaim
1314 5521 1403 5570 sub
1445 5521 1773 5573 Lincolniensi

149 5587 384 5647 .dimcesi,
411 5587 548 5646 litigo
593 5590 749 5636 autem
777 5587 826 5638 in
851 5588 1112 5637 Carthusia
1161 5589 1505 5639 Withamiensi
1549 5590 1778 5640 dimcesis

167 5655 315 5704 Barth
324 5653 560 5703 oniensis.

236 5719 350 5786 (87)
379 5719 642 5771 Balduiuus
688 5723 795 5771 erat
821 5733 882 5772 ex
933 5722 1100 5773 ordine
1145 5721 1480 5782 Cistcrciensi,
1509 5726 1556 5772 et
1593 5727 1777 5786 prmter

1881 4720 2158 4790 sapientiae
2188 4719 2331 4774 illius
2361 4719 2557 4774 virtute
2605 4725 2901 4789 comperta,
2960 4717 3270 4775 accelerant
3304 4719 3485 4774 denuo

1879 4808 1948 4865 de
1977 4825 2120 4864 novo
2150 4808 2352 4880 eligere
2382 4807 2554 4875 illum,
2587 4816 2658 4873 et,
2684 4815 2740 4863 ut
2768 4823 2936 4879 super
2955 4823 3015 4864 se
3027 4807 3310 4880 pastoralis
3339 4823 3484 4863 cum

1878 4898 2234 4954 ministerium
2295 4897 2551 4971 dignetur
2597 4898 2893 4969 suscipere,
2945 4896 3299 4954 devotissime
3347 4913 3483 4968 sup-

1877 4987 2014 5059 plica
2024 4994 2100 5041 nt.

1950 5075 2230 5132 Mittuntur
2259 5076 2453 5132 iterum
2471 5092 2593 5132 cum
2612 5075 2800 5132 litteris
2827 5075 3067 5148 capituli,
3092 5075 3242 5147 regis
3271 5090 3486 5150 quoque

1879 5175 1931 5221 et
1978 5165 2378 5236 archiepiscopi
2423 5165 2596 5220 nuntii
2643 5165 2823 5236 plures
2871 5165 3166 5237 prioribus.
3217 5164 3484 5222 Omnibus

1878 5254 2062 5327 itaque
2094 5254 2526 5309 existimantibus
2555 5262 2991 5310 consummatum
3017 5255 3131 5324 jam
3161 5270 3284 5310 esse
3313 5270 3485 5327 nego-

1878 5342 2011 5397 tium
2042 5359 2142 5399 nec
2174 5341 2342 5398 ullum
2391 5343 2439 5400 ei
2487 5343 2554 5400 de
2606 5351 2801 5400 caetero
2844 5359 3136 5417 superesse
3181 5343 3481 5417 procrasti-

1879 5525 2006 5575 hunc
2055 5526 2214 5576 adhuc
2263 5525 2492 5576 vivebant
2537 5527 2784 5577 Gilbertus
2835 5539 2893 5576 ex
2933 5525 3108 5574 abbate
3157 5525 3478 5577 Gloncestrite

1879 5592 2130 5654 episcopus
2155 5591 2367 5654 primum
2409 5593 2799 5655 lleret‘ordensis,
2829 5595 2877 5642 et
2918 5591 3092 5642 ultimo
3133 5591 3476 5654 Londinensis,

1877 5662 1925 5708 et
1945 5660 2245 5775 lfannelsex
2270 5659 2586 5712 Cisterciensi
2613 5661 2866 5724 episcopus
2890 5657 3235 5729 Norwicensls,
3280 5659 3401 5710 forte
3427 5661 3476 5709 et

1877 5738 1955 5788 qui
1994 5737 2071 5776 am
2098 5739 2126 5776 a
2149 5739 2202 5777 ιι.
