3938 6410
462 381 567 434 987

1337 379 1397 434 S.
1447 377 1761 436 HUGONIS
1800 377 2018 434 EPISC.
2061 372 2385 432 LINCOLN.
2430 374 2593 431 0RD.
2636 375 2885 432 CARTH.

3673 382 3774 432 988

461 504 630 559 nandi
660 503 998 576 suffragium,
1033 505 1201 578 legati
1222 506 1334 575 jam
1364 505 1526 576 plene
1569 505 1836 572 instructi,
1871 503 2076 558 hilares
2095 503 2151 563 Α
2180 508 2294 556 tero
2341 501 2562 556 domino
2592 500 2966 556 Cantuariensi
3006 500 3342 556 exhibiturus
3373 501 3488 571 (91)
3517 501 3783 557 obedien-

469 599 522 647 et
553 593 662 648 lati
693 594 1082 664 superveniunt
1112 595 1182 648 ad
1212 611 1355 650 eum.
1375 595 1728 650 Prasciverat
1759 594 1979 666 quidam
2006 590 2073 644 ab

464 681 593 736 olim
624 682 708 736 vir
732 682 924 737 beatus
945 683 1015 737 ad
1036 682 1382 754 pontificatus
1417 683 1648 738 officium
1673 699 1732 736 se
1755 684 1866 754 (88)
1898 697 2076 753 quan-

467 769 646 841 doque
677 770 936 825 divinitus
967 773 1373 841 perducendum
1400 772 1578 837 ;undc
1610 774 1751 843 quod
1783 772 1940 827 vitari
1971 787 2079 825 non

465 872 628 928 posse
659 858 899 925 dolebat,
928 876 996 915 ne
1026 861 1244 916 demum
1274 860 1444 923 fieret,
1498 869 1757 932 quantum
1789 860 1841 914 in
1866 876 1923 915 se
1954 859 2070 931 fuit,

465 960 535 1000 ne
566 946 723 1001 citius
753 946 928 1017 fieret,
964 948 1169 1004 differri
1201 949 1470 1019 cupiebat.

533 1035 747 1090 Auditis
778 1052 914 1108 ergo
944 1045 1066 1108 post
1095 1037 1368 1108 inspectas
1410 1038 1618 1094 litteras
1651 1037 1902 1108 prafatas
1933 1054 2062 1092 nun-

465 1124 662 1178 tiorum
694 1125 898 1193 verbis,
933 1126 1012 1181 sic
1043 1142 1138 1182 eos
1188 1127 1482 1198 alloquitur
1515 1142 1526 1180 :
1564 1149 1584 1172 ιι
1621 1127 1811 1180 Mirum
1861 1136 1961 1189 est,
1997 1127 2077 1180 in-

466 1212 600 1283 quit,
635 1213 783 1284 quod
812 1214 915 1270 viri
944 1215 1220 1285 sapientes
1260 1215 1510 1287 adeoque
1561 1215 1748 1270 civiles
1780 1231 1866 1268 me
1897 1215 2077 1269 homi-

470 1317 599 1357 nem
647 1302 910 1358 incultum
957 1312 1010 1359 et
1060 1303 1285 1359 idiotam
1335 1311 1617 1374 tantopere
1675 1303 1976 1358 sollicitatis
2024 1311 2081 1358 ut

470 1390 793 1447 familiarem
837 1401 890 1447 et
935 1391 1068 1446 mihi
1138 1393 1206 1447 ab
1257 1393 1627 1448 adolescentia
1683 1408 1804 1447 mea
1852 1393 2079 1447 amicam

475 1478 711 1548 quietem
743 1479 1048 1535 solitudinis
1075 1480 1289 1538 auferre
1319 1481 1539 1549 curetis,
1585 1481 1927 1552 publicisque
1956 1497 2082 1536 con-

471 1567 720 1622 ventibus
756 1576 808 1624 et
839 1569 1181 1640 negotiorum
1219 1569 1657 1640 implicamentis,
1690 1569 1820 1623 mihi
1852 1585 2080 1640 prorsus

471 1653 702 1710 insuetis
762 1665 811 1712 et
876 1657 1191 1729 inexpertis,
1241 1657 1496 1729 ingerere
1556 1657 1834 1713 laboretis.
1885 1659 2079 1712 Verum

473 1744 616 1814 quia,
650 1752 708 1799 ut
738 1745 918 1812 video,
952 1745 1006 1800 id
1036 1745 1191 1802 vobis
1221 1746 1527 1801 dissuaderi
1548 1746 1776 1816 prolatis
1805 1762 1835 1800 a
1869 1763 1953 1801 me
1984 1761 2079 1800 ra-

473 1832 708 1888 tionibus
739 1850 846 1888 non
884 1842 1086 1905 potest,
1133 1835 1239 1890 hoc
1289 1835 1468 1890 sciatis
1507 1835 1898 1900 indubitanter,
1954 1835 2078 1906 quia

474 1921 644 1975 vestri
674 1921 882 1977 laboris
910 1931 1053 1978 meta
1082 1923 1138 1977 in
1167 1937 1288 1979 meo
1335 1923 1557 1978 arbitrio
1606 1940 1712 1978 non
1757 1932 1838 1978 est
1874 1924 2081 1978 consti-

474 2015 609 2064 tuta.
657 2011 849 2066 Latere
891 2012 1036 2066 enim
1083 2028 1182 2067 vos
1226 2028 1334 2067 non
1396 2021 1572 2082 potest
1612 2012 1740 2083 quia
1770 2013 1931 2067 homo
1963 2028 2082 2067 sum

474 2097 576 2152 sub
603 2098 780 2153 aliena
810 2107 1074 2169 potestate
1103 2101 1444 2156 constitutus.
1496 2101 1819 2155 Monachum
1865 2117 1951 2154 me
1985 2117 2081 2156 no-

475 2186 630 2240 vistis
658 2186 855 2258 prioris
885 2189 1000 2259 (89)
1029 2189 1136 2244 mei
1178 2189 1398 2243 nutibus
1447 2188 1768 2257 subjectum,
1802 2190 2082 2243 servanda

475 2291 646 2346 usque
676 2275 746 2330 ad
791 2284 1018 2332 mortem
1065 2276 1388 2332 obedientia
1435 2277 1697 2344 additum,
1732 2285 1784 2332 et
1812 2286 2082 2347 praecepto

473 2362 637 2429 illius,
671 2365 765 2436 qui
795 2365 849 2419 in
880 2367 978 2420 has
1007 2373 1188 2421 terras
1219 2365 1363 2419 misit
1393 2381 1500 2432 me,
1534 2381 1926 2437 usquequaque
1957 2364 2086 2421 sub-

475 2459 726 2510 stratum.
779 2457 825 2509 Α
865 2469 990 2510 meo
1010 2453 1142 2509 mihi
1160 2455 1454 2526 praposito
1481 2455 1676 2509 domus
1707 2454 1865 2523 hujus
1896 2462 2081 2510 custo-

474 2540 563 2595 dia
591 2542 798 2598 credita
825 2551 928 2610 est,
961 2559 1063 2599 nec
1108 2543 1341 2598 admittit
1385 2544 1523 2598 ratio
1568 2551 1644 2610 ut,
1697 2558 1763 2598 ea
1809 2544 2078 2614 neglecta,

476 2629 700 2686 alterius
725 2632 1095 2704 cujuscunque
1125 2633 1320 2688 domus
1367 2632 1453 2688 vel
1502 2631 1748 2688 ecclesia
1793 2632 2081 2702 suscipiam

475 2719 868 2790 gubernacula.
893 2721 1154 2776 Dominus
1185 2721 1404 2793 quidem
1428 2721 1854 2786 Cantuariensis,
1879 2721 2082 2791 primas

475 2815 529 2864 et
557 2809 808 2880 princeps
828 2810 1088 2866 Ecclesia
1108 2810 1442 2881 Anglicana,
1467 2810 1570 2865 sub
1587 2809 1838 2880 pontifice
1868 2825 2081 2864 summo

477 2905 597 2965 est;
629 2906 864 2954 attamen
894 2899 949 2953 in
989 2899 1300 2969 hujusmodi
1343 2906 1425 2955 est
1469 2899 1604 2953 alius
1647 2900 1784 2954 inter
1829 2915 1930 2954 nos
1958 2915 2080 2953 me-

476 2986 618 3042 dius.
669 2990 775 3042 Aut
821 2988 988 3060 igitur
1031 2988 1309 3058 petitionis
1357 2987 1734 3057 hujuscemodi
1782 2987 2080 3042 intentione

478 3074 876 3131 discedendum
903 3083 1004 3142 est,
1039 3084 1129 3130 aut
1157 3075 1367 3131 itineris
1397 3076 1615 3131 onerosi
1646 3091 1818 3147 usque
1849 3076 1918 3130 ad
1949 3075 2080 3130 Car-

478 3163 714 3218 thusiam
741 3164 986 3236 fatigatio
1019 3164 1317 3219 subeunda.
1352 3165 1492 3219 Nam
1524 3165 1661 3221 citra
1689 3163 1885 3236 prioris
1906 3164 2078 3219 nostri

475 3252 800 3322 jussionem,
833 3253 1017 3310 oneris
1045 3254 1208 3311 vestri
1240 3254 1513 3311 sarcinam
1544 3254 1786 3310 humeris
1806 3254 1941 3308 meis
1971 3253 2086 3308 nul-

481 3340 566 3397 lus
597 3341 854 3414 imponet.
894 3362 914 3396 ι

1085 3521 1311 3578 CAPUT
1339 3521 1428 3577 IV.

488 3701 742 3770 Qualiter
761 3700 922 3756 missi
948 3701 1200 3772 priorem
1233 3698 1572 3772 Carthasim
1596 3697 1957 3769 requirebant
1980 3716 2012 3772 ;7
2030 3700 2085 3752 et

553 3775 709 3843 Hugo
740 3769 1421 3845 ἱρεέξ(ἰιῑυοιίοηὶ[θήξαιςΔ
1459 3769 1733 3824 insistens
1780 3784 1836 3823 se
1870 3771 2086 3845 contra

547 3840 1094 3915 jug'um’episcopale
1123 3840 1229 3898 sibi
1257 3841 1570 3897 imminens
1597 3840 1973 3911 praparabat.

483 3986 602 4042 Hoc
628 3984 774 4041 illius
803 3993 1026 4057 accepto
1056 3999 1338 4056 responso,
1389 3998 1513 4039 cum
1559 3981 1786 4037 verbum
1818 3981 1936 4049 ejus
1958 3994 2086 4036 cer-

483 4077 672 4126 nerent
703 4070 918 4142 penitus
946 4085 1056 4126 non
1101 4085 1264 4140 posse
1310 4067 1524 4132 mutari,
1575 4065 1804 4120 redeunt
1851 4065 1929 4118 illi
1974 4072 2086 4118 tam

485 4159 554 4215 de
587 4158 807 4229 infecto,
839 4175 942 4230 pro
971 4174 1079 4231 quo
1107 4164 1389 4224 venerant,
1438 4154 1659 4227 negotio
1690 4153 1888 4219 moesti,
1921 4169 2086 4224 quam

484 4248 554 4304 de
585 4247 749 4304 futuri
773 4248 1006 4321 pastoris
1037 4247 1121 4302 sui
1157 4245 1441 4303 virtutibus
1484 4242 1795 4314 insignique
1825 4251 2086 4298 constan-

486 4337 557 4392 tia
603 4338 747 4393 unde
789 4353 899 4392 non
944 4337 1139 4410 exigua
1185 4341 1446 4405 ceperant
1487 4331 1834 4401 documenta,
1882 4331 2088 4388 hilares

487 4425 682 4485 eﬁ'eeti.
717 4428 941 4492 Verum,
973 4442 1042 4481 ne
1089 4423 1273 4479 multis
1312 4423 1685 4488 immoremur,
1735 4420 2088 4476 honorabiles

487 4516 587 4572 sub
630 4514 970 4572 festinatione
1017 4512 1323 4586 diriguntur
1365 4512 1436 4566 ad
1483 4509 1831 4565 Carthusiam
1895 4509 2083 4581 legati.

2186 590 2330 657 tiam,
2364 590 2420 644 in
2459 605 2524 644 eo
2571 590 2640 644 ad
2683 605 2929 660 prasens
2979 589 3298 660 simpliciter
3348 591 3398 644 ei
3445 591 3700 657 obediat,
3741 597 3795 645 et

2179 679 2516 734 haesitatione
2562 679 2710 731 omni
2759 679 3062 747 postposita
3113 679 3374 749 suscipiat
3421 679 3694 732 humiliter
3735 678 3788 732 id

2180 769 2323 838 quod
2355 767 2402 822 ei
2434 767 2689 822 divinitus
2730 767 3015 822 constabat
3065 768 3270 837 imponi
3313 768 3507 840 jugum
3547 767 3785 824 Domini.

2249 857 2389 911 Dum
2423 871 2553 912 vero
2583 856 2698 911 hac
2728 863 3024 927 agerentur
3073 857 3142 910 ab
3192 857 3316 910 illis.
3368 858 3526 928 Iiugo
3567 856 3786 912 minime

2178 945 2498 1017 indulgebat
2528 945 2670 1000 otiis.
2707 944 2868 999 Omni
2898 960 3136 1016 namque
3167 945 3440 1012 instantia,
3475 946 3562 1000 die
3594 953 3787 1000 noctu-

2180 1050 2284 1104 que
2315 1034 2718 1104 cumpunctioni
2739 1034 2921 1089 cordis
2951 1049 3016 1089 ac
3037 1034 3288 1104 puritatis
3318 1034 3654 1100 incumbens,
3689 1049 3784 1088 as-

2181 1121 2458 1194 siduaque
2487 1122 2718 1177 orationi
2766 1123 3128 1193 praeparabat,
3174 1138 3282 1177 non
3332 1123 3535 1178 cultum
3579 1122 3782 1194 pretio-

2181 1226 2364 1266 sarum
2395 1211 2644 1276 vestium,
2678 1227 2774 1266 seu
2806 1227 3061 1267 vasorum
3093 1211 3438 1282 splendorem
3469 1211 3536 1264 ad
3564 1211 3782 1266 inanem

2180 1300 2432 1371 gloriam,
2467 1299 2564 1354 sed
2595 1299 2833 1354 animam
2865 1315 3016 1354 suam
3060 1301 3129 1354 ad
3177 1301 3554 1354 tentationem.
3596 1299 3784 1353 Immi-

2181 1396 2398 1443 nentem
2430 1389 2572 1442 enim
2605 1403 2712 1443 non
2741 1388 2902 1442 aliter
2932 1389 3283 1466 egrspectabat
3333 1396 3502 1442 status
3547 1387 3631 1442 sui
3661 1404 3769 1442 mu-

2181 1477 2458 1542 tationem,
2492 1491 2652 1547 quam
2675 1475 2909 1531 nubibus
2929 1476 3269 1546 conglobatis
3298 1483 3607 1546 suspectam
3624 1466 3790 1530 nauta

2183 1571 2596 1635 tempestatem;
2643 1574 2736 1619 aut
2780 1565 2832 1618 in
2881 1564 3106 1636 longum
3156 1572 3405 1621 servatus
3452 1565 3609 1618 miles
3655 1563 3787 1619 olim

2180 1653 2526 1708 formidatam
2554 1653 2831 1724 agminum
2861 1653 3093 1708 hostium
3139 1652 3603 1725 congressionem.
3654 1652 3790 1707 Cum

2181 1741 2432 1796 familiari
2463 1757 2592 1797 vero
2625 1742 2906 1812 provisere
2927 1749 2978 1796 et
3005 1741 3272 1797 nutritore
3295 1756 3394 1796 suo
3417 1742 3530 1796 Deo
3552 1741 3618 1796 de
3639 1757 3790 1794 sum-

2100 1860 2152 1919 B
2185 1831 2382 1900 ptibus,
2417 1831 2647 1885 sollicite
2677 1830 2936 1886 tractabat
2958 1831 3286 1886 necessariis
3307 1830 3376 1884 ad
3399 1829 3541 1884 diem
3564 1828 3783 1893 festum,

2186 1935 2293 1989 quo
2325 1926 2438 1973 erat
2471 1919 2758 1990 ungendus
2787 1918 2906 1972 oleo
2955 1918 3169 1972 latitia.
3223 1919 3303 1973 De
3349 1917 3676 1988 sumptibus,
3708 1918 3790 1971 in-

2184 2023 2364 2078 quam,
2434 2023 2543 2062 non
2591 2007 2785 2078 quibus
2848 2014 3067 2062 ventres
3117 2006 3364 2062 reficeret
3405 2006 3788 2070 destruendos,

2185 2096 2326 2150 escis
2358 2111 2513 2167 aeque
2543 2095 2908 2163 destruendis,
2943 2095 3041 2150 sed
3091 2095 3286 2166 quibus
3328 2095 3609 2164 ingentem
3656 2110 3788 2150 sen-

2185 2201 2341 2238 suum
2373 2184 2712 2240 internorum
2743 2193 2796 2239 et
2835 2183 3180 2240 af‘t‘eetionum
3225 2183 3626 2238 multitudinem
3672 2183 3788 2238 vir-

2184 2273 2387 2328 tutibus
2418 2274 2706 2329 roboraret
2733 2289 2841 2329 non
2875 2272 3184 2329 defecturis.
3224 2271 3371 2328 Nihil
3401 2287 3532 2327 sane
3558 2271 3792 2328 ducebat

2183 2362 2564 2428 miserabilius,
2592 2378 2753 2433 quam
2784 2361 2839 2416 in
2866 2361 2955 2417 die
2977 2369 3139 2416 tantae
3159 2359 3519 2416 solemnitatis
3549 2361 3788 2416 exterius

2184 2452 2404 2523 quidem
2453 2451 2769 2506 madescere
2818 2449 3230 2506 sacramentalis
3278 2449 3385 2505 olei
3432 2448 3787 2521 pinguedine,

2183 2539 2409 2595 interius
2439 2555 2567 2596 vero
2601 2539 2888 2595 tabescere
2942 2537 3201 2610 squalore
3229 2537 3472 2593 ardentis
3501 2536 3792 2594 conscien-

2183 2629 2289 2684 tia.
2323 2629 2498 2698 Quam
2529 2627 2620 2683 ille
2651 2629 2890 2684 miseria
2918 2627 3308 2682 immanitatem
3339 2641 3642 2697 praecavere
3671 2633 3791 2680 sat-

2183 2733 2374 2790 agens,
2411 2718 2488 2773 ita
2520 2735 2578 2774 se
2611 2718 2809 2791 agebat
2830 2717 2883 2772 in
2907 2715 3288 2788 comparandis
3313 2714 3793 2787 praparandisque

2183 2807 2354 2878 cepiis
2383 2807 2439 2862 in
2481 2807 2584 2862 hoc
2630 2807 2810 2878 ipsum
2856 2805 3206 2870 necessariis,
3240 2819 3304 2860 ac
3348 2804 3393 2858 si
3437 2803 3571 2858 nihil
3617 2811 3787 2868 esset,

2184 2895 2448 2967 quidquid
2477 2896 2543 2949 ab
2574 2896 2794 2951 ineunte
2823 2903 2982 2951 atate
3031 2893 3195 2950 studii
3227 2901 3280 2949 et
3329 2891 3528 2948 laboris
3558 2891 3704 2948 circa
3737 2891 3790 2946 id

2181 2985 2387 3057 negotii
2426 2985 2753 3055 expedisset.

2257 3074 2625 3129 Versabantur
2654 3079 2924 3143 praterea
2953 3071 3325 3127 indesinenter
3364 3072 3412 3126 ei
3462 3078 3585 3127 ante
3633 3085 3788 3128 men-

2181 3162 2248 3217 tis
2281 3162 2488 3228 oculos,
2524 3177 2631 3215 non
2660 3159 2996 3215 imminentia
3012 3159 3331 3214 deliciarum
3354 3167 3447 3214 aut
3478 3158 3791 3214 divitiarum

2183 3251 2459 3323 plerisque
2492 3257 2675 3320 Optata
2721 3248 3010 3315 lenocinia,
3057 3263 3168 3303 non
3213 3247 3450 3319 dignitas
3493 3257 3584 3303 aut
3628 3255 3791 3319 pote-

2185 3340 2340 3395 statis
2371 3338 2714 3404 excellentia,
2741 3354 2848 3393 non
2875 3337 3093 3392 demum
3115 3336 3505 3408 obsequiorum
3527 3337 3794 3392 sedulitas

2184 3427 2447 3494 officiosa,
2482 3427 2580 3483 sed
2611 3442 2793 3483 amara
2823 3426 2950 3481 vita
3001 3425 3435 3496 contemplativa
3481 3425 3792 3497 dispendia,

2186 3517 2381 3588 quieta
2430 3524 2483 3572 et
2529 3531 2738 3572 serena
2786 3514 3153 3570 meditationis
3196 3513 3569 3586 orationisque
3615 3513 3794 3570 detri-

2184 3614 2387 3662 menta.
2416 3605 2611 3670 Nemo,
2644 3613 2700 3659 ut
2729 3605 3055 3675 plerumque
3084 3603 3203 3674 ipse
3219 3602 3378 3658 nobis
3395 3603 3662 3659 secretius
3684 3618 3794 3658 non

2186 3695 2302 3751 sine
2332 3694 2536 3765 gemitu
2566 3693 2855 3762 fatebatur,
2891 3692 3258 3764 quotidianam
3292 3691 3469 3747 cordis
3516 3691 3631 3760 ejus
3691 3707 3792 3747 ex-

2184 3800 2390 3857 ponere
2419 3783 2688 3840 sufiieeret
2717 3781 2969 3856 agoniam
2991 3797 3097 3854 qua
3131 3780 3443 3837 medullitus
3463 3780 3790 3852 angebatur,

2186 3890 2308 3930 cum
2339 3873 2619 3945 perdenda
2646 3888 2772 3928 mox
2810 3870 3214 3943 imaginabatur
3258 3870 3532 3924 fructuosa
3579 3868 3794 3924 cellula

2186 3979 2300 4018 sua
2329 3963 2456 4028 otia,
2491 3978 2587 4034 pro
2619 3961 2814 4034 quibus
2844 3959 3222 4028 succederent,
3264 3957 3617 4030 dispendiosa
3647 3957 3793 4028 pala-

2186 4052 2382 4108 tiorum
2413 4051 2653 4124 negotia.
2701 4049 2973 4105 Metuebat
3021 4063 3257 4120 quoque,
3291 4063 3361 4103 ne
3390 4047 3531 4102 inter
3560 4047 3678 4101 hac
3707 4063 3795 4101 ce-

2185 4141 2347 4197 dente
2377 4141 2680 4213 psalmodia
2707 4139 2912 4205 litibus,
2958 4145 3208 4194 cessante
3253 4135 3483 4210 lectione
3513 4149 3676 4190 sacra
3704 4151 3795 4188 su-

2186 4231 2409 4302 perfluis
2441 4229 2771 4296 rumoribus,
2801 4228 3020 4285 cederet
3051 4226 3250 4298 pariter
3279 4224 3364 4280 vel
3417 4223 3605 4279 intima
3655 4239 3791 4279 con-

2186 4320 2462 4391 templatio
2485 4318 2694 4375 cateris
2714 4315 3203 4389 phantasmatibus,
3237 4313 3325 4370 vel
3345 4313 3560 4368 interna
3579 4312 3786 4385 puritas

2188 4409 2426 4464 externis
2457 4406 2803 4462 vanitatibus.

2259 4498 2527 4569 Denique,
2561 4512 2686 4552 cum
2736 4494 2969 4550 rediisse
3015 4493 3236 4549 nuntios
3283 4491 3605 4564 accepisset,
3654 4505 3788 4563 quos

485 4605 606 4675 Quo
633 4603 1012 4676 pervenientes
1041 4580 1356 4673 petitionem
1385 4597 1777 4656 Lincolniensis
1797 4580 2078 4665 Ecclesia,

2190 4595 2334 4643 certe
2393 4586 2695 4652 maluisset,
2746 4593 2874 4641 tunc
2921 4583 3157 4655 primum
3203 4582 3305 4638 iter
3347 4581 3481 4636 illud
3528 4580 3785 4652 arripere,

485 4694 672 4767 regias
701 4708 917 4765 quoque
962 4706 1154 4762 preces
1202 4697 1256 4744 et
1301 4688 1656 4744 monitionem
1683 4687 2082 4758 archiprasulis

487 4783 701 4855 scriptis
730 4780 1022 4851 verbisque
1064 4778 1322 4848 allegant.
1370 4777 1475 4846 Qui
1521 4776 1705 4846 etiam,
1754 4785 1811 4832 ut
1857 4777 2082 4849 dignum

487 4873 607 4940 fuit,
639 4868 937 4927 honorifice
967 4867 1224 4938 suscepti,
1258 4865 1502 4939 gratifice
1546 4866 1798 4926 exauditi.
1851 4866 2083 4922 reditum

489 4961 815 5024 accelerant,
875 4957 1190 5011 mandatum
1248 4956 1360 5026 (90)
1410 4954 1606 5025 prioris
1655 4963 1704 5009 et
1745 4955 1974 5010 fratrum
2023 4955 2092 5009 ad

490 5050 775 5122 Hugonem
805 5052 1168 5116 reportantes,
1213 5053 1477 5117 quatenus
1525 5043 1844 5100 canonicam
1890 5044 1959 5099 de
1990 5058 2096 5100 ca-

562 5228 672 5294 (88)
700 5229 772 5280 Ex
806 5225 1122 5294 pradictione
1147 5225 1274 5294 illius
1296 5227 1447 5289 senis,
1476 5226 1614 5294 cuius
1635 5225 1898 5294 titimentio
1939 5225 2093 5294 libri,

498 5310 543 5346 e.
565 5297 598 5347 9
625 5291 674 5346 et
699 5295 902 5345 alterius
939 5293 1148 5344 Bovonis
1185 5293 1271 5343 lib.
1313 5307 1368 5356 ιι,
1394 5307 1438 5344 c.
1482 5293 1546 5356 2,
1585 5296 1635 5342 et
1683 5293 1886 5344 forsitan
1915 5305 1974 5342 ex
1999 5291 2093 5343 alia

498 5363 796 5415 revelatione
820 5361 912 5411 sibi
938 5365 1075 5424 uota,
1103 5359 1243 5411 nobis
1269 5361 1535 5422 incognita.

569 5445 677 5512 (89)
700 5447 880 5498 Prioris
900 5445 1087 5497 scilicet
1112 5445 1312 5509 majoris
1331 5445 1623 5508 Carthasim,
1660 5446 1827 5508 utpote
1855 5443 2097 5507 generalis

500 5516 650 5566 totius
673 5514 875 5565 ordinis.

569 5599 677 5664 (90)
709 5599 978 5650 Carthusiae
1019 5598 1243 5650 videlicet
1281 5597 1511 5659 majoris,
1554 5597 1629 5646 cui
1667 5599 1783 5646 tunc
1807 5597 1868 5645 ab
1894 5609 1940 5645 a.
1969 5595 2100 5644 1178

503 5671 716 5730 praeerat
768 5666 1060 5718 Jancelinus.
1104 5668 1175 5716 De
1213 5678 1306 5729 quo
1344 5665 1471 5728 apud
1512 5664 1795 5714 Saussaium
1823 5663 1870 5712 in
1895 5663 2097 5730 Martyr.

506 5729 678 5787 Gallic.
705 5734 945 5798 supplem.
978 5747 1028 5797 p.
1058 5733 1188 5785 1093
1217 5747 1229 5784 :
1265 5748 1290 5781 at
1324 5733 1378 5784 In
1405 5729 1577 5793 majori
1615 5730 1875 5782 Carthusia
1910 5729 2102 5780 Gratia-

2183 4693 2293 4732 non
2321 4676 2566 4732 cessabat
2595 4675 2793 4730 fratres
2821 4674 2876 4729 in
2907 4688 3067 4729 sacro
3110 4671 3390 4744 proposito
3419 4669 3662 4740 paternis
3692 4685 3786 4724 ex-

2183 4766 2580 4821 hortationibus
2610 4764 2996 4829 corroborare,
3029 4777 3298 4833 suumque
3325 4761 3571 4816 timorem
3601 4774 3783 4815 eorum

2185 4854 2459 4927 suffragiis
2489 4854 2746 4908 attentius
2777 4851 3180 4909 commendare.
3235 4848 3478 4905 Viderint
3525 4849 3652 4917 jam,
3698 4845 3785 4918 qui

2196 4943 2563 5015 episcopatum
2593 4951 2873 5012 tantopere
2906 4939 3239 5005 desiderant,
3290 4946 3344 4993 et
3389 4937 3481 5009 qui
3529 4937 3598 4990 ad
3645 4951 3783 5006 pra-

2194 5033 2458 5088 lationum
2541 5031 2778 5089 culmina
2846 5037 2923 5086 tot
2981 5027 3138 5085 diviis
3199 5026 3414 5082 callium
3460 5025 3784 5082 anfractibus

2195 5219 2488 5280 nopolitana
2509 5215 2732 5266 diacesis
2751 5213 2885 5282 pium
2912 5210 3092 5282 efﬂavit
3115 5207 3515 5282 spiritumbeata
3531 5205 3782 5282 memoria

2195 5275 2469 5336 Jancelinus
2493 5284 2624 5347 prior
2665 5275 2910 5345 generalis
2936 5277 3152 5348 decimus
3200 5275 3388 5348 ordinis
3429 5275 3740 5348 parthusiani
3770 5283 3782 5319 :

2196 5354 2271 5404 cui
2313 5354 2453 5402 annis
2495 5341 2597 5400 fere
2621 5341 2874 5410 sexaginta
2899 5385 2912 5409 ,
2938 5356 3034 5395 non
3074 5345 3182 5393 sine
3213 5343 3391 5410 insigni
3433 5341 3573 5391 laude
3599 5352 3656 5410 ac
3680 5341 3786 5387 vitae

2197 5420 2535 5478 sanctimonia,
2562 5421 2618 5467 ut
2641 5406 2792 5466 habet
2828 5406 2935 5475 ejus
2973 5414 3324 5481 Mnemosynen
3340 5406 3784 5481 innomenclatura

2200 5490 2398 5539 Patrum
2423 5472 2574 5548 ipsius
2608 5483 2792 5534 ordinis
2811 5472 3032 5546 prafuit.
3066 5499 3086 5522 ι
3120 5478 3193 5529 Ita
3218 5477 3304 5527 ibi.
3332 5475 3466 5528 Obiit
3488 5478 3645 5526 autem
3662 5472 3784 5522 dicta

2199 5556 2276 5606 die
2299 5566 2426 5604 anno
2452 5552 2598 5602 1234.

2271 5658 2374 5722 (91)
2399 5656 2598 5718 Qualem
2618 5654 2764 5722 debet
2787 5652 3040 5716 episcopus
3064 5649 3432 5713 archiepiscopo
3451 5686 3463 5708 ,
3487 5643 3786 5698 Lincolnien.

2207 5727 2274 5777 sis
2298 5721 2657 5777 Cantuariensi.
