3938 6398
228 358 343 416 989

1653 357 1844 417 νιτΑ.
1890 384 1961 402 --
1998 359 2125 420 LIB.
2169 362 2261 421 III.

3442 370 3547 425 990

231 485 496 558 aspirant,
531 500 769 560 quonam
798 485 1061 543 virtutum
1090 502 1322 560 genere,
1373 485 1569 558 quibus
1621 484 1916 545 morumA
1948 485 2256 557 consilium,
2282 497 2483 562 quanto
2519 491 2696 562 major
2747 498 2881 559 erat,
2916 498 2967 548 et
2997 497 3198 564 quanto
3230 490 3301 546 ad
3337 491 3549 560 majora

234 575 461 642 divitiis,
490 583 543 631 et
575 576 774 648 quibus
799 575 1118 631 meritorum
1150 574 1437 646 stipendiis
1480 574 1659 631 virum
1680 573 1842 629 istum

240 664 590 721 antecedant.
624 665 729 720 [ste
760 671 812 719 et
840 664 1083 735 seipsum
1115 680 1148 719 a
1176 664 1496 720 vulneribus
1531 663 1841 717 indemnem

241 769 485 819 servare,
538 762 592 808 et
647 753 827 808 aliena
878 753 1110 807 vulnera
1166 768 1377 821 curare,
1436 761 1546 807 tam
1598 752 1843 823 perfecte

243 842 492 906 edoctus,
544 842 748 912 pabulo
802 856 1020 913 quoque
1068 841 1331 896 doctrinae
1385 842 1639 896 salutaris
1704 841 1843 896 adeo

246 932 523 1002 copiosus,
554 930 743 985 intimo
772 930 957 985 cordis
1012 929 1208 986 aﬂ'ectu
1238 927 1647 985 evidentissimo
1680 930 1844 985 etiam

243 1019 429 1091 operis
471 1018 673 1074 aﬂ‘ectu
723 1018 1049 1091 loquebatur
1081 1036 1094 1074 :
1134 1041 1155 1067 α
1191 1020 1314 1075 Non
1343 1035 1465 1074 sum
1492 1019 1759 1085 medicus,
1791 1027 1845 1075 et

1946 578 2375 645 conscendebat,
2409 588 2557 635 tanto
2586 596 2646 636 se
2691 579 2747 635 in
2790 579 3046 636 omnibus
3075 578 3411 636 humiliabat.
3445 580 3547 635 So-

1942 665 2098 722 litam
2132 668 2299 722 animi
2322 668 2651 741 gravitatem
2683 685 2807 725 cum
2844 669 3134 725 exterioris
3163 669 3339 725 cultus
3386 668 3544 738 abje-

1943 755 2123 811 ctione
2154 764 2453 824 retentans,
2486 758 2715 813 sedebat
2746 774 2945 830 equum
2973 772 3081 812 non
3101 756 3545 829 phalerisador-

1943 852 2151 911 natum,
2186 846 2285 900 sed
2319 854 2442 917 post
2507 846 2700 901 sellam
2758 853 3059 915 oneratum,
3110 846 3308 918 quibus
3348 846 3549 902 diurno

1943 940 2185 989 uteretur
2212 942 2456 1006 tempore
2488 944 2543 991 et
2588 942 2880 1002 nocturno,
2939 935 3163 1007 pellium
3194 943 3248 991 et
3290 949 3548 1006 sagorum

1943 1021 2244 1078 involucra.
2279 1022 2450 1095 [Cod.,
2486 1039 2745 1097 sagarum
2802 1023 3115 1096 involutus].
3148 1024 3227 1079 Ita
3270 1037 3395 1080 cum
3432 1023 3546 1078 suis

248 1107 304 1162 in
333 1107 501 1164 domo
532 1123 655 1163 mea
684 1122 796 1163 non
825 1115 907 1163 est
940 1106 1120 1178 panis,
1151 1106 1319 1163 nolite
1372 1123 1462 1163 me
1516 1107 1844 1164 constituere
1944 1110 2157 1166 clericis
2186 1127 2358 1183 equos
2390 1111 2728 1179 sedentibus,
2777 1111 2956 1167 aureis
2985 1112 3272 1169 decoratos
3319 1127 3544 1185 sagma-

243 1196 551 1269 principem
601 1196 790 1268 populi
839 1197 965 1265 (Isa.
1000 1211 1080 1262 tu,
1134 1198 1207 1265 7).
1237 1220 1259 1245 ιι
1293 1197 1513 1263 Verum,
1549 1211 1659 1268 quo
1687 1196 1845 1251 altius
1944 1198 2108 1266 tibus,
2150 1200 2353 1255 electus
2393 1201 2659 1256 Dominus
2706 1200 3023 1273 equitabat;
3054 1199 3162 1255 illis
3209 1200 3362 1256 varia
3390 1216 3544 1256 scru-

244 1284 531 1357 prOprium
550 1284 607 1340 in
627 1284 881 1340 omnibus
901 1285 1217 1341 attendebat
1237 1285 1322 1343 vir
1340 1285 1530 1341 beatus
1549 1285 1840 1352 defectum,
1944 1288 2183 1344 tantibus
2205 1296 2342 1356 arte,
2380 1305 2535 1345 suam
2556 1290 2606 1345 ei
2642 1289 2969 1346 sarcinulam
2999 1289 3234 1357 auferre,
3258 1296 3309 1345 et
3360 1289 3544 1345 feren-

246 1389 314 1430 eo
343 1373 666 1429 cumulatius
697 1373 898 1430 divinae
932 1373 1282 1445 plenitudinis
1335 1373 1623 1445 percipere
1650 1374 1848 1429 meruit
1944 1377 2069 1432 dam
2102 1377 2216 1433 suis
2261 1378 2551 1452 sagmariis
2596 1378 2900 1450 imponere.
2932 1378 3158 1446 Verum,
3188 1392 3314 1435 cum
3351 1378 3421 1433 ab
3475 1393 3544 1435 eo

251 1463 710 1534 supplementum,
741 1462 874 1517 illud
910 1462 1164 1518 Doctoris
1205 1462 1448 1534 gentium
1507 1463 1841 1518 decantans:
1944 1482 2124 1538 neque
2154 1466 2334 1533 seriis,
2366 1474 2425 1523 ut
2451 1467 2558 1524 hoc
2584 1466 2938 1539 permitteret,
2987 1483 3165 1539 neque
3188 1466 3316 1536 joco
3362 1473 3544 1522 extor-

256 1572 279 1602 α
314 1552 460 1618 Non,
495 1551 641 1623 quod
699 1550 1029 1607 suﬁicientes
1071 1550 1241 1606 simus
1296 1551 1533 1622 cogitare
1578 1551 1783 1623 aliquid
1813 1567 1846 1607 a
1946 1550 2102 1622 queri
2163 1551 2429 1622 potuisset
2474 1552 2724 1623 (cavebat
2760 1567 2998 1624 namque
3048 1558 3173 1608 ante
3206 1550 3413 1623 gradus
3442 1567 3541 1606 su-

247 1639 429 1706 nobis,
483 1639 636 1712 quasi
691 1655 759 1695 ex
813 1638 1007 1706 nobis;
1041 1640 1139 1695 sed
1197 1638 1519 1695 sufﬁcientia
1563 1646 1752 1695 nostra
1781 1655 1846 1695 ex
1946 1639 2217 1695 blimioris
2246 1654 2641 1708 conscensum,
2674 1639 3071 1697 observationis
3107 1639 3350 1711 pristinae
3384 1654 3543 1695 usum

248 1729 369 1783 Deo
398 1735 481 1783 est
510 1729 601 1798 (II.
639 1728 760 1783 Cor.
804 1743 886 1794 ιιι,
918 1728 993 1797 5).
1030 1747 1053 1779 ι
1086 1726 1226 1796 Quia
1248 1744 1382 1785 vero
1408 1744 1521 1784 non
1550 1743 1583 1783 a
1612 1744 1691 1793 se,
1751 1728 1850 1783 sed
1946 1728 2228 1784 obmittere
2258 1728 2345 1784 vel
2387 1736 2598 1784 mutare
2646 1728 3222 1801 quantulumcunque),
3253 1727 3332 1782 illi
3358 1728 3542 1783 animo

246 1832 278 1871 a
307 1818 425 1872 Deo
455 1816 560 1871 sibi
591 1817 728 1872 hanc
759 1815 1133 1872 sufﬁcientiam
1162 1832 1286 1873 esse
1314 1817 1541 1884 sciebat,
1577 1817 1748 1872 noluit
1776 1818 1844 1873 de
1873 1845 1925 1905 B
1948 1815 2202 1872 saeculari
2252 1816 2727 1873 confundebantur
2761 1816 2969 1873 rubore
3015 1814 3326 1872 vehementi
3353 1815 3409 1869 in
3436 1816 3543 1872 hu-

246 1906 427 1962 alieno
456 1905 803 1961 commodato
834 1913 926 1960 aut
956 1906 1119 1961 etiam
1162 1907 1289 1962 dato
1346 1906 1699 1973 insolescere,
1749 1923 1846 1962 ne-

248 2011 356 2066 que
387 1995 443 2049 in
471 1995 687 2066 magnis
744 1994 1046 2061 ambulare,
1081 1995 1179 2050 sed
1209 2012 1332 2051 sese
1361 1997 1649 2052 attendens
1677 1996 1731 2051 in
1762 2012 1841 2061 se,

250 2084 397 2138 dona
425 2099 558 2138 vero
591 2083 710 2149 Dei,
744 2100 867 2154 qua:
893 2084 1255 2154 percipiebat,
1290 2101 1453 2156 supra
1485 2101 1566 2152 se,
1597 2085 1847 2140 ultimum

246 2179 358 2228 tota
383 2172 584 2227 mentis
606 2171 896 2228 affectione
922 2171 980 2227 in
1007 2172 1396 2229 ecclesiasticis
1427 2173 1627 2245 nuptiis
1655 2182 1845 2231 tenere

241 2260 500 2317 studebat
545 2260 745 2317 locum.
780 2261 832 2315 Is
879 2268 1088 2329 autem,
1125 2261 1218 2333 qui
1260 2278 1385 2317 eum
1436 2262 1751 2335 segregavit
1778 2280 1845 2319 ex

238 2356 400 2405 utero
426 2349 615 2404 matris
644 2364 793 2419 suae,
829 2356 883 2405 et
910 2350 1127 2405 vocavit
1157 2365 1258 2422 per
1287 2350 1523 2424 gratiam
1579 2366 1756 2419 suam,
1788 2359 1847 2407 ut

1944 1906 2171 1961 militate
2202 1905 2493 1977 spiritualis
2530 1904 2654 1960 viri.

2017 1994 2150 2049 Cum
2176 2010 2306 2050 vero
2350 1993 2851 2049 Winthoniensium
2908 1993 3021 2064 (93)
3077 1992 3546 2066 appropinquaret

1944 2082 2169 2150 civitati,
2192 2082 2284 2137 ubi
2314 2090 2367 2137 et
2405 2082 2560 2156 regia
2589 2082 2667 2137 illi
2689 2082 2889 2137 familia
2919 2090 2973 2138 et
3001 2082 3202 2138 civium
3248 2097 3545 2139 occursuro.

1950 2179 2068 2228 erat
2098 2170 2421 2243 frequentia,
2446 2171 2668 2244 quidam
2696 2187 2763 2226 ex
2818 2170 2955 2242 ipsis
3011 2170 3228 2226 clericis
3282 2186 3547 2228 verecun.

1943 2261 2092 2315 diam
2136 2275 2247 2316 non
2305 2259 2490 2316 ferens
2533 2260 2718 2315 cordis
2769 2259 2854 2315 sui
2905 2259 3052 2326 vani,
3078 2259 3370 2331 amputatis
3398 2260 3545 2316 clam

1943 2349 2074 2405 loris
2102 2349 2299 2422 quibus
2329 2348 2473 2420 pelle
2502 2347 2907 2421 astringebatur
2925 2347 3201 2405 sarcinula
3220 2355 3541 2416 memorata,

239 2455 345 2510 per
372 2453 499 2494 eum
530 2436 866 2511 gloriﬁcaret
913 2454 1115 2494 nomen
1145 2455 1304 2495 suum
1334 2440 1390 2494 in
1435 2439 1622 2496 multis
1661 2439 1844 2513 genti-
1943 2438 2133 2509 praedo
2201 2436 2431 2495 efﬁcitur
2492 2437 2840 2508 improvisus,
2914 2436 3156 2509 spolians
3208 2437 3546 2494 nescientem

240 2527 363 2594 bus,
427 2525 743 2583 invitatione
797 2527 1072 2582 amicabili
1121 2544 1245 2584 eum
1310 2529 1542 2600 cogebat
1591 2528 1844 2601 superius
1944 2543 2136 2593 onere,
2171 2527 2318 2599 quod
2346 2525 2575 2582 ferebat.
2613 2525 2940 2582 Perveniens
2979 2526 3198 2582 tandem
3226 2524 3542 2593 Londoniis,

241 2615 568 2683 ascendere,
600 2631 712 2687 quo
740 2615 809 2671 de
841 2615 1161 2672 sufficientia
1222 2617 1432 2673 caelitus
1487 2617 1594 2673 sibi
1648 2617 1843 2674 collata
1943 2617 1999 2672 in
2028 2616 2119 2671 die
2150 2615 2290 2671 festo
2322 2615 2437 2686 (94)
2468 2615 2610 2671 beati
2658 2614 2895 2671 Matthtei
2955 2615 3328 2688 evangelista,
3377 2614 3546 2672 bene-

249 2704 537 2762 conservis
566 2704 700 2773 suis,
733 2704 891 2761 daret
920 2705 1098 2762 cibum
1131 2706 1185 2761 in
1216 2714 1482 2778 tempore.

848 2866 1093 2924 CAPUT.
1142 2869 1205 2924 V.

246 3011 504 3082 Qualiter
557 3011 783 3083 nuntiis
813 3027 847 3065 a
880 3009 1181 3067 Carthasia
1229 3013 1517 3083 regressis,
1552 3013 1845 3070 vocatione

303 3084 432 3154 jam
461 3083 635 3138 tertia
663 3082 730 3136 de
750 3082 908 3138 domo
935 3098 1039 3137 sua
1068 3084 1228 3138 exire
1271 3082 1620 3153 compulsus,
1652 3100 1846 3139 versus

313 3154 636 3210 Londinum
663 3167 765 3224 pro
794 3156 1220 3209 consecratione
1242 3155 1569 3225 recipienda
1599 3170 1657 3209 se
1690 3159 1844 3211 tran-

313 3227 561 3351 γενεῆς,
585 3225 750 3280 illam
776 3225 1027 3279 nondum
1061 3227 1152 3281 sui
1200 3225 1418 3281 ordinis
1450 3227 1841 3283 humilitatem

351 3296 561 3350 eseruit
590 3313 609 3349 :
638 3296 773 3351 auin
804 3295 993 3351 potius
1024 3300 1147 3351 post
1164 3297 1369 3351 sellam
1398 3298 1699 3351 equitando
1726 3315 1841 3351 sar-

351 3296 561 3369 eseruit
590 3296 773 3369 :_quin
800 3295 993 3369 potius
1020 3300 1147 3367 post
1164 3297 1369 3351 sellam
1398 3298 1699 3369 equitando
1726 3315 1842 3353 sar-

313 3367 571 3439 cinulam
600 3365 866 3439 deferret,
899 3367 962 3421 in
1010 3365 1114 3439 sua
1167 3365 1591 3425 consecratione
1619 3386 1653 3425 α
1682 3370 1840 3439 regia

313 3437 712 3507 muniﬁcentia
745 3437 1060 3507 largissime
1093 3437 1423 3495 honOratus.

308 3580 494 3636 Trium
524 3580 707 3652 itaque
749 3579 1021 3635 mensium
1051 3581 1165 3652 (92)
1197 3581 1387 3653 elapso
1418 3589 1661 3654 tempore
1686 3598 1720 3638 a
1751 3584 1840 3640 die

238 3668 522 3726 electionis
568 3685 681 3724 suae
710 3667 919 3740 primae,
951 3669 1149 3742 legatis
1179 3686 1326 3742 saepe
1357 3670 1518 3727 dictis
1568 3672 1840 3743 regressis

245 3773 279 3814 a
309 3758 614 3829 Carthusia,
647 3757 935 3816 vocatione
960 3759 1072 3829 jam
1114 3760 1277 3815 tertia
1313 3760 1660 3832 compellitur
1688 3761 1840 3817 exire

237 3848 308 3904 de
338 3848 499 3903 domo
529 3864 646 3916 sua,
678 3850 771 3921 qui
801 3850 1005 3905 dudum
1040 3865 1295 3921 egressus
1317 3848 1491 3905 fuerat
1519 3850 1589 3905 de
1608 3857 1756 3905 terra
1785 3859 1840 3906 et

236 3937 308 3992 de
337 3937 666 4009 cognatione
695 3953 815 3993 sua.
858 3938 1159 4011 Egreditur
1190 3953 1323 4010 ergo
1365 3939 1437 3993 ad
1489 3939 1839 4010 pontificialis

240 4026 649 4097 percipiendam
676 4026 1106 4083 consecrationis
1123 4026 1578 4083 benedictionem.
1594 4028 1837 4101 Pergens

236 4130 370 4170 vero
386 4115 455 4170 ad
474 4115 879 4186 suscipiendum
904 4122 1180 4171 tantorum
1201 4131 1554 4172 successuum
1576 4116 1833 4185 culmina,

237 4202 555 4259 humilitatis
574 4204 685 4259 ima
713 4204 937 4260 minime
992 4204 1306 4260 deserebat.
1349 4204 1645 4276 Complens
1691 4205 1835 4262 enim

235 4307 405 4364 opere
432 4293 578 4365 quod
606 4308 827 4365 semper
854 4293 1113 4350 volvebat
1141 4293 1197 4349 in
1226 4293 1414 4361 corde,
1445 4293 1548 4349 viri
1577 4293 1837 4366 sapientis

307 4470 419 4538 (92)
445 4473 595 4524 Facta
618 4473 779 4537 prima
804 4473 853 4524 in
877 4473 1178 4535 Eyneshaim
1225 4472 1462 4526 electione
1497 4473 1595 4525 itur
1634 4474 1683 4525 in
1721 4475 1837 4525 Wi-

1945 2705 2181 2762 dictione
2214 2711 2572 2760 consecratus
2629 2702 2948 2775 pontiﬁcali,
3015 2703 3195 2760 ordini
3241 2703 3544 2775 apostolico

1945 2794 2015 2849 ad
2044 2792 2534 2867 evangelizandum
2562 2791 2896 2864 pauperibus
2930 2792 3254 2866 dignissime
3283 2792 3541 2849 sociatur.

1943 2884 2059 2939 Rex
2088 2883 2201 2953 (95)
2232 2889 2411 2937 autem
2467 2881 2864 2955 congratulans
2921 2882 3032 2938 voti
3062 2881 3145 2937 sui
3201 2881 3346 2938 circa
3387 2880 3536 2937 illius

1944 2972 2344 3043 promotionem
2372 2988 2432 3027 se
2457 2978 2765 3043 compotem
2797 2969 3051 3028 effectum
3091 2969 3294 3043 gaudio
3335 2969 3546 3044 gestie-

1944 3061 2034 3116 bat
2060 3060 2289 3116 inﬁnito.
2340 3060 2576 3116 Contulit
2608 3074 2826 3133 quoque
2882 3060 2933 3116 ei
2960 3059 3286 3116 liberalitate
3319 3057 3544 3115 muniti-

1945 3149 2257 3205 centissima
2296 3164 2431 3205 vasa
2463 3149 2709 3221 quadam
2759 3164 2941 3216 aurea,
2982 3148 3152 3205 multa
3208 3163 3425 3221 quoque
3454 3162 3558 3204 are

1940 3241 2160 3306 gentea,
2192 3241 2245 3290 et
2273 3233 2429 3291 varia
2475 3233 2643 3289 etiam
2674 3233 2730 3288 in
2751 3250 2884 3289 usus
2911 3249 3157 3307 quosque
3199 3232 3545 3289 necessarios

1939 3322 2210 3391 utensilia,
2256 3322 2521 3391 adjiciens
2575 3321 2634 3377 in
2666 3330 2917 3394 sumptus
2972 3322 3319 3380 celebranda
3345 3321 3545 3379 solem-

1938 3412 2121 3468 nitatis
2158 3411 2416 3469 universe
2443 3410 2669 3484 copiose
2709 3410 3003 3485 impendia.

2546 3599 2792 3657 CAPUT.
2838 3599 2931 3656 VI.

1942 3732 2666 3806 Qualiterineathedratus
2696 3733 3227 3806 apudiLincolniam
3255 3730 3541 3790 archidia-

2010 3822 2169 3889 cono_
2189 3804 2594 3889 Cantuariensi
2620 3804 2993 3889 responderit,
3016 3808 3295 3889 quantum
3309 3820 3415 3889 pro
3435 3806 3545 3861 mi-

2012 3882 2104 3933 tra
2134 3877 2389 3940 dederat,
2422 3879 2650 3932 tantum
2669 3875 2724 3932 ei
2739 3891 2841 3947 pro
2861 3875 3133 3932 cathedra
3161 3892 3218 3932 se
3247 3875 3539 3947 daturum.

2018 3948 2279 4020 Qualiter
2309 3950 2504 4020 etiam
2532 3946 2891 4019 responderit
2933 3947 3295 4020 procuratori
3346 3946 3547 4020 domus

2009 4036 2131 4075 suae
2165 4019 2232 4073 de
2262 4018 2676 4090 capiendarum
2722 4018 2962 4075 numero
3000 4019 3301 4074 damarum
3332 4036 3351 4073 :
3380 4022 3438 4074 et
3477 4018 3544 4090 de

2009 4092 2130 4165 avis
2156 4088 2606 4165 apud'Stozoam
2652 4090 3072 4165 mirabilitate,
3121 4105 3289 4165 quam
3333 4089 3540 4149 retulit

2009 4159 2442 4216 archidiaconus
2472 4160 2815 4217 Menevensis
2841 4161 2977 4232 (96).

2008 4299 2419 4357 lncathedratus
2449 4306 2635 4356 autem
2661 4299 2719 4355 in
2749 4299 2984 4358 ecclesia
3014 4315 3131 4369 sua,
3164 4300 3542 4361 Cantuariensi

1938 4476 2045 4527 vult
2067 4474 2277 4526 Pitseus.
2302 4474 2509 4526 Unicum
2531 4474 2662 4526 enim
2677 4475 2948 4527 Brecbinia:
2972 4476 3417 4528 archidiaconatum
3457 4475 3544 4527 Gi-

238 4540 378 4633 tham
405 4552 779 4633 propgnsensu,
806 4553 866 4618 es
890 4542 1109 4633 “ginem
1145 4552 1232 4603 pro
1257 4540 1412 4633 altera
1448 4540 1683 4633 electione
1727 4543 1913 4633 hin-1)
1939 4543 2127 4619 raldum
2150 4542 2437 4633 obtinuisse,
2463 4542 2684 4619 quamvis
2717 4542 2788 4633 “ab
2829 4542 3035 4594 ecclesia
3069 4543 3343 4620 cathedrali.
3376 4544 3539 4622 idene-

240 4606 471 4674 colniam,
500 4606 615 4658 inde
657 4620 822 4658 rursus
847 4608 895 4657 in
919 4607 1160 4668 Witham,
1190 4619 1249 4657 ex
1275 4607 1496 4674 Witham
1541 4607 1603 4657 ad
1632 4606 1913 4660 ϐατίδα-ν
1940 4610 2100 4660 vensis
2125 4608 2497 4659 archidiaconus
2520 4609 2571 4659 in
2616 4609 2923 4674 pontiﬁcum,
2967 4622 3134 4672 regum
3171 4622 3227 4660 ac
3267 4610 3346 4660 sui
3390 4610 3541 4673 ipsius

233 4674 361 4724 siam
387 4665 641 4737 majorem,
670 4677 719 4725 et
742 4674 853 4724 inde
875 4673 1061 4724 reditur
1082 4665 1171 4737 pro
1196 4673 1446 4723 vocatione
1478 4673 1582 4735 jam
1618 4676 1764 4725 tertia
1789 4676 1838 4727 in

234 4741 476 4796 Witham.
520 4744 569 4792 et
594 4753 652 4791 ex
675 4741 898 4791 Witham
920 4738 1188 4790 Londinum
1224 4752 1313 4805 pro
1347 4742 1736 4793 consecratione.
1763 4744 1839 4794 Au

232 4807 341 4858 haec
363 4808 491 4925 illlltl‘a
533 4808 680 4859 trium
706 4807 945 4859 mensium
970 4806 1221 4870 angustias
1244 4808 1493 4871 potuerint
1527 4808 1717 4873 perﬁci,
1756 4822 1840 4861 an-

237 4885 350 4937 ceps
409 4886 556 4926 aereo.

300 4958 407 5023 (93)
432 4959 525 5011 Ubi
550 4960 847 5013 cathedralis
872 4958 1098 5010 ecclesia.
1125 4960 1194 5011 De
1218 4972 1313 5023 qua
1338 4960 1476 5022 plura
1496 4959 1551 5015 in
1571 4962 1837 5014 Monastico

235 5026 520 5145 Angelano,
547 5028 631 5078 t.l
677 5040 726 5092 p.
776 5028 862 5089 Si,
904 5030 955 5079 et
1000 5026 1308 5077 alabillonius
1348 5030 1471 5078 tom.
1520 5027 1584 5078 lll
1626 5030 1827 5095 Annal.,

233 5106 284 5158 p.
413 5130 427 5145 .

296 5179 403 5246 (94)
431 5180 500 5231 De
523 5180 602 5232 die
627 5179 924 5232 conveniunt
946 5190 1136 5243 omnes,
1162 5190 1263 5231 non
1288 5179 1404 5231 item
1428 5178 1488 5232 de
1511 5193 1667 5233 anno.

229 5262 402 5382 ab(i915)
421 5265 689 5383 ἑῶᾝξὶιυιο
713 5277 802 5316 rex
825 5263 982 5316 adfuit
1002 5264 1381 5330 consecrationi,
1405 5267 1492 5317 aut
1530 5277 1626 5317 non
1665 5267 1835 5331 procul

370 5347 396 5382 a
581 5368 596 5383 .

370 5347 396 5382 ii
421 5347 596 5383 aDIIIII.

294 5414 401 5480 (96)
430 5415 821 5468 Archidiaconus
867 5416 1197 5477 Menevensis,
1238 5416 1465 5469 Gil-aldus
1496 5417 1830 5483 Cambrensis,

229 5484 283 5549 ξ.
310 5484 497 5547 Hugoni
523 5488 816 5547 coretaneus,
844 5496 988 5546 quem
1031 5483 1267 5533 Henricus
1291 5484 1593 5534 Whartonus
1628 5485 1679 5535 in
1714 5499 1837 5549 pra:-

225 5547 411 5601 l’atione
436 5550 498 5601 ad
522 5554 651 5614 pait.
674 5564 706 5600 ιι
729 5551 913 5613 Anglia:
938 5563 1111 5613 sacrae,
1139 5562 1189 5611 p.
1217 5550 1303 5612 20,
1330 5562 1426 5600 non
1452 5550 1688 5602 inutiliter
1715 5547 1834 5603 mo-

225 5621 312 5667 net
357 5617 512 5668 fuisse
568 5617 967 5668 archidiaconum
1038 5616 1435 5667 Brechiniensem
1498 5618 1548 5666 in
1611 5618 1832 5671 Ecclesia

224 5684 523 5748 Menevensi,
548 5695 646 5735 non
672 5685 945 5735 Brecliinia:
968 5695 1027 5734 ac
1045 5682 1298 5746 Menevim,
1319 5683 1443 5745 quod
1468 5683 1642 5734 Baleus
1659 5686 1829 5749 habet,

219 5763 311 5803 nec
360 5751 522 5815 primo
573 5752 1012 5814 Brecnoccensem,
1063 5752 1233 5816 postea
1282 5751 1654 5814 Menevensem,
1704 5752 1829 5820 quod

1937 4677 2118 4728 litteris
2145 4676 2323 4739 saepius
2345 4675 2615 4741 appellatus
2638 4677 2722 4729 sit.
2769 4678 2920 4727 Porro
2956 4676 3003 4726 in
3054 4677 3208 4727 citata
3245 4676 3431 4738 Anglia:
3467 4690 3545 4727 sa-

1938 4756 2036 4795 crm
2060 4745 2199 4806 parte
2223 4756 2251 4793 a
2277 4755 2388 4806 pag.
2416 4744 2516 4793 410
2543 4748 2705 4795 exstat
2727 4740 2920 4795 Giraldi
2945 4743 3070 4794 liber
3093 4744 3166 4793 De
3200 4743 3316 4794 vitis
3354 4744 3540 4806 episco-

1930 4824 2107 4874 porum
2131 4810 2568 4871 Lincolniensium,
2596 4814 2645 4861 et
2669 4824 2697 4861 a
2723 4822 2837 4875 pag.
2857 4808 2975 4872 420,
3005 4808 3221 4872 ejusdem
3248 4809 3421 4870 copula
3460 4813 3536 4862 ter

1936 4878 2153 4940 gemina,
2179 4890 2265 4928 seu
2286 4877 2412 4928 liber
2434 4879 2507 4927 De
2533 4876 2658 4928 Vitis
2679 4890 2769 4929 sea:
2791 4878 3129 4940 episcoporum
3163 4883 3535 4929 cowtaneorum.

1936 4945 2207 5007 Utrobique
2254 4945 2445 5007 magnis
2487 4944 2711 4995 laudibus
2757 4946 3008 5007 nugonem
3048 4947 3268 4995 nostrum
3314 4944 3541 4997 Giraldus

1937 5013 2173 5073 celebrat,
2198 5012 2286 5062 sed
2328 5012 2593 5063 historiam
2631 5012 2790 5063 Oloris
2813 5016 3001 5063 tantum
3026 5011 3075 5062 in
3095 5012 3348 5075 posteriori
3388 5022 3539 5075 opere

1933 5091 1985 5142 p.
2012 5080 2107 5130 431
2136 5083 2187 5128 et
2209 5091 2314 5142 seq.
2340 5079 2541 5130 totidem
2578 5079 2682 5130 fere
2712 5078 2877 5131 verbis
2905 5082 3023 5141 quot
3060 5082 3229 5130 auctor
3272 5079 3397 5130 Vita:
3417 5079 3537 5130 des-

1934 5146 2098 5198 cribit.
2125 5146 2257 5197 idem
2282 5145 2510 5197 Glraldus
2534 5146 2584 5197 in
2621 5147 2840 5210 catalogo
2875 5150 2975 5197 tam
3014 5145 3204 5208 fusiori,
3230 5157 3376 5209 quam
3416 5145 3536 5197 bre-

1933 5214 2056 5265 viori
2078 5212 2313 5265 librorum
2337 5224 2551 5274 suorum,
2578 5225 2630 5276 p.
2652 5214 2751 5264 442
2797 5216 2848 5266 et
2886 5213 2988 5263 445
3034 5216 3245 5264 testatur
3283 5225 3339 5264 se
3385 5212 3536 5265 etiam

1933 5281 2186 5345 scripsisse
2214 5300 2235 5323 ι
2265 5280 2424 5331 Vitam
2452 5282 2506 5332 S.
2532 5280 2772 5345 Hugonls,
2798 5279 2954 5344 quinti
2978 5283 3089 5343 post
3112 5279 3407 5342 Remigium,
3440 5278 3536 5332 loci

1931 5347 2175 5411 ejusdem,
2202 5362 2223 5395 ι
2256 5347 2443 5399 scilicet
2465 5347 2824 5398 Lincolniensis
2856 5367 2879 5390 ι
2905 5347 3159 5398 antistitis.
3186 5362 3207 5394 ι
3234 5348 3329 5398 Sed
3354 5347 3461 5397 haec
3483 5346 3537 5398 in

1933 5414 2106 5478 Anglia
2127 5426 2268 5465 sacra
2290 5425 2528 5476 nusquam
2552 5418 2823 5477 comparet,
2849 5426 2943 5465 uec
2969 5412 3051 5463 ubi
3094 5413 3331 5477 hodieque
3353 5415 3534 5477 exstet,

1931 5481 1982 5532 in
2021 5481 2305 5544 praefatione
2351 5480 2567 5543 generali
2603 5481 2834 5532 observat
2874 5481 3199 5531 Whartonus.
3241 5481 3385 5531 Forte
3427 5480 3536 5531 haec

1929 5548 2148 5612 Hugonis
2170 5548 2284 5598 Vita
2308 5548 2370 5598 ab
2395 5547 2583 5611 elogiis,
2610 5546 2770 5598 eidem
2794 5560 2824 5597 a
2847 5546 3045 5597 Giraldo
3077 5547 3127 5597 in
3169 5546 3389 5611 praelatis
3409 5545 3536 5597 duo-

1929 5614 2021 5665 bus
2044 5614 2287 5678 opusculis
2309 5617 2388 5664 sat
2420 5614 2556 5677 large
2589 5613 2809 5675 tributis,
2835 5613 3028 5665 diversa
3057 5625 3153 5667 non
3176 5616 3272 5679 est,
3297 5612 3529 5679 quidquid

1931 5682 2065 5734 aliud
2089 5682 2291 5733 innuere
2316 5680 2467 5734 verba
2493 5678 2680 5733 Giraldi
2705 5679 2992 5733 videantur.
