3938 6404
381 353 477 405 991

1252 348 1308 404 S.
1352 346 1666 404 HUGONIS
1703 345 1923 405 EPISC.
1965 346 2289 405 LINCOLN.
2330 348 2493 407 0RD.
2536 346 2783 407 CARTH.

3581 355 3687 412 992

387 472 774 530 archidiacone
805 472 1047 528 solemne
1069 487 1134 528 ex
1164 487 1317 528 more
1374 472 1663 527 donarium
1691 472 1987 544 postulanti
2005 474 2064 536 A‘
2088 475 2434 544 pascebatur,
2494 484 2653 547 caput
2705 492 2828 533 cum
2885 477 3012 533 colli
3068 477 3404 550 longitudine
3464 484 3576 534 tota
3623 478 3683 535 in

390 562 463 617 ita
492 562 846 633 respondisse
889 560 1059 617 fertur
1096 569 1148 616 et
1201 561 1541 632 dignoscitur
1575 579 1586 617 :
1626 585 1647 609 α
1688 562 1984 629 Quantum,

389 650 581 723 inquit,
618 666 716 721 pro
749 650 906 705 mitra
944 649 1091 715 dedi,
1124 657 1329 705 tantum
1362 666 1465 705 nec
1487 650 1722 720 amplius
1753 666 1854 721 pro
1891 666 1990 705 ca-

390 739 581 794 thedra
609 738 774 794 dabo.
807 759 829 789 ›
867 740 1210 811 Suggerente
1242 755 1373 794 vero
1405 748 1762 810 procuratore
1794 739 1990 793 domus

394 844 526 893 suae,
586 843 749 899 quem
809 827 909 881 sibi
963 827 1279 898 providerat
1308 844 1421 895 rex,
1470 837 1723 898 oportere
1770 842 1893 881 eum
1924 843 1989 882 ex

392 915 626 972 damulis
657 916 792 984 suis,
825 916 880 970 in
930 916 1069 970 saltu
1101 931 1201 972 suo
1248 916 1491 981 inclusis,
1530 918 1833 987 aliquautas
1868 916 1991 985 capi

391 1006 460 1061 ad
488 1004 735 1061 solemne
763 1004 1075 1061 convivium
1133 1005 1547 1060 instaurandum
1575 1024 1588 1069 ;
1621 1022 1721 1060 nec
1754 1004 1837 1059 fas
1866 1020 1990 1059 esse

391 1093 579 1165 plures
608 1108 772 1165 quam
796 1093 1050 1163 jussisset
1072 1094 1189 1165 ipse
1223 1093 1613 1164 comprehendi
1649 1109 1660 1148 :
1698 1113 1721 1143 ι
1756 1094 1990 1149 Trecen-

390 1190 479 1248 ιω,
538 1182 732 1254 inquit,
783 1182 1083 1254 capiantur,
1145 1197 1265 1248 nec,
1296 1183 1343 1237 si
1391 1182 1646 1238 videbitis
1704 1182 1985 1251 expedire,

390 1285 620 1327 numero
650 1270 775 1327 huic
810 1271 1050 1341 adjicere
1080 1270 1358 1326 dubitetis.
1404 1294 1425 1319 ν»
1463 1270 1621 1338 Quod
1651 1271 1720 1324 ab
1750 1286 1815 1326 eo
1841 1271 1990 1338 juxta

391 1360 575 1417 cordis
605 1359 689 1415 sui
715 1358 1177 1433 magnificentiam
1210 1359 1526 1430 simpliciter
1544 1359 1838 1431 prolatum,
1873 1359 1991 1431 regi

391 1456 444 1504 et
470 1448 785 1514 curialibus,
820 1448 1016 1519 quibus
1048 1463 1227 1504 sermo
1274 1448 1523 1513 innotuit,
1584 1447 1637 1501 in
1689 1447 1989 1515 jucundum

391 1552 610 1593 versum
640 1544 724 1592 est
763 1536 1134 1607 proverbium.

463 1624 880 1680 Celebrantibus
909 1625 1077 1697 igitur
1113 1624 1323 1681 cunctis
1360 1625 1504 1697 apud
1563 1624 1893 1679 Lincolniam
1936 1623 1991 1677 in

393 1729 605 1769 summa
634 1712 818 1769 cordis
844 1713 1030 1769 laetitia
1058 1712 1203 1768 diem
1231 1712 1428 1768 festum
1475 1728 1575 1783 pro
1606 1714 1841 1768 adventu
1872 1726 1989 1767 cce-

390 1802 519 1857 litus
559 1801 664 1856 sibi
722 1802 974 1856 destinati
1021 1802 1271 1867 rectoris,
1308 1802 1506 1856 Christi
1536 1800 1847 1872 benignitas
1878 1815 1986 1855 non
2007 1831 2060 1893 B

394 1890 559 1962 longe
588 1904 621 1944 a
648 1889 865 1945 civitate
896 1890 1015 1961 ipsa
1058 1890 1216 1963 signo
1274 1888 1511 1945 evidenti
1569 1890 1834 1959 valdeque
1865 1904 1985 1943 me-

393 1978 647 2034 morabili
677 1978 795 2033 visa
825 1986 909 2033 est
934 1977 1187 2049 primitus
1217 1978 1487 2032 allusisse.
1507 1978 1589 2032 Eo
1620 1993 1857 2047 namque
1878 1977 1985 2037 die.

394 2066 481 2123 vel
511 2065 726 2122 circiter
755 2066 930 2137 ipsum
978 2067 1247 2138 proximo,
1298 2082 1406 2137 quo
1454 2066 1597 2137 apud
1655 2065 1988 2121 Lincolniam

394 2154 574 2226 primo
616 2162 903 2225 susceptus
961 2154 1059 2210 fuit
1112 2155 1273 2227 Hugo
1317 2154 1607 2224 epiSCOpus
1639 2161 1691 2209 et
1747 2154 1989 2210 incathe-

395 2244 604 2309 dratus,
672 2243 817 2314 apud
873 2243 1171 2298 Manerium
1231 2244 1345 2313 (97)
1430 2243 1599 2313 ipsius
1664 2242 1817 2313 quasi
1891 2258 1991 2311 per

396 2339 518 2389 octo
564 2330 818 2387 milliaria
871 2332 942 2387 ob
991 2332 1127 2386 urbe
1179 2330 1545 2387 Lincolniensi
1584 2330 1811 2399 distans,
1838 2330 1990 2397 juxta

391 2419 629 2477 Stowam
648 2419 784 2491 (98),
815 2419 970 2475 silvis
999 2426 1053 2475 et
1084 2420 1292 2491 stagnis
1310 2418 1707 2474 delectabiliter
1727 2418 1988 2486 obsitum,

396 2506 517 2565 olor
546 2522 721 2563 novus
744 2514 794 2563 et
845 2522 1127 2579 nunquam
1180 2508 1255 2563 ibi
1330 2514 1454 2563 ante
1501 2507 1650 2561 visus
1696 2505 1987 2571 advolavit,

395 2596 487 2668 qui
511 2595 648 2651 infra
677 2611 880 2668 paucos
909 2597 1046 2666 dies,
1083 2612 1305 2668 cycnos,
1356 2612 1493 2668 quos
1547 2595 1749 2650 ibidem
1788 2593 1992 2665 reperit

394 2684 599 2756 plures,
648 2684 792 2741 mole
834 2701 947 2740 suae
999 2684 1392 2756 magnitudinis
1448 2700 1642 2739 omnes
1696 2683 1986 2753 oppressit,

394 2787 504 2832 uno
531 2780 739 2830 tantum
795 2772 1017 2830 feminei
1064 2789 1225 2828 sexus
1263 2773 1334 2827 ad
1365 2772 1639 2828 societatis
1713 2770 1987 2836 solatium,

393 2878 503 2918 non
559 2862 632 2917 ad
700 2861 1043 2918 fecunditatis
1094 2868 1451 2932 augmentum
1515 2867 1815 2915 reservato.
1860 2859 1993 2913 Erat

393 2951 538 3007 enim
569 2958 716 3006 tanto
744 2950 861 3006 fere
890 2965 1064 3022 cycno
1094 2949 1384 3013 robustior,
1418 2956 1625 3019 quanto
1672 2962 1877 3017 cycnus
1910 2953 1994 3002 est

395 3052 589 3096 ansere
615 3040 828 3109 major;
858 3053 1032 3110 cycno
1062 3046 1242 3092 tamen
1271 3037 1326 3091 in
1356 3037 1607 3092 omnibus
1637 3044 1686 3091 et
1717 3034 1994 3106 praecipue

396 3128 454 3183 in
484 3127 670 3184 colore
699 3134 754 3183 et
782 3126 1015 3183 candore
1035 3124 1321 3182 sublimior
1353 3140 1364 3178 :
1400 3132 1601 3196 praeter
1640 3124 1992 3196 quantitatem

398 3216 564 3273 etiam
622 3216 679 3272 in
733 3216 836 3272 hoc
884 3215 1140 3280 distabat,
1176 3213 1321 3286 quod
1381 3187 1675 3269 tumorem'
1705 3212 1760 3266 in
1817 3187 2064 3267 rostroo

397 3314 563 3378 atque
597 3304 939 3376 nigredinem
1003 3318 1153 3359 more
1220 3318 1514 3373 cycnorum
1562 3318 1671 3358 non
1731 3300 1994 3372 praefere-

396 3396 519 3461 bat;
553 3394 684 3467 quin
711 3394 821 3449 imo
867 3393 1048 3450 locum
1104 3393 1358 3450 eumdem
1394 3391 1560 3447 rostri
1600 3391 1838 3462 planum,
1872 3405 1996 3446 cro-

399 3500 607 3557 ceoque
653 3483 912 3539 decenter
954 3482 1131 3539 colore
1186 3496 1296 3536 una
1334 3496 1459 3537 cum
1516 3480 1694 3551 capite
1750 3487 1803 3535 et
1868 3478 1994 3535 colli

394 3582 552 3646 parte
581 3573 860 3645 superiore
887 3570 1202 3627 distinctum
1230 3570 1485 3626 habebat.
1512 3568 1643 3624 Avis
1675 3576 1855 3623 autem
1877 3569 1993 3624 haec

396 3663 570 3735 regia,
605 3669 658 3718 et
710 3670 819 3717 tam
869 3660 1129 3733 qualitate
1157 3674 1321 3731 quam
1353 3657 1650 3731 quantitate
1677 3657 1990 3728 perspicua,

394 3752 451 3808 in
506 3750 684 3823 primo
730 3749 799 3805 ad
840 3748 1019 3806 locum
1052 3747 1203 3802 illum
1233 3746 1485 3819 praesulis
1533 3744 1790 3815 adventu,
1834 3744 1995 3817 quasi

397 3846 589 3912 sponte
620 3847 673 3895 et
716 3838 925 3909 absque
978 3835 1316 3902 difﬁcultate,
1349 3834 1652 3890 domestica
1708 3833 1873 3900 facta,
1924 3832 1995 3888 ad

393 3929 572 4000 ipsum
599 3926 654 3982 in
687 3941 903 3983 camera
929 3941 1029 3981 sua
1055 3932 1283 3996 propter
1321 3923 1739 3979 admirationem
1769 3932 1852 3979 est
1896 3923 1993 3978 ad-

396 4017 578 4073 ducta.
610 4015 744 4085 Quae
772 4014 952 4070 statim
979 4029 1013 4070 a
1045 4029 1211 4069 manu
1253 4013 1372 4083 ejus
1438 4028 1635 4084 panem
1685 4028 1909 4067 sumens
1944 4019 1996 4066 et

398 4103 712 4171 comedens,
747 4102 903 4175 eique
957 4102 1290 4158 familiariter
1347 4101 1636 4158 adhaerens
1667 4117 1904 4164 omnem,
1939 4108 1997 4155 ut

399 4193 700 4259 videbatur,
742 4191 1051 4248 silvestrem
1090 4190 1307 4247 interim
1365 4199 1526 4246 exuta
1583 4190 1853 4253 naturam,
1888 4204 1993 4244 nec

396 4282 515 4352 ejus
552 4288 805 4347 attactus,
837 4296 940 4337 nec
996 4280 1291 4337 astantium
1346 4280 1589 4352 undique
1625 4278 1910 4333 turbarum
1942 4283 1995 4331 et

2088 563 2357 618 manicam
2388 564 2555 635 ipsius
2585 566 2795 637 largam
2823 574 2874 620 et
2920 565 3281 637 peramplam,
3314 566 3478 637 inque
3508 566 3686 627 sinu-

2088 651 2405 707 interiorem
2453 654 2572 708 avis
2628 654 2943 719 extendere,
2975 654 3158 725 ibique
3212 653 3530 725 aliquandiu
3556 671 3683 711 cum

2089 740 2448 796 sollicitudine
2479 742 2880 813 quodammodo
2910 742 3132 798 domino
3163 758 3262 798 suo
3291 743 3685 815 congratulans

2089 836 2251 899 atque
2316 829 2645 899 prmludens,
2689 830 2896 902 aliquid
2956 831 3296 903 quaeritando
3355 830 3672 887 mussitare.

2090 919 2243 987 Item,
2278 918 2415 973 sicut
2442 920 2761 974 asserebant
2791 919 3020 975 ministri
3049 928 3100 975 et
3142 919 3396 975 custodes
3426 920 3681 989 manerii,

2089 1014 2277 1061 contra
2305 1007 2555 1078 praesulis
2584 1008 2877 1063 adventum
2915 1010 2985 1063 ad
3027 1008 3205 1065 locum
3255 1008 3426 1073 illum,
3461 1023 3584 1064 cum
3612 1009 3685 1064 de

2088 1111 2243 1150 more
2301 1095 2616 1167 aliquandiu
2664 1096 2945 1161 abfuisset,
2977 1096 3151 1151 tribus
3203 1095 3398 1151 diebus
3426 1095 3513 1151 vel
3543 1112 3685 1168 qua-

2090 1192 2210 1238 tuor
2242 1184 2453 1239 solebat
2483 1200 2542 1240 se
2572 1184 2731 1240 solito
2761 1185 2995 1241 alacrius
3015 1185 3131 1240 avis
3153 1185 3379 1255 agitare,
3406 1185 3685 1241 volitando

2090 1271 2343 1328 videlicet
2365 1272 2420 1327 in
2450 1272 2628 1327 amnis
2659 1272 2972 1344 superficie,
3003 1280 3057 1327 et
3116 1289 3288 1345 aquas
3343 1273 3446 1327 alis
3487 1274 3686 1329 verbe-

2090 1361 2280 1425 rando,
2332 1360 2549 1432 altaque
2600 1375 2733 1416 voce
2788 1361 3095 1416 clamando.
3154 1360 3428 1416 Interdum
3458 1361 3620 1416 etiam
3650 1376 3687 1417 a

2093 1457 2288 1519 stagno
2329 1449 2597 1517 exeundo,
2628 1464 2773 1505 nunc
2828 1448 2899 1503 ad
2928 1449 3129 1516 aulam,
3163 1464 3306 1504 nunc
3350 1449 3421 1504 ad
3468 1457 3688 1519 portam

2091 1538 2427 1602 ulteriorem,
2458 1545 2715 1609 tanquam
2758 1537 2997 1591 venienti
3016 1537 3238 1592 domino
3292 1537 3506 1592 obviam
3557 1553 3687 1607 per-

2092 1642 2248 1695 gens,
2281 1625 2495 1697 magnis
2526 1626 2781 1695 passibus
2809 1625 3140 1680 ambulabat.
3164 1624 3354 1681 Mirum
3375 1626 3480 1681 hoc
3500 1625 3682 1691 etiam,

2092 1714 2237 1785 quod
2269 1714 2472 1768 nemini
2500 1722 2867 1785 praeterquam
2899 1713 3003 1767 soli
3032 1713 3309 1784 episcopo,
3344 1728 3402 1768 se
3452 1713 3685 1768 familia-

2094 1818 2207 1857 rem
2239 1802 2325 1857 vel
2369 1819 2431 1856 ex
2485 1810 2597 1856 toto
2653 1801 2939 1856 tractabile
2967 1801 3276 1869 exhibebat,
3340 1801 3472 1871 quin
3503 1801 3684 1872 potius

2092 1899 2275 1944 astans
2306 1890 2546 1956 domino,
2580 1890 2649 1944 ab
2680 1890 2908 1945 aliorum
2935 1904 3166 1945 accessu
3222 1889 3495 1957 eumdem,
3546 1889 3686 1945 sicut

2089 1979 2374 2049 aliquoties
2403 1994 2527 2033 cum
2557 1978 2917 2034 admiratione
2944 1977 3224 2048 conspexi,
3249 1977 3554 2042 clamando,
3583 1976 3688 2032 alis

2090 2077 2141 2122 et
2172 2076 2352 2122 rostro
2381 2067 2659 2132 minando,
2695 2082 2941 2138 voceque
2987 2066 3216 2121 altisona
3258 2066 3417 2134 juxta
3472 2073 3684 2121 natura;

2091 2171 2202 2211 suae
2224 2154 2472 2210 modulos
2501 2155 2839 2222 crocitando,
2862 2152 3407 2227 defendere‘solebat,
3431 2160 3688 2225 tanquam

2090 2261 2149 2299 se
2181 2243 2455 2315 propriam
2486 2244 2602 2312 ejus
2660 2258 2783 2299 esse
2834 2243 3235 2308 demonstrans,
3289 2242 3449 2314 eique
3499 2241 3599 2297 soli
3631 2241 3689 2299 in

2091 2333 2308 2403 signum
2400 2330 2568 2387 fuisse
2640 2330 3017 2387 transmissam
3048 2375 3065 2400 ,
3140 2328 3425 2386 manifeste
3494 2328 3686 2386 decla-

2090 2436 2221 2476 rans
2265 2420 2400 2492 (99).

2162 2510 2297 2564 Cum
2317 2524 2447 2565 vero
2476 2510 2544 2563 ad
2567 2509 2747 2565 locum
2775 2508 2955 2580 ipsum
2974 2508 3119 2564 circa
3147 2509 3355 2563 Pascha
3382 2507 3689 2579 proximum

2091 2600 2241 2668 (100)
2270 2606 2393 2653 ante
2453 2613 2614 2652 suum
2643 2612 2709 2653 ex
2769 2599 2869 2653 hac
2908 2597 3028 2653 luce
3084 2596 3390 2663 transitum,
3449 2596 3689 2652 adventu

2092 2685 2300 2742 scilicet
2345 2695 2641 2757 postremo,
2676 2686 2968 2758 episcopus
2999 2685 3343 2752 accessisset,
3376 2699 3487 2740 non
3516 2683 3692 2739 solum

2094 2776 2143 2829 ei
2172 2775 2389 2830 solitum
2444 2790 2554 2830 non
2596 2774 2838 2831 exhibuit
2893 2789 3204 2839 occursum,
3266 2773 3363 2828 sed
3408 2788 3584 2845 neque
3614 2770 3687 2827 ad

2092 2864 2244 2918 illum
2302 2863 2498 2919 minari
2554 2871 2643 2917 aut
2683 2879 2713 2918 e
2741 2862 2966 2928 vivario,
3024 2862 3113 2917 cui
3181 2861 3479 2931 innatabat,
3530 2859 3691 2917 educi

2093 2952 2382 3023 acquievit.
2417 2953 2478 3007 In
2507 2951 2639 3022 ipsis
2670 2958 2855 3007 autem
2882 2951 3038 3022 aquis
3060 2951 3263 3007 vultum
3301 2957 3559 3005 maestum
3581 2964 3688 3021 ge-

2095 3057 2223 3095 rens
2254 3048 2346 3096 aut
2373 3039 2683 3095 morbidum
2731 3046 3051 3111 aspectum,’
3096 3039 3230 3094 nihil
3262 3037 3503 3110 quolibet
3532 3044 3690 3110 gestu

2095 3128 2388 3183 alacritatis
2434 3128 2781 3200 przeferebat.
2823 3127 3142 3182 Mirantibus
3175 3127 3243 3181 ad
3290 3128 3396 3183 hoc
3434 3125 3691 3183 omnibus

2095 3217 2186 3289 qui
2223 3217 2470 3283 aderant,
2495 3216 2713 3272 tandem
2742 3215 3094 3287 praecipiente
3152 3216 3434 3287 episcopo,
3484 3221 3544 3269 ut
3598 3214 3689 3269 in-

2094 3306 2471 3360 troduceretur
2516 3305 2602 3359 vel
2659 3304 2845 3371 invita,
2908 3303 3086 3359 triduo
3130 3317 3164 3358 a
3197 3302 3445 3374 plurimis
3491 3301 3694 3358 frustra

2094 3393 2405 3448 insudatur.
2445 3393 2667 3465 Capitur
2701 3409 2833 3448 vero
2864 3392 2936 3447 ad
2971 3398 3309 3462 postremum
3355 3391 3411 3445 in
3473 3397 3689 3447 carecto

2096 3482 2391 3547 remotiori,
2441 3481 2534 3535 ubi
2572 3481 2786 3554 fugiens
2836 3480 3182 3552 insequentes
3235 3478 3499 3535 latitabat.
3552 3479 3691 3534 Pro-

2093 3572 2255 3626 ducta
2284 3586 2412 3626 vero
2429 3570 2498 3625 ad
2520 3569 2856 3640 episcopum,
2882 3568 3059 3640 capite
3115 3567 3352 3639 pendulo
3411 3582 3474 3623 ac
3529 3565 3681 3622 vultu

2095 3675 2264 3732 aegro,
2296 3658 2568 3731 aegrisque
2599 3674 2698 3728 per
2727 3657 2911 3713 omnia
2939 3656 3205 3729 gestibus,
3251 3663 3505 3713 maestam
3533 3670 3682 3726 prae-

2093 3748 2351 3804 tendebat
2381 3746 2696 3813 imaginem.
2716 3746 2883 3815 Cujus
2912 3745 2993 3799 rei
3021 3744 3236 3801 novitas
3291 3751 3423 3801 tunc
3469 3742 3689 3815 quidem

2096 3835 2306 3908 stupori
2334 3834 2433 3890 fuit
2462 3834 2811 3890 intuentibus.
2858 3834 3061 3889 Verum
3089 3847 3123 3888 a
3151 3833 3275 3890 loco
3303 3833 3425 3904 ipso
3453 3830 3683 3889 celerius

2096 3925 2426 3980 abscedente
2477 3923 2754 3993 episcopo,
2787 3930 2840 3977 et
2873 3929 2996 3992 post
3053 3920 3193 3977 sexti
3243 3920 3449 3977 mensis
3478 3921 3626 3990 (iOl)
3656 3934 3691 3975 a

2096 4023 2342 4085 tempore
2372 4012 2466 4066 illa
2516 4026 2809 4067 excursum
2865 4009 3008 4065 viam
3066 4009 3340 4066 universae
3387 4008 3572 4065 carnis
3599 4007 3689 4064 in-

2094 4118 2310 4176 gresso,
2350 4116 2455 4156 nec
2503 4099 2573 4154 ab
2628 4098 2808 4154 amica
2862 4097 2968 4153 sibi
3024 4098 3248 4155 volucre
3296 4096 3524 4153 ulterius
3549 4096 3686 4164 viso,

2096 4192 2226 4247 satis
2256 4189 2335 4245 rei
2371 4196 2623 4244 eventum
2667 4186 3145 4244 considerantibus
3184 4185 3357 4258 patuit
3400 4184 3530 4257 quid
3588 4200 3693 4257 ge-

2096 4289 2210 4336 stus
2241 4279 2328 4335 hic
2348 4276 2594 4350 lugubris
2624 4274 2979 4347 protenderit,
3015 4290 3122 4346 quo
3168 4274 3309 4330 adeo
3339 4281 3537 4329 maesta
3564 4272 3697 4329 illud

396 4370 716 4428 intuentium
776 4386 1033 4427 accessus
1100 4370 1214 4425 sive
1296 4368 1558 4424 tumultus
1640 4366 1988 4422 abhorrebat.
2016 4400 2068 4461 Ι)
2098 4370 2216 4426 vale
2259 4368 2509 4423 ultimum
2559 4364 2781 4421 domino
2830 4379 2928 4419 suo
2968 4363 3115 4419 fecit.
3166 4362 3470 4419 Permansit
3513 4369 3694 4418 autem

397 4460 768 4517 Consueverat
820 4460 984 4517 etiam
1048 4459 1319 4515 interdum
1342 4501 1356 4524 ,
1402 4474 1527 4514 cum
1609 4456 1679 4512 ab
1734 4456 1995 4527 episcopo
2016 4452 2061 4461 ”
2098 4459 2303 4514 ibidem
2330 4464 2521 4528 postea
2550 4453 2735 4510 multis
2766 4452 3123 4524 temporibus.

466 4639 574 4707 (97)
596 4638 734 4707 Apud
765 4638 1034 4692 Manertum
1058 4651 1219 4707 suum,
1248 4637 1305 4707 id
1322 4638 1418 4707 est
1436 4636 1602 4688 villam
1626 4648 1784 4707 suam.
1803 4633 1999 4707 Qrderi-

399 4702 485 4759 cus
506 4702 680 4759 Vitalis
704 4706 786 4757 lib.
821 4721 869 4756 Iv
889 4707 1013 4770 apud
1040 4706 1280 4769 Cangium
1294 4704 1344 4754 in
1362 4703 1579 4770 Glossar.
1603 4703 1733 4754 med.
1756 4707 1804 4753 et
1820 4702 1999 4770 intimae

396 4774 651 4830 Latinitat.
682 4792 695 4823 :
733 4789 752 4821 ι
771 4768 1014 4824 Ducentas
1034 4776 1084 4824 et
1107 4768 1352 4835 octoginta
1391 4771 1532 4822 villas
1548 4768 1691 4837 (quas
1707 4783 1731 4819 a
1755 4769 1999 4821 manendo

396 4843 639 4893 manerios
658 4841 803 4903 vulgo
825 4838 1073 4903 vocamus)
1112 4838 1340 4889 obtinuit.
1372 4857 1393 4880 -

464 4924 575 4991 (98)
601 4927 747 4977 Juxta
769 4922 1144 4991 Stowam,qoiim
1177 4922 1471 4991 cmnobium,
1498 4920 1781 4991 aiiemigioi
1809 4922 1999 4972 instau-

394 4988 578 5052 ratum,
600 4995 699 5043 eta
720 4991 932 5042 Roberto
980 4988 1089 5051 ejus
1125 5001 1404 5039 successore
1450 4990 1500 5038 in
1540 4990 1835 5049 Eyneshaim
1863 4993 2002 5038 tran-

403 5059 603 5110 slatum.
630 5058 769 5109 Unde
792 5057 972 5119 legitur
995 5056 1046 5106 in
1071 5056 1340 5106 monastico
1370 5055 1581 5117 Anglic.
1608 5056 1645 5103 t.
1677 5054 1715 5115 I,
1734 5067 1844 5117 pag.
1868 5054 1995 5104 £62:

409 5140 431 5172 ι
454 5126 589 5175 Stow
610 5124 661 5175 in
684 5135 799 5185 agro
823 5122 1150 5174 Lincolniensi
1174 5122 1297 5172 cella
1320 5121 1382 5172 de
1406 5119 1721 5183 Eyneshaim.
1750 5141 1771 5164 ι
1804 5124 1864 5173 Et
1906 5122 2001 5171 ite-

400 5201 510 5248 rum
539 5209 551 5239 :
581 5205 601 5237 ι
622 5189 907 5241 C(enobium
931 5190 1278 5239 monachorum
1304 5189 1431 5252 apud
1455 5190 1507 5239 S.
1534 5186 1736 5238 Mariam
1759 5189 1820 5240 de
1846 5191 1999 5252 Stow.

400 5256 650 5316 Remigius
675 5255 1031 5306 Lincolniensis
1056 5255 1313 5318 episcopus
1336 5251 1395 5306 de
1418 5267 1545 5305 novo
1570 5252 1702 5305 fecit.
1734 5275 1755 5297 ι
1784 5258 1845 5307 Et
1869 5251 1996 5318 apud

401 5322 660 5374 Giraldum
683 5322 1033 5373 Cambrensem
1060 5321 1245 5382 Anglia:
1282 5324 1335 5372 S.
1368 5327 1497 5385 part.
1521 5336 1575 5384 ιι,
1596 5334 1647 5384 p.
1675 5323 1794 5372 M7.
1831 5340 1850 5368 ε
1891 5323 1996 5371 Mo-

400 5390 586 5440 nachus
609 5401 799 5451 quoque
820 5388 880 5439 de
922 5391 1085 5439 Stowa
1126 5401 1277 5451 usque
1320 5388 1382 5439 ad
1419 5386 1719 5451 Eyneshaim
1764 5388 1995 5440 laudabili

403 5455 801 5518 commutatione,
827 5460 878 5507 et
896 5456 1127 5507 Ecclesia:
1166 5455 1493 5508 Lincolniensi
1518 5461 1619 5508 tam
1664 5463 1864 5520 propter
1891 5469 1997 5506 ma-

2098 4639 2219 4690 nerii
2247 4637 2657 4701 propinquitatem
2683 4638 2738 4686 et
2770 4635 3122 4698 ammnitatem,
3160 4644 3305 4696 quam
3330 4635 3381 4685 et
3416 4631 3698 4701 praebenda-

2097 4719 2205 4757 rum
2230 4700 2533 4756 vicinitatem
2557 4703 2698 4754 valde
2733 4701 3067 4763 accommoda,
3095 4701 3294 4766 provide
3321 4700 3635 4766 transposuit.
3672 4721 3695 4747 ο

2168 4825 2274 4891 (99)
2300 4826 2417 4888 Qum
2443 4826 2687 4887 hucusque
2711 4822 2771 4874 de
2794 4823 2941 4891 Olore
2964 4822 3093 4873 dicta
3116 4824 3230 4891 sunt
3246 4861 3262 4884 ,
3286 4821 3435 4873 etiam
3472 4820 3699 4891 leguntur

2097 4889 2223 4957 apud
2247 4893 2494 4944 Giraldum
2520 4892 2866 4941 Cambrensem
2888 4890 2996 4940 loco
3020 4890 3189 4957 citato.
3215 4889 3481 4957 lacertum,
3504 4890 3611 4957 quis
3634 4889 3697 4957 ab

2099 4955 2252 5012 altero
2297 4959 2573 5020 acceperit,
2616 4957 2728 5008 dum
2776 4961 2982 5020 uterque
3028 4956 3119 5006 sub
3175 4957 3377 5018 Hugone
3430 4955 3695 5006 Lincolniaa

2098 5027 2292 5082 vixerit.
2325 5030 2374 5076 et
2414 5027 2611 5075 narrata
2657 5024 2938 5087 conspicere
2974 5025 3205 5086 potuerit.
3253 5023 3517 5085 Sequenda
3560 5021 3698 5073 addit

2104 5097 2273 5146 auctor
2298 5093 2443 5144 Vitae.

2172 5194 2313 5259 (100)
2338 5193 2461 5246 Anni
2493 5193 2619 5244 1200
2644 5205 2737 5255 quo
2755 5193 2944 5244 Pascha
2984 5191 3157 5243 incidit
3194 5191 3243 5243 in
3267 5192 3450 5244 Nonam
3497 5190 3698 5255 Aprilis,

2095 5265 2145 5313 et
2167 5265 2301 5326 Hugo
2327 5262 2451 5312 obiit
2471 5260 2520 5310 in
2560 5260 2841 5311 Novembri.

2166 5386 2304 5448 (101)
2330 5384 2733 5446 Subintelligendi
2762 5383 2841 5433 hic
2878 5384 3080 5433 veniunt
3104 5394 3293 5433 menses
3316 5381 3515 5443 integri,
3540 5381 3698 5434 inter-

2098 5454 2243 5505 medii
2269 5454 2395 5504 inter
2422 5451 2636 5515 Aprilem
2663 5455 2712 5501 et
2746 5450 3088 5501 Novembrem.
