3938 6402
277 319 380 370 993

899 443 1121 502 CAPUT
1166 448 1276 504 VII.

287 591 460 676 Quam
493 595 931 679 sollicituserat
951 601 1103 679 I_Iu_g_o
1132 611 1324 679 poster
1372 607 1438 679 de
1470 611 1726 679 personis
1757 610 1878 666 ido-

355 665 478 748 rieis
508 667 988 754 inlLirzpoltz'iensi
1025 665 1274 754 licclesia
1299 665 1662 754 collocandis,
1695 685 1751 754 et
1779 699 1879 754 pro

356 735 745 820 inpumbentis
773 741 875 820 sibi
898 744 1088 820 oneris
1130 750 1561 820 supportatz‘one
1583 735 1682 805 suo
1709 735 1880 807 latreri

356 804 754 934 adjungendis.
788 812 856 865 Et
883 817 968 866 est
1000 813 1099 871 hoc
1129 804 1451 890 capitulum
1483 822 1544 875 in
1573 804 1877 878 seriorem;

358 891 482 934 ante
567 881 664 934 itte
693 884 969 934 octavum.

357 891 482 946 gnte
533 881 664 934 Vitta
693 884 969 937 octavum.

355 1016 452 1072 His
481 1018 536 1073 in
567 1019 711 1076 hunc
739 1023 963 1082 modum
1007 1027 1326 1098 praelibatis,
1384 1031 1452 1086 de
1502 1032 1678 1106 signo,
1731 1035 1878 1107 quod

287 1104 528 1162 universi
557 1109 840 1178 mirantur,
876 1113 993 1169 viro
1032 1114 1249 1172 Domini
1296 1117 1534 1175 exhibito
1563 1104 1673 1192 per
1720 1139 1876 1179 avem

283 1191 723 1266 famosissimam,
757 1199 826 1254 ad
867 1201 975 1257 alia
1004 1219 1220 1277 quoque
1275 1208 1595 1263 meritorum
1643 1211 1878 1284 insignia

283 1279 534 1339 fidelibus
562 1286 650 1342 vel
677 1303 743 1342 ex
772 1297 941 1359 parte,
991 1300 1153 1362 prout
1209 1309 1521 1364 possumus,
1553 1279 1872 1367 intimanda,

279 1370 574 1441 opitulante
602 1374 779 1446 gratia
807 1377 1026 1434 Domini
1055 1382 1226 1436 nostri
1252 1383 1383 1439 Jesu
1413 1385 1614 1441 Christi
1644 1389 1877 1445 acceda-

281 1473 421 1514 mus.
440 1461 519 1516 Ac
545 1461 600 1516 in
631 1462 837 1533 primis,
869 1476 1129 1538 quantum
1158 1471 1342 1538 studii,
1376 1482 1748 1548 quantumque
1777 1477 1876 1533 im-

281 1546 533 1617 penderit
563 1549 963 1621 sollicitudinis,
987 1563 1046 1610 ut
1072 1556 1381 1615 Ecclesiam
1411 1561 1513 1617 sibi
1531 1546 1878 1622 commissam

279 1633 413 1691 viris
441 1635 733 1695 adornaret
749 1640 1072 1712 illustribus,
1112 1647 1328 1704 videtur
1357 1655 1876 1712 commemoratione

276 1722 682 1796 dignissimum.
716 1729 1069 1802 Perpendens
1124 1736 1323 1808 quippe
1363 1738 1631 1812 altiusque
1688 1743 1874 1799 consi-

277 1811 493 1881 derans,
528 1815 655 1888 quia
691 1817 897 1891 absque
936 1821 1180 1879 virorum
1237 1811 1558 1896 proborum,
1581 1829 1870 1900 adjutorio,
1895 1822 1946 1882 Β

278 1915 383 1958 nec
413 1903 636 1974 populo,
685 1921 788 1963 nec
819 1907 985 1978 clero,
1022 1927 1186 1983 quem
1215 1915 1462 1988 regebat,
1525 1927 1711 1988 posset
1743 1935 1874 1992 pro-

275 1987 456 2056 desse,
492 2007 595 2048 nec
624 1993 932 2068 quibusque
966 1999 1234 2068 justitiam
1263 1987 1652 2064 ecclesiasticae
1704 2009 1874 2078 juris-

276 2076 531 2134 dictionis
561 2085 938 2154 expetentibus
967 2087 1242 2147 sufﬁceret
1262 2102 1636 2165 competenter
1653 2076 1870 2156 adesse.

275 2167 436 2223 Viros
467 2169 732 2242 sapientia
775 2174 1034 2245 praeditos
1064 2186 1118 2234 et
1165 2181 1413 2251 scientia,
1470 2185 1723 2258 quodque
1752 2187 1874 2259 plu-

273 2254 350 2310 ris
409 2265 511 2325 est,
570 2258 625 2314 in
675 2261 866 2318 timore
897 2263 1114 2322 Domini
1157 2254 1598 2340 probatissimos,
1629 2254 1728 2331 suo
1783 2276 1872 2331 in-

273 2345 508 2401 stantius
557 2350 841 2421 satagebat
885 2352 1041 2410 lateri
1087 2357 1320 2414 sociare.
1372 2360 1574 2416 Horum
1603 2363 1873 2434 siquidem

275 2439 329 2486 et
382 2434 625 2491 consiliis
664 2436 856 2506 fretus,
893 2449 946 2496 et
1002 2443 1220 2500 auxiliis
1288 2447 1612 2517 comitatus,
1673 2468 1872 2510 munus

273 2523 513 2595 suscepti
545 2525 826 2596 regiminis
855 2531 1228 2590 strenuissime
1267 2536 1619 2610 adimplebat.
1652 2540 1747 2596 His
1769 2542 1871 2597 de-

268 2608 433 2681 nique
480 2611 915 2674 Lincolniensem
945 2619 1250 2678 Ecclesiam
1308 2608 1517 2683 cunctis
1549 2644 1650 2698 per
1678 2630 1870 2687 orbem

270 2698 582 2757 universum
597 2703 858 2761 Ecclesiis
886 2707 1179 2780 gloriosius
1212 2713 1598 2786 copiosiusque
1631 2717 1872 2774 illustra-

269 2785 382 2842 bat.
405 2789 499 2843 His
516 2790 700 2859 etiam,
725 2809 848 2848 cum
872 2811 1071 2854 vacare
1098 2801 1414 2873 coapissent,
1430 2785 1754 2874 praebendas
1773 2824 1869 2865 seu

265 2874 376 2930 alia
394 2875 658 2935 beneﬁcia
679 2881 1016 2941 conferebat.
1040 2888 1154 2945 Hos
1174 2890 1341 2946 variis
1363 2891 1742 2965 dignitatibus,
1757 2896 1869 2951 sin-

268 2963 412 3034 gulis
442 2982 659 3039 quoque
682 2971 1068 3031 ecclesiasticis
1095 2963 1463 3036 {unctionibus
1511 2982 1864 3054 praeficiebat.

269 3052 588 3121 Hujusmodi
637 3058 907 3133 homines,
940 3079 1050 3119 non
1107 3066 1281 3123 solum
1329 3067 1386 3123 in
1438 3052 1551 3127 toto
1581 3072 1718 3129 orbe
1747 3076 1866 3130 An-

269 3140 508 3213 glicano,
541 3145 652 3202 imo
695 3155 747 3204 et
791 3148 846 3204 in
902 3153 1214 3211 nationibus
1299 3159 1498 3214 exteris
1554 3161 1935 3244 scholisquec

266 3233 665 3303 transmarinis,
715 3238 864 3293 omni
891 3240 1070 3297 studio
1115 3242 1473 3318 investigatos
1504 3264 1618 3307 sua:
1666 3233 1864 3310 Eccle-

266 3319 364 3376 sia
391 3323 606 3394 gremio
635 3324 934 3385 inserebat.

336 3408 420 3464 Ad
476 3413 847 3472 venerabilem
904 3434 1121 3492 quoque
1179 3425 1655 3497 metropolitanum
1707 3447 1864 3486 suum

271 3495 654 3574 [Balduinum].
688 3501 913 3562 fratrem
943 3509 1193 3580 superius
1210 3495 1566 3585 nominatum,
1591 3519 1863 3576 accedens

272 3586 356 3642 his
388 3603 510 3644 eum
545 3590 840 3664 alloquitur
873 3610 885 3649 :
924 3619 945 3646 ιι
980 3597 1159 3665 Novit,
1211 3601 1481 3674 inquiens,
1514 3605 1672 3663 Pater
1698 3624 1862 3665 reve-

265 3676 455 3745 rende,
490 3678 748 3738 discretio
777 3690 958 3740 vestra
989 3695 1250 3758 quantum
1301 3693 1574 3764 expediat,
1626 3712 1735 3753 non
1766 3714 1862 3754 so-

263 3763 375 3820 lum
410 3767 606 3825 animm
632 3785 790 3839 meae,
824 3788 934 3830 non
963 3774 1141 3832 solum
1155 3781 1464 3838 commissae
1483 3783 1614 3839 mihi
1635 3784 1862 3858 indigno

261 3852 543 3924 Ecclesiae,
576 3858 707 3930 quin
759 3862 940 3932 potius
969 3867 1243 3938 praecipue
1277 3869 1456 3938 nobis,
1512 3873 1711 3930 deinde
1742 3852 1860 3930 tini-

264 3957 438 4001 versae
480 3946 691 4016 pariter
731 3950 986 4023 religioni
1017 3964 1238 4024 sanctze,
1289 3968 1550 4030 quatenus
1580 3961 1636 4016 in
1681 3962 1860 4020 ofﬁcio

263 4031 396 4086 mihi
425 4034 633 4092 credito
661 4052 772 4092 non
816 4055 1043 4112 prorsus
1091 4059 1180 4100 me
1201 4047 1448 4104 inutilem
1480 4051 1732 4107 studeam
1761 4067 1860 4108 ex-

259 4119 470 4177 hibere.
505 4123 724 4181 Gratias
754 4143 862 4200 ago
891 4129 1159 4188 bonorum
1199 4136 1439 4192 omnium
1479 4141 1689 4196 auctori
1719 4141 1854 4212 Deo,

258 4207 384 4279 quia
412 4211 515 4267 hoc
535 4212 714 4283 ipsum
745 4232 810 4271 ex
829 4233 1055 4276 munere
1087 4237 1185 4277 suo
1214 4224 1352 4280 velle
1385 4227 1600 4297 quidem
1649 4207 1858 4298 adjacet

259 4296 392 4352 mihi
449 4308 703 4358 caeterum
731 4305 981 4378 implere,
1015 4311 1162 4381 quod
1193 4312 1333 4368 velle
1362 4296 1558 4379 merui,
1594 4332 1715 4372 cum
1747 4335 1856 4376 non

258 4386 447 4457 sciam,
486 4396 538 4444 et
575 4392 718 4462 quod
747 4409 856 4449 non
913 4395 1181 4455 sufficiam
1225 4418 1323 4472 per
1350 4419 1438 4459 me
1493 4405 1690 4476 ipsum,
1752 4408 1858 4480 ipsi

257 4474 409 4546 prius
436 4484 488 4531 et
535 4480 730 4536 melius
759 4484 950 4540 nostis.
1002 4485 1118 4542 Nec
1163 4488 1341 4546 solum
1399 4474 1618 4564 quidem
1650 4497 1721 4550 ad
1751 4474 1855 4553 hoc

255 4563 386 4619 mihi
416 4572 469 4620 et
499 4565 639 4623 scire
669 4578 721 4624 et
749 4587 912 4644 posse
951 4575 1131 4631 minus
1163 4563 1429 4650 suppetit,
1469 4597 1659 4662 verum
1689 4585 1853 4642 etiam

255 4666 288 4706 a
320 4653 517 4725 quibus
547 4657 788 4730 suppleri
814 4665 1206 4735 congruentius
1242 4669 1418 4739 possit
1458 4654 1619 4726 meus
1665 4673 1720 4727 in
1747 4675 1850 4732 hac

255 4749 407 4811 parte
429 4743 691 4818 defectus,
712 4764 819 4804 non
837 4751 971 4807 satis
987 4755 1208 4826 agnovi.
1233 4757 1457 4814 Advena
1470 4761 1670 4833 quippe
1687 4763 1850 4820 homo

255 4846 395 4898 sum,
428 4841 480 4887 et
507 4833 798 4908 indigenas
832 4847 998 4897 terrae
1025 4859 1132 4914 quo
1163 4845 1341 4900 minus
1372 4849 1516 4915 novi,
1551 4865 1617 4905 eo
1646 4850 1848 4922 imper-

249 4919 461 4987 fectius,
513 4925 711 4995 quibus
742 4929 1058 4985 meritorum
1110 4931 1385 5006 suffragiis
1417 4945 1471 4991 et
1501 4937 1695 5010 quibus
1727 4947 1847 4995 stu-

252 5007 464 5064 diorum
485 5013 836 5084 prmpolleant
858 5020 1264 5089 experimentis,
1288 5007 1628 5096 compertum
1648 5028 1843 5086 habeo.

253 5097 422 5153 Vobis
441 5099 759 5158 ulteriorem
780 5105 934 5162 istius
951 5108 1032 5164 rei
1053 5109 1298 5167 notitiam
1311 5113 1592 5185 multiplex
1625 5132 1847 5190 compa-

251 5187 385 5242 ravit
413 5191 764 5261 experientia.
802 5195 912 5250 Vos
933 5197 1075 5252 enim
1106 5198 1248 5256 inter
1285 5217 1380 5258 eos
1410 5204 1612 5270 nutriti,
1646 5223 1746 5263 vos
1767 5209 1847 5265 eis

318 5367 460 5445 (t9?)
489 5371 528 5445 ᾼ
565 5383 714 5445 pago,
756 5378 807 5425 ut
845 5377 1053 5439 videtur,
1094 5379 1444 5445 Bedeforteusi,
1471 5389 1554 5435 aut
1579 5399 1606 5436 a
1629 5387 1846 5438 cmnobio

249 5434 301 5484 s.
329 5435 522 5518 Albani,
550 5440 677 5518 quod
698 5434 754 5518 in
777 5455 896 5504 agro
921 5434 1253 5498 Bedefortensi
1301 5434 1454 5502 situm
1495 5434 1606 5518 est,
1637 5434 1848 5506 ῖῐεῖἑόξ

243 5503 555 5563 gnominatur
577 5503 835 5562 Robertus.

317 5585 620 5661 (105)_ld_em
647 5605 757 5643 cum
783 5606 860 5658 eo,
885 5595 946 5646 de
969 5609 1063 5658 quo
1087 5599 1214 5661 apud
1239 5601 1465 5652 Bzovium
1506 5603 1555 5652 in
1590 5605 1754 5656 anna].
1783 5605 1845 5656 ad

242 5665 421 5734 aptium
453 5655 690 5734 1200.,‘p.
713 5661 784 5734 g6
825 5655 1003 5734 legitur
1010 5677 1040 5734 _:
1079 5655 1255 5734 {Infra
1298 5668 1571 5729 quindecim
1590 5670 1694 5720 dies
1735 5655 1848 5734 post

241 5719 427 5774 obitum
459 5719 693 5786 magistro
713 5719 901 5790 Rogero
924 5729 984 5782 de
1009 5731 1256 5796 Roleston,
1283 5719 1466 5789 decano
1488 5719 1843 5791 Lincolnieiisis

1637 331 1815 388 γΙΤΑ.
1849 361 1917 372 -—
1946 333 2078 388 LIB.
2128 336 2219 390 III.

1906 457 1962 518 Α
1988 457 2154 529 longo
2185 467 2432 533 tempore
2463 464 2692 534 pralati,
2727 481 2843 532 eos,
2876 474 2933 524 ut
2974 469 3139 543 vulgo
3183 473 3393 545 dicitur,
3441 480 3588 541 intus

3478 363 3580 416 994

1990 547 2125 602 etin
2156 555 2276 605 cute
2324 551 2571 608 novistis.
2630 554 2754 610 Non
2808 557 2975 629 igitur
3010 574 3133 616 meo
3192 569 3415 635 tantum,
3452 572 3582 644 quin

1981 644 2163 692 vestro
2214 639 2392 709 potius
2457 639 2775 712 discrimini,
2851 648 3267 720 prospicientes,
3337 657 3430 728 qui
3469 639 3580 717 tam

1981 723 2211 780 inscium
2242 742 2564 798 promovere
2596 747 2706 786 non
2751 732 3004 790 timuistis
3042 737 3111 792 ad
3159 755 3296 812 opus
3343 723 3448 804 hoc
3479 764 3576 805 ar-

1979 812 2166 879 duum,
2200 815 2336 871 tales
2366 817 2497 873 mihi
2551 836 2616 876 ex
2665 821 2770 888 his,
2807 823 2900 895 qui
2939 832 3123 882 vestro
3171 829 3372 888 diutius
3421 835 3579 897 lateri

1978 901 2309 959 adhaerendo
2330 905 2644 976 probabiles
2667 925 2726 964 se
2743 910 2799 965 in
2827 913 3102 982 omnibus,
3124 927 3308 975 vestro
3329 925 3573 996 apprime

1977 989 2256 1046 informati
2285 995 2554 1066 exemplo,
2589 997 3049 1071 demonstrarunt,
3076 989 3576 1084 committit‘e-adju-

1977 1085 2143 1148 tores,
2179 1096 2315 1152 quos
2361 1082 2415 1139 in
2458 1091 2672 1154 partem
2729 1087 3106 1148 sollicitudinis
3135 1094 3389 1165 injunctae
3441 1082 3575 1161 mihi

1977 1182 2204 1224 securus
2233 1169 2444 1227 valeam
2473 1173 2779 1244 admittere,
2813 1178 2906 1249 qui
2929 1195 3143 1237 mecum
3159 1201 3298 1242 onus
3328 1198 3568 1260 pastora-

1976 1255 2043 1310 lis
2072 1272 2220 1313 θυι-ω
2247 1259 2590 1318 laudabiliter
2618 1265 2830 1322 valeant
2861 1279 3202 1342 supportare.
3242 1299 3264 1326 ο

2049 1345 2143 1400 His
2171 1348 2616 1421 archiepiscopus
2645 1353 2844 1409 auditis
2874 1372 2984 1412 non
2999 1361 3214 1419 modice
3241 1367 3565 1437 gratulatur.

1975 1431 2057 1486 Ex
2122 1451 2230 1490 una
2285 1437 2485 1508 quippe
2545 1442 2718 1497 sancti
2748 1443 2852 1498 viri
2900 1447 3180 1517 petitione,
3214 1431 3386 1512 multa
3417 1457 3472 1513 in
3503 1475 3570 1517 eo

1975 1520 2117 1576 bona
2147 1523 2313 1579 animi
2370 1526 2674 1584 evidentius
2709 1534 3095 1604 prospiciebat.
3131 1540 3360 1600 Videbat
3395 1547 3570 1617 primo

1975 1619 2193 1680 quanta:
2220 1613 2364 1668 istud
2397 1615 2714 1673 humilitatis
2745 1630 2912 1692 esset,
2948 1631 3005 1678 ut
3039 1626 3122 1682 vir
3150 1636 3330 1687 tantus
3369 1613 3478 1690 tam
3499 1638 3569 1695 de

1974 1713 2034 1754 se
2068 1699 2250 1756 inﬁma
2290 1703 2533 1771 sentiret,
2569 1713 2626 1761 nt
2654 1707 2802 1763 solus
2841 1708 2960 1782 ipse
3000 1727 3068 1769 eo
3094 1714 3304 1775 honore
3337 1738 3396 1778 se
3435 1739 3570 1781 cen-

1975 1795 2124 1844 seret
2159 1789 2464 1862 indignum,
2517 1809 2626 1866 quo
2664 1795 2846 1852 divino
2894 1799 3056 1856 simul
3087 1811 3139 1860 et
3167 1806 3408 1865 humano
3434 1828 3572 1884 pro-

1975 1875 2200 1932 baretur
2241 1879 2442 1936 indicio
2473 1898 2597 1938 esse
2636 1884 3012 1957 dignissimus.
3044 1891 3342 1952 Mirabatur
3385 1875 3574 1959 contra

1975 1981 2133 2021 usum
2188 1967 2440 2025 humanm
2491 1970 2763 2029 felicitatis
2808 1977 3086 2035 hominem
3143 1997 3210 2039 ex
3265 1986 3456 2046 humili
3503 1991 3571 2046 ad

1975 2069 2187 2109 summa
2216 2066 2536 2128 provectum
2565 2059 2688 2131 plus
2727 2064 3026 2124 humilitate
3066 2086 3226 2142 quam
3282 2074 3568 2150 dignitate,

1974 2140 2098 2212 plus
2117 2147 2537 2204 mansuetudine
2567 2166 2728 2222 quam
2748 2140 3120 2215 dominatione
3166 2140 3430 2223 crevisse.
3478 2169 3570 2225 Vi-

1973 2231 2134 2287 debat
2172 2242 2433 2305 quantum
2464 2235 2666 2295 zelaret
2696 2241 3037 2301 subditorum
3084 2247 3334 2320 salutem,
3368 2255 3438 2310 ad
3468 2271 3568 2314 cu-

1966 2319 2055 2387 jus
2083 2323 2517 2391 procurationem
2545 2333 2829 2401 tantopere
2859 2335 3144 2405 expetebat
3166 2319 3433 2398 bonorum
3455 2347 3573 2418 opi-

1972 2407 2306 2469 tulationem.
2331 2412 2646 2472 Intuebatur
2667 2427 2886 2490 quanta,
2911 2422 3014 2479 sibi
3031 2426 3277 2498 puritatis
3293 2407 3564 2505 conscius,

1973 2496 2353 2556 benevolentia
2375 2502 2430 2558 in
2461 2519 2619 2561 suum
2637 2507 2926 2576 primatem
2946 2496 3159 2583 plenus,
3181 2527 3386 2590 quanta
3405 2496 3568 2582 etiam

1969 2587 2256 2656 prudentia
2281 2607 2380 2661 per
2410 2601 2603 2650 cuncta
2633 2605 2780 2654 esset
2821 2601 3101 2672 praeditus,
3165 2587 3256 2678 qui
3314 2625 3411 2666 eos
3463 2611 3570 2670 sibi

1971 2674 2300 2733 domesticos
2353 2679 2718 2751 collaterales,
2780 2688 3098 2764 primosque
3155 2674 3271 2751 fieri
3323 2707 3566 2772 optasset

1969 2765 2331 2833 consiliarios,
2368 2784 2506 2840 quos
2529 2770 2671 2828 idem
2702 2773 2838 2831 locis
2880 2778 2992 2834 suis
3049 2781 3332 2843 habuisset
3359 2765 3566 2849 metro-

1967 2851 2262 2922 politauus.
2285 2856 2436 2913 Duos
2452 2857 2619 2930 igitur
2650 2878 2714 2917 ex
2745 2864 2850 2934 his,
2868 2868 2958 2938 qui
2989 2869 3093 2925 sibi
3114 2872 3480 2950 adhaeserant,
3516 2881 3566 2938 ei

1967 2939 2239 3013 delegavit
2255 2946 2567 3017 magistros,
2593 2949 2887 3011 Robertum
2927 2957 3080 3030 (102)
3103 2939 3565 3025 Bedefordensem

1967 3037 2019 3082 et
2050 3030 2329 3103 Rogerum
2361 3036 2510 3105 (103)
2553 3038 3021 3113 Roystonensem;
3069 3065 3296 3120 quorum
3335 3063 3565 3129 uterque

1972 3117 2027 3173 in
2055 3125 2166 3176 toto
2186 3122 2353 3178 totius
2379 3124 2591 3196 Anglize
2613 3128 2763 3184 clero
2793 3131 3062 3192 distinctis
3086 3117 3392 3210 gratiarum
3422 3117 3566 3218 prae-

1965 3208 2230 3280 rogativis
2258 3211 2407 3268 visus
2438 3222 2522 3270 est
2549 3215 2827 3275 enituisse.

2556 3359 2781 3418 CAPUT
2812 3365 2950 3421 VIII.

1969 3459 2226 3527 Qualiter
2257 3463 2408 3547 [Iugo
2445 3470 2641 3551 noster
2672 3485 2965 3551 summum
3005 3480 3166 3551 regis
3193 3483 3562 3551 forestarium

2035 3536 2684 3625 efcomo’zunicando,‘et
2709 3558 2767 3597 se
2797 3561 2831 3599 τι
2860 3536 3206 3625 conferendo.
3259 3536 3562 3625 praealti};

2034 3603 2100 3656 ab
2121 3604 2374 3699 eiusdcgn
2403 3603 2690 3665 instatttt'a
2711 3603 3437 3699 excusandoﬂpsiusrregis

2033 3675 2218 3729 currit
2253 3677 2526 3747 offensam
2539 3720 2554 3736 .

2033 3778 2129 3835 His
2176 3781 2407 3855 aliisque
2461 3787 2594 3844 viris
2681 3792 2912 3864 eximiis,
2969 3795 3122 3854 lateri
3181 3817 3281 3858 suo
3328 3804 3560 3865 sollicite

1961 3867 2382 3939 adhmrentibus,
2419 3875 2678 3946 Spiritum
2696 3881 2797 3937 Dei
2826 3883 3032 3941 habens
3054 3888 3146 3958 (de
3167 3906 3276 3962 quo
3297 3895 3561 3966 scriptum

1962 3963 2045 4010 est
2080 3971 2092 4010 ε
2128 3981 2147 4004 ‹‹
2173 3958 2275 4016 Ubi
2295 3961 2529 4032 Spiritus
2552 3968 2686 4035 Dei,
2716 3970 2789 4024 ibi
2814 3971 3038 4030 libertas
3057 3978 3134 4044 (II
3152 3958 3273 4036 Cor.
3293 3996 3374 4051 ιιι,
3401 3958 3511 4056 i9),
3535 4007 3560 4038 ι

1959 4056 2250 4115 peccantes
2307 4050 2476 4107 libere
2518 4054 2851 4127 increpabat,
2886 4069 2939 4118 et
2967 4064 3130 4120 nullis
3184 4050 3374 4126 contra
3395 4050 3562 4142 justi-

1960 4133 2088 4189 tiam
2115 4139 2482 4206 potentatibus
2513 4143 2813 4203 deferebat.
2846 4149 3001 4208 Unde
3032 4155 3262 4229 contigit
3298 4167 3356 4215 ut
3381 4133 3437 4216 in
3468 4163 3559 4235 ip-

1960 4221 2072 4277 sius
2103 4227 2462 4294 promotionis
2496 4233 2645 4302 (104)
2677 4251 2791 4291 sum
2823 4239 3104 4313 auspiciis,
3137 4221 3268 4300 dum
3298 4247 3355 4303 in
3383 4221 3559 4307 subli-

1957 4326 2075 4366 mes
2104 4315 2366 4384 quasdam
2402 4320 2557 4390 regni
2590 4331 2890 4392 potestates
2931 4330 3356 4391 ecclesiasticam
3377 4338 3558 4397 distri-

1958 4399 2095 4456 ctius
2125 4405 2438 4476 exsequitur
2472 4411 2876 4483 coercitionem,
2935 4416 3114 4489 ipsum
3172 4440 3389 4497 quoque
3446 4444 3558 4487 non

1955 4489 2300 4547 mediocriter
2320 4494 2468 4549 visus
2491 4497 2559 4552 sit
2581 4499 2874 4560 offendisse
2895 4521 3105 4578 regem.
3129 4489 3229 4566 Est
3249 4489 3394 4571 enim
3414 4516 3559 4576 inter

1956 4571 2092 4630 alias
2124 4575 2448 4634 abusionum
2482 4592 2662 4654 pestes
2714 4587 2890 4657 prima
2947 4571 3001 4646 in
3040 4608 3214 4666 regno
3252 4599 3556 4673 Anglorum

1953 4665 2254 4733 tyrannidis
2284 4667 2693 4728 forestariorum
2725 4677 2896 4746 pestis
2943 4665 3326 4750 provenciales
3341 4665 3550 4763 vdepo-

1950 4752 2164 4822 pulans.
2200 4755 2336 4812 Huic
2373 4758 2633 4818 violentia
2665 4779 2762 4834 pro
2793 4763 2920 4838 lege
2940 4777 3040 4835 est,
3081 4773 3271 4844 rapina
3291 4775 3345 4832 in
3367 4752 3549 4851 laude,

1953 4842 2176 4912 aequitas
2201 4847 2569 4916 exsecrabilis,
2596 4851 2906 4912 innocentia
2923 4868 3005 4912 est
3029 4842 3231 4919 reatus.
3258 4865 3429 4936 Hujus
3452 4842 3555 4926 im;

1950 4931 2257 4988 manitatem
2296 4936 2422 4990 mali
2458 4938 2607 4995 nulla
2645 4943 2919 5013 conditio,
2983 4949 3188 5020 gradus
3219 4931 3417 5024 nullus,
3448 4975 3553 5018 nec

1951 5020 2260 5093 quisquam,
2283 5032 2340 5079 ut
2371 5025 2791 5086 brevitertotum
2812 5036 3200 5107 exprimamus,
3226 5059 3362 5116 rege
3405 5045 3548 5104 infe-

1949 5108 2079 5176 rior,
2113 5112 2310 5168 mansit
2342 5123 2392 5171 et
2418 5117 2592 5174 evasit
2623 5119 2913 5189 indemnis,
2937 5142 3099 5198 quem
3120 5128 3264 5186 illius
3285 5132 3548 5203 injuriosa

1944 5195 2251 5266 jurisdi’ctio
2271 5218 2381 5259 non
2403 5221 2549 5278 saepe
2573 5214 2834 5267 tentasset
2850 5195 3072 5272 elidere.
3103 5219 3212 5276 Hac
3229 5195 3355 5277 curn
3371 5227 3548 5296 perni-
3593 5253 3598 5256 ·

1946 5375 2389 5500 Ξὲἓιθδὶξὲιέηυεο)
2428 5389 2655 5452 apparuit
2678 5391 2885 5445 dicens:
2927 5398 3182 5452 Concessit
3218 5403 3338 5456 mihi
3378 5408 3545 5462 Domi-

2044 5486 2055 5500 .
2085 5465 2103 5496 ι)
2231 5486 2243 5499 .

2043 5486 2055 5507 ,
2085 5465 2103 5496 ι)
2148 5465 2243 5500 etc.

2016 5547 2035 5627 _(
2045 5549 2288 5629 ttM'LlIoc
2308 5559 2361 5629 et
2385 5558 2603 5629 sequenti
2630 5561 2788 5624 capite
2811 5563 2964 5617 relata
2987 5569 3281 5622 succinctius
3316 5586 3377 5625 ex
3403 5577 3546 5629 Surio

1946 5617 2101 5702 refert
2145 5617 2556 5702 Qaropiusnetex
2573 5617 2714 5679 Petro
2732 5629 2946 5685 Blesensi
2971 5617 3544 5702 eiitié3i;'&in{£m”§ixii

1945 5687 1996 5734 et
2017 5684 2245 5778 dicantur
2272 5684 2536 5742 foreStarii.
