3938 6398
386 314 490 368 995

1273 311 1330 367 S.
1372 310 1689 368 HUGONIS
1726 309 1945 366 EPISC.
1987 310 2310 368 LINCOLN.
2353 309 2516 368 0RD.
2553 313 2798 369 CARTH.

3576 315 3682 367 996

385 434 470 492 cie
490 433 699 506 primus
728 435 946 509 Hugoni
970 449 1302 507 congressus
1330 435 1448 503 fuit,
1470 437 1584 492 hac
1614 435 1693 492 illi
1718 435 1896 508 prima
1927 443 1982 491 et
2000 437 2049 498 Α
2073 437 2188 506 jam
2218 437 2490 494 cernimus
2520 445 2644 509 post
2673 444 2768 504 tot,
2802 436 3087 508 adhucque
3117 435 3360 493 recentia
3389 433 3677 501 beneﬁcia,

387 524 561 595 praelii
590 541 777 594 causa,
813 534 864 580 et
892 525 1118 582 materia
1147 525 1425 596 triumphi.
1451 526 1580 582 Haec
1617 542 1741 580 eum
1769 525 1981 596 ancipi-

387 620 497 669 tem
526 613 769 686 gladium
798 615 1022 685 Spiritus
1049 631 1273 670 exerere
1307 615 1556 686 primitus
1588 615 1789 686 coegit.

460 703 597 758 Cum
643 702 789 758 enim
836 719 992 758 more
1033 703 1214 770 solito,
1249 712 1305 758 ut
1355 703 1410 758 in
1436 712 1683 770 caeteros,
1717 703 1791 758 ita
1847 701 1983 758 etin

387 806 517 847 suos
544 791 793 848 homines
823 800 1015 848 contra
1073 792 1336 849 Ecclesiae
1384 807 1498 847 suae
1554 792 1864 846 libertatem
1895 791 1982 846 fo-

384 879 599 937 restarii
625 880 956 938 debacchari
987 880 1300 952 cmpissent,
1335 895 1402 938 eo
1429 897 1602 954 usque
1643 897 1729 936 res
1760 880 1983 935 tandem

383 969 668 1042 processit,
719 978 780 1025 ut
837 986 1109 1026 summum
1166 969 1314 1042 regis
1360 968 1728 1038 forestarium,
1762 968 1982 1025 nomine

385 1057 689 1114 Gali'ridum
720 1059 869 1131 (105)
913 1058 1490 1116 excommunicationis
1520 1057 1738 1115 vinculo
1792 1057 1986 1113 inoda-

383 1155 486 1204 ret.
519 1147 642 1216 Quo
672 1163 770 1203 rex
800 1155 1080 1219 comperto
1103 1147 1483 1204 vehementem
1514 1147 1719 1203 exarsit
1748 1146 1803 1201 in
1824 1145 1980 1202 iram.

387 1236 624 1310 Contigit
653 1236 863 1292 interea
908 1252 1076 1292 unam
1107 1253 1175 1292 ex
1205 1236 1517 1307 praebendis
1557 1234 1822 1292 Ecclesiae
1851 1234 1983 1292 Lin-

384 1324 678 1382 colniensis
697 1325 944 1382 discessu
991 1325 1261 1391 canonici,
1323 1325 1416 1397 qui
1463 1341 1583 1379 eam
1642 1323 1979 1395 possederat,

385 1421 692 1482 vacantem,
738 1430 939 1471 novum
997 1422 1319 1485 exspectare
1365 1413 1820 1484 dispensatorem.
1871 1413 1985 1468 Hoc

384 1503 547 1560 aulici
575 1503 760 1560 audito
790 1519 978 1576 regem
999 1503 1214 1560 concito
1283 1509 1530 1569 exorant,
1592 1510 1860 1574 quatenus
1889 1501 1981 1555 uni

388 1608 581 1649 eorum
615 1593 793 1664 ipsam
821 1591 1062 1648 conferri
1092 1591 1161 1646 ab
1190 1606 1256 1647 eo
1289 1591 1607 1646 litteratorie
1637 1591 1980 1661 deprecetur.

387 1681 808 1737 Arbitrabantur
834 1697 894 1736 se
923 1679 1250 1752 obsequium
1293 1679 1455 1736 etiam
1483 1679 1536 1735 in
1565 1681 1669 1735 hoc
1725 1687 1985 1750 przestare

2084 527 2139 581 in
2172 527 2381 582 tantilla
2404 543 2464 582 re
2497 535 2734 583 vestram
2764 525 3144 582 excellentiam
3173 525 3314 581 adeo
3372 524 3689 579 irreveren-

2085 624 2167 670 ter
2196 615 2592 688 contempsisse
2612 614 2641 670 τ
2672 631 2834 687 quem
2865 623 2917 669 et
2947 630 3143 686 preces
3163 614 3492 684 intimosque
3521 611 3683 666 belli-

2083 720 2181 760 vos
2211 705 2360 774 (109)
2395 713 2604 760 vestros
2634 712 2746 760 tam
2801 711 3059 776 proterva
3111 702 3362 758 dolemus
3418 699 3684 757 sententia

2084 793 2401 849 confudisse
2417 794 2445 848 ?
2480 815 2502 843 ι

2155 883 2238 937 Ad
2269 883 2386 938 haec
2429 881 2685 954 princeps
2723 882 2834 948 ille,
2868 880 3120 953 quamvis
3147 879 3439 953 plurimum
3485 877 3682 934 turba-

2083 978 2248 1038 retur,
2283 971 2564 1027 modestize
2590 979 2772 1026 tamen
2802 969 3075 1027 cancellos
3105 985 3215 1025 non
3245 967 3540 1033 excedens,
3573 967 3683 1021 mi-

2086 1060 2154 1114 sit
2185 1060 2451 1130 protinus,
2488 1067 2540 1115 et
2595 1059 2912 1131 episcopum
2943 1059 3015 1113 ad
3059 1074 3118 1114 se
3169 1055 3475 1114 accersivit.
3508 1053 3686 1124 Quem

2085 1147 2294 1203 foribus
2331 1149 2446 1218 jam
2502 1147 2788 1204 imminere
2839 1162 3211 1218 praenoscens,
3262 1161 3384 1201 cum
3426 1144 3683 1200 universa

2085 1237 2368 1303 nobilium,
2390 1236 2481 1308 qui
2502 1245 2628 1292 tunc
2651 1237 2896 1301 aderant,
2921 1235 3242 1308 frequentia,
3265 1233 3318 1288 in
3341 1233 3537 1288 saltum
3559 1247 3684 1287 con-

2087 1325 2292 1398 tiguum
2319 1325 2563 1381 ascensis
2592 1325 2746 1397 equis
2779 1325 3003 1380 secedit.
3037 1323 3142 1379 Ubi
3181 1323 3234 1378 in
3285 1322 3406 1377 loco
3440 1321 3683 1376 residens

2086 1429 2324 1480 ammno,
2356 1413 2670 1469 consulibus
2707 1413 3030 1484 ceterisque
3077 1410 3426 1484 magnatibus
3454 1409 3510 1464 in
3558 1423 3684 1463 mo-

2085 1503 2216 1559 dum
2244 1518 2462 1558 coronre
2483 1502 2906 1558 consedentibus
2936 1500 3198 1572 praecepit
3229 1507 3288 1555 ut
3325 1497 3504 1554 nullus
3524 1513 3684 1552 acce-

2086 1593 2234 1649 denti
2263 1591 2522 1664 episcopo
2551 1599 2885 1663 assurgeret,
2919 1590 3100 1645 nullus
3125 1589 3504 1644 advenientem
3534 1585 3680 1641 salu-

2087 1689 2245 1737 taret.
2279 1682 2394 1738 Nec
2421 1696 2594 1746 mora,
2622 1679 2775 1735 adest
2793 1679 2902 1744 ille,
2937 1678 3160 1748 assistit,
3197 1677 3393 1732 salutat
3423 1691 3610 1748 regem
3633 1682 3686 1728 et

388 1769 526 1863 viro,
561 1769 648 1825 cui
677 1769 962 1825 dedissent
990 1767 1356 1834 occaSionem,
1388 1775 1589 1824 molam
1632 1767 1896 1822 adversus
1927 1782 1986 1821 se
2015 1801 2068 1863 B
2089 1769 2470 1837 consedentes,
2504 1769 2603 1824 sed
2634 1784 2759 1823 eum
2788 1767 2970 1822 nullus
2999 1766 3274 1821 resalutat.
3311 1764 3480 1834 Quos,
3513 1771 3569 1818 ut
3597 1762 3684 1818 vi-

388 1857 820 1931 indignationem
877 1857 1091 1930 regiam
1170 1864 1445 1928 utcunque
1511 1855 1817 1928 mitigandi.
1871 1855 1989 1911 Nec

391 1953 674 2003 cunctatur
701 1963 799 2002 rex
829 1946 1076 2016 petitioni
1121 1962 1312 2002 eorum
1348 1945 1563 2013 favere;
1596 1945 1794 2017 quippe
1825 1952 1878 1999 et
1933 1943 1987 1998 in

395 2035 502 2092 hac
523 2042 684 2106 parte
713 2033 988 2106 pontificis
1016 2034 1256 2090 animum
1287 2034 1522 2090 libenter
1575 2033 1825 2104 cupiebat
1853 2047 1987 2102 pro-

392 2123 734 2196 positumque
782 2123 1086 2194 explorare.
1143 2122 1487 2178 Consistebat
1531 2137 1598 2177 eo
1644 2129 1890 2192 tempore
1921 2136 1988 2175 ex

390 2211 609 2285 quidem
657 2211 802 2282 apud
862 2212 1248 2279 Wodestkam,
1312 2211 1602 2282 episc0pus
1657 2225 1786 2266 vero
1843 2209 1988 2280 apud

392 2300 815 2356 Dorkecestram
873 2300 1023 2371 (106)
1081 2317 1200 2372 quae
1257 2299 1324 2354 ab
1380 2299 1614 2355 invicem
1678 2297 1988 2353 mansiones

393 2388 655 2446 tredecim
697 2390 848 2460 (107)
913 2388 1212 2446 creduntur
1277 2387 1516 2444 millibus
1573 2387 1795 2442 distare.
1853 2386 1989 2442 Lec-

393 2478 463 2534 tis
491 2493 622 2534 vero
645 2477 938 2550 episcopus
966 2477 1234 2550 petitoriis
1267 2477 1371 2532 sibi
1413 2476 1699 2532 destinatis
1733 2490 1746 2530 :
1783 2498 1805 2522 α
1840 2476 1984 2540 Νοιι,

400 2567 594 2640 inquit,
617 2566 830 2635 aulicis,
856 2566 955 2624 sed
977 2567 1158 2638 potius
1197 2565 1584 2623 ecclesiasticis
1617 2563 1988 2621 ecclesiastica

390 2663 602 2728 oportet
627 2655 893 2713 beneﬁcia
921 2655 1158 2714 conferri
1188 2656 1456 2727 personis,
1491 2670 1720 2726 quorum
1767 2668 1988 2724 posses-

391 2761 568 2813 sores,
595 2761 704 2801 non
722 2745 945 2818 palatio,
971 2753 1062 2801 aut
1078 2744 1232 2812 fisco,
1251 2745 1366 2800 sive
1384 2743 1654 2800 staceario
1675 2745 1845 2814 (108),
1866 2741 1985 2810 sed,

387 2842 447 2890 ut
491 2834 652 2892 docet
689 2834 990 2906 Scriptura,
1025 2833 1186 2889 altari
1231 2833 1435 2890 debent
1473 2831 1776 2887 deservire.
1810 2830 1988 2884 Habet

390 2922 643 2980 dominus
685 2938 783 2980 rex
840 2924 984 2978 unde
1041 2923 1301 2978 exhilaret
1357 2922 1722 2992 obsequentes
1752 2918 1988 2990 negotiis

389 3011 522 3078 suis,
545 3011 711 3068 habet
739 3011 884 3068 unde
913 3017 1230 3081 compenset
1260 3009 1316 3063 in
1337 3008 1729 3079 temporalibus
1749 3007 1987 3062 militan-

390 3101 524 3156 tium
547 3100 652 3155 sibi
682 3115 783 3171 pro
805 3099 1197 3170 temporalibus
1219 3099 1486 3154 laborem.
1535 3097 1744 3154 Bonum
1792 3104 1874 3152 est
1914 3095 1984 3164 ei,

2089 1859 2182 1926 dit,
2217 1858 2454 1916 incurios
2485 1857 2568 1913 sui
2599 1857 2900 1928 tacitosque
2931 1855 3157 1921 sedere,
3189 1853 3400 1910 accedit
3429 1851 3685 1924 pr0pius;

2088 1963 2361 2019 manuque
2390 1946 2584 2002 leniter
2641 1944 2892 2018 imposita
2950 1942 3186 2014 scapulis
3216 1941 3404 2013 magni
3435 1940 3685 2010 ejusdam

2087 2037 2345 2105 consulis,
2382 2035 2471 2108 qui
2503 2034 2780 2105 proximus
2811 2033 3090 2088 assederat
3121 2031 3276 2086 lateri
3296 2029 3472 2102 regio,
3504 2029 3685 2084 locum

2088 2125 2191 2181 sibi
2213 2125 2368 2194 juxta
2398 2139 2588 2196 regem
2619 2123 2739 2194 ipse
2795 2121 2948 2177 fecit.
3017 2119 3304 2176 Obstinato
3357 2133 3573 2189 quoque
3603 2116 3684 2171 si-

2087 2214 2276 2280 lentio,
2338 2213 2550 2269 cunctis
2600 2211 2802 2266 diutius
2859 2209 3273 2276 insistentibus,
3326 2223 3419 2262 rex
3465 2205 3686 2261 tandem

2087 2304 2296 2360 vultum
2327 2301 2548 2373 erigens
2579 2301 2902 2367 demissum,
2951 2316 2981 2353 a
3037 2298 3275 2370 quodam
3324 2294 3684 2350 insistentium

2088 2393 2206 2448 dari
2237 2391 2340 2446 sibi
2371 2406 2530 2446 acum
2568 2389 2828 2461 prmcepit
2858 2405 2981 2443 cum
3016 2385 3128 2442 ﬁlo.
3181 2385 3302 2453 Quo
3332 2383 3492 2451 facto,
3526 2398 3684 2438 suere

2088 2481 2251 2551 coepit
2280 2495 2444 2536 manu
2475 2479 2695 2549 prOpria
2727 2478 2918 2533 laesum
2947 2473 3351 2547 panniculoque
3381 2471 3685 2529 involutum

2088 2570 2239 2626 laeva:
2270 2585 2382 2624 sua:
2413 2567 2662 2640 digitum.
2723 2567 2938 2638 Agebat
2994 2566 3117 2630 hoc,
3178 2579 3246 2618 ne
3302 2561 3377 2616 nil
3423 2567 3684 2634 ageretur

2089 2658 2424 2730 aliquandiu,
2460 2656 2593 2711 nihil
2622 2656 2839 2711 interim
2870 2655 3124 2726 loquens.
3163 2654 3243 2707 ita
3274 2666 3406 2707 vero
3435 2668 3493 2705 se
3515 2665 3683 2722 gere-

2087 2749 2198 2818 bat,
2231 2755 2288 2802 ut
2317 2746 2493 2802 solent
2513 2744 2736 2800 nimium
2764 2743 2910 2808 irati,
2941 2760 3067 2799 cum
3095 2742 3149 2798 in
3179 2742 3258 2796 eis
3288 2739 3454 2795 animi
3485 2753 3684 2794 rancor

2089 2836 2241 2892 vocis
2264 2835 2525 2890 absorbet
2554 2833 2810 2899 oﬂicium,
2843 2839 3024 2888 meatu
3057 2830 3305 2902 spiritum
3362 2827 3678 2884 intercluso.

2160 2926 2277 2980 Hoc
2297 2923 2588 2996 episcopus
2618 2922 2852 2991 intuens,
2886 2937 2952 2976 ac
2995 2920 3078 2975 sui
3107 2934 3272 2975 causa
3317 2933 3534 2972 omnem
3583 2916 3687 2970 hu-

2083 3014 2172 3084 jus
2201 3013 2465 3068 simulatis
2496 3027 2750 3083 pompam
2770 3009 3016 3065 exhiberi
3039 3023 3399 3081 cognoscens,
3425 3005 3568 3076 apud
3598 3019 3680 3070 se,

2088 3103 2238 3158 velut
2267 3118 2298 3156 a
2329 3101 2632 3156 sublimiori
2662 3100 2896 3172 quadam
2934 3098 3135 3153 intimae
3189 3095 3414 3151 rationis
3445 3092 3684 3165 specula,

389 3196 447 3244 ut
476 3203 688 3244 summo
744 3187 861 3258 regi
905 3187 1250 3257 militaturos,
1283 3185 1557 3257 deputatis
1587 3201 1772 3241 eorum
1799 3200 1991 3240 neces-
2017 3163 2064 3227 ο
2093 3190 2488 3263 cogitationum
2522 3163 2820 3246 carnalium
2851 3187 3132 3242 molimina
3175 3186 3338 3258 longe
3401 3163 3682 3253 despexit;

390 3276 659 3346 sitatibus,
689 3275 964 3347 permittat
1019 3276 1263 3347 gaudere
1321 3274 1694 3346 proventibus,
1727 3289 1829 3329 nec
1885 3273 1987 3326 de-

393 3367 520 3422 bitis
569 3381 666 3422 eos
721 3365 940 3437 privare
985 3363 1270 3436 stipendiis
1313 3363 1646 3436 acquiescat.
1685 3383 1708 3412 ι
1741 3363 1868 3418 Hac
1905 3361 1990 3414 di-

391 3471 525 3513 cens
549 3453 735 3526 regios
763 3469 796 3508 a
822 3471 882 3510 se
911 3453 1149 3522 nuntios,
1205 3454 1400 3510 inanes
1444 3459 1497 3508 et
1541 3466 1762 3518 vacuos,
1811 3449 1988 3508 redire

389 3559 500 3602 non
529 3543 765 3616 expavit.

1012 3632 1240 3689 CAPUT
1270 3631 1367 3688 IX.

397 3741 654 3815 Qualiter
683 3741 977 3815 praedicti:
1019 3739 1312 3815 oﬂ‘emisu
1341 3753 1470 3810 rege
1501 3740 1755 3815 _vocatus
1804 3737 1890 3815 ita
1918 3751 1989 3815 se

466 3814 661 3870 habuit
683 3808 1096 3884 '1'espondendo,
1131 3809 1273 3883 quod
1306 3808 1438 3865 cum
1459 3809 1578 3880 ejus
1600 3808 1990 3864 benevolentia

471 3887 609 3941 liber
634 3883 930 3940 abscessit.

464 3990 688 4046 Talibus
716 4003 846 4046 vero
882 3988 938 4042 in
984 3987 1135 4044 curia
1191 3985 1480 4044 declaratis
1526 3985 1594 4042 de
1624 3983 1990 4041 Lincolniensi

395 4081 576 4136 adhuc
614 4094 756 4135 novo
787 4094 852 4134 ac
897 4077 1050 4150 quasi
1098 4077 1306 4133 recenti
1340 4075 1620 4148 episcOpo,
1652 4090 1763 4131 non
1812 4073 1994 4128 defue-

393 4176 522 4223 runt
551 4167 643 4241 qui
680 4184 892 4242 regem,
928 4173 988 4222 ut
1016 4165 1321 4234 videbatur,
1348 4166 1462 4234 jam
1491 4163 1622 4220 satis
1661 4169 1991 4220 commotum

396 4257 664 4314 adversus
722 4273 868 4323 eum,
899 4255 956 4310 in
986 4254 1446 4311 vehementiorem
1503 4253 1807 4309 niterentur
1846 4249 1992 4305 furo-

394 4362 512 4403 rem
543 4346 886 4402 sermonibus
906 4345 1135 4400 incitare
1151 4343 1453 4400 venenatis.
1490 4365 1512 4390 ι
1537 4343 1679 4412 Jam,
1722 4339 1987 4411 inquiunt,

397 4435 636 4502 domine,
670 4435 726 4490 in
757 4433 1048 4490 manifesto
1095 4440 1198 4499 est,
1234 4447 1397 4504 quam
1452 4430 1701 4503 ingratus
1731 4428 1801 4484 sit
1829 4427 1993 4482 tantis

2089 3297 2153 3338 ac
2201 3282 2422 3336 demum
2453 3295 2749 3336 conversus
2778 3278 2845 3333 ad
2874 3278 3080 3349 Regem
3111 3276 3194 3329 his
3238 3273 3422 3330 verbis
3459 3271 3684 3344 pancis-

2091 3369 2243 3425 simis
2265 3377 2430 3425 totam
2461 3367 2643 3425 cordis
2672 3368 2787 3437 ejus
2819 3367 3150 3422 erectionem
3205 3362 3467 3418 tumidam
3523 3359 3683 3425 elisit,
3769 3413 3772 3416 .

2090 3460 2376 3532 ipsumque
2407 3457 2518 3513 vim
2547 3457 2840 3512 verborum
2860 3472 2970 3511 non
2998 3455 3262 3510 ferentem
3279 3467 3507 3523 corpore
3523 3449 3685 3505 etiam

2089 3547 2348 3619 resupino
2379 3547 2655 3602 solotenus
2680 3545 2884 3615 rejecit.
2909 3545 3091 3600 Verba
3119 3543 3240 3613 ipsa
3297 3540 3682 3612 exprimemus,

2089 3639 2164 3694 nil
2197 3637 2275 3693 eis
2305 3635 2576 3693 demendo
2619 3635 2704 3690 vel
2732 3633 3058 3703 adjicienda.
3111 3633 3199 3687 Ait
3229 3646 3364 3702 ergo
3398 3648 3412 3685 :
3454 3651 3472 3679 ι
3507 3627 3685 3698 Quam

2092 3727 2283 3782 similis
2313 3742 2374 3781 es
2403 3725 2566 3780 modo
2599 3723 2848 3796 cognatis
2874 3723 2979 3778 tuis
3009 3722 3078 3777 de
3107 3719 3315 3776 Falesia
3341 3718 3352 3774 l
3386 3719 3502 3774 Hoc
3532 3715 3688 3789 quasi

2092 3817 2222 3882 telo,
2256 3815 2455 3871 blando
2495 3814 2717 3886 quidem
2747 3820 2801 3868 et
2829 3812 2956 3879 levi,
2991 3810 3088 3866 sed
3131 3809 3325 3864 mirum
3355 3807 3412 3862 in
3465 3805 3690 3862 modum

2091 3903 2415 3978 penetrabili
2462 3912 2515 3958 et
2557 3910 2828 3974 praeacuto
2850 3918 2940 3956 rex
2970 3897 3398 3972 praecordialiter
3426 3895 3688 3964 trajectus

2093 3994 2328 4051 conserit
2349 3993 2567 4066 digitos,
2592 3992 2818 4047 solvitur
2837 3991 2894 4047 in
2923 3989 3270 4052 cachinnum,
3295 4002 3390 4041 ore
3409 3983 3602 4055 supino
3633 3981 3688 4038 in

2094 4091 2294 4138 terram
2315 4083 2599 4152 deponens
2635 4080 2922 4147 cervicem,
2955 4087 3009 4134 et
3046 4077 3145 4132 sub
3187 4075 3275 4131 tali
3299 4075 3501 4130 diutius
3522 4073 3687 4128 sche-

2094 4181 2236 4228 male
2265 4171 2466 4226 risibus
2523 4171 2678 4227 frena
2731 4168 2965 4225 laxabat.
3023 4191 3044 4216 η
3104 4169 3190 4220 Ex
3245 4161 3683 4226 consedentibus,

2095 4261 2188 4334 qui
2214 4261 2442 4316 verbum
2473 4259 2874 4327 intellexerant,
2906 4257 3046 4312 miro
3069 4255 3394 4311 tenebantur
3440 4260 3684 4322 stupore.

2094 4350 2427 4406 Mirabantur
2449 4349 2592 4405 enim
2624 4364 2788 4420 supra
2807 4347 3027 4402 modum
3061 4345 3162 4400 sub
3193 4343 3285 4398 tali
3324 4340 3553 4397 articulo
3585 4339 3689 4393 tale

2095 4439 2487 4511 imprOperium
2517 4437 2750 4510 principi
2778 4444 2926 4492 tanto
2983 4435 3053 4490 ab
3110 4432 3328 4490 homine
3387 4431 3478 4485 tali
3519 4428 3688 4484 fuisse

393 4525 559 4580 homo
604 4523 708 4580 iste
745 4521 1028 4578 beneﬁciis
1081 4521 1280 4578 vestris
1314 4538 1327 4575 :
1352 4521 1469 4590 jam
1524 4525 1674 4589 patet
1721 4532 1828 4588 quo
1888 4515 1994 4571 loci

2097 4528 2372 4584 intortum.
2408 4527 2701 4583 Subridere
2731 4535 2913 4581 tamen
2939 4531 2992 4580 et
3029 4523 3133 4594 ipsi
3171 4539 3229 4577 se
3277 4520 3534 4576 cohibere
3579 4532 3690 4572 non

397 4627 620 4685 Operam
642 4611 956 4668 locaveritis
985 4617 1038 4666 et
1063 4610 1388 4682 impensam,
1419 4607 1548 4663 dum
1571 4607 1689 4675 ejus
1711 4612 1993 4676 tantopere

393 4700 724 4774 promotioni
752 4699 1098 4772 invigilastis.
1131 4700 1196 4754 Et
1224 4699 1431 4754 utinam
1461 4695 1837 4751 tantummodo
1870 4709 1995 4764 gra-

393 4791 527 4847 tiam
553 4807 665 4847 non
693 4789 894 4846 referre
936 4795 1221 4844 contentus
1263 4787 1334 4842 sit
1380 4787 1545 4840 homo
1603 4783 1770 4838 animi
1829 4782 1992 4837 inhu—

396 4879 563 4951 mani,
595 4895 705 4935 non
735 4886 915 4934 autem
936 4885 989 4932 et
1019 4875 1275 4946 injuriam
1305 4873 1611 4946 rependere
1640 4871 1855 4927 insistat
1892 4887 1994 4942 pro

394 4977 544 5026 tanto
574 4970 781 5024 honore
803 4967 820 5020 l
846 4975 1108 5023 caterum
1135 4963 1266 5037 quid
1316 4977 1419 5035 pro
1448 4961 1603 5017 vobis
1633 4977 1756 5017 eum
1812 4977 1996 5031 spere-

393 5074 517 5114 mus
548 5055 900 5126 subsequenti
931 5061 1178 5126 tempore
1209 5068 1331 5108 esse
1363 5050 1646 5116 facturum,
1680 5058 1770 5106 aut
1800 5048 1994 5106 vestris

396 5145 604 5218 (jussis)
668 5145 988 5216 inquantum
1049 5141 1356 5197 delaturum
1413 5139 1770 5207 confidimus,
1830 5153 1994 5211 quem

469 5317 616 5385 (105)
641 5319 752 5383 Qui,
779 5321 833 5369 ut
857 5330 965 5385 cap.
993 5316 1213 5380 proximo
1249 5315 1446 5385 dicitur,
1473 5329 1525 5367 se
1567 5315 1720 5385 virgis
1759 5311 1992 5376 subjecit,

399 5391 450 5440 et
476 5383 661 5451 Hugoni
686 5388 736 5438 in
760 5384 1078 5448 expediendis
1099 5384 1306 5448 negotiis
1328 5384 1560 5447 deinceps
1583 5383 1725 5434 favit.

468 5488 610 5554 (106)
634 5489 724 5540 Ubi
744 5488 860 5540 olim
885 5488 1025 5540 sedes
1055 5487 1362 5552 episcopalis,
1391 5486 1629 5539 translata
1669 5485 1759 5536 sub
1774 5483 1996 5545 Remigio

399 5575 625 5641 episcopo
648 5573 971 5626 Lincolniam.

465 5675 611 5746 (t07)
631 5679 704 5732 Ex
724 5677 961 5731 distantia
994 5675 1245 5742 utriusque
1268 5673 1362 5729 loci
1385 5673 1447 5726 ab
1471 5672 1680 5726 invicem
1708 5670 1868 5736 colligi
1891 5682 1996 5734 pos-

2095 4618 2360 4685 valentes,
2394 4624 2674 4688 coeperunt
2693 4614 2885 4670 animis
2908 4619 3288 4683 exspectantes
3318 4610 3405 4681 [f.,
3456 4622 3689 4678 exspec-

2095 4707 2229 4779 tare]
2256 4707 2516 4772 attonitis,
2550 4705 2810 4778 quidnam
2835 4703 2907 4759 ad
2936 4702 3119 4757 audita
3146 4717 3243 4755 rex
3297 4697 3516 4754 tandem
3546 4701 3691 4752 esset

2096 4812 2484 4866 responsurus.
2511 4795 2698 4849 Plures
2729 4809 2950 4848 sensum
2981 4791 3290 4846 nescientes
3319 4785 3518 4859 prolati
3566 4800 3690 4840 ser-

2103 4885 2281 4940 monis
2310 4885 2544 4955 amplius
2574 4883 2864 4954 stupebant
2884 4882 2953 4936 ob
2976 4879 3313 4951 repentinam
3341 4885 3529 4948 gestus
3549 4871 3690 4946 regii

2096 4973 2620 5045 percunctationem.
2655 4971 2898 5039 Quorum
2943 4971 3165 5025 demum
3203 4965 3568 5040 ignorantiam
3597 4977 3692 5017 rex

2096 5063 2215 5133 ipse
2271 5063 2602 5135 intelligens,
2636 5061 2874 5134 propria
2929 5067 2987 5114 ut
3035 5075 3131 5114 eos
3184 5057 3432 5123 instruat,
3465 5051 3692 5109 efficitur

2096 5152 2366 5224 interpres
2423 5150 2653 5221 injuriae.
2715 5151 3030 5206 Prmventus
3086 5147 3232 5202 enim
3298 5154 3409 5200 tam
3466 5142 3693 5199 urbanae

2096 5332 2188 5389 set,
2211 5327 2525 5378 Wodestkam
2548 5339 2609 5376 an
2633 5325 2761 5377 idem
2778 5324 2842 5376 sit
2865 5335 2974 5374 cum
2990 5320 3271 5373 Woldestok
3295 5321 3380 5371 aut
3403 5317 3690 5383 Wdestoch,

2096 5397 2157 5448 de
2183 5409 2276 5460 quo
2300 5395 2389 5446 lib.
2418 5409 2494 5456 in,
2512 5407 2558 5444 c.
2582 5395 2630 5444 1.

2164 5498 2306 5617 (11508)
2335 5499 2392 5549 F.
2416 5497 2662 5560 Scocario,
2708 5497 2770 5547 de
2813 5508 2910 5559 qua
2947 5506 3063 5544 voce
3088 5492 3224 5542 videt
3261 5493 3362 5542 not.
3388 5490 3500 5541 ead.
3526 5488 3613 5539 lib.
3639 5501 3691 5548 ν,

2097 5580 2144 5617 C.
2176 5580 2255 5617 16.

2168 5664 2312 5733 (109)
2338 5664 2472 5720 Alias
2494 5665 2611 5718 dicti
2637 5663 2826 5728 Ballivi,
2849 5661 3108 5716 Germanis
3148 5662 3385 5724 Lanwogt
3408 5659 3695 5712 Umtmann.
