  <div class='ocr_page' id='page_1' title='image "/cluster/home/n/w/nwhite01/storage/ocr_20150623/153-154/uc1.31175019678096/504.png"; bbox 0 0 3938 6402; ppageno 0'>
   <div class='ocr_carea' id='block_1_1' title="bbox 151 349 257 402">
    <p class='ocr_par' dir='ltr' id='par_1_1' title="bbox 151 349 257 402">
     <span class='ocr_line' id='line_1_1' title="bbox 151 349 257 402; baseline 0 0"><span class='ocrx_word' id='word_1_1' title='bbox 151 349 257 402; x_wconf 83' lang='lat'><strong>997</strong></span> 
     </span>
    </p>
   </div>
   <div class='ocr_carea' id='block_1_2' title="bbox 1527 343 2102 399">
    <p class='ocr_par' dir='ltr' id='par_1_2' title="bbox 1527 343 2102 399">
     <span class='ocr_line' id='line_1_2' title="bbox 1527 343 2102 399; baseline -0.007 0"><span class='ocrx_word' id='word_1_2' title='bbox 1527 344 1708 399; x_wconf 85' lang='lat' dir='ltr'><strong>VITA.</strong></span> <span class='ocrx_word' id='word_1_3' title='bbox 1739 372 1808 383; x_wconf 93' lang='lat'><strong>—</strong></span> <span class='ocrx_word' id='word_1_4' title='bbox 1839 343 1966 398; x_wconf 89' lang='lat' dir='ltr'><strong>LIB.</strong></span> <span class='ocrx_word' id='word_1_5' title='bbox 2010 343 2102 396; x_wconf 88' lang='lat' dir='ltr'><strong>Ill.</strong></span> 
     </span>
    </p>
   </div>
   <div class='ocr_carea' id='block_1_3' title="bbox 3361 350 3465 402">
    <p class='ocr_par' dir='ltr' id='par_1_3' title="bbox 3361 350 3465 402">
     <span class='ocr_line' id='line_1_3' title="bbox 3361 350 3465 402; baseline 0.01 -1"><span class='ocrx_word' id='word_1_6' title='bbox 3361 350 3465 402; x_wconf 85' lang='lat'><strong>998</strong></span> 
     </span>
    </p>
   </div>
   <div class='ocr_carea' id='block_1_4' title="bbox 154 465 3472 541">
    <p class='ocr_par' dir='ltr' id='par_1_4' title="bbox 154 465 3472 541">
     <span class='ocr_line' id='line_1_4' title="bbox 154 465 3472 541; baseline -0.001 -14"><span class='ocrx_word' id='word_1_7' title='bbox 154 469 484 527; x_wconf 85' lang='lat' dir='ltr'><strong>invectionis</strong></span> <span class='ocrx_word' id='word_1_8' title='bbox 512 468 750 525; x_wconf 73' lang='lat' dir='ltr'><strong>novitate</strong></span> <span class='ocrx_word' id='word_1_9' title='bbox 791 467 1104 524; x_wconf 79' lang='lat' dir='ltr'><strong>medullitus</strong></span> <span class='ocrx_word' id='word_1_10' title='bbox 1138 468 1605 538; x_wconf 77' lang='lat' dir='ltr'><strong>commovebatur,</strong></span> <span class='ocrx_word' id='word_1_11' title='bbox 1666 469 1770 525; x_wconf 89' lang='lat' dir='ltr'><strong>ho-</strong></span> <span class='ocrx_word' id='word_1_12' title='bbox 1799 465 2158 538; x_wconf 85' lang='lat' dir='ltr'><strong>Arepressit,</strong></span> <span class='ocrx_word' id='word_1_13' title='bbox 2217 472 2271 522; x_wconf 90' lang='lat' dir='ltr'><strong>et</strong></span> <span class='ocrx_word' id='word_1_14' title='bbox 2327 482 2516 523; x_wconf 90' lang='lat' dir='ltr'><strong>eorum</strong></span> <span class='ocrx_word' id='word_1_15' title='bbox 2573 483 2603 523; x_wconf 91' lang='lat' dir='ltr'><strong>a</strong></span> <span class='ocrx_word' id='word_1_16' title='bbox 2653 484 2712 524; x_wconf 88' lang='lat' dir='ltr'><strong>se</strong></span> <span class='ocrx_word' id='word_1_17' title='bbox 2759 466 3222 540; x_wconf 75' lang='lat' dir='ltr'><strong>importunitatem</strong></span> <span class='ocrx_word' id='word_1_18' title='bbox 3276 468 3472 541; x_wconf 83' lang='lat' dir='ltr'><strong>procul</strong></span> 
     </span>
    </p>
   </div>
   <div class='ocr_carea' id='block_1_5' title="bbox 153 557 1768 630">
    <p class='ocr_par' dir='ltr' id='par_1_5' title="bbox 153 557 1768 630">
     <span class='ocr_line' id='line_1_5' title="bbox 153 557 1768 630; baseline -0.002 -16"><span class='ocrx_word' id='word_1_19' title='bbox 153 559 430 630; x_wconf 87' lang='lat' dir='ltr'><strong>minisque</strong></span> <span class='ocrx_word' id='word_1_20' title='bbox 463 557 849 614; x_wconf 86' lang='lat' dir='ltr'><strong>confidentiam</strong></span> <span class='ocrx_word' id='word_1_21' title='bbox 892 565 945 613; x_wconf 92' lang='lat' dir='ltr'><strong>et</strong></span> <span class='ocrx_word' id='word_1_22' title='bbox 974 557 1091 628; x_wconf 89' lang='lat' dir='ltr'><strong>ipse</strong></span> <span class='ocrx_word' id='word_1_23' title='bbox 1130 558 1431 625; x_wconf 90' lang='lat' dir='ltr'><strong>admirans,</strong></span> <span class='ocrx_word' id='word_1_24' title='bbox 1482 558 1559 612; x_wconf 90' lang='lat' dir='ltr'><strong>sic</strong></span> <span class='ocrx_word' id='word_1_25' title='bbox 1607 573 1768 613; x_wconf 87' lang='lat' dir='ltr'><strong>orsus</strong></span> 
     </span>
    </p>
   </div>
   <div class='ocr_carea' id='block_1_6' title="bbox 161 646 1768 720">
    <p class='ocr_par' dir='ltr' id='par_1_6' title="bbox 161 646 1768 720">
     <span class='ocr_line' id='line_1_6' title="bbox 161 646 1768 720; baseline -0.002 -16"><span class='ocrx_word' id='word_1_26' title='bbox 161 657 244 704; x_wconf 84' lang='lat' dir='ltr'><strong>est</strong></span> <span class='ocrx_word' id='word_1_27' title='bbox 315 648 487 719; x_wconf 86' lang='lat' dir='ltr'><strong>loqui.</strong></span> <span class='ocrx_word' id='word_1_28' title='bbox 539 670 561 694; x_wconf 80' lang='grc' dir='ltr'>α</span> <span class='ocrx_word' id='word_1_29' title='bbox 622 648 785 712; x_wconf 88' lang='lat' dir='ltr'><strong>Num,</strong></span> <span class='ocrx_word' id='word_1_30' title='bbox 847 646 1040 718; x_wconf 88' lang='lat' dir='ltr'><strong>inquit,</strong></span> <span class='ocrx_word' id='word_1_31' title='bbox 1127 647 1428 720; x_wconf 87' lang='lat' dir='ltr'><strong>intelligitis</strong></span> <span class='ocrx_word' id='word_1_32' title='bbox 1461 647 1768 716; x_wconf 90' lang='lat' dir='ltr'><strong>cujusmodi</strong></span> 
     </span>
    </p>
   </div>
   <div class='ocr_carea' id='block_1_7' title="bbox 159 734 1768 807">
    <p class='ocr_par' dir='ltr' id='par_1_7' title="bbox 159 734 1768 807">
     <span class='ocr_line' id='line_1_7' title="bbox 159 734 1768 807; baseline -0.002 -15"><span class='ocrx_word' id='word_1_33' title='bbox 159 736 322 793; x_wconf 91' lang='lat' dir='ltr'><strong>nobis</strong></span> <span class='ocrx_word' id='word_1_34' title='bbox 352 735 741 792; x_wconf 87' lang='lat' dir='ltr'><strong>contumeliam</strong></span> <span class='ocrx_word' id='word_1_35' title='bbox 761 734 1028 790; x_wconf 89' lang='lat' dir='ltr'><strong>barbarus</strong></span> <span class='ocrx_word' id='word_1_36' title='bbox 1059 735 1160 789; x_wconf 92' lang='lat' dir='ltr'><strong>iste</strong></span> <span class='ocrx_word' id='word_1_37' title='bbox 1183 735 1400 790; x_wconf 76' lang='lat' dir='ltr'><strong>intulit?</strong></span> <span class='ocrx_word' id='word_1_38' title='bbox 1430 736 1553 807; x_wconf 85' lang='lat' dir='ltr'><strong>Ego</strong></span> <span class='ocrx_word' id='word_1_39' title='bbox 1610 735 1768 790; x_wconf 87' lang='lat' dir='ltr'><strong>vobis</strong></span> 
     </span>
    </p>
   </div>
   <div class='ocr_carea' id='block_1_8' title="bbox 158 823 1766 896">
    <p class='ocr_par' dir='ltr' id='par_1_8' title="bbox 158 823 1766 896">
     <span class='ocr_line' id='line_1_8' title="bbox 158 823 1766 896; baseline -0.002 -16"><span class='ocrx_word' id='word_1_40' title='bbox 158 825 364 881; x_wconf 90' lang='lat' dir='ltr'><strong>dictum</strong></span> <span class='ocrx_word' id='word_1_41' title='bbox 395 824 566 896; x_wconf 89' lang='lat' dir='ltr'><strong>ipsius</strong></span> <span class='ocrx_word' id='word_1_42' title='bbox 597 823 915 894; x_wconf 84' lang='lat' dir='ltr'><strong>explanabo.</strong></span> <span class='ocrx_word' id='word_1_43' title='bbox 978 825 1199 878; x_wconf 83' lang='lat' dir='ltr'><strong>Constat</strong></span> <span class='ocrx_word' id='word_1_44' title='bbox 1263 824 1586 895; x_wconf 80' lang='lat' dir='ltr'><strong>genitricem</strong></span> <span class='ocrx_word' id='word_1_45' title='bbox 1618 827 1766 895; x_wconf 92' lang='grc'>(110)</span> 
     </span>
    </p>
   </div>
   <div class='ocr_carea' id='block_1_9' title="bbox 158 911 1764 987">
    <p class='ocr_par' dir='ltr' id='par_1_9' title="bbox 158 911 1764 987">
     <span class='ocr_line' id='line_1_9' title="bbox 158 911 1764 987; baseline -0.002 -18"><span class='ocrx_word' id='word_1_46' title='bbox 158 913 356 987; x_wconf 84' lang='lat' dir='ltr'><strong>proavi</strong></span> <span class='ocrx_word' id='word_1_47' title='bbox 386 913 557 969; x_wconf 85' lang='lat' dir='ltr'><strong>nostri</strong></span> <span class='ocrx_word' id='word_1_48' title='bbox 587 911 891 978; x_wconf 80' lang='lat' dir='ltr'><strong>Willielmi,</strong></span> <span class='ocrx_word' id='word_1_49' title='bbox 926 911 1334 984; x_wconf 87' lang='lat' dir='ltr'><strong>triumphatoris</strong></span> <span class='ocrx_word' id='word_1_50' title='bbox 1364 913 1524 981; x_wconf 89' lang='lat' dir='ltr'><strong>hujus</strong></span> <span class='ocrx_word' id='word_1_51' title='bbox 1578 920 1764 979; x_wconf 75' lang='lat' dir='ltr'><strong>terrm,</strong></span> 
     </span>
    </p>
   </div>
   <div class='ocr_carea' id='block_1_10' title="bbox 155 1000 1766 1074">
    <p class='ocr_par' dir='ltr' id='par_1_10' title="bbox 155 1000 1766 1074">
     <span class='ocr_line' id='line_1_10' title="bbox 155 1000 1766 1074; baseline -0.001 -16"><span class='ocrx_word' id='word_1_52' title='bbox 155 1003 227 1059; x_wconf 92' lang='lat' dir='ltr'><strong>de</strong></span> <span class='ocrx_word' id='word_1_53' title='bbox 259 1002 427 1074; x_wconf 86' lang='lat' dir='ltr'><strong>stirpe</strong></span> <span class='ocrx_word' id='word_1_54' title='bbox 457 1001 723 1058; x_wconf 85' lang='lat' dir='ltr'><strong>mediocri</strong></span> <span class='ocrx_word' id='word_1_55' title='bbox 756 1000 989 1056; x_wconf 87' lang='lat' dir='ltr'><strong>traxisse</strong></span> <span class='ocrx_word' id='word_1_56' title='bbox 1019 1000 1312 1074; x_wconf 81' lang='lat' dir='ltr'><strong>originem,</strong></span> <span class='ocrx_word' id='word_1_57' title='bbox 1363 1015 1429 1057; x_wconf 91' lang='lat' dir='ltr'><strong>ac</strong></span> <span class='ocrx_word' id='word_1_58' title='bbox 1458 1001 1526 1056; x_wconf 92' lang='lat' dir='ltr'><strong>de</strong></span> <span class='ocrx_word' id='word_1_59' title='bbox 1564 1000 1766 1072; x_wconf 85' lang='lat' dir='ltr'><strong>Oppido</strong></span> 
     </span>
    </p>
   </div>
   <div class='ocr_carea' id='block_1_11' title="bbox 158 1081 1768 1162">
    <p class='ocr_par' dir='ltr' id='par_1_11' title="bbox 158 1081 1768 1162">
     <span class='ocr_line' id='line_1_11' title="bbox 158 1081 1768 1162; baseline -0.002 -15"><span class='ocrx_word' id='word_1_60' title='bbox 158 1081 374 1147; x_wconf 85' lang='lat' dir='ltr'><strong>famoso</strong></span> <span class='ocrx_word' id='word_1_61' title='bbox 402 1091 925 1158; x_wconf 87' lang='lat' dir='ltr'><strong>Northmannorum,</strong></span> <span class='ocrx_word' id='word_1_62' title='bbox 960 1090 1106 1160; x_wconf 92' lang='lat' dir='ltr'><strong>quod</strong></span> <span class='ocrx_word' id='word_1_63' title='bbox 1135 1089 1348 1145; x_wconf 86' lang='lat' dir='ltr'><strong>Falesia</strong></span> <span class='ocrx_word' id='word_1_64' title='bbox 1382 1089 1531 1162; x_wconf 92' lang='grc'>(111)</span> <span class='ocrx_word' id='word_1_65' title='bbox 1551 1105 1768 1146; x_wconf 86' lang='lat' dir='ltr'><strong>nuncu-</strong></span> 
     </span>
    </p>
   </div>
   <div class='ocr_carea' id='block_1_12' title="bbox 157 1177 1766 1252">
    <p class='ocr_par' dir='ltr' id='par_1_12' title="bbox 157 1177 1766 1252">
     <span class='ocr_line' id='line_1_12' title="bbox 157 1177 1766 1252; baseline -0.001 -17"><span class='ocrx_word' id='word_1_66' title='bbox 157 1187 340 1252; x_wconf 89' lang='lat' dir='ltr'><strong>patur,</strong></span> <span class='ocrx_word' id='word_1_67' title='bbox 371 1179 539 1235; x_wconf 86' lang='lat' dir='ltr'><strong>fuisse</strong></span> <span class='ocrx_word' id='word_1_68' title='bbox 580 1179 886 1235; x_wconf 89' lang='lat' dir='ltr'><strong>oriundam.</strong></span> <span class='ocrx_word' id='word_1_69' title='bbox 935 1177 1284 1248; x_wconf 86' lang='lat' dir='ltr'><strong>Municipium</strong></span> <span class='ocrx_word' id='word_1_70' title='bbox 1318 1179 1424 1234; x_wconf 92' lang='lat' dir='ltr'><strong>hoc</strong></span> <span class='ocrx_word' id='word_1_71' title='bbox 1473 1185 1590 1234; x_wconf 91' lang='lat' dir='ltr'><strong>arte</strong></span> <span class='ocrx_word' id='word_1_72' title='bbox 1642 1178 1766 1250; x_wconf 90' lang='lat' dir='ltr'><strong>pel-</strong></span> 
     </span>
    </p>
   </div>
   <div class='ocr_carea' id='block_1_13' title="bbox 162 1267 1768 1341">
    <p class='ocr_par' dir='ltr' id='par_1_13' title="bbox 162 1267 1768 1341">
     <span class='ocr_line' id='line_1_13' title="bbox 162 1267 1768 1341; baseline 0.001 -18"><span class='ocrx_word' id='word_1_73' title='bbox 162 1269 360 1341; x_wconf 90' lang='lat' dir='ltr'><strong>liparia</strong></span> <span class='ocrx_word' id='word_1_74' title='bbox 413 1267 687 1324; x_wconf 90' lang='lat' dir='ltr'><strong>celebrius</strong></span> <span class='ocrx_word' id='word_1_75' title='bbox 743 1267 1035 1323; x_wconf 86' lang='lat' dir='ltr'><strong>extollitur.</strong></span> <span class='ocrx_word' id='word_1_76' title='bbox 1115 1267 1255 1336; x_wconf 87' lang='lat' dir='ltr'><strong>Quia</strong></span> <span class='ocrx_word' id='word_1_77' title='bbox 1301 1283 1433 1323; x_wconf 84' lang='lat' dir='ltr'><strong>vero</strong></span> <span class='ocrx_word' id='word_1_78' title='bbox 1468 1283 1557 1323; x_wconf 92' lang='lat' dir='ltr'><strong>me</strong></span> <span class='ocrx_word' id='word_1_79' title='bbox 1605 1284 1768 1324; x_wconf 89' lang='lat' dir='ltr'><strong>suere</strong></span> 
     </span>
    </p>
   </div>
   <div class='ocr_carea' id='block_1_14' title="bbox 159 1355 1766 1428">
    <p class='ocr_par' dir='ltr' id='par_1_14' title="bbox 159 1355 1766 1428">
     <span class='ocr_line' id='line_1_14' title="bbox 159 1355 1766 1428; baseline -0.002 -15"><span class='ocrx_word' id='word_1_80' title='bbox 159 1357 392 1428; x_wconf 82' lang='lat' dir='ltr'><strong>digitum</strong></span> <span class='ocrx_word' id='word_1_81' title='bbox 423 1372 604 1413; x_wconf 89' lang='lat' dir='ltr'><strong>meum</strong></span> <span class='ocrx_word' id='word_1_82' title='bbox 635 1356 850 1411; x_wconf 89' lang='lat' dir='ltr'><strong>derisor</strong></span> <span class='ocrx_word' id='word_1_83' title='bbox 869 1355 972 1411; x_wconf 93' lang='lat' dir='ltr'><strong>iste</strong></span> <span class='ocrx_word' id='word_1_84' title='bbox 1001 1357 1304 1428; x_wconf 88' lang='lat' dir='ltr'><strong>conspexit,</strong></span> <span class='ocrx_word' id='word_1_85' title='bbox 1354 1356 1561 1412; x_wconf 91' lang='lat' dir='ltr'><strong>idcirco</strong></span> <span class='ocrx_word' id='word_1_86' title='bbox 1611 1356 1766 1411; x_wconf 86' lang='lat' dir='ltr'><strong>simi-</strong></span> 
     </span>
    </p>
   </div>
   <div class='ocr_carea' id='block_1_15' title="bbox 157 1445 1768 1516">
    <p class='ocr_par' dir='ltr' id='par_1_15' title="bbox 157 1445 1768 1516">
     <span class='ocr_line' id='line_1_15' title="bbox 157 1445 1768 1516; baseline -0.001 -15"><span class='ocrx_word' id='word_1_87' title='bbox 157 1447 270 1501; x_wconf 88' lang='lat' dir='ltr'><strong>lem</strong></span> <span class='ocrx_word' id='word_1_88' title='bbox 291 1445 678 1500; x_wconf 88' lang='lat' dir='ltr'><strong>Falisiensibus</strong></span> <span class='ocrx_word' id='word_1_89' title='bbox 709 1451 761 1500; x_wconf 92' lang='lat' dir='ltr'><strong>et</strong></span> <span class='ocrx_word' id='word_1_90' title='bbox 792 1459 983 1500; x_wconf 91' lang='lat' dir='ltr'><strong>eorum</strong></span> <span class='ocrx_word' id='word_1_91' title='bbox 1014 1453 1308 1516; x_wconf 89' lang='lat' dir='ltr'><strong>cognatum</strong></span> <span class='ocrx_word' id='word_1_92' title='bbox 1357 1461 1444 1499; x_wconf 91' lang='lat' dir='ltr'><strong>me</strong></span> <span class='ocrx_word' id='word_1_93' title='bbox 1474 1460 1596 1500; x_wconf 92' lang='lat' dir='ltr'><strong>esse</strong></span> <span class='ocrx_word' id='word_1_94' title='bbox 1636 1445 1768 1500; x_wconf 83' lang='lat' dir='ltr'><strong>dixit</strong></span> 
     </span>
    </p>
   </div>
   <div class='ocr_carea' id='block_1_16' title="bbox 159 1533 727 1605">
    <p class='ocr_par' dir='ltr' id='par_1_16' title="bbox 159 1533 727 1605">
     <span class='ocr_line' id='line_1_16' title="bbox 159 1533 727 1605; baseline -0.004 -15"><span class='ocrx_word' id='word_1_95' title='bbox 159 1541 214 1590; x_wconf 92' lang='lat' dir='ltr'><strong>et</strong></span> <span class='ocrx_word' id='word_1_96' title='bbox 245 1533 656 1605; x_wconf 84' lang='lat' dir='ltr'><strong>imprOperavit.</strong></span> <span class='ocrx_word' id='word_1_97' title='bbox 706 1558 727 1582; x_wconf 78' lang='grc' dir='ltr'><em>η</em></span> 
     </span>
    </p>
   </div>
   <div class='ocr_carea' id='block_1_17' title="bbox 235 1621 1762 1694">
    <p class='ocr_par' dir='ltr' id='par_1_17' title="bbox 235 1621 1762 1694">
     <span class='ocr_line' id='line_1_17' title="bbox 235 1621 1762 1694; baseline 0.003 -20"><span class='ocrx_word' id='word_1_98' title='bbox 235 1643 258 1674; x_wconf 73' lang='grc' dir='ltr'><strong><em>ι</em></strong></span> <span class='ocrx_word' id='word_1_99' title='bbox 297 1625 550 1678; x_wconf 85' lang='lat' dir='ltr'><strong>Attamen</strong></span> <span class='ocrx_word' id='word_1_100' title='bbox 572 1638 695 1694; x_wconf 88' lang='lat' dir='ltr'><strong>age,</strong></span> <span class='ocrx_word' id='word_1_101' title='bbox 747 1621 918 1693; x_wconf 90' lang='lat' dir='ltr'><strong>inquit</strong></span> <span class='ocrx_word' id='word_1_102' title='bbox 954 1621 1022 1677; x_wconf 89' lang='lat' dir='ltr'><strong>ad</strong></span> <span class='ocrx_word' id='word_1_103' title='bbox 1079 1621 1418 1694; x_wconf 87' lang='lat' dir='ltr'><strong>episcOpum,</strong></span> <span class='ocrx_word' id='word_1_104' title='bbox 1470 1623 1554 1678; x_wconf 88' lang='lat' dir='ltr'><strong>vir</strong></span> <span class='ocrx_word' id='word_1_105' title='bbox 1601 1623 1762 1689; x_wconf 89' lang='lat' dir='ltr'><strong>bone,</strong></span> 
     </span>
    </p>
   </div>
   <div class='ocr_carea' id='block_1_18' title="bbox 160 1709 1766 1784">
    <p class='ocr_par' dir='ltr' id='par_1_18' title="bbox 160 1709 1766 1784">
     <span class='ocr_line' id='line_1_18' title="bbox 160 1709 1766 1784; baseline -0.001 -18"><span class='ocrx_word' id='word_1_106' title='bbox 160 1711 424 1784; x_wconf 88' lang='lat' dir='ltr'><strong>quidnam</strong></span> <span class='ocrx_word' id='word_1_107' title='bbox 453 1711 550 1766; x_wconf 87' lang='lat' dir='ltr'><strong>tibi</strong></span> <span class='ocrx_word' id='word_1_108' title='bbox 577 1711 753 1767; x_wconf 86' lang='lat' dir='ltr'><strong>visum</strong></span> <span class='ocrx_word' id='word_1_109' title='bbox 785 1709 902 1776; x_wconf 90' lang='lat' dir='ltr'><strong>fuit,</strong></span> <span class='ocrx_word' id='word_1_110' title='bbox 933 1719 989 1766; x_wconf 90' lang='lat' dir='ltr'><strong>ut</strong></span> <span class='ocrx_word' id='word_1_111' title='bbox 1045 1711 1206 1767; x_wconf 90' lang='lat' dir='ltr'><strong>nobis</strong></span> <span class='ocrx_word' id='word_1_112' title='bbox 1255 1711 1575 1767; x_wconf 87' lang='lat' dir='ltr'><strong>inconsultis</strong></span> <span class='ocrx_word' id='word_1_113' title='bbox 1615 1711 1766 1782; x_wconf 90' lang='lat' dir='ltr'><strong>prin-</strong></span> 
     </span>
    </p>
   </div>
   <div class='ocr_carea' id='block_1_19' title="bbox 154 1799 1839 1890">
    <p class='ocr_par' dir='ltr' id='par_1_19' title="bbox 154 1799 1839 1890">
     <span class='ocr_line' id='line_1_19' title="bbox 154 1799 1839 1890; baseline -0.003 -33"><span class='ocrx_word' id='word_1_114' title='bbox 154 1799 391 1872; x_wconf 90' lang='lat' dir='ltr'><strong>cipalem</strong></span> <span class='ocrx_word' id='word_1_115' title='bbox 431 1799 775 1856; x_wconf 82' lang='lat' dir='ltr'><strong>forestarium</strong></span> <span class='ocrx_word' id='word_1_116' title='bbox 796 1800 945 1871; x_wconf 73' lang='lat'><strong>(112)</strong></span> <span class='ocrx_word' id='word_1_117' title='bbox 975 1807 1224 1855; x_wconf 89' lang='lat' dir='ltr'><strong>nostrum</strong></span> <span class='ocrx_word' id='word_1_118' title='bbox 1279 1799 1610 1856; x_wconf 85' lang='lat' dir='ltr'><strong>anathemati</strong></span> <span class='ocrx_word' id='word_1_119' title='bbox 1641 1800 1766 1855; x_wconf 91' lang='lat' dir='ltr'><strong>suh-</strong></span> <span class='ocrx_word' id='word_1_120' title='bbox 1787 1828 1839 1890; x_wconf 83' lang='lat' dir='ltr'>B</span> 
     </span>
    </p>
   </div>
   <div class='ocr_carea' id='block_1_20' title="bbox 152 1887 1768 1960">
    <p class='ocr_par' dir='ltr' id='par_1_20' title="bbox 152 1887 1768 1960">
     <span class='ocr_line' id='line_1_20' title="bbox 152 1887 1768 1960; baseline -0.001 -17"><span class='ocrx_word' id='word_1_121' title='bbox 152 1889 403 1959; x_wconf 81' lang='lat' dir='ltr'><strong>jiceres?</strong></span> <span class='ocrx_word' id='word_1_122' title='bbox 442 1896 690 1944; x_wconf 89' lang='lat' dir='ltr'><strong>nostram</strong></span> <span class='ocrx_word' id='word_1_123' title='bbox 736 1887 960 1959; x_wconf 88' lang='lat' dir='ltr'><strong>insuper</strong></span> <span class='ocrx_word' id='word_1_124' title='bbox 1005 1888 1417 1960; x_wconf 89' lang='lat' dir='ltr'><strong>petitiunculam</strong></span> <span class='ocrx_word' id='word_1_125' title='bbox 1476 1890 1624 1960; x_wconf 88' lang='grc'>(113)</span> <span class='ocrx_word' id='word_1_126' title='bbox 1693 1888 1768 1943; x_wconf 88' lang='lat' dir='ltr'><strong>ita</strong></span> 
     </span>
    </p>
   </div>
   <div class='ocr_carea' id='block_1_21' title="bbox 155 1977 1766 2049">
    <p class='ocr_par' dir='ltr' id='par_1_21' title="bbox 155 1977 1766 2049">
     <span class='ocr_line' id='line_1_21' title="bbox 155 1977 1766 2049; baseline 0.001 -17"><span class='ocrx_word' id='word_1_127' title='bbox 155 1977 611 2049; x_wconf 89' lang='lat' dir='ltr'><strong>floccipenderes,</strong></span> <span class='ocrx_word' id='word_1_128' title='bbox 645 1985 702 2032; x_wconf 93' lang='lat' dir='ltr'><strong>ut</strong></span> <span class='ocrx_word' id='word_1_129' title='bbox 731 1993 909 2049; x_wconf 89' lang='lat' dir='ltr'><strong>neque</strong></span> <span class='ocrx_word' id='word_1_130' title='bbox 945 1994 1047 2049; x_wconf 88' lang='lat' dir='ltr'><strong>per</strong></span> <span class='ocrx_word' id='word_1_131' title='bbox 1077 1977 1311 2049; x_wconf 90' lang='lat' dir='ltr'><strong>teipsum</strong></span> <span class='ocrx_word' id='word_1_132' title='bbox 1354 1977 1424 2033; x_wconf 90' lang='lat' dir='ltr'><strong>ad</strong></span> <span class='ocrx_word' id='word_1_133' title='bbox 1452 1993 1554 2034; x_wconf 90' lang='lat' dir='ltr'><strong>nos</strong></span> <span class='ocrx_word' id='word_1_134' title='bbox 1609 1978 1766 2034; x_wconf 88' lang='lat' dir='ltr'><strong>veni-</strong></span> 
     </span>
    </p>
   </div>
   <div class='ocr_carea' id='block_1_22' title="bbox 158 2065 1768 2140">
    <p class='ocr_par' dir='ltr' id='par_1_22' title="bbox 158 2065 1768 2140">
     <span class='ocr_line' id='line_1_22' title="bbox 158 2065 1768 2140; baseline 0.001 -18"><span class='ocrx_word' id='word_1_135' title='bbox 158 2084 250 2122; x_wconf 88' lang='lat' dir='ltr'><strong>res</strong></span> <span class='ocrx_word' id='word_1_136' title='bbox 318 2067 484 2136; x_wconf 86' lang='lat' dir='ltr'><strong>hujus</strong></span> <span class='ocrx_word' id='word_1_137' title='bbox 559 2065 795 2137; x_wconf 83' lang='lat' dir='ltr'><strong>repulsae</strong></span> <span class='ocrx_word' id='word_1_138' title='bbox 851 2065 1195 2138; x_wconf 88' lang='lat' dir='ltr'><strong>expositurus</strong></span> <span class='ocrx_word' id='word_1_139' title='bbox 1251 2067 1538 2132; x_wconf 90' lang='lat' dir='ltr'><strong>rationem,</strong></span> <span class='ocrx_word' id='word_1_140' title='bbox 1590 2083 1768 2140; x_wconf 89' lang='lat' dir='ltr'><strong>neque</strong></span> 
     </span>
    </p>
   </div>
   <div class='ocr_carea' id='block_1_23' title="bbox 157 2154 1766 2226">
    <p class='ocr_par' dir='ltr' id='par_1_23' title="bbox 157 2154 1766 2226">
     <span class='ocr_line' id='line_1_23' title="bbox 157 2154 1766 2226; baseline 0 -15"><span class='ocrx_word' id='word_1_141' title='bbox 157 2155 388 2212; x_wconf 83' lang='lat' dir='ltr'><strong>verbum</strong></span> <span class='ocrx_word' id='word_1_142' title='bbox 443 2171 544 2226; x_wconf 92' lang='lat' dir='ltr'><strong>per</strong></span> <span class='ocrx_word' id='word_1_143' title='bbox 590 2163 808 2211; x_wconf 89' lang='lat' dir='ltr'><strong>nostros</strong></span> <span class='ocrx_word' id='word_1_144' title='bbox 863 2154 1081 2210; x_wconf 89' lang='lat' dir='ltr'><strong>nuntios</strong></span> <span class='ocrx_word' id='word_1_145' title='bbox 1128 2155 1288 2210; x_wconf 92' lang='lat' dir='ltr'><strong>nobis</strong></span> <span class='ocrx_word' id='word_1_146' title='bbox 1333 2155 1603 2226; x_wconf 88' lang='lat' dir='ltr'><strong>placabile</strong></span> <span class='ocrx_word' id='word_1_147' title='bbox 1671 2173 1766 2212; x_wconf 86' lang='lat' dir='ltr'><strong>re-</strong></span> 
     </span>
    </p>
   </div>
   <div class='ocr_carea' id='block_1_24' title="bbox 157 2243 1768 2316">
    <p class='ocr_par' dir='ltr' id='par_1_24' title="bbox 157 2243 1768 2316">
     <span class='ocr_line' id='line_1_24' title="bbox 157 2243 1768 2316; baseline 0 -16"><span class='ocrx_word' id='word_1_148' title='bbox 157 2243 460 2300; x_wconf 89' lang='lat' dir='ltr'><strong>mandares</strong></span> <span class='ocrx_word' id='word_1_149' title='bbox 489 2245 518 2300; x_wconf 85' lang='lat'><strong>?</strong></span> <span class='ocrx_word' id='word_1_150' title='bbox 544 2269 566 2293; x_wconf 76' lang='grc' dir='ltr'><strong>ι)</strong></span> <span class='ocrx_word' id='word_1_151' title='bbox 590 2244 742 2299; x_wconf 88' lang='lat' dir='ltr'><strong>Talia</strong></span> <span class='ocrx_word' id='word_1_152' title='bbox 788 2243 1151 2314; x_wconf 86' lang='lat' dir='ltr'><strong>expostulanti</strong></span> <span class='ocrx_word' id='word_1_153' title='bbox 1180 2259 1305 2299; x_wconf 88' lang='lat' dir='ltr'><strong>mox</strong></span> <span class='ocrx_word' id='word_1_154' title='bbox 1361 2244 1436 2300; x_wconf 94' lang='lat' dir='ltr'><strong>ita</strong></span> <span class='ocrx_word' id='word_1_155' title='bbox 1475 2245 1768 2316; x_wconf 87' lang='lat' dir='ltr'><strong>respondet</strong></span> 
     </span>
    </p>
   </div>
   <div class='ocr_carea' id='block_1_25' title="bbox 160 2331 1766 2405">
    <p class='ocr_par' dir='ltr' id='par_1_25' title="bbox 160 2331 1766 2405">
     <span class='ocr_line' id='line_1_25' title="bbox 160 2331 1766 2405; baseline 0.001 -17"><span class='ocrx_word' id='word_1_156' title='bbox 160 2333 455 2405; x_wconf 82' lang='lat' dir='ltr'><strong>episcOpus</strong></span> <span class='ocrx_word' id='word_1_157' title='bbox 491 2347 502 2387; x_wconf 89' lang='lat'>:</span> <span class='ocrx_word' id='word_1_158' title='bbox 543 2355 563 2382; x_wconf 74' lang='grc' dir='ltr'><strong><em>α</em></strong></span> <span class='ocrx_word' id='word_1_159' title='bbox 598 2331 759 2399; x_wconf 86' lang='lat' dir='ltr'><strong>Novi,</strong></span> <span class='ocrx_word' id='word_1_160' title='bbox 791 2331 984 2404; x_wconf 88' lang='lat' dir='ltr'><strong>inquit,</strong></span> <span class='ocrx_word' id='word_1_161' title='bbox 1016 2348 1136 2399; x_wconf 87' lang='lat' dir='ltr'><strong>vos,</strong></span> <span class='ocrx_word' id='word_1_162' title='bbox 1170 2340 1227 2387; x_wconf 88' lang='lat' dir='ltr'><strong>ut</strong></span> <span class='ocrx_word' id='word_1_163' title='bbox 1257 2332 1548 2404; x_wconf 83' lang='lat' dir='ltr'><strong>episcOpus</strong></span> <span class='ocrx_word' id='word_1_164' title='bbox 1577 2332 1766 2389; x_wconf 79' lang='lat' dir='ltr'><strong>effice-</strong></span> 
     </span>
    </p>
   </div>
   <div class='ocr_carea' id='block_1_26' title="bbox 158 2421 1768 2494">
    <p class='ocr_par' dir='ltr' id='par_1_26' title="bbox 158 2421 1768 2494">
     <span class='ocr_line' id='line_1_26' title="bbox 158 2421 1768 2494; baseline 0 -16"><span class='ocrx_word' id='word_1_165' title='bbox 158 2439 269 2492; x_wconf 91' lang='lat' dir='ltr'><strong>rer,</strong></span> <span class='ocrx_word' id='word_1_166' title='bbox 334 2421 632 2478; x_wconf 89' lang='lat' dir='ltr'><strong>studiosius</strong></span> <span class='ocrx_word' id='word_1_167' title='bbox 695 2421 1018 2477; x_wconf 90' lang='lat' dir='ltr'><strong>desudasse.</strong></span> <span class='ocrx_word' id='word_1_168' title='bbox 1104 2422 1174 2478; x_wconf 88' lang='lat' dir='ltr'><strong>Ut</strong></span> <span class='ocrx_word' id='word_1_169' title='bbox 1215 2421 1382 2494; x_wconf 86' lang='lat' dir='ltr'><strong>igitur</strong></span> <span class='ocrx_word' id='word_1_170' title='bbox 1437 2431 1680 2480; x_wconf 87' lang='lat' dir='ltr'><strong>vestram</strong></span> <span class='ocrx_word' id='word_1_171' title='bbox 1735 2439 1768 2477; x_wconf 90' lang='lat' dir='ltr'><strong>a</strong></span> 
     </span>
    </p>
   </div>
   <div class='ocr_carea' id='block_1_27' title="bbox 160 2510 1767 2584">
    <p class='ocr_par' dir='ltr' id='par_1_27' title="bbox 160 2510 1767 2584">
     <span class='ocr_line' id='line_1_27' title="bbox 160 2510 1767 2584; baseline 0.001 -18"><span class='ocrx_word' id='word_1_172' title='bbox 160 2510 479 2567; x_wconf 91' lang='lat' dir='ltr'><strong>discrimine</strong></span> <span class='ocrx_word' id='word_1_173' title='bbox 509 2510 746 2566; x_wconf 91' lang='lat' dir='ltr'><strong>animam</strong></span> <span class='ocrx_word' id='word_1_174' title='bbox 763 2510 1094 2582; x_wconf 86' lang='lat' dir='ltr'><strong>expedirem,</strong></span> <span class='ocrx_word' id='word_1_175' title='bbox 1130 2525 1238 2583; x_wconf 90' lang='lat' dir='ltr'><strong>quo</strong></span> <span class='ocrx_word' id='word_1_176' title='bbox 1269 2511 1418 2565; x_wconf 91' lang='lat' dir='ltr'><strong>illam</strong></span> <span class='ocrx_word' id='word_1_177' title='bbox 1469 2511 1767 2584; x_wconf 90' lang='lat' dir='ltr'><strong>periclitari</strong></span> 
     </span>
    </p>
   </div>
   <div class='ocr_carea' id='block_1_28' title="bbox 162 2599 1769 2673">
    <p class='ocr_par' dir='ltr' id='par_1_28' title="bbox 162 2599 1769 2673">
     <span class='ocr_line' id='line_1_28' title="bbox 162 2599 1769 2673; baseline 0 -17"><span class='ocrx_word' id='word_1_178' title='bbox 162 2600 492 2673; x_wconf 86' lang='lat' dir='ltr'><strong>contigeret,</strong></span> <span class='ocrx_word' id='word_1_179' title='bbox 526 2599 592 2668; x_wconf 91' lang='lat' dir='ltr'><strong>si,</strong></span> <span class='ocrx_word' id='word_1_180' title='bbox 622 2600 766 2672; x_wconf 91' lang='lat' dir='ltr'><strong>quod</strong></span> <span class='ocrx_word' id='word_1_181' title='bbox 797 2599 901 2655; x_wconf 92' lang='lat' dir='ltr'><strong>mei</strong></span> <span class='ocrx_word' id='word_1_182' title='bbox 931 2599 1177 2655; x_wconf 90' lang='lat' dir='ltr'><strong>noscitur</strong></span> <span class='ocrx_word' id='word_1_183' title='bbox 1224 2617 1348 2656; x_wconf 91' lang='lat' dir='ltr'><strong>esse</strong></span> <span class='ocrx_word' id='word_1_184' title='bbox 1378 2599 1560 2668; x_wconf 79' lang='lat' dir='ltr'><strong>ofﬁcii,</strong></span> <span class='ocrx_word' id='word_1_185' title='bbox 1620 2602 1769 2658; x_wconf 90' lang='lat' dir='ltr'><strong>circa</strong></span> 
     </span>
    </p>
   </div>
   <div class='ocr_carea' id='block_1_29' title="bbox 164 2688 1768 2762">
    <p class='ocr_par' dir='ltr' id='par_1_29' title="bbox 164 2688 1768 2762">
     <span class='ocr_line' id='line_1_29' title="bbox 164 2688 1768 2762; baseline 0.001 -18"><span class='ocrx_word' id='word_1_186' title='bbox 164 2689 430 2745; x_wconf 75' lang='lat' dir='ltr'><strong>Ecclesiae</strong></span> <span class='ocrx_word' id='word_1_187' title='bbox 495 2688 626 2743; x_wconf 89' lang='lat' dir='ltr'><strong>mihi</strong></span> <span class='ocrx_word' id='word_1_188' title='bbox 681 2688 991 2745; x_wconf 76' lang='lat' dir='ltr'><strong>commissae</strong></span> <span class='ocrx_word' id='word_1_189' title='bbox 1037 2688 1318 2744; x_wconf 89' lang='lat' dir='ltr'><strong>utilitatem</strong></span> <span class='ocrx_word' id='word_1_190' title='bbox 1388 2690 1611 2762; x_wconf 83' lang='lat' dir='ltr'><strong>exsequi</strong></span> <span class='ocrx_word' id='word_1_191' title='bbox 1657 2705 1768 2746; x_wconf 92' lang='lat' dir='ltr'><strong>non</strong></span> 
     </span>
    </p>
   </div>
   <div class='ocr_carea' id='block_1_30' title="bbox 162 2777 1768 2849">
    <p class='ocr_par' dir='ltr' id='par_1_30' title="bbox 162 2777 1768 2849">
     <span class='ocr_line' id='line_1_30' title="bbox 162 2777 1768 2849; baseline 0 -15"><span class='ocrx_word' id='word_1_192' title='bbox 162 2793 437 2846; x_wconf 86' lang='lat' dir='ltr'><strong>curarem,</strong></span> <span class='ocrx_word' id='word_1_193' title='bbox 461 2793 688 2834; x_wconf 90' lang='lat' dir='ltr'><strong>necesse</strong></span> <span class='ocrx_word' id='word_1_194' title='bbox 705 2777 804 2834; x_wconf 81' lang='lat' dir='ltr'><strong>fuit</strong></span> <span class='ocrx_word' id='word_1_195' title='bbox 832 2785 891 2833; x_wconf 93' lang='lat' dir='ltr'><strong>ut</strong></span> <span class='ocrx_word' id='word_1_196' title='bbox 911 2793 1294 2849; x_wconf 86' lang='lat' dir='ltr'><strong>Oppressorem</strong></span> <span class='ocrx_word' id='word_1_197' title='bbox 1312 2777 1482 2849; x_wconf 91' lang='lat' dir='ltr'><strong>ipsius</strong></span> <span class='ocrx_word' id='word_1_198' title='bbox 1503 2779 1768 2835; x_wconf 84' lang='lat' dir='ltr'><strong>Ecclesiae</strong></span> 
     </span>
    </p>
   </div>
   <div class='ocr_carea' id='block_1_31' title="bbox 160 2866 1768 2938">
    <p class='ocr_par' dir='ltr' id='par_1_31' title="bbox 160 2866 1768 2938">
     <span class='ocr_line' id='line_1_31' title="bbox 160 2866 1768 2938; baseline 0.001 -16"><span class='ocrx_word' id='word_1_199' title='bbox 160 2881 256 2938; x_wconf 88' lang='lat' dir='ltr'><strong>per</strong></span> <span class='ocrx_word' id='word_1_200' title='bbox 287 2882 578 2922; x_wconf 90' lang='lat' dir='ltr'><strong>censuram</strong></span> <span class='ocrx_word' id='word_1_201' title='bbox 608 2866 1033 2923; x_wconf 87' lang='lat' dir='ltr'><strong>ecclesiasticam</strong></span> <span class='ocrx_word' id='word_1_202' title='bbox 1061 2882 1397 2936; x_wconf 91' lang='lat' dir='ltr'><strong>coercerem,</strong></span> <span class='ocrx_word' id='word_1_203' title='bbox 1433 2875 1486 2923; x_wconf 90' lang='lat' dir='ltr'><strong>et</strong></span> <span class='ocrx_word' id='word_1_204' title='bbox 1529 2867 1768 2924; x_wconf 91' lang='lat' dir='ltr'><strong>indebite</strong></span> 
     </span>
    </p>
   </div>
   <div class='ocr_carea' id='block_1_32' title="bbox 161 2955 1766 3027">
    <p class='ocr_par' dir='ltr' id='par_1_32' title="bbox 161 2955 1766 3027">
     <span class='ocr_line' id='line_1_32' title="bbox 161 2955 1766 3027; baseline 0.001 -15"><span class='ocrx_word' id='word_1_205' title='bbox 161 2955 519 3026; x_wconf 81' lang='lat' dir='ltr'><strong>praebendam</strong></span> <span class='ocrx_word' id='word_1_206' title='bbox 550 2955 652 3011; x_wconf 93' lang='lat' dir='ltr'><strong>sibi</strong></span> <span class='ocrx_word' id='word_1_207' title='bbox 681 2956 737 3011; x_wconf 91' lang='lat' dir='ltr'><strong>in</strong></span> <span class='ocrx_word' id='word_1_208' title='bbox 760 2956 955 3011; x_wconf 90' lang='lat' dir='ltr'><strong>eadem</strong></span> <span class='ocrx_word' id='word_1_209' title='bbox 994 2955 1242 3012; x_wconf 88' lang='lat' dir='ltr'><strong>Ecclesia</strong></span> <span class='ocrx_word' id='word_1_210' title='bbox 1301 2956 1608 3027; x_wconf 90' lang='lat' dir='ltr'><strong>cupientem</strong></span> <span class='ocrx_word' id='word_1_211' title='bbox 1668 2973 1766 3013; x_wconf 86' lang='lat' dir='ltr'><strong>ex-</strong></span> 
     </span>
    </p>
   </div>
   <div class='ocr_carea' id='block_1_33' title="bbox 163 3043 1768 3117">
    <p class='ocr_par' dir='ltr' id='par_1_33' title="bbox 163 3043 1768 3117">
     <span class='ocr_line' id='line_1_33' title="bbox 163 3043 1768 3117; baseline 0.002 -19"><span class='ocrx_word' id='word_1_212' title='bbox 163 3051 421 3117; x_wconf 86' lang='lat' dir='ltr'><strong>torquere</strong></span> <span class='ocrx_word' id='word_1_213' title='bbox 467 3043 778 3100; x_wconf 89' lang='lat' dir='ltr'><strong>nullatenus</strong></span> <span class='ocrx_word' id='word_1_214' title='bbox 809 3044 1145 3100; x_wconf 85' lang='lat' dir='ltr'><strong>exaudirem.</strong></span> <span class='ocrx_word' id='word_1_215' title='bbox 1208 3045 1556 3100; x_wconf 74' lang='lat' dir='ltr'><strong>Excellentize</strong></span> <span class='ocrx_word' id='word_1_216' title='bbox 1585 3053 1768 3102; x_wconf 89' lang='lat' dir='ltr'><strong>autem</strong></span> 
     </span>
    </p>
   </div>
   <div class='ocr_carea' id='block_1_34' title="bbox 164 3133 1768 3207">
    <p class='ocr_par' dir='ltr' id='par_1_34' title="bbox 164 3133 1768 3207">
     <span class='ocr_line' id='line_1_34' title="bbox 164 3133 1768 3207; baseline 0.001 -19"><span class='ocrx_word' id='word_1_217' title='bbox 164 3142 358 3188; x_wconf 71' lang='lat' dir='ltr'><strong>vestra:</strong></span> <span class='ocrx_word' id='word_1_218' title='bbox 391 3133 740 3204; x_wconf 63' lang='lat' dir='ltr'><strong>praesentiam</strong></span> <span class='ocrx_word' id='word_1_219' title='bbox 771 3149 872 3205; x_wconf 89' lang='lat' dir='ltr'><strong>pro</strong></span> <span class='ocrx_word' id='word_1_220' title='bbox 895 3133 1153 3189; x_wconf 89' lang='lat' dir='ltr'><strong>utrolibet</strong></span> <span class='ocrx_word' id='word_1_221' title='bbox 1183 3133 1336 3190; x_wconf 89' lang='lat' dir='ltr'><strong>adire</strong></span> <span class='ocrx_word' id='word_1_222' title='bbox 1377 3134 1620 3207; x_wconf 85' lang='lat' dir='ltr'><strong>negotio,</strong></span> <span class='ocrx_word' id='word_1_223' title='bbox 1658 3150 1768 3190; x_wconf 91' lang='lat' dir='ltr'><strong>non</strong></span> 
     </span>
    </p>
   </div>
   <div class='ocr_carea' id='block_1_35' title="bbox 1869 555 2083 611">
    <p class='ocr_par' dir='ltr' id='par_1_35' title="bbox 1869 555 2083 611">
     <span class='ocr_line' id='line_1_35' title="bbox 1869 555 2083 611; baseline -0.005 -1"><span class='ocrx_word' id='word_1_224' title='bbox 1869 555 2083 611; x_wconf 90' lang='lat' dir='ltr'><strong>avertit.</strong></span> 
     </span>
    </p>
   </div>
   <div class='ocr_carea' id='block_1_36' title="bbox 1942 644 3472 717">
    <p class='ocr_par' dir='ltr' id='par_1_36' title="bbox 1942 644 3472 717">
     <span class='ocr_line' id='line_1_36' title="bbox 1942 644 3472 717; baseline 0.003 -20"><span class='ocrx_word' id='word_1_225' title='bbox 1942 645 2069 712; x_wconf 88' lang='lat' dir='ltr'><strong>Ejus</strong></span> <span class='ocrx_word' id='word_1_226' title='bbox 2108 653 2291 699; x_wconf 87' lang='lat' dir='ltr'><strong>tamen</strong></span> <span class='ocrx_word' id='word_1_227' title='bbox 2340 644 2677 701; x_wconf 86' lang='lat' dir='ltr'><strong>venerationi</strong></span> <span class='ocrx_word' id='word_1_228' title='bbox 2729 654 2782 702; x_wconf 90' lang='lat' dir='ltr'><strong>et</strong></span> <span class='ocrx_word' id='word_1_229' title='bbox 2832 646 2935 717; x_wconf 91' lang='lat' dir='ltr'><strong>ipsi</strong></span> <span class='ocrx_word' id='word_1_230' title='bbox 2985 646 3234 702; x_wconf 87' lang='lat' dir='ltr'><strong>certatim</strong></span> <span class='ocrx_word' id='word_1_231' title='bbox 3289 647 3472 703; x_wconf 90' lang='lat' dir='ltr'><strong>inser-</strong></span> 
     </span>
    </p>
   </div>
   <div class='ocr_carea' id='block_1_37' title="bbox 1867 731 3472 797">
    <p class='ocr_par' dir='ltr' id='par_1_37' title="bbox 1867 731 3472 797">
     <span class='ocr_line' id='line_1_37' title="bbox 1867 731 3472 797; baseline 0.002 -9"><span class='ocrx_word' id='word_1_232' title='bbox 1867 731 2106 797; x_wconf 90' lang='lat' dir='ltr'><strong>viebant,</strong></span> <span class='ocrx_word' id='word_1_233' title='bbox 2159 733 2298 788; x_wconf 90' lang='lat' dir='ltr'><strong>adeo</strong></span> <span class='ocrx_word' id='word_1_234' title='bbox 2356 741 2411 788; x_wconf 92' lang='lat' dir='ltr'><strong>ut</strong></span> <span class='ocrx_word' id='word_1_235' title='bbox 2468 733 2771 790; x_wconf 86' lang='lat' dir='ltr'><strong>devotionis</strong></span> <span class='ocrx_word' id='word_1_236' title='bbox 2843 750 3032 790; x_wconf 89' lang='lat' dir='ltr'><strong>eorum</strong></span> <span class='ocrx_word' id='word_1_237' title='bbox 3090 744 3143 790; x_wconf 91' lang='lat' dir='ltr'><strong>et</strong></span> <span class='ocrx_word' id='word_1_238' title='bbox 3192 735 3472 792; x_wconf 65' lang='lat' dir='ltr'><strong>industriae</strong></span> 
     </span>
    </p>
   </div>
   <div class='ocr_carea' id='block_1_38' title="bbox 1867 821 3464 895">
    <p class='ocr_par' dir='ltr' id='par_1_38' title="bbox 1867 821 3464 895">
     <span class='ocr_line' id='line_1_38' title="bbox 1867 821 3464 895; baseline 0.003 -20"><span class='ocrx_word' id='word_1_239' title='bbox 1867 821 2257 891; x_wconf 88' lang='lat' dir='ltr'><strong>experientiam</strong></span> <span class='ocrx_word' id='word_1_240' title='bbox 2288 822 2584 893; x_wconf 89' lang='lat' dir='ltr'><strong>plurimum</strong></span> <span class='ocrx_word' id='word_1_241' title='bbox 2630 823 2748 894; x_wconf 90' lang='lat' dir='ltr'><strong>ipse</strong></span> <span class='ocrx_word' id='word_1_242' title='bbox 2789 824 2990 895; x_wconf 67' lang='lat' dir='ltr'><strong>saepius</strong></span> <span class='ocrx_word' id='word_1_243' title='bbox 3035 825 3464 892; x_wconf 88' lang='lat' dir='ltr'><strong>commendaret,</strong></span> 
     </span>
    </p>
   </div>
   <div class='ocr_carea' id='block_1_39' title="bbox 1870 908 3470 984">
    <p class='ocr_par' dir='ltr' id='par_1_39' title="bbox 1870 908 3470 984">
     <span class='ocr_line' id='line_1_39' title="bbox 1870 908 3470 984; baseline 0.003 -21"><span class='ocrx_word' id='word_1_244' title='bbox 1870 908 2227 964; x_wconf 82' lang='lat' dir='ltr'><strong>familiaribus</strong></span> <span class='ocrx_word' id='word_1_245' title='bbox 2285 926 2539 967; x_wconf 88' lang='lat' dir='ltr'><strong>asserens</strong></span> <span class='ocrx_word' id='word_1_246' title='bbox 2610 911 2744 980; x_wconf 91' lang='lat' dir='ltr'><strong>suis,</strong></span> <span class='ocrx_word' id='word_1_247' title='bbox 2803 911 3131 984; x_wconf 90' lang='lat' dir='ltr'><strong>quibusdam</strong></span> <span class='ocrx_word' id='word_1_248' title='bbox 3186 929 3379 970; x_wconf 86' lang='lat' dir='ltr'><strong>eorum</strong></span> <span class='ocrx_word' id='word_1_249' title='bbox 3410 929 3470 969; x_wconf 89' lang='lat' dir='ltr'><strong>se</strong></span> 
     </span>
    </p>
   </div>
   <div class='ocr_carea' id='block_1_40' title="bbox 1869 997 3470 1073">
    <p class='ocr_par' dir='ltr' id='par_1_40' title="bbox 1869 997 3470 1073">
     <span class='ocr_line' id='line_1_40' title="bbox 1869 997 3470 1073; baseline 0.004 -21"><span class='ocrx_word' id='word_1_250' title='bbox 1869 997 2126 1053; x_wconf 90' lang='lat' dir='ltr'><strong>libentius</strong></span> <span class='ocrx_word' id='word_1_251' title='bbox 2184 998 2454 1056; x_wconf 88' lang='lat' dir='ltr'><strong>beneficia</strong></span> <span class='ocrx_word' id='word_1_252' title='bbox 2507 999 2827 1072; x_wconf 83' lang='lat' dir='ltr'><strong>largiturum</strong></span> <span class='ocrx_word' id='word_1_253' title='bbox 2890 1001 3151 1073; x_wconf 89' lang='lat' dir='ltr'><strong>ampliora</strong></span> <span class='ocrx_word' id='word_1_254' title='bbox 3185 1045 3200 1072; x_wconf 93' lang='lat'><strong>,</strong></span> <span class='ocrx_word' id='word_1_255' title='bbox 3257 1002 3304 1059; x_wconf 90' lang='lat' dir='ltr'><strong>si</strong></span> <span class='ocrx_word' id='word_1_256' title='bbox 3360 1017 3470 1060; x_wconf 90' lang='lat' dir='ltr'><strong>non</strong></span> 
     </span>
    </p>
   </div>
   <div class='ocr_carea' id='block_1_41' title="bbox 1869 1087 2892 1146">
    <p class='ocr_par' dir='ltr' id='par_1_41' title="bbox 1869 1087 2892 1146">
     <span class='ocr_line' id='line_1_41' title="bbox 1869 1087 2892 1146; baseline 0.003 -3"><span class='ocrx_word' id='word_1_257' title='bbox 1869 1087 2038 1143; x_wconf 67' lang='lat' dir='ltr'><strong>curiae</strong></span> <span class='ocrx_word' id='word_1_258' title='bbox 2069 1095 2387 1145; x_wconf 89' lang='lat' dir='ltr'><strong>tenerentur</strong></span> <span class='ocrx_word' id='word_1_259' title='bbox 2414 1088 2644 1145; x_wconf 88' lang='lat' dir='ltr'><strong>nexibus</strong></span> <span class='ocrx_word' id='word_1_260' title='bbox 2682 1089 2892 1146; x_wconf 90' lang='lat' dir='ltr'><strong>irretiti.</strong></span> 
     </span>
    </p>
   </div>
   <div class='ocr_carea' id='block_1_42' title="bbox 2509 1250 2836 1307">
    <p class='ocr_par' dir='ltr' id='par_1_42' title="bbox 2509 1250 2836 1307">
     <span class='ocr_line' id='line_1_42' title="bbox 2509 1250 2836 1307; baseline 0.003 -2"><span class='ocrx_word' id='word_1_261' title='bbox 2509 1250 2734 1307; x_wconf 86' lang='lat' dir='ltr'><strong>CAPUT</strong></span> <span class='ocrx_word' id='word_1_262' title='bbox 2764 1251 2836 1306; x_wconf 89' lang='lat' dir='ltr'><strong>X.</strong></span> 
     </span>
    </p>
   </div>
   <div class='ocr_carea' id='block_1_43' title="bbox 1873 1372 3467 1444">
    <p class='ocr_par' dir='ltr' id='par_1_43' title="bbox 1873 1372 3467 1444">
     <span class='ocr_line' id='line_1_43' title="bbox 1873 1372 3467 1444; baseline 0.004 -18"><span class='ocrx_word' id='word_1_263' title='bbox 1873 1372 2025 1438; x_wconf 85' lang='lat' dir='ltr'><strong>Quod</strong></span> <span class='ocrx_word' id='word_1_264' title='bbox 2054 1373 2116 1428; x_wconf 84' lang='lat' dir='ltr'><strong>in</strong></span> <span class='ocrx_word' id='word_1_265' title='bbox 2139 1373 2391 1429; x_wconf 82' lang='lat' dir='ltr'><strong>ecclesiis</strong></span> <span class='ocrx_word' id='word_1_266' title='bbox 2417 1373 2812 1444; x_wconf 69' lang='lat' dir='ltr'><strong>prwbendatos</strong></span> <span class='ocrx_word' id='word_1_267' title='bbox 2870 1374 3054 1431; x_wconf 81' lang='lat' dir='ltr'><strong>teneri</strong></span> <span class='ocrx_word' id='word_1_268' title='bbox 3082 1375 3154 1431; x_wconf 86' lang='lat' dir='ltr'><strong>ad</strong></span> <span class='ocrx_word' id='word_1_269' title='bbox 3209 1377 3467 1432; x_wconf 78' lang='lat' dir='ltr'><strong>residen-</strong></span> 
     </span>
    </p>
   </div>
   <div class='ocr_carea' id='block_1_44' title="bbox 1941 1445 3468 1518">
    <p class='ocr_par' dir='ltr' id='par_1_44' title="bbox 1941 1445 3468 1518">
     <span class='ocr_line' id='line_1_44' title="bbox 1941 1445 3468 1518; baseline 0.004 -21"><span class='ocrx_word' id='word_1_270' title='bbox 1941 1447 2082 1518; x_wconf 81' lang='lat' dir='ltr'><strong>t_iam</strong></span> <span class='ocrx_word' id='word_1_271' title='bbox 2119 1516 2126 1518; x_wconf 78' lang='lat'><strong><em>_</em></strong></span> <span class='ocrx_word' id='word_1_272' title='bbox 2157 1445 2457 1518; x_wconf 78' lang='lat' dir='ltr'><strong>reputabat</strong></span> <span class='ocrx_word' id='word_1_273' title='bbox 2487 1465 2524 1518; x_wconf 87' lang='lat'><strong>;_</strong></span> <span class='ocrx_word' id='word_1_274' title='bbox 2554 1450 2612 1499; x_wconf 83' lang='lat' dir='ltr'><strong>et</strong></span> <span class='ocrx_word' id='word_1_275' title='bbox 2669 1445 2982 1518; x_wconf 76' lang='lat' dir='ltr'><strong>secundum</strong></span> <span class='ocrx_word' id='word_1_276' title='bbox 3039 1447 3138 1502; x_wconf 85' lang='lat' dir='ltr'><strong>hoc</strong></span> <span class='ocrx_word' id='word_1_277' title='bbox 3194 1450 3468 1518; x_wconf 81' lang='lat' dir='ltr'><strong>magistro</strong></span> 
     </span>
    </p>
   </div>
   <div class='ocr_carea' id='block_1_45' title="bbox 1942 1515 3469 1588">
    <p class='ocr_par' dir='ltr' id='par_1_45' title="bbox 1942 1515 3469 1588">
     <span class='ocr_line' id='line_1_45' title="bbox 1942 1515 3469 1588; baseline 0.003 -20"><span class='ocrx_word' id='word_1_278' title='bbox 1942 1516 2257 1588; x_wconf 8' lang='lat' dir='ltr'><strong>Parisigensi</strong></span> <span class='ocrx_word' id='word_1_279' title='bbox 2283 1515 2594 1588; x_wconf 73' lang='lat' dir='ltr'><strong>respondit,</strong></span> <span class='ocrx_word' id='word_1_280' title='bbox 2626 1517 2725 1586; x_wconf 80' lang='lat' dir='ltr'><strong>qui</strong></span> <span class='ocrx_word' id='word_1_281' title='bbox 2738 1517 3096 1588; x_wconf 63' lang='lat' dir='ltr'><strong>praebendam“</strong></span> <span class='ocrx_word' id='word_1_282' title='bbox 3124 1519 3188 1572; x_wconf 86' lang='lat' dir='ltr'><strong>in</strong></span> <span class='ocrx_word' id='word_1_283' title='bbox 3215 1515 3469 1574; x_wconf 72' lang='lat' dir='ltr'><strong>Ecclesia</strong></span> 
     </span>
    </p>
   </div>
   <div class='ocr_carea' id='block_1_46' title="bbox 1939 1586 3468 1660">
    <p class='ocr_par' dir='ltr' id='par_1_46' title="bbox 1939 1586 3468 1660">
     <span class='ocr_line' id='line_1_46' title="bbox 1939 1586 3468 1660; baseline 0.004 -22"><span class='ocrx_word' id='word_1_284' title='bbox 1939 1586 2328 1660; x_wconf 25' lang='lat' dir='ltr'><strong>Linc‘olnicnsi</strong></span> <span class='ocrx_word' id='word_1_285' title='bbox 2372 1587 2701 1660; x_wconf 74' lang='lat' dir='ltr'><strong>aﬂ&#39;ectavit;</strong></span> <span class='ocrx_word' id='word_1_286' title='bbox 2738 1586 2822 1660; x_wconf 48' lang='lat' dir='ltr'><strong>et</strong></span> <span class='ocrx_word' id='word_1_287' title='bbox 2867 1590 3009 1660; x_wconf 79' lang='lat' dir='ltr'><strong>quod</strong></span> <span class='ocrx_word' id='word_1_288' title='bbox 3057 1590 3216 1644; x_wconf 77' lang='lat' dir='ltr'><strong>inter</strong></span> <span class='ocrx_word' id='word_1_289' title='bbox 3251 1592 3468 1660; x_wconf 74' lang='lat' dir='ltr'><strong>fratres</strong></span> 
     </span>
    </p>
   </div>
   <div class='ocr_carea' id='block_1_47' title="bbox 1941 1655 3464 1731">
    <p class='ocr_par' dir='ltr' id='par_1_47' title="bbox 1941 1655 3464 1731">
     <span class='ocr_line' id='line_1_47' title="bbox 1941 1655 3464 1731; baseline 0.002 -21"><span class='ocrx_word' id='word_1_290' title='bbox 1941 1672 2039 1711; x_wconf 84' lang='lat' dir='ltr'><strong>seu</strong></span> <span class='ocrx_word' id='word_1_291' title='bbox 2067 1655 2320 1713; x_wconf 75' lang='lat' dir='ltr'><strong>homines</strong></span> <span class='ocrx_word' id='word_1_292' title='bbox 2342 1655 2582 1730; x_wconf 72' lang='lat' dir='ltr'><strong>quasque</strong></span> <span class='ocrx_word' id='word_1_293' title='bbox 2600 1658 2807 1713; x_wconf 74' lang='lat' dir='ltr'><strong>dilexit</strong></span> <span class='ocrx_word' id='word_1_294' title='bbox 2841 1655 3125 1731; x_wconf 60' lang='lat' dir='ltr'><strong>praecipue</strong></span> <span class='ocrx_word' id='word_1_295' title='bbox 3156 1655 3464 1716; x_wconf 75' lang='lat' dir='ltr'><strong>unitatem.</strong></span> 
     </span>
    </p>
   </div>
   <div class='ocr_carea' id='block_1_48' title="bbox 1942 1779 3469 1854">
    <p class='ocr_par' dir='ltr' id='par_1_48' title="bbox 1942 1779 3469 1854">
     <span class='ocr_line' id='line_1_48' title="bbox 1942 1779 3469 1854; baseline 0.003 -21"><span class='ocrx_word' id='word_1_296' title='bbox 1942 1779 2040 1836; x_wconf 87' lang='lat' dir='ltr'><strong>Hic</strong></span> <span class='ocrx_word' id='word_1_297' title='bbox 2062 1788 2241 1836; x_wconf 90' lang='lat' dir='ltr'><strong>tamen</strong></span> <span class='ocrx_word' id='word_1_298' title='bbox 2274 1780 2530 1848; x_wconf 90' lang='lat' dir='ltr'><strong>curiales,</strong></span> <span class='ocrx_word' id='word_1_299' title='bbox 2565 1781 2675 1837; x_wconf 89' lang='lat' dir='ltr'><strong>imo</strong></span> <span class='ocrx_word' id='word_1_300' title='bbox 2704 1783 3072 1854; x_wconf 88' lang='lat' dir='ltr'><strong>quarumlibet</strong></span> <span class='ocrx_word' id='word_1_301' title='bbox 3110 1782 3469 1840; x_wconf 84' lang='lat' dir='ltr'><strong>ecclesiarum</strong></span> 
     </span>
    </p>
   </div>
   <div class='ocr_carea' id='block_1_49' title="bbox 1869 1869 3470 1937">
    <p class='ocr_par' dir='ltr' id='par_1_49' title="bbox 1869 1869 3470 1937">
     <span class='ocr_line' id='line_1_49' title="bbox 1869 1869 3470 1937; baseline 0.002 -13"><span class='ocrx_word' id='word_1_302' title='bbox 1869 1869 2260 1924; x_wconf 84' lang='lat' dir='ltr'><strong>catliedralium</strong></span> <span class='ocrx_word' id='word_1_303' title='bbox 2283 1869 2535 1937; x_wconf 88' lang='lat' dir='ltr'><strong>clericos,</strong></span> <span class='ocrx_word' id='word_1_304' title='bbox 2570 1885 2681 1926; x_wconf 81' lang='lat' dir='ltr'><strong>suae</strong></span> <span class='ocrx_word' id='word_1_305' title='bbox 2712 1871 2958 1928; x_wconf 85' lang='lat' dir='ltr'><strong>ecclesiae</strong></span> <span class='ocrx_word' id='word_1_306' title='bbox 2977 1872 3274 1929; x_wconf 88' lang='lat' dir='ltr'><strong>canonicos</strong></span> <span class='ocrx_word' id='word_1_307' title='bbox 3290 1871 3470 1928; x_wconf 89' lang='lat' dir='ltr'><strong>rarius</strong></span> 
     </span>
    </p>
   </div>
   <div class='ocr_carea' id='block_1_50' title="bbox 1869 1957 3470 2032">
    <p class='ocr_par' dir='ltr' id='par_1_50' title="bbox 1869 1957 3470 2032">
     <span class='ocr_line' id='line_1_50' title="bbox 1869 1957 3470 2032; baseline 0.003 -20"><span class='ocrx_word' id='word_1_308' title='bbox 1869 1957 2136 2013; x_wconf 78' lang='lat' dir='ltr'><strong>efﬁciebat</strong></span> <span class='ocrx_word' id='word_1_309' title='bbox 2167 1976 2180 2012; x_wconf 94' lang='lat'>:</span> <span class='ocrx_word' id='word_1_310' title='bbox 2216 1958 2567 2015; x_wconf 87' lang='lat' dir='ltr'><strong>residentiam</strong></span> <span class='ocrx_word' id='word_1_311' title='bbox 2598 1960 2874 2032; x_wconf 67' lang='lat' dir='ltr'><strong>praecipue</strong></span> <span class='ocrx_word' id='word_1_312' title='bbox 2900 1961 2958 2016; x_wconf 92' lang='lat' dir='ltr'><strong>in</strong></span> <span class='ocrx_word' id='word_1_313' title='bbox 2987 1961 3234 2017; x_wconf 86' lang='lat' dir='ltr'><strong>Ecclesia</strong></span> <span class='ocrx_word' id='word_1_314' title='bbox 3247 1961 3470 2018; x_wconf 91' lang='lat' dir='ltr'><strong>Lincol-</strong></span> 
     </span>
    </p>
   </div>
   <div class='ocr_carea' id='block_1_51' title="bbox 1867 2046 3472 2120">
    <p class='ocr_par' dir='ltr' id='par_1_51' title="bbox 1867 2046 3472 2120">
     <span class='ocr_line' id='line_1_51' title="bbox 1867 2046 3472 2120; baseline 0.004 -19"><span class='ocrx_word' id='word_1_315' title='bbox 1867 2047 2044 2102; x_wconf 90' lang='lat' dir='ltr'><strong>niensi</strong></span> <span class='ocrx_word' id='word_1_316' title='bbox 2075 2046 2271 2102; x_wconf 91' lang='lat' dir='ltr'><strong>abillis</strong></span> <span class='ocrx_word' id='word_1_317' title='bbox 2299 2055 2582 2118; x_wconf 89' lang='lat' dir='ltr'><strong>expetens,</strong></span> <span class='ocrx_word' id='word_1_318' title='bbox 2606 2049 2816 2120; x_wconf 82' lang='lat' dir='ltr'><strong>quibus&#39;</strong></span> <span class='ocrx_word' id='word_1_319' title='bbox 2835 2049 2980 2106; x_wconf 90' lang='lat' dir='ltr'><strong>illius</strong></span> <span class='ocrx_word' id='word_1_320' title='bbox 3007 2050 3272 2107; x_wconf 80' lang='lat' dir='ltr'><strong>Ecclesiae</strong></span> <span class='ocrx_word' id='word_1_321' title='bbox 3302 2065 3472 2108; x_wconf 90' lang='lat' dir='ltr'><strong>cano-</strong></span> 
     </span>
    </p>
   </div>
   <div class='ocr_carea' id='block_1_52' title="bbox 1868 2136 3469 2211">
    <p class='ocr_par' dir='ltr' id='par_1_52' title="bbox 1868 2136 3469 2211">
     <span class='ocr_line' id='line_1_52' title="bbox 1868 2136 3469 2211; baseline 0.002 -21"><span class='ocrx_word' id='word_1_322' title='bbox 1868 2136 1994 2192; x_wconf 89' lang='lat' dir='ltr'><strong>nica</strong></span> <span class='ocrx_word' id='word_1_323' title='bbox 2022 2136 2291 2207; x_wconf 88' lang='lat' dir='ltr'><strong>stipendia</strong></span> <span class='ocrx_word' id='word_1_324' title='bbox 2319 2136 2656 2193; x_wconf 80' lang='lat' dir='ltr'><strong>conferebat.</strong></span> <span class='ocrx_word' id='word_1_325' title='bbox 2689 2138 2982 2206; x_wconf 88' lang='lat' dir='ltr'><strong>Nimirum,</strong></span> <span class='ocrx_word' id='word_1_326' title='bbox 3016 2139 3156 2196; x_wconf 85' lang='lat' dir='ltr'><strong>sicut</strong></span> <span class='ocrx_word' id='word_1_327' title='bbox 3213 2139 3307 2211; x_wconf 90' lang='lat' dir='ltr'><strong>qui</strong></span> <span class='ocrx_word' id='word_1_328' title='bbox 3325 2139 3469 2195; x_wconf 91' lang='lat' dir='ltr'><strong>alta-</strong></span> 
     </span>
    </p>
   </div>
   <div class='ocr_carea' id='block_1_53' title="bbox 1868 2225 3470 2300">
    <p class='ocr_par' dir='ltr' id='par_1_53' title="bbox 1868 2225 3470 2300">
     <span class='ocr_line' id='line_1_53' title="bbox 1868 2225 3470 2300; baseline 0.002 -19"><span class='ocrx_word' id='word_1_329' title='bbox 1868 2225 1953 2281; x_wconf 90' lang='lat' dir='ltr'><strong>rio</strong></span> <span class='ocrx_word' id='word_1_330' title='bbox 1980 2225 2314 2294; x_wconf 90' lang='lat' dir='ltr'><strong>deserviunt,</strong></span> <span class='ocrx_word' id='word_1_331' title='bbox 2349 2225 2548 2281; x_wconf 86' lang='lat' dir='ltr'><strong>altario</strong></span> <span class='ocrx_word' id='word_1_332' title='bbox 2571 2227 2694 2296; x_wconf 87' lang='lat' dir='ltr'><strong>jure</strong></span> <span class='ocrx_word' id='word_1_333' title='bbox 2728 2228 3076 2300; x_wconf 86' lang='lat' dir='ltr'><strong>participant,</strong></span> <span class='ocrx_word' id='word_1_334' title='bbox 3123 2228 3195 2283; x_wconf 87' lang='lat' dir='ltr'><strong>ita</strong></span> <span class='ocrx_word' id='word_1_335' title='bbox 3246 2229 3470 2285; x_wconf 91' lang='lat' dir='ltr'><strong>minime</strong></span> 
     </span>
    </p>
   </div>
   <div class='ocr_carea' id='block_1_54' title="bbox 1868 2314 3468 2391">
    <p class='ocr_par' dir='ltr' id='par_1_54' title="bbox 1868 2314 3468 2391">
     <span class='ocr_line' id='line_1_54' title="bbox 1868 2314 3468 2391; baseline 0.001 -21"><span class='ocrx_word' id='word_1_336' title='bbox 1868 2315 2308 2371; x_wconf 85' lang='lat' dir='ltr'><strong>deservientihus</strong></span> <span class='ocrx_word' id='word_1_337' title='bbox 2334 2314 2522 2370; x_wconf 88' lang='lat' dir='ltr'><strong>altaris</strong></span> <span class='ocrx_word' id='word_1_338' title='bbox 2548 2317 2837 2372; x_wconf 90' lang='lat' dir='ltr'><strong>commoda</strong></span> <span class='ocrx_word' id='word_1_339' title='bbox 2883 2316 3104 2373; x_wconf 90' lang='lat' dir='ltr'><strong>dicebat</strong></span> <span class='ocrx_word' id='word_1_340' title='bbox 3157 2317 3468 2391; x_wconf 76' lang='lat' dir='ltr'><strong>incongrua</strong></span> 
     </span>
    </p>
   </div>
   <div class='ocr_carea' id='block_1_55' title="bbox 1869 2403 3470 2478">
    <p class='ocr_par' dir='ltr' id='par_1_55' title="bbox 1869 2403 3470 2478">
     <span class='ocr_line' id='line_1_55' title="bbox 1869 2403 3470 2478; baseline 0.003 -21"><span class='ocrx_word' id='word_1_341' title='bbox 1869 2403 2080 2460; x_wconf 88' lang='lat' dir='ltr'><strong>ratione</strong></span> <span class='ocrx_word' id='word_1_342' title='bbox 2106 2403 2397 2475; x_wconf 87' lang='lat' dir='ltr'><strong>provenire</strong></span> <span class='ocrx_word' id='word_1_343' title='bbox 2429 2421 2443 2458; x_wconf 92' lang='lat'>:</span> <span class='ocrx_word' id='word_1_344' title='bbox 2476 2411 2530 2459; x_wconf 90' lang='lat' dir='ltr'><strong>et</strong></span> <span class='ocrx_word' id='word_1_345' title='bbox 2551 2421 2674 2460; x_wconf 90' lang='lat' dir='ltr'><strong>cum</strong></span> <span class='ocrx_word' id='word_1_346' title='bbox 2704 2404 2968 2461; x_wconf 91' lang='lat' dir='ltr'><strong>ecclesias</strong></span> <span class='ocrx_word' id='word_1_347' title='bbox 2988 2405 3187 2462; x_wconf 87' lang='lat' dir='ltr'><strong>debitis</strong></span> <span class='ocrx_word' id='word_1_348' title='bbox 3217 2404 3381 2478; x_wconf 83' lang='lat' dir='ltr'><strong>[cod.,</strong></span> <span class='ocrx_word' id='word_1_349' title='bbox 3413 2415 3470 2464; x_wconf 87' lang='lat' dir='ltr'><strong>et</strong></span> 
     </span>
    </p>
   </div>
   <div class='ocr_carea' id='block_1_56' title="bbox 1869 2491 3472 2565">
    <p class='ocr_par' dir='ltr' id='par_1_56' title="bbox 1869 2491 3472 2565">
     <span class='ocr_line' id='line_1_56' title="bbox 1869 2491 3472 2565; baseline 0.004 -18"><span class='ocrx_word' id='word_1_350' title='bbox 1869 2491 2133 2548; x_wconf 83' lang='lat' dir='ltr'><strong>ecclesias</strong></span> <span class='ocrx_word' id='word_1_351' title='bbox 2167 2508 2292 2549; x_wconf 91' lang='lat' dir='ltr'><strong>cum</strong></span> <span class='ocrx_word' id='word_1_352' title='bbox 2331 2492 2548 2565; x_wconf 91' lang='lat' dir='ltr'><strong>debitis]</strong></span> <span class='ocrx_word' id='word_1_353' title='bbox 2614 2493 2967 2550; x_wconf 89' lang='lat' dir='ltr'><strong>servientium</strong></span> <span class='ocrx_word' id='word_1_354' title='bbox 3015 2494 3260 2552; x_wconf 83' lang='lat' dir='ltr'><strong>excubiis</strong></span> <span class='ocrx_word' id='word_1_355' title='bbox 3306 2513 3374 2554; x_wconf 83' lang='lat' dir='ltr'><strong>ex</strong></span> <span class='ocrx_word' id='word_1_356' title='bbox 3401 2512 3472 2554; x_wconf 87' lang='lat' dir='ltr'><strong>eo</strong></span> 
     </span>
    </p>
   </div>
   <div class='ocr_carea' id='block_1_57' title="bbox 1869 2581 3474 2658">
    <p class='ocr_par' dir='ltr' id='par_1_57' title="bbox 1869 2581 3474 2658">
     <span class='ocr_line' id='line_1_57' title="bbox 1869 2581 3474 2658; baseline 0.004 -22"><span class='ocrx_word' id='word_1_357' title='bbox 1869 2581 2140 2636; x_wconf 82' lang='lat' dir='ltr'><strong>fraudrari</strong></span> <span class='ocrx_word' id='word_1_358' title='bbox 2179 2581 2539 2653; x_wconf 89' lang='lat' dir='ltr'><strong>contingeret,</strong></span> <span class='ocrx_word' id='word_1_359' title='bbox 2564 2583 2804 2654; x_wconf 89' lang='lat' dir='ltr'><strong>speciem</strong></span> <span class='ocrx_word' id='word_1_360' title='bbox 2835 2582 3003 2655; x_wconf 83' lang='lat' dir='ltr'><strong>[cod.,</strong></span> <span class='ocrx_word' id='word_1_361' title='bbox 3034 2584 3380 2658; x_wconf 83' lang='lat' dir='ltr'><strong>contingeret</strong></span> <span class='ocrx_word' id='word_1_362' title='bbox 3419 2593 3474 2642; x_wconf 89' lang='lat' dir='ltr'><strong>et</strong></span> 
     </span>
    </p>
   </div>
   <div class='ocr_carea' id='block_1_58' title="bbox 1871 2669 3473 2742">
    <p class='ocr_par' dir='ltr' id='par_1_58' title="bbox 1871 2669 3473 2742">
     <span class='ocr_line' id='line_1_58' title="bbox 1871 2669 3473 2742; baseline 0.003 -18"><span class='ocrx_word' id='word_1_363' title='bbox 1871 2669 2130 2742; x_wconf 89' lang='lat' dir='ltr'><strong>speciem]</strong></span> <span class='ocrx_word' id='word_1_364' title='bbox 2154 2669 2434 2725; x_wconf 89' lang='lat' dir='ltr'><strong>videretur</strong></span> <span class='ocrx_word' id='word_1_365' title='bbox 2462 2670 2668 2726; x_wconf 90' lang='lat' dir='ltr'><strong>habere</strong></span> <span class='ocrx_word' id='word_1_366' title='bbox 2722 2671 2946 2742; x_wconf 64' lang='lat' dir='ltr'><strong>rapina,</strong></span> <span class='ocrx_word' id='word_1_367' title='bbox 2981 2688 3107 2728; x_wconf 88' lang='lat' dir='ltr'><strong>cum</strong></span> <span class='ocrx_word' id='word_1_368' title='bbox 3161 2673 3473 2729; x_wconf 88' lang='lat' dir='ltr'><strong>militaturis</strong></span> 
     </span>
    </p>
   </div>
   <div class='ocr_carea' id='block_1_59' title="bbox 1869 2758 3472 2831">
    <p class='ocr_par' dir='ltr' id='par_1_59' title="bbox 1869 2758 3472 2831">
     <span class='ocr_line' id='line_1_59' title="bbox 1869 2758 3472 2831; baseline 0.004 -18"><span class='ocrx_word' id='word_1_369' title='bbox 1869 2758 2132 2829; x_wconf 88' lang='lat' dir='ltr'><strong>deputata</strong></span> <span class='ocrx_word' id='word_1_370' title='bbox 2159 2758 2370 2814; x_wconf 67' lang='lat' dir='ltr'><strong>militiae</strong></span> <span class='ocrx_word' id='word_1_371' title='bbox 2401 2759 2700 2829; x_wconf 90' lang='lat' dir='ltr'><strong>spiritualis</strong></span> <span class='ocrx_word' id='word_1_372' title='bbox 2735 2760 3006 2831; x_wconf 87' lang='lat' dir='ltr'><strong>stipendia</strong></span> <span class='ocrx_word' id='word_1_373' title='bbox 3034 2778 3145 2818; x_wconf 90' lang='lat' dir='ltr'><strong>non</strong></span> <span class='ocrx_word' id='word_1_374' title='bbox 3191 2763 3472 2820; x_wconf 89' lang='lat' dir='ltr'><strong>militaturi</strong></span> 
     </span>
    </p>
   </div>
   <div class='ocr_carea' id='block_1_60' title="bbox 1868 2849 3472 2924">
    <p class='ocr_par' dir='ltr' id='par_1_60' title="bbox 1868 2849 3472 2924">
     <span class='ocr_line' id='line_1_60' title="bbox 1868 2849 3472 2924; baseline 0.003 -21"><span class='ocrx_word' id='word_1_375' title='bbox 1868 2856 2265 2918; x_wconf 86' lang='lat' dir='ltr'><strong>praesumerent</strong></span> <span class='ocrx_word' id='word_1_376' title='bbox 2297 2863 2587 2919; x_wconf 87' lang='lat' dir='ltr'><strong>occupare.</strong></span> <span class='ocrx_word' id='word_1_377' title='bbox 2619 2850 2761 2904; x_wconf 87' lang='lat' dir='ltr'><strong>Nam</strong></span> <span class='ocrx_word' id='word_1_378' title='bbox 2789 2857 2843 2904; x_wconf 92' lang='lat' dir='ltr'><strong>et</strong></span> <span class='ocrx_word' id='word_1_379' title='bbox 2870 2849 3021 2905; x_wconf 92' lang='lat' dir='ltr'><strong>illam</strong></span> <span class='ocrx_word' id='word_1_380' title='bbox 3052 2850 3295 2921; x_wconf 82' lang='lat' dir='ltr'><strong>Apostoli</strong></span> <span class='ocrx_word' id='word_1_381' title='bbox 3327 2868 3472 2924; x_wconf 84' lang='lat' dir='ltr'><strong>quo-</strong></span> 
     </span>
    </p>
   </div>
   <div class='ocr_carea' id='block_1_61' title="bbox 1869 2936 3471 3013">
    <p class='ocr_par' dir='ltr' id='par_1_61' title="bbox 1869 2936 3471 3013">
     <span class='ocr_line' id='line_1_61' title="bbox 1869 2936 3471 3013; baseline 0.004 -22"><span class='ocrx_word' id='word_1_382' title='bbox 1869 2952 1972 3008; x_wconf 91' lang='lat' dir='ltr'><strong>que</strong></span> <span class='ocrx_word' id='word_1_383' title='bbox 2022 2936 2347 2992; x_wconf 87' lang='lat' dir='ltr'><strong>sententiam</strong></span> <span class='ocrx_word' id='word_1_384' title='bbox 2377 2937 2432 2992; x_wconf 89' lang='lat' dir='ltr'><strong>in</strong></span> <span class='ocrx_word' id='word_1_385' title='bbox 2461 2938 2563 2993; x_wconf 89' lang='lat' dir='ltr'><strong>hac</strong></span> <span class='ocrx_word' id='word_1_386' title='bbox 2584 2938 2925 3008; x_wconf 89' lang='lat' dir='ltr'><strong>potissimum</strong></span> <span class='ocrx_word' id='word_1_387' title='bbox 2957 2954 3119 2994; x_wconf 90' lang='lat' dir='ltr'><strong>causa</strong></span> <span class='ocrx_word' id='word_1_388' title='bbox 3149 2940 3382 3013; x_wconf 84' lang='lat' dir='ltr'><strong>intelligi</strong></span> <span class='ocrx_word' id='word_1_389' title='bbox 3418 2949 3471 2997; x_wconf 92' lang='lat' dir='ltr'><strong>et</strong></span> 
     </span>
    </p>
   </div>
   <div class='ocr_carea' id='block_1_62' title="bbox 1869 3025 3470 3097">
    <p class='ocr_par' dir='ltr' id='par_1_62' title="bbox 1869 3025 3470 3097">
     <span class='ocr_line' id='line_1_62' title="bbox 1869 3025 3470 3097; baseline 0.004 -19"><span class='ocrx_word' id='word_1_390' title='bbox 1869 3025 2044 3080; x_wconf 90' lang='lat' dir='ltr'><strong>teneri</strong></span> <span class='ocrx_word' id='word_1_391' title='bbox 2073 3025 2274 3081; x_wconf 92' lang='lat' dir='ltr'><strong>debere</strong></span> <span class='ocrx_word' id='word_1_392' title='bbox 2306 3025 2606 3092; x_wconf 89' lang='lat' dir='ltr'><strong>sanciebat,</strong></span> <span class='ocrx_word' id='word_1_393' title='bbox 2640 3033 2717 3092; x_wconf 89' lang='lat' dir='ltr'><strong>ut,</strong></span> <span class='ocrx_word' id='word_1_394' title='bbox 2752 3026 2843 3097; x_wconf 89' lang='lat' dir='ltr'><strong>qui</strong></span> <span class='ocrx_word' id='word_1_395' title='bbox 2895 3027 2952 3081; x_wconf 89' lang='lat' dir='ltr'><strong>in</strong></span> <span class='ocrx_word' id='word_1_396' title='bbox 3009 3029 3322 3085; x_wconf 89' lang='lat' dir='ltr'><strong>sanctuario</strong></span> <span class='ocrx_word' id='word_1_397' title='bbox 3365 3045 3470 3086; x_wconf 91' lang='lat' dir='ltr'><strong>ne-</strong></span> 
     </span>
    </p>
   </div>
   <div class='ocr_carea' id='block_1_63' title="bbox 1873 3113 3471 3190">
    <p class='ocr_par' dir='ltr' id='par_1_63' title="bbox 1873 3113 3471 3190">
     <span class='ocr_line' id='line_1_63' title="bbox 1873 3113 3471 3190; baseline 0.004 -22"><span class='ocrx_word' id='word_1_398' title='bbox 1873 3128 2146 3186; x_wconf 90' lang='lat' dir='ltr'><strong>quaquam</strong></span> <span class='ocrx_word' id='word_1_399' title='bbox 2177 3113 2445 3181; x_wconf 90' lang='lat' dir='ltr'><strong>laborant,</strong></span> <span class='ocrx_word' id='word_1_400' title='bbox 2479 3114 2533 3168; x_wconf 93' lang='lat' dir='ltr'><strong>in</strong></span> <span class='ocrx_word' id='word_1_401' title='bbox 2555 3130 2620 3169; x_wconf 91' lang='lat' dir='ltr'><strong>eo</strong></span> <span class='ocrx_word' id='word_1_402' title='bbox 2652 3114 2815 3169; x_wconf 91' lang='lat' dir='ltr'><strong>etiam</strong></span> <span class='ocrx_word' id='word_1_403' title='bbox 2845 3130 2954 3170; x_wconf 92' lang='lat' dir='ltr'><strong>non</strong></span> <span class='ocrx_word' id='word_1_404' title='bbox 2975 3117 3329 3184; x_wconf 89' lang='lat' dir='ltr'><strong>manducent,</strong></span> <span class='ocrx_word' id='word_1_405' title='bbox 3351 3133 3471 3190; x_wconf 68' lang='lat' dir='ltr'><strong>qua:</strong></span> 
     </span>
    </p>
   </div>
   <div class='ocr_carea' id='block_1_64' title="bbox 163 3193 3471 3294">
    <p class='ocr_par' dir='ltr' id='par_1_64' title="bbox 163 3193 3471 3294">
     <span class='ocr_line' id='line_1_64' title="bbox 163 3193 3471 3294; baseline 0.003 -43"><span class='ocrx_word' id='word_1_406' title='bbox 163 3222 326 3278; x_wconf 74' lang='lat' dir='ltr'><strong>modo</strong></span> <span class='ocrx_word' id='word_1_407' title='bbox 357 3193 696 3294; x_wconf 47' lang='lat' dir='ltr'><strong>simeme</strong></span> <span class='ocrx_word' id='word_1_408' title='bbox 731 3193 872 3291; x_wconf 55' lang='lat' dir='ltr'><strong>egse,</strong></span> <span class='ocrx_word' id='word_1_409' title='bbox 905 3222 1015 3277; x_wconf 64' lang='lat' dir='ltr'><strong>imo</strong></span> <span class='ocrx_word' id='word_1_410' title='bbox 1045 3230 1098 3276; x_wconf 53' lang='lat' dir='ltr'><strong>et</strong></span> <span class='ocrx_word' id='word_1_411' title='bbox 1152 3221 1396 3294; x_wconf 52' lang='lat' dir='ltr'><strong>ineptum</strong></span> <span class='ocrx_word' id='word_1_412' title='bbox 1443 3193 1765 3290; x_wconf 52' lang='lat' dir='ltr'><strong>genue&#39;bam,</strong></span> <span class='ocrx_word' id='word_1_413' title='bbox 1788 3193 1836 3256; x_wconf 83' lang='grc' dir='ltr'>Ο</span> <span class='ocrx_word' id='word_1_414' title='bbox 1865 3203 2178 3258; x_wconf 88' lang='lat' dir='ltr'><strong>sanctuario</strong></span> <span class='ocrx_word' id='word_1_415' title='bbox 2208 3210 2626 3258; x_wconf 89' lang='lat' dir='ltr'><strong>consecrantur.</strong></span> <span class='ocrx_word' id='word_1_416' title='bbox 2667 3203 2727 3258; x_wconf 91' lang='lat' dir='ltr'><strong>Si</strong></span> <span class='ocrx_word' id='word_1_417' title='bbox 2755 3203 2900 3258; x_wconf 91' lang='lat' dir='ltr'><strong>enim</strong></span> <span class='ocrx_word' id='word_1_418' title='bbox 2946 3204 3210 3276; x_wconf 82' lang='lat' dir='ltr'><strong>gloriatur</strong></span> <span class='ocrx_word' id='word_1_419' title='bbox 3263 3207 3471 3264; x_wconf 90' lang='lat' dir='ltr'><strong>Doctor</strong></span> 
     </span>
    </p>
   </div>
   <div class='ocr_carea' id='block_1_65' title="bbox 163 3311 1766 3384">
    <p class='ocr_par' dir='ltr' id='par_1_65' title="bbox 163 3311 1766 3384">
     <span class='ocr_line' id='line_1_65' title="bbox 163 3311 1766 3384; baseline 0 -17"><span class='ocrx_word' id='word_1_420' title='bbox 163 3327 284 3367; x_wconf 89' lang='lat' dir='ltr'><strong>cum</strong></span> <span class='ocrx_word' id='word_1_421' title='bbox 314 3319 518 3367; x_wconf 68' lang='lat' dir='ltr'><strong>vestrae</strong></span> <span class='ocrx_word' id='word_1_422' title='bbox 563 3311 877 3368; x_wconf 88' lang='lat' dir='ltr'><strong>discretioni</strong></span> <span class='ocrx_word' id='word_1_423' title='bbox 925 3326 1159 3382; x_wconf 89' lang='lat' dir='ltr'><strong>pronum</strong></span> <span class='ocrx_word' id='word_1_424' title='bbox 1211 3312 1280 3366; x_wconf 92' lang='lat' dir='ltr'><strong>sit</strong></span> <span class='ocrx_word' id='word_1_425' title='bbox 1335 3311 1411 3378; x_wconf 91' lang='lat' dir='ltr'><strong>id,</strong></span> <span class='ocrx_word' id='word_1_426' title='bbox 1459 3313 1606 3384; x_wconf 89' lang='lat' dir='ltr'><strong>quod</strong></span> <span class='ocrx_word' id='word_1_427' title='bbox 1664 3313 1766 3368; x_wconf 89' lang='lat' dir='ltr'><strong>rite</strong></span> 
     </span>
    </p>
   </div>
   <div class='ocr_carea' id='block_1_66' title="bbox 163 3400 1766 3472">
    <p class='ocr_par' dir='ltr' id='par_1_66' title="bbox 163 3400 1766 3472">
     <span class='ocr_line' id='line_1_66' title="bbox 163 3400 1766 3472; baseline 0 -16"><span class='ocrx_word' id='word_1_428' title='bbox 163 3400 390 3472; x_wconf 85' lang='lat' dir='ltr'><strong>geritur,</strong></span> <span class='ocrx_word' id='word_1_429' title='bbox 425 3400 722 3472; x_wconf 88' lang='lat' dir='ltr'><strong>prudenter</strong></span> <span class='ocrx_word' id='word_1_430' title='bbox 741 3401 1048 3466; x_wconf 85' lang='lat' dir='ltr'><strong>advertere,</strong></span> <span class='ocrx_word' id='word_1_431' title='bbox 1085 3408 1136 3456; x_wconf 88' lang='lat' dir='ltr'><strong>et</strong></span> <span class='ocrx_word' id='word_1_432' title='bbox 1191 3400 1455 3457; x_wconf 87' lang='lat' dir='ltr'><strong>voluntati</strong></span> <span class='ocrx_word' id='word_1_433' title='bbox 1492 3401 1766 3456; x_wconf 88' lang='lat' dir='ltr'><strong>nihilomi-</strong></span> 
     </span>
    </p>
   </div>
   <div class='ocr_carea' id='block_1_67' title="bbox 159 3489 1761 3562">
    <p class='ocr_par' dir='ltr' id='par_1_67' title="bbox 159 3489 1761 3562">
     <span class='ocr_line' id='line_1_67' title="bbox 159 3489 1761 3562; baseline 0.002 -19"><span class='ocrx_word' id='word_1_434' title='bbox 159 3504 260 3544; x_wconf 90' lang='lat' dir='ltr'><strong>nus</strong></span> <span class='ocrx_word' id='word_1_435' title='bbox 307 3496 510 3545; x_wconf 68' lang='lat' dir='ltr'><strong>vestraa</strong></span> <span class='ocrx_word' id='word_1_436' title='bbox 547 3489 755 3556; x_wconf 84' lang='lat' dir='ltr'><strong>sedeat,</strong></span> <span class='ocrx_word' id='word_1_437' title='bbox 786 3489 932 3562; x_wconf 89' lang='lat' dir='ltr'><strong>quod</strong></span> <span class='ocrx_word' id='word_1_438' title='bbox 964 3497 1176 3546; x_wconf 89' lang='lat' dir='ltr'><strong>rectum</strong></span> <span class='ocrx_word' id='word_1_439' title='bbox 1236 3505 1360 3546; x_wconf 90' lang='lat' dir='ltr'><strong>esse</strong></span> <span class='ocrx_word' id='word_1_440' title='bbox 1408 3491 1761 3562; x_wconf 83' lang='lat' dir='ltr'><strong>cognoscitis,</strong></span> 
     </span>
    </p>
   </div>
   <div class='ocr_carea' id='block_1_68' title="bbox 165 3576 950 3650">
    <p class='ocr_par' dir='ltr' id='par_1_68' title="bbox 165 3576 950 3650">
     <span class='ocr_line' id='line_1_68' title="bbox 165 3576 950 3650; baseline 0.004 -19"><span class='ocrx_word' id='word_1_441' title='bbox 165 3576 537 3634; x_wconf 87' lang='lat' dir='ltr'><strong>favorabiliter</strong></span> <span class='ocrx_word' id='word_1_442' title='bbox 557 3579 888 3650; x_wconf 88' lang='lat' dir='ltr'><strong>approbare.</strong></span> <span class='ocrx_word' id='word_1_443' title='bbox 929 3603 950 3627; x_wconf 76' lang='grc' dir='ltr'><strong>η</strong></span> 
     </span>
    </p>
   </div>
   <div class='ocr_carea' id='block_1_69' title="bbox 233 3667 1762 3742">
    <p class='ocr_par' dir='ltr' id='par_1_69' title="bbox 233 3667 1762 3742">
     <span class='ocr_line' id='line_1_69' title="bbox 233 3667 1762 3742; baseline 0.001 -20"><span class='ocrx_word' id='word_1_444' title='bbox 233 3667 552 3737; x_wconf 86' lang='lat' dir='ltr'><strong>I-lujusmodi</strong></span> <span class='ocrx_word' id='word_1_445' title='bbox 583 3668 884 3724; x_wconf 87' lang='lat' dir='ltr'><strong>rationibus</strong></span> <span class='ocrx_word' id='word_1_446' title='bbox 916 3668 1200 3740; x_wconf 86' lang='lat' dir='ltr'><strong>rex,quod</strong></span> <span class='ocrx_word' id='word_1_447' title='bbox 1223 3669 1527 3726; x_wconf 88' lang='lat' dir='ltr'><strong>contradici</strong></span> <span class='ocrx_word' id='word_1_448' title='bbox 1558 3677 1762 3742; x_wconf 91' lang='lat' dir='ltr'><strong>posset,</strong></span> 
     </span>
    </p>
   </div>
   <div class='ocr_carea' id='block_1_70' title="bbox 164 3757 1807 3830">
    <p class='ocr_par' dir='ltr' id='par_1_70' title="bbox 164 3757 1807 3830">
     <span class='ocr_line' id='line_1_70' title="bbox 164 3757 1807 3830; baseline 0.003 -20"><span class='ocrx_word' id='word_1_449' title='bbox 164 3771 270 3811; x_wconf 91' lang='lat' dir='ltr'><strong>non</strong></span> <span class='ocrx_word' id='word_1_450' title='bbox 301 3757 606 3824; x_wconf 86' lang='lat' dir='ltr'><strong>inveniens,</strong></span> <span class='ocrx_word' id='word_1_451' title='bbox 639 3757 942 3828; x_wconf 91' lang='lat' dir='ltr'><strong>postposito</strong></span> <span class='ocrx_word' id='word_1_452' title='bbox 963 3766 1167 3812; x_wconf 91' lang='lat' dir='ltr'><strong>temere</strong></span> <span class='ocrx_word' id='word_1_453' title='bbox 1193 3766 1457 3830; x_wconf 90' lang='lat' dir='ltr'><strong>concepto</strong></span> <span class='ocrx_word' id='word_1_454' title='bbox 1473 3759 1766 3815; x_wconf 89' lang='lat' dir='ltr'><strong>simultatis</strong></span> <span class='ocrx_word' id='word_1_455' title='bbox 1805 3770 1807 3772; x_wconf 77' lang='lat'>&#39;</span> 
     </span>
    </p>
   </div>
   <div class='ocr_carea' id='block_1_71' title="bbox 166 3845 1761 3920">
    <p class='ocr_par' dir='ltr' id='par_1_71' title="bbox 166 3845 1761 3920">
     <span class='ocr_line' id='line_1_71' title="bbox 166 3845 1761 3920; baseline 0.003 -22"><span class='ocrx_word' id='word_1_456' title='bbox 166 3845 365 3913; x_wconf 91' lang='lat' dir='ltr'><strong>nubilo,</strong></span> <span class='ocrx_word' id='word_1_457' title='bbox 417 3847 766 3918; x_wconf 87' lang='lat' dir='ltr'><strong>amplectitur</strong></span> <span class='ocrx_word' id='word_1_458' title='bbox 818 3847 933 3915; x_wconf 91' lang='lat' dir='ltr'><strong>jam</strong></span> <span class='ocrx_word' id='word_1_459' title='bbox 1006 3862 1102 3901; x_wconf 90' lang='lat' dir='ltr'><strong>ore</strong></span> <span class='ocrx_word' id='word_1_460' title='bbox 1156 3853 1387 3903; x_wconf 84' lang='lat' dir='ltr'><strong>sereno&#39;</strong></span> <span class='ocrx_word' id='word_1_461' title='bbox 1428 3847 1761 3920; x_wconf 88' lang='lat' dir='ltr'><strong>pontificem,</strong></span> 
     </span>
    </p>
   </div>
   <div class='ocr_carea' id='block_1_72' title="bbox 169 3933 1767 4006">
    <p class='ocr_par' dir='ltr' id='par_1_72' title="bbox 169 3933 1767 4006">
     <span class='ocr_line' id='line_1_72' title="bbox 169 3933 1767 4006; baseline 0.003 -19"><span class='ocrx_word' id='word_1_462' title='bbox 169 3933 389 4006; x_wconf 90' lang='lat' dir='ltr'><strong>ejusque</strong></span> <span class='ocrx_word' id='word_1_463' title='bbox 410 3935 751 3991; x_wconf 89' lang='lat' dir='ltr'><strong>orationibus</strong></span> <span class='ocrx_word' id='word_1_464' title='bbox 783 3952 841 3990; x_wconf 91' lang='lat' dir='ltr'><strong>se</strong></span> <span class='ocrx_word' id='word_1_465' title='bbox 871 3937 1262 3991; x_wconf 90' lang='lat' dir='ltr'><strong>commendans</strong></span> <span class='ocrx_word' id='word_1_466' title='bbox 1293 3936 1564 4004; x_wconf 83' lang='lat' dir='ltr'><strong>obnixius,</strong></span> <span class='ocrx_word' id='word_1_467' title='bbox 1623 3937 1767 3992; x_wconf 88' lang='lat' dir='ltr'><strong>illius</strong></span> 
     </span>
    </p>
   </div>
   <div class='ocr_carea' id='block_1_73' title="bbox 167 4024 1765 4096">
    <p class='ocr_par' dir='ltr' id='par_1_73' title="bbox 167 4024 1765 4096">
     <span class='ocr_line' id='line_1_73' title="bbox 167 4024 1765 4096; baseline 0.003 -20"><span class='ocrx_word' id='word_1_468' title='bbox 167 4036 262 4092; x_wconf 90' lang='lat' dir='ltr'><strong>per</strong></span> <span class='ocrx_word' id='word_1_469' title='bbox 288 4025 472 4079; x_wconf 91' lang='lat' dir='ltr'><strong>omnia</strong></span> <span class='ocrx_word' id='word_1_470' title='bbox 501 4025 717 4096; x_wconf 89' lang='lat' dir='ltr'><strong>reliquit</strong></span> <span class='ocrx_word' id='word_1_471' title='bbox 746 4024 1161 4096; x_wconf 87' lang='lat' dir='ltr'><strong>dispensationi,</strong></span> <span class='ocrx_word' id='word_1_472' title='bbox 1207 4024 1442 4096; x_wconf 86' lang='lat' dir='ltr'><strong>qualiler</strong></span> <span class='ocrx_word' id='word_1_473' title='bbox 1487 4025 1765 4081; x_wconf 89' lang='lat' dir='ltr'><strong>hominem</strong></span> 
     </span>
    </p>
   </div>
   <div class='ocr_carea' id='block_1_74' title="bbox 167 4112 1766 4184">
    <p class='ocr_par' dir='ltr' id='par_1_74' title="bbox 167 4112 1766 4184">
     <span class='ocr_line' id='line_1_74' title="bbox 167 4112 1766 4184; baseline 0.003 -19"><span class='ocrx_word' id='word_1_474' title='bbox 167 4113 447 4168; x_wconf 68' lang='lat' dir='ltr'><strong>sententias</strong></span> <span class='ocrx_word' id='word_1_475' title='bbox 477 4113 817 4184; x_wconf 89' lang='lat' dir='ltr'><strong>innodatum,</strong></span> <span class='ocrx_word' id='word_1_476' title='bbox 861 4112 1220 4168; x_wconf 89' lang='lat' dir='ltr'><strong>absolutionis</strong></span> <span class='ocrx_word' id='word_1_477' title='bbox 1273 4112 1541 4169; x_wconf 82' lang='lat' dir='ltr'><strong>beneficio</strong></span> <span class='ocrx_word' id='word_1_478' title='bbox 1599 4115 1766 4170; x_wconf 86' lang='lat' dir='ltr'><strong>redo-</strong></span> 
     </span>
    </p>
   </div>
   <div class='ocr_carea' id='block_1_75' title="bbox 167 4201 1764 4270">
    <p class='ocr_par' dir='ltr' id='par_1_75' title="bbox 167 4201 1764 4270">
     <span class='ocr_line' id='line_1_75' title="bbox 167 4201 1764 4270; baseline 0.004 -18"><span class='ocrx_word' id='word_1_479' title='bbox 167 4209 338 4255; x_wconf 91' lang='lat' dir='ltr'><strong>narct.</strong></span> <span class='ocrx_word' id='word_1_480' title='bbox 372 4201 551 4270; x_wconf 90' lang='lat' dir='ltr'><strong>Quem</strong></span> <span class='ocrx_word' id='word_1_481' title='bbox 581 4203 744 4256; x_wconf 90' lang='lat' dir='ltr'><strong>etiam</strong></span> <span class='ocrx_word' id='word_1_482' title='bbox 776 4202 934 4257; x_wconf 92' lang='lat' dir='ltr'><strong>valde</strong></span> <span class='ocrx_word' id='word_1_483' title='bbox 973 4201 1266 4258; x_wconf 90' lang='lat' dir='ltr'><strong>contritum</strong></span> <span class='ocrx_word' id='word_1_484' title='bbox 1287 4202 1469 4258; x_wconf 91' lang='lat' dir='ltr'><strong>animo</strong></span> <span class='ocrx_word' id='word_1_485' title='bbox 1499 4210 1552 4258; x_wconf 89' lang='lat' dir='ltr'><strong>et</strong></span> <span class='ocrx_word' id='word_1_486' title='bbox 1580 4203 1764 4259; x_wconf 88' lang='lat' dir='ltr'><strong>humi-</strong></span> 
     </span>
    </p>
   </div>
   <div class='ocr_carea' id='block_1_76' title="bbox 168 4285 1765 4360">
    <p class='ocr_par' dir='ltr' id='par_1_76' title="bbox 168 4285 1765 4360">
     <span class='ocr_line' id='line_1_76' title="bbox 168 4285 1765 4360; baseline 0.005 -21"><span class='ocrx_word' id='word_1_487' title='bbox 168 4285 371 4356; x_wconf 91' lang='lat' dir='ltr'><strong>liatum,</strong></span> <span class='ocrx_word' id='word_1_488' title='bbox 403 4289 644 4360; x_wconf 75' lang='lat' dir='ltr'><strong>praestita</strong></span> <span class='ocrx_word' id='word_1_489' title='bbox 669 4291 823 4360; x_wconf 88' lang='lat' dir='ltr'><strong>juxta</strong></span> <span class='ocrx_word' id='word_1_490' title='bbox 852 4289 1082 4345; x_wconf 86' lang='lat' dir='ltr'><strong>formam</strong></span> <span class='ocrx_word' id='word_1_491' title='bbox 1103 4289 1368 4345; x_wconf 69' lang='lat' dir='ltr'><strong>Ecclesiae</strong></span> <span class='ocrx_word' id='word_1_492' title='bbox 1422 4299 1765 4347; x_wconf 86' lang='lat' dir='ltr'><strong>sacramento</strong></span> 
     </span>
    </p>
   </div>
   <div class='ocr_carea' id='block_1_77' title="bbox 165 4375 1764 4451">
    <p class='ocr_par' dir='ltr' id='par_1_77' title="bbox 165 4375 1764 4451">
     <span class='ocr_line' id='line_1_77' title="bbox 165 4375 1764 4451; baseline 0.004 -23"><span class='ocrx_word' id='word_1_493' title='bbox 165 4375 400 4445; x_wconf 91' lang='lat' dir='ltr'><strong>publico,</strong></span> <span class='ocrx_word' id='word_1_494' title='bbox 434 4395 558 4435; x_wconf 92' lang='lat' dir='ltr'><strong>cum</strong></span> <span class='ocrx_word' id='word_1_495' title='bbox 581 4379 692 4434; x_wconf 90' lang='lat' dir='ltr'><strong>suis</strong></span> <span class='ocrx_word' id='word_1_496' title='bbox 726 4379 1082 4450; x_wconf 87' lang='lat' dir='ltr'><strong>complicibus</strong></span> <span class='ocrx_word' id='word_1_497' title='bbox 1109 4379 1280 4451; x_wconf 88' lang='lat' dir='ltr'><strong>virgis</strong></span> <span class='ocrx_word' id='word_1_498' title='bbox 1329 4395 1528 4435; x_wconf 59' lang='lat' dir='ltr'><strong>caesum</strong></span> <span class='ocrx_word' id='word_1_499' title='bbox 1575 4381 1764 4436; x_wconf 90' lang='lat' dir='ltr'><strong>absol-</strong></span> 
     </span>
    </p>
   </div>
   <div class='ocr_carea' id='block_1_78' title="bbox 168 4463 1766 4540">
    <p class='ocr_par' dir='ltr' id='par_1_78' title="bbox 168 4463 1766 4540">
     <span class='ocr_line' id='line_1_78' title="bbox 168 4463 1766 4540; baseline 0.005 -24"><span class='ocrx_word' id='word_1_500' title='bbox 168 4463 258 4529; x_wconf 88' lang='lat' dir='ltr'><strong>vit,</strong></span> <span class='ocrx_word' id='word_1_501' title='bbox 291 4465 521 4540; x_wconf 88' lang='lat' dir='ltr'><strong>dataque</strong></span> <span class='ocrx_word' id='word_1_502' title='bbox 554 4468 949 4535; x_wconf 86' lang='lat' dir='ltr'><strong>benedictione,</strong></span> <span class='ocrx_word' id='word_1_503' title='bbox 984 4484 1084 4539; x_wconf 90' lang='lat' dir='ltr'><strong>per</strong></span> <span class='ocrx_word' id='word_1_504' title='bbox 1112 4483 1274 4524; x_wconf 91' lang='lat' dir='ltr'><strong>omne</strong></span> <span class='ocrx_word' id='word_1_505' title='bbox 1318 4468 1589 4540; x_wconf 90' lang='lat' dir='ltr'><strong>reliquum</strong></span> <span class='ocrx_word' id='word_1_506' title='bbox 1643 4469 1766 4526; x_wconf 79' lang='lat' dir='ltr'><strong>vitae</strong></span> 
     </span>
    </p>
   </div>
   <div class='ocr_carea' id='block_1_79' title="bbox 1866 3292 3467 3367">
    <p class='ocr_par' dir='ltr' id='par_1_79' title="bbox 1866 3292 3467 3367">
     <span class='ocr_line' id='line_1_79' title="bbox 1866 3292 3467 3367; baseline 0.004 -22"><span class='ocrx_word' id='word_1_507' title='bbox 1866 3292 2112 3364; x_wconf 85' lang='lat' dir='ltr'><strong>gentium</strong></span> <span class='ocrx_word' id='word_1_508' title='bbox 2147 3292 2293 3363; x_wconf 89' lang='lat' dir='ltr'><strong>quod</strong></span> <span class='ocrx_word' id='word_1_509' title='bbox 2317 3292 2433 3349; x_wconf 89' lang='lat' dir='ltr'><strong>sine</strong></span> <span class='ocrx_word' id='word_1_510' title='bbox 2465 3299 2681 3362; x_wconf 90' lang='lat' dir='ltr'><strong>sumptu</strong></span> <span class='ocrx_word' id='word_1_511' title='bbox 2707 3293 2889 3362; x_wconf 90' lang='lat' dir='ltr'><strong>posuit</strong></span> <span class='ocrx_word' id='word_1_512' title='bbox 2906 3294 3283 3365; x_wconf 84' lang='lat' dir='ltr'><strong>Evangelium,</strong></span> <span class='ocrx_word' id='word_1_513' title='bbox 3303 3311 3467 3367; x_wconf 84' lang='lat' dir='ltr'><strong>quam</strong></span> 
     </span>
    </p>
   </div>
   <div class='ocr_carea' id='block_1_80' title="bbox 1866 3381 3471 3454">
    <p class='ocr_par' dir='ltr' id='par_1_80' title="bbox 1866 3381 3471 3454">
     <span class='ocr_line' id='line_1_80' title="bbox 1866 3381 3471 3454; baseline 0.004 -19"><span class='ocrx_word' id='word_1_514' title='bbox 1866 3381 2236 3453; x_wconf 87' lang='lat' dir='ltr'><strong>iguominiosi,</strong></span> <span class='ocrx_word' id='word_1_515' title='bbox 2260 3381 2453 3450; x_wconf 88' lang='lat' dir='ltr'><strong>aiebat,</strong></span> <span class='ocrx_word' id='word_1_516' title='bbox 2490 3381 2776 3453; x_wconf 88' lang='lat' dir='ltr'><strong>reputandi</strong></span> <span class='ocrx_word' id='word_1_517' title='bbox 2826 3389 2970 3447; x_wconf 91' lang='lat' dir='ltr'><strong>sunt,</strong></span> <span class='ocrx_word' id='word_1_518' title='bbox 3005 3383 3096 3454; x_wconf 90' lang='lat' dir='ltr'><strong>qui</strong></span> <span class='ocrx_word' id='word_1_519' title='bbox 3126 3383 3245 3439; x_wconf 89' lang='lat' dir='ltr'><strong>sine</strong></span> <span class='ocrx_word' id='word_1_520' title='bbox 3297 3401 3471 3440; x_wconf 91' lang='lat' dir='ltr'><strong>evan-</strong></span> 
     </span>
    </p>
   </div>
   <div class='ocr_carea' id='block_1_81' title="bbox 1867 3469 3473 3545">
    <p class='ocr_par' dir='ltr' id='par_1_81' title="bbox 1867 3469 3473 3545">
     <span class='ocr_line' id='line_1_81' title="bbox 1867 3469 3473 3545; baseline 0.003 -21"><span class='ocrx_word' id='word_1_521' title='bbox 1867 3470 2138 3541; x_wconf 86' lang='lat' dir='ltr'><strong>gelizandi</strong></span> <span class='ocrx_word' id='word_1_522' title='bbox 2167 3470 2364 3535; x_wconf 89' lang='lat' dir='ltr'><strong>studio,</strong></span> <span class='ocrx_word' id='word_1_523' title='bbox 2391 3470 2507 3526; x_wconf 90' lang='lat' dir='ltr'><strong>sine</strong></span> <span class='ocrx_word' id='word_1_524' title='bbox 2537 3469 2880 3524; x_wconf 90' lang='lat' dir='ltr'><strong>ministrandi</strong></span> <span class='ocrx_word' id='word_1_525' title='bbox 2901 3471 3188 3542; x_wconf 88' lang='lat' dir='ltr'><strong>obsequio,</strong></span> <span class='ocrx_word' id='word_1_526' title='bbox 3220 3481 3473 3545; x_wconf 89' lang='lat' dir='ltr'><strong>sumptus</strong></span> 
     </span>
    </p>
   </div>
   <div class='ocr_carea' id='block_1_82' title="bbox 1866 3558 3474 3632">
    <p class='ocr_par' dir='ltr' id='par_1_82' title="bbox 1866 3558 3474 3632">
     <span class='ocr_line' id='line_1_82' title="bbox 1866 3558 3474 3632; baseline 0.002 -18"><span class='ocrx_word' id='word_1_527' title='bbox 1866 3559 2368 3632; x_wconf 85' lang='lat' dir='ltr'><strong>evangelizantibus</strong></span> <span class='ocrx_word' id='word_1_528' title='bbox 2399 3566 2492 3614; x_wconf 90' lang='lat' dir='ltr'><strong>aut</strong></span> <span class='ocrx_word' id='word_1_529' title='bbox 2513 3558 2942 3614; x_wconf 88' lang='lat' dir='ltr'><strong>ministrantibus</strong></span> <span class='ocrx_word' id='word_1_530' title='bbox 2971 3559 3280 3632; x_wconf 85' lang='lat' dir='ltr'><strong>assignatos</strong></span> <span class='ocrx_word' id='word_1_531' title='bbox 3313 3578 3474 3618; x_wconf 86' lang='lat' dir='ltr'><strong>usur-</strong></span> 
     </span>
    </p>
   </div>
   <div class='ocr_carea' id='block_1_83' title="bbox 1862 3647 3464 3722">
    <p class='ocr_par' dir='ltr' id='par_1_83' title="bbox 1862 3647 3464 3722">
     <span class='ocr_line' id='line_1_83' title="bbox 1862 3647 3464 3722; baseline 0.002 -20"><span class='ocrx_word' id='word_1_532' title='bbox 1862 3663 1990 3718; x_wconf 91' lang='lat' dir='ltr'><strong>pare</strong></span> <span class='ocrx_word' id='word_1_533' title='bbox 2020 3655 2356 3718; x_wconf 71' lang='lat' dir='ltr'><strong>praesumunt</strong></span> <span class='ocrx_word' id='word_1_534' title='bbox 2379 3647 2391 3703; x_wconf 88' lang='lat' dir='ltr'><strong>l</strong></span> <span class='ocrx_word' id='word_1_535' title='bbox 2425 3647 2766 3704; x_wconf 85' lang='lat' dir='ltr'><strong>Meminimus</strong></span> <span class='ocrx_word' id='word_1_536' title='bbox 2790 3649 2917 3718; x_wconf 71' lang='grc'>(114</span> <span class='ocrx_word' id='word_1_537' title='bbox 2939 3649 3145 3719; x_wconf 90' lang='lat' dir='ltr'><strong>)autem</strong></span> <span class='ocrx_word' id='word_1_538' title='bbox 3169 3650 3464 3722; x_wconf 87' lang='lat' dir='ltr'><strong>quemdam</strong></span> 
     </span>
    </p>
   </div>
   <div class='ocr_carea' id='block_1_84' title="bbox 1867 3737 3471 3812">
    <p class='ocr_par' dir='ltr' id='par_1_84' title="bbox 1867 3737 3471 3812">
     <span class='ocr_line' id='line_1_84' title="bbox 1867 3737 3471 3812; baseline 0.003 -20"><span class='ocrx_word' id='word_1_539' title='bbox 1867 3753 1932 3792; x_wconf 93' lang='lat' dir='ltr'><strong>eo</strong></span> <span class='ocrx_word' id='word_1_540' title='bbox 1953 3746 2199 3808; x_wconf 88' lang='lat' dir='ltr'><strong>tempore</strong></span> <span class='ocrx_word' id='word_1_541' title='bbox 2222 3737 2419 3792; x_wconf 90' lang='lat' dir='ltr'><strong>summi</strong></span> <span class='ocrx_word' id='word_1_542' title='bbox 2449 3737 2565 3793; x_wconf 87' lang='lat' dir='ltr'><strong>fere</strong></span> <span class='ocrx_word' id='word_1_543' title='bbox 2593 3737 2736 3794; x_wconf 89' lang='lat' dir='ltr'><strong>inter</strong></span> <span class='ocrx_word' id='word_1_544' title='bbox 2763 3737 3051 3808; x_wconf 84' lang='lat' dir='ltr'><strong>theologos</strong></span> <span class='ocrx_word' id='word_1_545' title='bbox 3068 3739 3471 3812; x_wconf 90' lang='lat' dir='ltr'><strong>canonicosque</strong></span> 
     </span>
    </p>
   </div>
   <div class='ocr_carea' id='block_1_85' title="bbox 1865 3825 3468 3902">
    <p class='ocr_par' dir='ltr' id='par_1_85' title="bbox 1865 3825 3468 3902">
     <span class='ocr_line' id='line_1_85' title="bbox 1865 3825 3468 3902; baseline 0.002 -22"><span class='ocrx_word' id='word_1_546' title='bbox 1865 3825 2206 3882; x_wconf 89' lang='lat' dir='ltr'><strong>Parisienses</strong></span> <span class='ocrx_word' id='word_1_547' title='bbox 2255 3825 2490 3882; x_wconf 90' lang='lat' dir='ltr'><strong>nominis</strong></span> <span class='ocrx_word' id='word_1_548' title='bbox 2536 3826 2740 3881; x_wconf 89' lang='lat' dir='ltr'><strong>dixisse</strong></span> <span class='ocrx_word' id='word_1_549' title='bbox 2783 3826 3018 3898; x_wconf 90' lang='lat' dir='ltr'><strong>quadam</strong></span> <span class='ocrx_word' id='word_1_550' title='bbox 3066 3828 3184 3884; x_wconf 89' lang='lat' dir='ltr'><strong>vice</strong></span> <span class='ocrx_word' id='word_1_551' title='bbox 3215 3828 3468 3902; x_wconf 88' lang='lat' dir='ltr'><strong>Hugoni:</strong></span> 
     </span>
    </p>
   </div>
   <div class='ocr_carea' id='block_1_86' title="bbox 1872 3915 3466 3986">
    <p class='ocr_par' dir='ltr' id='par_1_86' title="bbox 1872 3915 3466 3986">
     <span class='ocr_line' id='line_1_86' title="bbox 1872 3915 3466 3986; baseline 0.003 -17"><span class='ocrx_word' id='word_1_552' title='bbox 1872 3937 1893 3960; x_wconf 86' lang='lat'><strong>«</strong></span> <span class='ocrx_word' id='word_1_553' title='bbox 1933 3915 2262 3984; x_wconf 89' lang='lat' dir='ltr'><strong>Gloriosam,</strong></span> <span class='ocrx_word' id='word_1_554' title='bbox 2291 3915 2510 3971; x_wconf 89' lang='lat' dir='ltr'><strong>domine</strong></span> <span class='ocrx_word' id='word_1_555' title='bbox 2555 3915 2834 3986; x_wconf 81' lang='lat' dir='ltr'><strong>episcOpe,</strong></span> <span class='ocrx_word' id='word_1_556' title='bbox 2866 3932 2981 3986; x_wconf 72' lang='lat' dir='ltr'><strong>prae</strong></span> <span class='ocrx_word' id='word_1_557' title='bbox 3036 3917 3246 3972; x_wconf 89' lang='lat' dir='ltr'><strong>cunctis</strong></span> <span class='ocrx_word' id='word_1_558' title='bbox 3301 3917 3466 3974; x_wconf 91' lang='lat' dir='ltr'><strong>totius</strong></span> 
     </span>
    </p>
   </div>
   <div class='ocr_carea' id='block_1_87' title="bbox 1866 4003 3466 4074">
    <p class='ocr_par' dir='ltr' id='par_1_87' title="bbox 1866 4003 3466 4074">
     <span class='ocr_line' id='line_1_87' title="bbox 1866 4003 3466 4074; baseline 0.003 -16"><span class='ocrx_word' id='word_1_559' title='bbox 1866 4003 2018 4058; x_wconf 90' lang='lat' dir='ltr'><strong>orbis</strong></span> <span class='ocrx_word' id='word_1_560' title='bbox 2048 4003 2312 4060; x_wconf 89' lang='lat' dir='ltr'><strong>Ecclesiis</strong></span> <span class='ocrx_word' id='word_1_561' title='bbox 2341 4011 2579 4059; x_wconf 91' lang='lat' dir='ltr'><strong>vestram</strong></span> <span class='ocrx_word' id='word_1_562' title='bbox 2635 4004 2956 4060; x_wconf 86' lang='lat' dir='ltr'><strong>exhibuistis</strong></span> <span class='ocrx_word' id='word_1_563' title='bbox 3014 4005 3341 4074; x_wconf 91' lang='lat' dir='ltr'><strong>Ecclesiam,</strong></span> <span class='ocrx_word' id='word_1_564' title='bbox 3375 4006 3466 4062; x_wconf 87' lang='lat' dir='ltr'><strong>in-</strong></span> 
     </span>
    </p>
   </div>
   <div class='ocr_carea' id='block_1_88' title="bbox 1865 4091 3470 4167">
    <p class='ocr_par' dir='ltr' id='par_1_88' title="bbox 1865 4091 3470 4167">
     <span class='ocr_line' id='line_1_88' title="bbox 1865 4091 3470 4167; baseline 0.004 -21"><span class='ocrx_word' id='word_1_565' title='bbox 1865 4091 2082 4164; x_wconf 88' lang='lat' dir='ltr'><strong>signem</strong></span> <span class='ocrx_word' id='word_1_566' title='bbox 2110 4092 2452 4148; x_wconf 90' lang='lat' dir='ltr'><strong>multitudiue</strong></span> <span class='ocrx_word' id='word_1_567' title='bbox 2491 4093 2854 4150; x_wconf 89' lang='lat' dir='ltr'><strong>clericorum:</strong></span> <span class='ocrx_word' id='word_1_568' title='bbox 2889 4101 3143 4166; x_wconf 88' lang='lat' dir='ltr'><strong>essetque</strong></span> <span class='ocrx_word' id='word_1_569' title='bbox 3170 4095 3302 4150; x_wconf 91' lang='lat' dir='ltr'><strong>mihi</strong></span> <span class='ocrx_word' id='word_1_570' title='bbox 3341 4097 3470 4167; x_wconf 90' lang='lat' dir='ltr'><strong>(nec</strong></span> 
     </span>
    </p>
   </div>
   <div class='ocr_carea' id='block_1_89' title="bbox 1865 4181 3470 4254">
    <p class='ocr_par' dir='ltr' id='par_1_89' title="bbox 1865 4181 3470 4254">
     <span class='ocr_line' id='line_1_89' title="bbox 1865 4181 3470 4254; baseline 0.003 -19"><span class='ocrx_word' id='word_1_571' title='bbox 1865 4182 2010 4236; x_wconf 89' lang='lat' dir='ltr'><strong>enim</strong></span> <span class='ocrx_word' id='word_1_572' title='bbox 2040 4181 2096 4237; x_wconf 94' lang='lat' dir='ltr'><strong>id</strong></span> <span class='ocrx_word' id='word_1_573' title='bbox 2127 4181 2417 4238; x_wconf 88' lang='lat' dir='ltr'><strong>celandum</strong></span> <span class='ocrx_word' id='word_1_574' title='bbox 2441 4181 2596 4237; x_wconf 86' lang='lat' dir='ltr'><strong>vobis</strong></span> <span class='ocrx_word' id='word_1_575' title='bbox 2627 4182 2778 4251; x_wconf 81' lang='lat' dir='ltr'><strong>duxi)</strong></span> <span class='ocrx_word' id='word_1_576' title='bbox 2831 4183 2964 4238; x_wconf 91' lang='lat' dir='ltr'><strong>satis</strong></span> <span class='ocrx_word' id='word_1_577' title='bbox 2994 4184 3233 4254; x_wconf 87' lang='lat' dir='ltr'><strong>eptahile</strong></span> <span class='ocrx_word' id='word_1_578' title='bbox 3280 4200 3470 4241; x_wconf 89' lang='lat' dir='ltr'><strong>eorum</strong></span> 
     </span>
    </p>
   </div>
   <div class='ocr_carea' id='block_1_90' title="bbox 1865 4271 3474 4342">
    <p class='ocr_par' dir='ltr' id='par_1_90' title="bbox 1865 4271 3474 4342">
     <span class='ocr_line' id='line_1_90' title="bbox 1865 4271 3474 4342; baseline 0.003 -18"><span class='ocrx_word' id='word_1_579' title='bbox 1865 4286 2096 4326; x_wconf 91' lang='lat' dir='ltr'><strong>numero</strong></span> <span class='ocrx_word' id='word_1_580' title='bbox 2149 4271 2392 4342; x_wconf 90' lang='lat' dir='ltr'><strong>quolibet</strong></span> <span class='ocrx_word' id='word_1_581' title='bbox 2439 4271 2525 4326; x_wconf 89' lang='lat' dir='ltr'><strong>vel</strong></span> <span class='ocrx_word' id='word_1_582' title='bbox 2582 4271 2810 4341; x_wconf 90' lang='lat' dir='ltr'><strong>perexili</strong></span> <span class='ocrx_word' id='word_1_583' title='bbox 2868 4271 3022 4328; x_wconf 92' lang='lat' dir='ltr'><strong>titulo</strong></span> <span class='ocrx_word' id='word_1_584' title='bbox 3054 4272 3273 4329; x_wconf 88' lang='lat' dir='ltr'><strong>sociari.</strong></span> <span class='ocrx_word' id='word_1_585' title='bbox 3313 4298 3335 4323; x_wconf 80' lang='grc' dir='ltr'><strong>ι»</strong></span> <span class='ocrx_word' id='word_1_586' title='bbox 3371 4274 3474 4330; x_wconf 87' lang='lat' dir='ltr'><strong>Cui</strong></span> 
     </span>
    </p>
   </div>
   <div class='ocr_carea' id='block_1_91' title="bbox 1867 4360 3470 4430">
    <p class='ocr_par' dir='ltr' id='par_1_91' title="bbox 1867 4360 3470 4430">
     <span class='ocr_line' id='line_1_91' title="bbox 1867 4360 3470 4430; baseline 0.002 -16"><span class='ocrx_word' id='word_1_587' title='bbox 1867 4360 2043 4414; x_wconf 88' lang='lat' dir='ltr'><strong>statim</strong></span> <span class='ocrx_word' id='word_1_588' title='bbox 2072 4360 2361 4430; x_wconf 91' lang='lat' dir='ltr'><strong>episcopus</strong></span> <span class='ocrx_word' id='word_1_589' title='bbox 2395 4377 2408 4412; x_wconf 88' lang='lat'><strong>:</strong></span> <span class='ocrx_word' id='word_1_590' title='bbox 2438 4379 2460 4409; x_wconf 74' lang='grc' dir='ltr'>ι</span> <span class='ocrx_word' id='word_1_591' title='bbox 2495 4361 2564 4415; x_wconf 90' lang='lat' dir='ltr'><strong>Et</strong></span> <span class='ocrx_word' id='word_1_592' title='bbox 2591 4375 2712 4426; x_wconf 91' lang='lat' dir='ltr'><strong>nos,</strong></span> <span class='ocrx_word' id='word_1_593' title='bbox 2745 4360 2836 4426; x_wconf 89' lang='lat' dir='ltr'><strong>ait,</strong></span> <span class='ocrx_word' id='word_1_594' title='bbox 2870 4376 3059 4416; x_wconf 91' lang='lat' dir='ltr'><strong>eorum</strong></span> <span class='ocrx_word' id='word_1_595' title='bbox 3115 4377 3214 4418; x_wconf 88' lang='lat' dir='ltr'><strong>vos</strong></span> <span class='ocrx_word' id='word_1_596' title='bbox 3240 4377 3470 4418; x_wconf 89' lang='lat' dir='ltr'><strong>numero</strong></span> 
     </span>
    </p>
   </div>
   <div class='ocr_carea' id='block_1_92' title="bbox 1867 4448 3470 4519">
    <p class='ocr_par' dir='ltr' id='par_1_92' title="bbox 1867 4448 3470 4519">
     <span class='ocr_line' id='line_1_92' title="bbox 1867 4448 3470 4519; baseline 0.003 -17"><span class='ocrx_word' id='word_1_597' title='bbox 1867 4449 2054 4503; x_wconf 90' lang='lat' dir='ltr'><strong>libenti</strong></span> <span class='ocrx_word' id='word_1_598' title='bbox 2082 4448 2262 4503; x_wconf 89' lang='lat' dir='ltr'><strong>animo</strong></span> <span class='ocrx_word' id='word_1_599' title='bbox 2288 4449 2669 4519; x_wconf 86' lang='lat' dir='ltr'><strong>jungeremus,</strong></span> <span class='ocrx_word' id='word_1_600' title='bbox 2730 4449 2776 4503; x_wconf 81' lang='lat' dir='ltr'><strong>si</strong></span> <span class='ocrx_word' id='word_1_601' title='bbox 2823 4449 2985 4504; x_wconf 89' lang='lat' dir='ltr'><strong>etiam</strong></span> <span class='ocrx_word' id='word_1_602' title='bbox 3014 4449 3158 4506; x_wconf 90' lang='lat' dir='ltr'><strong>inter</strong></span> <span class='ocrx_word' id='word_1_603' title='bbox 3184 4465 3280 4506; x_wconf 90' lang='lat' dir='ltr'><strong>eos</strong></span> <span class='ocrx_word' id='word_1_604' title='bbox 3327 4451 3470 4507; x_wconf 86' lang='lat' dir='ltr'><strong>resi-</strong></span> 
     </span>
    </p>
   </div>
   <div class='ocr_carea' id='block_1_93' title="bbox 168 4537 3473 4630">
    <p class='ocr_par' dir='ltr' id='par_1_93' title="bbox 168 4537 3473 4630">
     <span class='ocr_line' id='line_1_93' title="bbox 168 4537 3473 4630; baseline 0.002 -26"><span class='ocrx_word' id='word_1_605' title='bbox 168 4567 277 4608; x_wconf 70' lang='lat' dir='ltr'><strong>suaa</strong></span> <span class='ocrx_word' id='word_1_606' title='bbox 308 4537 522 4627; x_wconf 79' lang='lat' dir='ltr'><strong>tempus</strong></span> <span class='ocrx_word' id='word_1_607' title='bbox 553 4556 776 4628; x_wconf 89' lang='lat' dir='ltr'><strong>speciali</strong></span> <span class='ocrx_word' id='word_1_608' title='bbox 819 4537 1057 4630; x_wconf 77' lang='lat' dir='ltr'><strong>quadam</strong></span> <span class='ocrx_word' id='word_1_609' title='bbox 1096 4537 1478 4613; x_wconf 78' lang='lat' dir='ltr'><strong>benevolentia</strong></span> <span class='ocrx_word' id='word_1_610' title='bbox 1528 4558 1765 4613; x_wconf 85' lang='lat' dir='ltr'><strong>familia-</strong></span> <span class='ocrx_word' id='word_1_611' title='bbox 1786 4561 1840 4621; x_wconf 90' lang='lat' dir='ltr'><strong>D</strong></span> <span class='ocrx_word' id='word_1_612' title='bbox 1869 4537 2230 4630; x_wconf 27' lang='grc' dir='ltr'><strong>άθτεηνθῖίιίεν</strong></span> <span class='ocrx_word' id='word_1_613' title='bbox 2265 4546 2317 4630; x_wconf 54' lang='grc' dir='ltr'><strong>ἒῑ</strong></span> <span class='ocrx_word' id='word_1_614' title='bbox 2348 4537 2393 4592; x_wconf 71' lang='grc' dir='ltr'><strong>εί</strong></span> <span class='ocrx_word' id='word_1_615' title='bbox 2423 4552 2637 4630; x_wconf 62' lang='lat' dir='ltr'><strong>quoque</strong></span> <span class='ocrx_word' id='word_1_616' title='bbox 2666 4537 2732 4592; x_wconf 72' lang='lat' dir='ltr'><strong>ad</strong></span> <span class='ocrx_word' id='word_1_617' title='bbox 2763 4537 3045 4630; x_wconf 52' lang='grc' dir='ltr'><strong>δοίξῐιίίδω</strong></span> <span class='ocrx_word' id='word_1_618' title='bbox 3099 4554 3285 4630; x_wconf 39' lang='lat' dir='ltr'><strong>motas</strong></span> <span class='ocrx_word' id='word_1_619' title='bbox 3313 4540 3473 4598; x_wconf 67' lang='grc' dir='ltr'><strong>νοδίε</strong></span> 
     </span>
    </p>
   </div>
   <div class='ocr_carea' id='block_1_94' title="bbox 168 4640 1764 4720">
    <p class='ocr_par' dir='ltr' id='par_1_94' title="bbox 168 4640 1764 4720">
     <span class='ocr_line' id='line_1_94' title="bbox 168 4640 1764 4720; baseline 0.007 -27"><span class='ocrx_word' id='word_1_620' title='bbox 168 4640 280 4696; x_wconf 89' lang='lat' dir='ltr'><strong>rius</strong></span> <span class='ocrx_word' id='word_1_621' title='bbox 301 4660 426 4700; x_wconf 93' lang='lat' dir='ltr'><strong>eum</strong></span> <span class='ocrx_word' id='word_1_622' title='bbox 457 4645 560 4702; x_wconf 88' lang='lat' dir='ltr'><strong>sibi</strong></span> <span class='ocrx_word' id='word_1_623' title='bbox 591 4647 850 4703; x_wconf 89' lang='lat' dir='ltr'><strong>devotum</strong></span> <span class='ocrx_word' id='word_1_624' title='bbox 878 4648 1048 4702; x_wconf 90' lang='lat' dir='ltr'><strong>sensit</strong></span> <span class='ocrx_word' id='word_1_625' title='bbox 1077 4655 1130 4702; x_wconf 92' lang='lat' dir='ltr'><strong>et</strong></span> <span class='ocrx_word' id='word_1_626' title='bbox 1178 4646 1291 4701; x_wconf 89' lang='lat' dir='ltr'><strong>suis</strong></span> <span class='ocrx_word' id='word_1_627' title='bbox 1341 4648 1579 4719; x_wconf 86' lang='lat' dir='ltr'><strong>negotiis</strong></span> <span class='ocrx_word' id='word_1_628' title='bbox 1627 4664 1764 4720; x_wconf 91' lang='lat' dir='ltr'><strong>pro-</strong></span> 
     </span>
    </p>
   </div>
   <div class='ocr_carea' id='block_1_95' title="bbox 168 4729 964 4790">
    <p class='ocr_par' dir='ltr' id='par_1_95' title="bbox 168 4729 964 4790">
     <span class='ocr_line' id='line_1_95' title="bbox 168 4729 964 4790; baseline 0.011 -8"><span class='ocrx_word' id='word_1_629' title='bbox 168 4729 420 4790; x_wconf 86' lang='lat' dir='ltr'><strong>visorem.</strong></span> <span class='ocrx_word' id='word_1_630' title='bbox 962 4729 964 4731; x_wconf 58' lang='grc'><em>’</em></span> 
     </span>
    </p>
   </div>
   <div class='ocr_carea' id='block_1_96' title="bbox 236 4823 1761 4904">
    <p class='ocr_par' dir='ltr' id='par_1_96' title="bbox 236 4823 1761 4904">
     <span class='ocr_line' id='line_1_96' title="bbox 236 4823 1761 4904; baseline 0.004 -29"><span class='ocrx_word' id='word_1_631' title='bbox 236 4823 280 4875; x_wconf 85' lang='grc' dir='ltr'><strong>Α</strong></span> <span class='ocrx_word' id='word_1_632' title='bbox 308 4823 726 4904; x_wconf 62' lang='grc' dir='ltr'><strong>ριέξξῦρηάειδυῐη</strong></span> <span class='ocrx_word' id='word_1_633' title='bbox 757 4841 972 4897; x_wconf 89' lang='lat' dir='ltr'><strong>quoque</strong></span> <span class='ocrx_word' id='word_1_634' title='bbox 1001 4825 1254 4882; x_wconf 90' lang='lat' dir='ltr'><strong>violentis</strong></span> <span class='ocrx_word' id='word_1_635' title='bbox 1282 4825 1761 4899; x_wconf 90' lang='lat' dir='ltr'><strong>postulationibus,</strong></span> 
     </span>
    </p>
   </div>
   <div class='ocr_carea' id='block_1_97' title="bbox 169 4909 1764 4990">
    <p class='ocr_par' dir='ltr' id='par_1_97' title="bbox 169 4909 1764 4990">
     <span class='ocr_line' id='line_1_97' title="bbox 169 4909 1764 4990; baseline 0.006 -30"><span class='ocrx_word' id='word_1_636' title='bbox 169 4909 360 4976; x_wconf 89' lang='lat' dir='ltr'><strong>quibus</strong></span> <span class='ocrx_word' id='word_1_637' title='bbox 404 4914 551 4969; x_wconf 87' lang='lat' dir='ltr'><strong>velut</strong></span> <span class='ocrx_word' id='word_1_638' title='bbox 586 4913 909 4985; x_wconf 89' lang='lat' dir='ltr'><strong>importunis</strong></span> <span class='ocrx_word' id='word_1_639' title='bbox 965 4915 1257 4972; x_wconf 87' lang='lat' dir='ltr'><strong>milvorum</strong></span> <span class='ocrx_word' id='word_1_640' title='bbox 1313 4916 1589 4990; x_wconf 91' lang='lat' dir='ltr'><strong>unguibus</strong></span> <span class='ocrx_word' id='word_1_641' title='bbox 1637 4916 1764 4970; x_wconf 91' lang='lat' dir='ltr'><strong>uni-</strong></span> 
     </span>
    </p>
   </div>
   <div class='ocr_carea' id='block_1_98' title="bbox 172 5002 1767 5076">
    <p class='ocr_par' dir='ltr' id='par_1_98' title="bbox 172 5002 1767 5076">
     <span class='ocr_line' id='line_1_98' title="bbox 172 5002 1767 5076; baseline 0.006 -27"><span class='ocrx_word' id='word_1_642' title='bbox 172 5011 352 5053; x_wconf 89' lang='lat' dir='ltr'><strong>versas</strong></span> <span class='ocrx_word' id='word_1_643' title='bbox 382 5002 584 5072; x_wconf 91' lang='lat' dir='ltr'><strong>passim</strong></span> <span class='ocrx_word' id='word_1_644' title='bbox 614 5002 943 5058; x_wconf 86' lang='lat' dir='ltr'><strong>infestabant</strong></span> <span class='ocrx_word' id='word_1_645' title='bbox 999 5005 1284 5071; x_wconf 87' lang='lat' dir='ltr'><strong>ecclesias,</strong></span> <span class='ocrx_word' id='word_1_646' title='bbox 1337 5013 1390 5061; x_wconf 91' lang='lat' dir='ltr'><strong>et</strong></span> <span class='ocrx_word' id='word_1_647' title='bbox 1435 5004 1767 5076; x_wconf 89' lang='lat' dir='ltr'><strong>diripiebant</strong></span> 
     </span>
    </p>
   </div>
   <div class='ocr_carea' id='block_1_99' title="bbox 171 5089 1766 5164">
    <p class='ocr_par' dir='ltr' id='par_1_99' title="bbox 171 5089 1766 5164">
     <span class='ocr_line' id='line_1_99' title="bbox 171 5089 1766 5164; baseline 0.007 -28"><span class='ocrx_word' id='word_1_648' title='bbox 171 5098 280 5153; x_wconf 90' lang='lat' dir='ltr'><strong>eas,</strong></span> <span class='ocrx_word' id='word_1_649' title='bbox 313 5089 415 5146; x_wconf 92' lang='lat' dir='ltr'><strong>hac</strong></span> <span class='ocrx_word' id='word_1_650' title='bbox 443 5109 550 5148; x_wconf 88' lang='lat' dir='ltr'><strong>una</strong></span> <span class='ocrx_word' id='word_1_651' title='bbox 579 5091 793 5148; x_wconf 88' lang='lat' dir='ltr'><strong>interim</strong></span> <span class='ocrx_word' id='word_1_652' title='bbox 833 5092 1056 5164; x_wconf 89' lang='lat' dir='ltr'><strong>repulsa</strong></span> <span class='ocrx_word' id='word_1_653' title='bbox 1111 5094 1347 5150; x_wconf 90' lang='lat' dir='ltr'><strong>curiales</strong></span> <span class='ocrx_word' id='word_1_654' title='bbox 1407 5096 1766 5151; x_wconf 89' lang='lat' dir='ltr'><strong>vehementer</strong></span> 
     </span>
    </p>
   </div>
   <div class='ocr_carea' id='block_1_100' title="bbox 238 5265 1765 5338">
    <p class='ocr_par' dir='ltr' id='par_1_100' title="bbox 238 5265 1765 5338">
     <span class='ocr_line' id='line_1_100' title="bbox 238 5265 1765 5338; baseline -0.003 -11"><span class='ocrx_word' id='word_1_655' title='bbox 238 5265 378 5338; x_wconf 62' lang='grc'>(110)</span> <span class='ocrx_word' id='word_1_656' title='bbox 404 5272 528 5324; x_wconf 89' lang='lat' dir='ltr'><strong>Erat</strong></span> <span class='ocrx_word' id='word_1_657' title='bbox 551 5273 631 5324; x_wconf 88' lang='lat' dir='ltr'><strong>illa</strong></span> <span class='ocrx_word' id='word_1_658' title='bbox 655 5273 861 5324; x_wconf 82' lang='lat' dir='ltr'><strong>Hervela</strong></span> <span class='ocrx_word' id='word_1_659' title='bbox 909 5277 992 5325; x_wconf 87' lang='lat' dir='ltr'><strong>aut</strong></span> <span class='ocrx_word' id='word_1_660' title='bbox 1018 5274 1254 5333; x_wconf 84' lang='lat' dir='ltr'><strong>Harlotta,</strong></span> <span class='ocrx_word' id='word_1_661' title='bbox 1282 5274 1530 5338; x_wconf 80' lang='lat' dir='ltr'><strong>Pelliparii</strong></span> <span class='ocrx_word' id='word_1_662' title='bbox 1555 5273 1674 5333; x_wconf 85' lang='lat' dir='ltr'><strong>ﬁlia,</strong></span> <span class='ocrx_word' id='word_1_663' title='bbox 1703 5287 1765 5325; x_wconf 84' lang='lat' dir='ltr'><strong>ex</strong></span> 
     </span>
    </p>
   </div>
   <div class='ocr_carea' id='block_1_101' title="bbox 174 5335 1766 5405">
    <p class='ocr_par' dir='ltr' id='par_1_101' title="bbox 174 5335 1766 5405">
     <span class='ocr_line' id='line_1_101' title="bbox 174 5335 1766 5405; baseline 0.007 -24"><span class='ocrx_word' id='word_1_664' title='bbox 174 5341 262 5390; x_wconf 87' lang='lat' dir='ltr'><strong>qua</strong></span> <span class='ocrx_word' id='word_1_665' title='bbox 294 5335 532 5405; x_wconf 76' lang='lat' dir='ltr'><strong>Rohertus</strong></span> <span class='ocrx_word' id='word_1_666' title='bbox 553 5341 649 5391; x_wconf 85' lang='lat' dir='ltr'><strong>dux</strong></span> <span class='ocrx_word' id='word_1_667' title='bbox 692 5342 1056 5392; x_wconf 65' lang='lat' dir='ltr'><strong>Northmannize</strong></span> <span class='ocrx_word' id='word_1_668' title='bbox 1093 5342 1262 5405; x_wconf 76' lang='lat' dir='ltr'><strong>genuit</strong></span> <span class='ocrx_word' id='word_1_669' title='bbox 1284 5335 1602 5394; x_wconf 74' lang='lat' dir='ltr'><strong>Willielmum</strong></span> <span class='ocrx_word' id='word_1_670' title='bbox 1636 5343 1766 5392; x_wconf 62' lang='lat' dir='ltr'><strong>Con«</strong></span> 
     </span>
    </p>
   </div>
   <div class='ocr_carea' id='block_1_102' title="bbox 174 5404 1172 5473">
    <p class='ocr_par' dir='ltr' id='par_1_102' title="bbox 174 5404 1172 5473">
     <span class='ocr_line' id='line_1_102' title="bbox 174 5404 1172 5473; baseline 0 -15"><span class='ocrx_word' id='word_1_671' title='bbox 174 5404 458 5467; x_wconf 65' lang='lat' dir='ltr'><strong>fluestorem,</strong></span> <span class='ocrx_word' id='word_1_672' title='bbox 485 5408 683 5459; x_wconf 84' lang='lat' dir='ltr'><strong>Henrici</strong></span> <span class='ocrx_word' id='word_1_673' title='bbox 704 5409 745 5459; x_wconf 89' lang='lat' dir='ltr'><strong>ll</strong></span> <span class='ocrx_word' id='word_1_674' title='bbox 770 5409 898 5473; x_wconf 74' lang='lat' dir='ltr'><strong>regis</strong></span> <span class='ocrx_word' id='word_1_675' title='bbox 919 5404 1172 5472; x_wconf 85' lang='lat' dir='ltr'><strong>proavum.</strong></span> 
     </span>
    </p>
   </div>
   <div class='ocr_carea' id='block_1_103' title="bbox 222 5548 1763 5624">
    <p class='ocr_par' dir='ltr' id='par_1_103' title="bbox 222 5548 1763 5624">
     <span class='ocr_line' id='line_1_103' title="bbox 222 5548 1763 5624; baseline 0 -14"><span class='ocrx_word' id='word_1_676' title='bbox 222 5548 307 5624; x_wconf 59' lang='grc'>,(11</span> <span class='ocrx_word' id='word_1_677' title='bbox 314 5552 634 5624; x_wconf 58' lang='lat' dir='ltr'><strong>1)_Oppidum</strong></span> <span class='ocrx_word' id='word_1_678' title='bbox 659 5559 900 5612; x_wconf 81' lang='lat' dir='ltr'><strong>famosum</strong></span> <span class='ocrx_word' id='word_1_679' title='bbox 925 5560 1370 5611; x_wconf 84' lang='lat' dir='ltr'><strong>Northmannorum</strong></span> <span class='ocrx_word' id='word_1_680' title='bbox 1396 5571 1490 5610; x_wconf 79' lang='lat' dir='ltr'><strong>una</strong></span> <span class='ocrx_word' id='word_1_681' title='bbox 1516 5571 1626 5610; x_wconf 90' lang='lat' dir='ltr'><strong>cum</strong></span> <span class='ocrx_word' id='word_1_682' title='bbox 1651 5572 1763 5611; x_wconf 87' lang='lat' dir='ltr'><strong>arce</strong></span> 
     </span>
    </p>
   </div>
   <div class='ocr_carea' id='block_1_104' title="bbox 174 5611 1760 5694">
    <p class='ocr_par' dir='ltr' id='par_1_104' title="bbox 174 5611 1760 5694">
     <span class='ocr_line' id='line_1_104' title="bbox 174 5611 1760 5694; baseline 0.003 -22"><span class='ocrx_word' id='word_1_683' title='bbox 174 5611 706 5694; x_wconf 15' lang='lat' dir='ltr'><strong>filiiﬁlsfalaits&#39;edictum</strong></span> <span class='ocrx_word' id='word_1_684' title='bbox 737 5642 749 5677; x_wconf 92' lang='lat'>:</span> <span class='ocrx_word' id='word_1_685' title='bbox 779 5611 848 5678; x_wconf 89' lang='lat' dir='ltr'><strong>De</strong></span> <span class='ocrx_word' id='word_1_686' title='bbox 865 5640 959 5689; x_wconf 91' lang='lat' dir='ltr'><strong>quo</strong></span> <span class='ocrx_word' id='word_1_687' title='bbox 984 5627 1178 5691; x_wconf 89' lang='lat' dir='ltr'><strong>quidam</strong></span> <span class='ocrx_word' id='word_1_688' title='bbox 1202 5641 1215 5677; x_wconf 90' lang='lat'>:</span> <span class='ocrx_word' id='word_1_689' title='bbox 1244 5647 1266 5670; x_wconf 76' lang='grc' dir='ltr'><strong><em>α</em></strong></span> <span class='ocrx_word' id='word_1_690' title='bbox 1292 5627 1480 5678; x_wconf 76' lang='lat' dir='ltr'><strong>Falaise</strong></span> <span class='ocrx_word' id='word_1_691' title='bbox 1497 5639 1606 5694; x_wconf 88' lang='lat' dir='ltr'><strong>cum</strong></span> <span class='ocrx_word' id='word_1_692' title='bbox 1626 5639 1760 5694; x_wconf 82' lang='lat' dir='ltr'><strong>arce,</strong></span> 
     </span>
    </p>
   </div>
   <div class='ocr_carea' id='block_1_105' title="bbox 174 5686 1765 5758">
    <p class='ocr_par' dir='ltr' id='par_1_105' title="bbox 174 5686 1765 5758">
     <span class='ocr_line' id='line_1_105' title="bbox 174 5686 1765 5758; baseline 0.001 -18"><span class='ocrx_word' id='word_1_693' title='bbox 174 5686 332 5758; x_wconf 42' lang='lat' dir='ltr'><strong>Patria</strong></span> <span class='ocrx_word' id='word_1_694' title='bbox 348 5688 590 5758; x_wconf 81' lang='lat' dir='ltr'><strong>Guillelmi</strong></span> <span class='ocrx_word' id='word_1_695' title='bbox 630 5686 1238 5757; x_wconf 49' lang='lat' dir='ltr'><strong>Conquestorisfamhitur</strong></span> <span class='ocrx_word' id='word_1_696' title='bbox 1262 5694 1407 5746; x_wconf 84' lang='lat' dir='ltr'><strong>fossis</strong></span> <span class='ocrx_word' id='word_1_697' title='bbox 1447 5686 1765 5756; x_wconf 56' lang='lat' dir='ltr'><strong>profundissi;</strong></span> 
     </span>
    </p>
   </div>
   <div class='ocr_carea' id='block_1_106' title="bbox 174 5753 1087 5825">
    <p class='ocr_par' dir='ltr' id='par_1_106' title="bbox 174 5753 1087 5825">
     <span class='ocr_line' id='line_1_106' title="bbox 174 5753 1087 5825; baseline 0.019 -29"><span class='ocrx_word' id='word_1_698' title='bbox 174 5753 278 5811; x_wconf 83' lang='lat' dir='ltr'><strong>mis,</strong></span> <span class='ocrx_word' id='word_1_699' title='bbox 304 5753 580 5823; x_wconf 87' lang='lat' dir='ltr'><strong>duobusque</strong></span> <span class='ocrx_word' id='word_1_700' title='bbox 605 5753 817 5824; x_wconf 74' lang='lat' dir='ltr'><strong>cingitur</strong></span> <span class='ocrx_word' id='word_1_701' title='bbox 834 5753 1036 5825; x_wconf 80' lang='lat' dir='ltr'><strong>stagnis.</strong></span> <span class='ocrx_word' id='word_1_702' title='bbox 1067 5777 1087 5810; x_wconf 76' lang='grc' dir='ltr'>ι</span> 
     </span>
    </p>
   </div>
   <div class='ocr_carea' id='block_1_107' title="bbox 1867 4627 3464 4699">
    <p class='ocr_par' dir='ltr' id='par_1_107' title="bbox 1867 4627 3464 4699">
     <span class='ocr_line' id='line_1_107' title="bbox 1867 4627 3464 4699; baseline 0.003 -17"><span class='ocrx_word' id='word_1_703' title='bbox 1867 4628 2119 4699; x_wconf 86' lang='lat' dir='ltr'><strong>passibus</strong></span> <span class='ocrx_word' id='word_1_704' title='bbox 2147 4627 2318 4699; x_wconf 85' lang='lat' dir='ltr'><strong>aequis</strong></span> <span class='ocrx_word' id='word_1_705' title='bbox 2348 4627 2762 4698; x_wconf 86' lang='lat' dir='ltr'><strong>responderent.</strong></span> <span class='ocrx_word' id='word_1_706' title='bbox 2801 4651 2821 4675; x_wconf 88' lang='lat'>»</span> <span class='ocrx_word' id='word_1_707' title='bbox 2857 4627 3125 4683; x_wconf 61' lang='lat' dir='ltr'><strong>Praeerat</strong></span> <span class='ocrx_word' id='word_1_708' title='bbox 3140 4628 3286 4684; x_wconf 90' lang='lat' dir='ltr'><strong>enim</strong></span> <span class='ocrx_word' id='word_1_709' title='bbox 3309 4630 3464 4687; x_wconf 90' lang='lat' dir='ltr'><strong>scho-</strong></span> 
     </span>
    </p>
   </div>
   <div class='ocr_carea' id='block_1_108' title="bbox 1868 4715 3472 4788">
    <p class='ocr_par' dir='ltr' id='par_1_108' title="bbox 1868 4715 3472 4788">
     <span class='ocr_line' id='line_1_108' title="bbox 1868 4715 3472 4788; baseline 0.003 -18"><span class='ocrx_word' id='word_1_710' title='bbox 1868 4717 1934 4770; x_wconf 88' lang='lat' dir='ltr'><strong>lis</strong></span> <span class='ocrx_word' id='word_1_711' title='bbox 1967 4716 2368 4772; x_wconf 89' lang='lat' dir='ltr'><strong>Parisiensibus</strong></span> <span class='ocrx_word' id='word_1_712' title='bbox 2396 4732 2598 4787; x_wconf 81' lang='lat' dir='ltr'><strong>regens</strong></span> <span class='ocrx_word' id='word_1_713' title='bbox 2625 4723 2677 4770; x_wconf 93' lang='lat' dir='ltr'><strong>et</strong></span> <span class='ocrx_word' id='word_1_714' title='bbox 2707 4715 2826 4787; x_wconf 91' lang='lat' dir='ltr'><strong>ipse</strong></span> <span class='ocrx_word' id='word_1_715' title='bbox 2856 4716 3074 4772; x_wconf 90' lang='lat' dir='ltr'><strong>scholas</strong></span> <span class='ocrx_word' id='word_1_716' title='bbox 3121 4717 3292 4788; x_wconf 78' lang='grc'>(115),</span> <span class='ocrx_word' id='word_1_717' title='bbox 3325 4719 3472 4776; x_wconf 80' lang='lat' dir='ltr'><strong>cele-</strong></span> 
     </span>
    </p>
   </div>
   <div class='ocr_carea' id='block_1_109' title="bbox 1870 4805 3468 4878">
    <p class='ocr_par' dir='ltr' id='par_1_109' title="bbox 1870 4805 3468 4878">
     <span class='ocr_line' id='line_1_109' title="bbox 1870 4805 3468 4878; baseline 0.004 -19"><span class='ocrx_word' id='word_1_718' title='bbox 1870 4806 2022 4861; x_wconf 91' lang='lat' dir='ltr'><strong>hrior</strong></span> <span class='ocrx_word' id='word_1_719' title='bbox 2059 4814 2240 4860; x_wconf 91' lang='lat' dir='ltr'><strong>tamen</strong></span> <span class='ocrx_word' id='word_1_720' title='bbox 2284 4822 2350 4860; x_wconf 91' lang='lat' dir='ltr'><strong>eo</strong></span> <span class='ocrx_word' id='word_1_721' title='bbox 2397 4812 2640 4876; x_wconf 86' lang='lat' dir='ltr'><strong>tempore</strong></span> <span class='ocrx_word' id='word_1_722' title='bbox 2699 4805 2923 4861; x_wconf 88' lang='lat' dir='ltr'><strong>scientia</strong></span> <span class='ocrx_word' id='word_1_723' title='bbox 2971 4821 3133 4878; x_wconf 91' lang='lat' dir='ltr'><strong>quam</strong></span> <span class='ocrx_word' id='word_1_724' title='bbox 3163 4806 3468 4878; x_wconf 86' lang='lat' dir='ltr'><strong>disciplina.</strong></span> 
     </span>
    </p>
   </div>
   <div class='ocr_carea' id='block_1_110' title="bbox 1870 4893 3472 4966">
    <p class='ocr_par' dir='ltr' id='par_1_110' title="bbox 1870 4893 3472 4966">
     <span class='ocr_line' id='line_1_110' title="bbox 1870 4893 3472 4966; baseline 0.004 -17"><span class='ocrx_word' id='word_1_725' title='bbox 1870 4893 1974 4963; x_wconf 86' lang='lat' dir='ltr'><strong>Qui</strong></span> <span class='ocrx_word' id='word_1_726' title='bbox 2007 4909 2275 4966; x_wconf 90' lang='lat' dir='ltr'><strong>responso</strong></span> <span class='ocrx_word' id='word_1_727' title='bbox 2305 4894 2396 4949; x_wconf 93' lang='lat' dir='ltr'><strong>tali</strong></span> <span class='ocrx_word' id='word_1_728' title='bbox 2435 4901 2660 4966; x_wconf 91' lang='lat' dir='ltr'><strong>accepto</strong></span> <span class='ocrx_word' id='word_1_729' title='bbox 2715 4894 2952 4963; x_wconf 88' lang='lat' dir='ltr'><strong>erubuit,</strong></span> <span class='ocrx_word' id='word_1_730' title='bbox 2986 4911 3046 4951; x_wconf 92' lang='lat' dir='ltr'><strong>se</strong></span> <span class='ocrx_word' id='word_1_731' title='bbox 3075 4895 3240 4951; x_wconf 89' lang='lat' dir='ltr'><strong>nimis</strong></span> <span class='ocrx_word' id='word_1_732' title='bbox 3297 4896 3472 4955; x_wconf 90' lang='lat' dir='ltr'><strong>libere</strong></span> 
     </span>
    </p>
   </div>
   <div class='ocr_carea' id='block_1_111' title="bbox 1870 4983 3468 5057">
    <p class='ocr_par' dir='ltr' id='par_1_111' title="bbox 1870 4983 3468 5057">
     <span class='ocr_line' id='line_1_111' title="bbox 1870 4983 3468 5057; baseline 0.003 -19"><span class='ocrx_word' id='word_1_733' title='bbox 1870 4984 2179 5055; x_wconf 87' lang='lat' dir='ltr'><strong>protulisse,</strong></span> <span class='ocrx_word' id='word_1_734' title='bbox 2213 4983 2359 5057; x_wconf 92' lang='lat' dir='ltr'><strong>quod</strong></span> <span class='ocrx_word' id='word_1_735' title='bbox 2380 4983 2556 5039; x_wconf 90' lang='lat' dir='ltr'><strong>minus</strong></span> <span class='ocrx_word' id='word_1_736' title='bbox 2576 4984 2785 5040; x_wconf 91' lang='lat' dir='ltr'><strong>sincere</strong></span> <span class='ocrx_word' id='word_1_737' title='bbox 2816 4984 3130 5041; x_wconf 88' lang='lat' dir='ltr'><strong>involvebat</strong></span> <span class='ocrx_word' id='word_1_738' title='bbox 3144 4985 3200 5040; x_wconf 92' lang='lat' dir='ltr'><strong>in</strong></span> <span class='ocrx_word' id='word_1_739' title='bbox 3223 4992 3468 5057; x_wconf 90' lang='lat' dir='ltr'><strong>pectore,</strong></span> 
     </span>
    </p>
   </div>
   <div class='ocr_carea' id='block_1_112' title="bbox 1871 5072 3469 5147">
    <p class='ocr_par' dir='ltr' id='par_1_112' title="bbox 1871 5072 3469 5147">
     <span class='ocr_line' id='line_1_112' title="bbox 1871 5072 3469 5147; baseline 0.004 -21"><span class='ocrx_word' id='word_1_740' title='bbox 1871 5081 2128 5146; x_wconf 79' lang='lat' dir='ltr'><strong>expertus</strong></span> <span class='ocrx_word' id='word_1_741' title='bbox 2157 5073 2212 5130; x_wconf 92' lang='lat' dir='ltr'><strong>in</strong></span> <span class='ocrx_word' id='word_1_742' title='bbox 2241 5089 2303 5130; x_wconf 91' lang='lat' dir='ltr'><strong>se</strong></span> <span class='ocrx_word' id='word_1_743' title='bbox 2331 5072 2678 5131; x_wconf 90' lang='lat' dir='ltr'><strong>verissimum</strong></span> <span class='ocrx_word' id='word_1_744' title='bbox 2724 5089 2866 5142; x_wconf 89' lang='lat' dir='ltr'><strong>esse,</strong></span> <span class='ocrx_word' id='word_1_745' title='bbox 2899 5074 3045 5147; x_wconf 88' lang='lat' dir='ltr'><strong>quod</strong></span> <span class='ocrx_word' id='word_1_746' title='bbox 3100 5075 3170 5131; x_wconf 91' lang='lat' dir='ltr'><strong>de</strong></span> <span class='ocrx_word' id='word_1_747' title='bbox 3200 5075 3469 5133; x_wconf 84' lang='lat' dir='ltr'><strong>sinceris-</strong></span> 
     </span>
    </p>
   </div>
   <div class='ocr_carea' id='block_1_113' title="bbox 1907 5255 3471 5334">
    <p class='ocr_par' dir='ltr' id='par_1_113' title="bbox 1907 5255 3471 5334">
     <span class='ocr_line' id='line_1_113' title="bbox 1907 5255 3471 5334; baseline -0.006 -27"><span class='ocrx_word' id='word_1_748' title='bbox 1907 5255 2084 5334; x_wconf 33' lang='lat' dir='ltr'><strong>.‘(ll2)</strong></span> <span class='ocrx_word' id='word_1_749' title='bbox 2125 5256 2394 5308; x_wconf 85' lang='lat' dir='ltr'><strong>Galrridum</strong></span> <span class='ocrx_word' id='word_1_750' title='bbox 2422 5255 2651 5308; x_wconf 88' lang='lat' dir='ltr'><strong>videlicet</strong></span> <span class='ocrx_word' id='word_1_751' title='bbox 2673 5256 2734 5307; x_wconf 89' lang='lat' dir='ltr'><strong>de</strong></span> <span class='ocrx_word' id='word_1_752' title='bbox 2759 5268 2854 5319; x_wconf 82' lang='lat' dir='ltr'><strong>quo</strong></span> <span class='ocrx_word' id='word_1_753' title='bbox 2880 5259 3042 5308; x_wconf 89' lang='lat' dir='ltr'><strong>actum</strong></span> <span class='ocrx_word' id='word_1_754' title='bbox 3067 5256 3363 5320; x_wconf 61' lang='lat' dir='ltr'><strong>praecedenti</strong></span> <span class='ocrx_word' id='word_1_755' title='bbox 3388 5271 3471 5311; x_wconf 83' lang='lat' dir='ltr'><strong>ca.</strong></span> 
     </span>
    </p>
   </div>
   <div class='ocr_carea' id='block_1_114' title="bbox 1871 5328 3471 5456">
    <p class='ocr_par' dir='ltr' id='par_1_114' title="bbox 1871 5328 3471 5456">
     <span class='ocr_line' id='line_1_114' title="bbox 1871 5328 3471 5456; baseline 0.002 -14"><span class='ocrx_word' id='word_1_756' title='bbox 1871 5328 2083 5456; x_wconf 47' lang='lat' dir='ltr'><strong>plt€1.13)</strong></span> <span class='ocrx_word' id='word_1_757' title='bbox 2111 5393 2178 5442; x_wconf 83' lang='lat' dir='ltr'><strong>De</strong></span> <span class='ocrx_word' id='word_1_758' title='bbox 2202 5391 2459 5454; x_wconf 67' lang='lat' dir='ltr'><strong>praahenda</strong></span> <span class='ocrx_word' id='word_1_759' title='bbox 2484 5390 2626 5442; x_wconf 89' lang='lat' dir='ltr'><strong>alicui</strong></span> <span class='ocrx_word' id='word_1_760' title='bbox 2665 5391 2714 5441; x_wconf 91' lang='lat' dir='ltr'><strong>in</strong></span> <span class='ocrx_word' id='word_1_761' title='bbox 2741 5391 3069 5442; x_wconf 87' lang='lat' dir='ltr'><strong>Lincolniensi</strong></span> <span class='ocrx_word' id='word_1_762' title='bbox 3094 5391 3315 5443; x_wconf 86' lang='lat' dir='ltr'><strong>Ecclesia</strong></span> <span class='ocrx_word' id='word_1_763' title='bbox 3341 5405 3471 5445; x_wconf 87' lang='lat' dir='ltr'><strong>con-</strong></span> 
     </span>
    </p>
   </div>
   <div class='ocr_carea' id='block_1_115' title="bbox 1871 5457 3466 5524">
    <p class='ocr_par' dir='ltr' id='par_1_115' title="bbox 1871 5457 3466 5524">
     <span class='ocr_line' id='line_1_115' title="bbox 1871 5457 3466 5524; baseline 0.003 -14"><span class='ocrx_word' id='word_1_764' title='bbox 1871 5459 2107 5522; x_wconf 88' lang='lat' dir='ltr'><strong>cedenda,</strong></span> <span class='ocrx_word' id='word_1_765' title='bbox 2133 5464 2183 5509; x_wconf 89' lang='lat' dir='ltr'><strong>et</strong></span> <span class='ocrx_word' id='word_1_766' title='bbox 2201 5459 2262 5509; x_wconf 86' lang='lat' dir='ltr'><strong>ab</strong></span> <span class='ocrx_word' id='word_1_767' title='bbox 2287 5461 2488 5521; x_wconf 78' lang='lat' dir='ltr'><strong>Hugone</strong></span> <span class='ocrx_word' id='word_1_768' title='bbox 2531 5457 2691 5508; x_wconf 88' lang='lat' dir='ltr'><strong>eidem</strong></span> <span class='ocrx_word' id='word_1_769' title='bbox 2735 5470 2844 5521; x_wconf 86' lang='lat' dir='ltr'><strong>cap.</strong></span> <span class='ocrx_word' id='word_1_770' title='bbox 2871 5458 3182 5522; x_wconf 67' lang='lat' dir='ltr'><strong>praecedente</strong></span> <span class='ocrx_word' id='word_1_771' title='bbox 3203 5459 3466 5524; x_wconf 74' lang='lat' dir='ltr'><strong>denegata.</strong></span> 
     </span>
    </p>
   </div>
   <div class='ocr_carea' id='block_1_116' title="bbox 1941 5543 3470 5608">
    <p class='ocr_par' dir='ltr' id='par_1_116' title="bbox 1941 5543 3470 5608">
     <span class='ocr_line' id='line_1_116' title="bbox 1941 5543 3470 5608; baseline 0.003 -15"><span class='ocrx_word' id='word_1_772' title='bbox 1941 5543 2078 5608; x_wconf 71' lang='grc'>(114)</span> <span class='ocrx_word' id='word_1_773' title='bbox 2117 5545 2258 5595; x_wconf 77' lang='lat' dir='ltr'><strong>Anno</strong></span> <span class='ocrx_word' id='word_1_774' title='bbox 2286 5543 2415 5594; x_wconf 75' lang='grc'><strong>1200</strong></span> <span class='ocrx_word' id='word_1_775' title='bbox 2441 5554 2537 5605; x_wconf 90' lang='lat' dir='ltr'><strong>quo</strong></span> <span class='ocrx_word' id='word_1_776' title='bbox 2559 5543 2696 5606; x_wconf 77' lang='lat' dir='ltr'><strong>Hugo</strong></span> <span class='ocrx_word' id='word_1_777' title='bbox 2718 5553 2814 5594; x_wconf 85' lang='lat' dir='ltr'><strong>una</strong></span> <span class='ocrx_word' id='word_1_778' title='bbox 2838 5556 2950 5595; x_wconf 87' lang='lat' dir='ltr'><strong>cum</strong></span> <span class='ocrx_word' id='word_1_779' title='bbox 2972 5546 3168 5596; x_wconf 87' lang='lat' dir='ltr'><strong>auctore</strong></span> <span class='ocrx_word' id='word_1_780' title='bbox 3209 5545 3333 5597; x_wconf 67' lang='lat' dir='ltr'><strong>Vitae</strong></span> <span class='ocrx_word' id='word_1_781' title='bbox 3369 5547 3470 5598; x_wconf 82' lang='lat' dir='ltr'><strong>Pa-</strong></span> 
     </span>
    </p>
   </div>
   <div class='ocr_carea' id='block_1_117' title="bbox 1874 5610 2920 5673">
    <p class='ocr_par' dir='ltr' id='par_1_117' title="bbox 1874 5610 2920 5673">
     <span class='ocr_line' id='line_1_117' title="bbox 1874 5610 2920 5673; baseline 0 -11"><span class='ocrx_word' id='word_1_782' title='bbox 1874 5611 2002 5662; x_wconf 90' lang='lat' dir='ltr'><strong>risiis</strong></span> <span class='ocrx_word' id='word_1_783' title='bbox 2037 5611 2148 5673; x_wconf 81' lang='lat' dir='ltr'><strong>fuit,</strong></span> <span class='ocrx_word' id='word_1_784' title='bbox 2168 5612 2240 5662; x_wconf 85' lang='lat' dir='ltr'><strong>uti</strong></span> <span class='ocrx_word' id='word_1_785' title='bbox 2265 5613 2456 5661; x_wconf 84' lang='lat' dir='ltr'><strong>constat</strong></span> <span class='ocrx_word' id='word_1_786' title='bbox 2481 5622 2545 5660; x_wconf 81' lang='lat' dir='ltr'><strong>ex</strong></span> <span class='ocrx_word' id='word_1_787' title='bbox 2569 5610 2655 5660; x_wconf 90' lang='lat' dir='ltr'><strong>lib.</strong></span> <span class='ocrx_word' id='word_1_788' title='bbox 2682 5623 2735 5673; x_wconf 92' lang='lat' dir='ltr'><strong>v,</strong></span> <span class='ocrx_word' id='word_1_789' title='bbox 2760 5622 2807 5660; x_wconf 92' lang='lat' dir='ltr'><strong>c.</strong></span> <span class='ocrx_word' id='word_1_790' title='bbox 2838 5611 2920 5662; x_wconf 85' lang='grc'><strong>19.</strong></span> 
     </span>
    </p>
   </div>
   <div class='ocr_carea' id='block_1_118' title="bbox 1941 5693 3468 5760">
    <p class='ocr_par' dir='ltr' id='par_1_118' title="bbox 1941 5693 3468 5760">
     <span class='ocr_line' id='line_1_118' title="bbox 1941 5693 3468 5760; baseline 0.003 -15"><span class='ocrx_word' id='word_1_791' title='bbox 1941 5693 2081 5760; x_wconf 74' lang='grc'>(113)</span> <span class='ocrx_word' id='word_1_792' title='bbox 2141 5695 2260 5758; x_wconf 85' lang='lat' dir='ltr'><strong>Quis</strong></span> <span class='ocrx_word' id='word_1_793' title='bbox 2305 5707 2364 5745; x_wconf 89' lang='lat' dir='ltr'><strong>eo</strong></span> <span class='ocrx_word' id='word_1_794' title='bbox 2404 5707 2531 5747; x_wconf 89' lang='lat' dir='ltr'><strong>anno</strong></span> <span class='ocrx_word' id='word_1_795' title='bbox 2576 5695 2835 5760; x_wconf 64' lang='lat' dir='ltr'><strong>praefuerit</strong></span> <span class='ocrx_word' id='word_1_796' title='bbox 2879 5696 3063 5750; x_wconf 84' lang='lat' dir='ltr'><strong>scholis</strong></span> <span class='ocrx_word' id='word_1_797' title='bbox 3108 5696 3468 5752; x_wconf 82' lang='lat' dir='ltr'><strong>Parisiensibus</strong></span> 
     </span>
    </p>
   </div>
   <div class='ocr_carea' id='block_1_119' title="bbox 1873 5762 2440 5816">
    <p class='ocr_par' dir='ltr' id='par_1_119' title="bbox 1873 5762 2440 5816">
     <span class='ocr_line' id='line_1_119' title="bbox 1873 5762 2440 5816; baseline -0.004 -1"><span class='ocrx_word' id='word_1_798' title='bbox 1873 5763 2100 5816; x_wconf 89' lang='lat' dir='ltr'><strong>noverint</strong></span> <span class='ocrx_word' id='word_1_799' title='bbox 2123 5762 2440 5816; x_wconf 88' lang='lat' dir='ltr'><strong>Parisienses.</strong></span> 
     </span>
    </p>
   </div>
  </div>
