3938 6400
494 297 596 348 999

492 419 631 476 sima
650 417 895 475 libertate
925 418 1082 489 hujus
1112 419 1214 475 viri
1243 435 1354 476 non
1395 422 1565 479 semel
1603 423 1658 478 in
1686 425 1865 496 patria
1895 441 1995 481 sua
2029 443 2087 482 se
2107 426 2162 487 A

493 507 740 565 meminit
783 507 1076 563 audivisse.
1129 500 1411 566 Recedens
1459 519 1640 567 autem
1670 513 1739 568 ab
1796 529 1882 581 eo,
1932 515 2090 570 casti-

489 597 794 670 gatioribus
814 597 883 654 de
913 604 1107 654 cetero
1137 598 1383 654 moribus
1412 599 1669 656 institisse
1723 601 1908 658 fertur.

561 686 818 743 Homines
862 701 995 743 vero
1047 687 1212 759 quieti
1261 687 1479 759 spiritus
1537 698 1590 752 et
1659 691 1840 762 pudici
1885 692 2088 748 arctius

489 775 748 848 diligebat
777 775 938 848 Hugo
975 791 987 830 :
1024 791 1128 832 nec
1149 776 1286 832 alios
1309 793 1408 834 suo
1435 778 1504 833 de
1563 787 1710 834 certa
1756 781 2088 836 conscientia

487 865 644 937 gregi
669 864 1012 938 aliquatenus
1043 865 1304 934 sociabat,
1337 866 1671 938 quantalibet
1701 868 1965 924 industria
1993 878 2088 924 aut

488 954 860 1026 cujuscunque
889 953 1208 1010 litteraturae
1235 956 1596 1028 praerogativa
1619 956 1938 1012 eminerent.
1989 958 2085 1012 Ni-

485 1043 562 1098 hil
588 1049 770 1100 autem
801 1043 954 1114 pacis
982 1043 1128 1099 bono
1166 1043 1222 1098 in
1248 1045 1353 1100 hac
1383 1044 1494 1100 vita
1537 1045 1752 1101 dicebat
1779 1046 2083 1118 praeferen-

484 1131 633 1202 dum,
669 1140 722 1188 et
751 1131 887 1194 nihil
915 1131 1198 1187 seditionis
1229 1139 1282 1188 et
1311 1133 1636 1188 turbationis
1665 1143 1818 1204 peste
1849 1134 2083 1206 amplius

484 1219 804 1294 fugiendum
830 1239 845 1288 ;
872 1221 1105 1292 ideoque
1122 1220 1394 1277 vitandam
1417 1222 1744 1278 omnimodis
1767 1224 2083 1279 societatem

481 1309 590 1365 alio
621 1309 814 1381 spiritu
843 1309 915 1366 ad
945 1309 1236 1366 schismata
1265 1310 1653 1381 anhelantium,
1689 1321 1740 1366 et
1778 1313 2083 1368 discordias

482 1399 625 1455 inter
652 1399 848 1455 fratres
877 1398 1281 1466 seminantium,
1306 1399 1656 1455 admonebat.
1689 1401 1941 1456 Monebat
1962 1401 2082 1473 qui-

480 1488 606 1544 dem
635 1487 1008 1545 indiﬂ'erenter
1038 1488 1332 1560 quoslibet,
1365 1497 1417 1542 et
1437 1488 1812 1544 indesinenter
1825 1491 2081 1560 prmlatos

478 1576 700 1633 unitatis
730 1584 784 1634 et
830 1576 1138 1633 concordiae
1168 1576 1444 1633 vinculum
1500 1593 1620 1632 cum
1651 1578 1764 1632 suis
1816 1579 2079 1648 subjectis

477 1664 867 1723 inviolabiliter
895 1665 1146 1732 retinere,
1171 1665 1366 1721 suimet
1394 1664 1501 1721 illis
1533 1666 1842 1738 exemplum
1873 1683 2077 1739 propo-

476 1771 634 1811 nens.
674 1754 870 1811 Aiebat
899 1769 1134 1826 namque
1171 1771 1184 1808 :
1221 1776 1243 1800 «
1280 1753 1420 1822 Quia
1449 1755 1596 1820 novi,
1656 1772 1742 1810 me
1771 1772 1895 1812 cum
1951 1756 2147 1845 ﬁliisB

476 1843 680 1899 nostris
709 1843 911 1898 bonum
940 1843 1095 1914 pacis
1123 1849 1177 1898 et
1206 1841 1427 1898 unitatis
1456 1843 1699 1899 tenacius
1725 1844 2023 1902 observare
2057 1865 2072 1914 ;

474 1946 585 1987 non
607 1945 818 2004 regem,
851 1946 963 1986 non
993 1929 1290 2001 quemlibet
1345 1930 1643 1986 timendum
1674 1931 1806 1986 mihi
1863 1933 2073 1990 aestimo

475 2019 782 2075 mortalem.
818 2018 928 2076 Sed
953 2034 1130 2090 neque
1185 2018 1455 2074 internam
1497 2019 1667 2090 perdo
1725 2021 2072 2079 securitatem

473 2123 593 2180 quae
612 2107 960 2179 sempiterna:
975 2106 1233 2162 imitatrix
1263 2114 1317 2162 et
1335 2107 1689 2178 prmparatrix
1711 2108 1896 2164 existit
1925 2117 2071 2166 tran-

472 2195 772 2268 quillitatis.
804 2195 921 2252 Nec
949 2211 1097 2264 vero,
1129 2194 1320 2266 inquit,
1352 2195 1555 2252 idcirco
1584 2196 1717 2251 mihi
1748 2212 1782 2252 a
1835 2199 2070 2254 dominis

470 2284 671 2341 nostris
701 2284 803 2354 (sic
833 2283 977 2340 enim
1023 2299 1153 2339 suos
1178 2284 1471 2340 canonicos
1512 2286 1880 2357 nuncupabat)
1913 2287 2068 2359 quies

467 2375 585 2431 haec
613 2373 852 2430 defertur
879 2373 1044 2430 totius
1071 2373 1268 2446 ignara
1309 2373 1540 2442 dissidii,
1576 2375 1698 2446 quia
1758 2375 1936 2431 lenem
1978 2393 2066 2432 me

469 2462 709 2520 sentiunt
737 2470 791 2520 et
828 2469 1196 2519 mansuetum.
1257 2461 1386 2518 Sum
1439 2464 1583 2520 enim
1631 2480 1822 2521 revera
1877 2465 2066 2536 pipere

467 2552 713 2625 asperior
740 2560 901 2624 atque
931 2551 1238 2609 mordacior
1271 2567 1282 2606 :
1322 2552 1416 2624 qui
1445 2561 1498 2608 et
1528 2567 1717 2609 eorum
1759 2553 2064 2624 praesidens

465 2641 702 2714 capitulo
734 2657 800 2698 ex
838 2658 900 2698 re
928 2641 1245 2714 frequenter
1270 2641 1549 2698 levissima
1575 2642 1737 2698 nimis
1753 2643 2063 2699 inﬂammor

463 2731 532 2786 ad
561 2729 721 2787 iram.
754 2730 835 2786 Illi
863 2746 991 2786 vero
1023 2731 1260 2787 scientes
1288 2731 1415 2803 quia
1427 2738 1675 2802 oporteat
1704 2747 1820 2798 eos,
1845 2731 2062 2804 qualem

460 2827 817 2892 susceperunt
847 2820 1013 2875 talem
1041 2829 1092 2876 et
1121 2836 1210 2876 me
1253 2820 1541 2888 sustinere,
1594 2820 1796 2876 faciunt
1840 2821 1908 2876 de
1957 2836 2059 2878 ne-

462 2908 716 2964 cessitate
745 2908 1018 2977 virtutem,
1052 2908 1363 2964 deferentes
1391 2909 1544 2964 mihi.
1579 2909 1802 2964 Gratias
1834 2908 1942 2964 illis
1970 2910 2064 2964 ha-

461 2996 566 3054 beo
585 2997 855 3069 copiosas.
903 2995 1161 3068 Nunquid
1199 2996 1345 3051 enim
1399 2996 1486 3053 vel
1541 3013 1800 3053 sermone
1846 2997 1900 3052 in
1948 3013 2056 3055 uno

462 3085 684 3156 quidem
712 3085 1027 3140 restiterunt
1054 3084 1206 3154 mihi,
1237 3100 1304 3140 ex
1352 3101 1460 3157 quo
1491 3086 1729 3157 primum
1760 3086 1902 3142 inter
1959 3103 2055 3143 eos

460 3173 704 3230 residere
733 3173 876 3246 coepi
895 3175 923 3229 ?
941 3173 1366 3245 Egredientibus
1383 3181 1567 3230 autem
1587 3175 1858 3231 universis
1907 3176 2056 3232 linito

458 3261 696 3334 capitulo
720 3262 920 3329 nullus,
951 3271 1011 3318 ut
1039 3262 1298 3330 arbitror,
1333 3263 1400 3319 de
1457 3271 1646 3320 nostra
1692 3265 1794 3320 sibi
1823 3265 2056 3322 aestimat

459 3351 752 3408 dilectione
781 3350 1156 3418 difﬁdendum,
1206 3368 1307 3409 nec
1331 3351 1451 3425 ipse
1477 3368 1565 3409 me
1593 3353 1842 3410 existimo
1871 3369 1903 3410 a
1929 3370 2056 3426 quo-

454 3440 537 3496 vis
567 3456 756 3496 eorum
784 3456 893 3496 non
930 3441 1123 3496 amari.
1174 3465 1196 3491 ι»

525 3529 671 3585 Talis
699 3545 831 3587 vero
851 3545 917 3587 ac
946 3538 1128 3586 tantus
1155 3531 1205 3586 ei
1236 3530 1544 3587 dilectionis
1573 3530 1798 3588 allectus
1837 3532 1907 3588 ad
1938 3533 2052 3588 sin-

451 3618 613 3691 gulos
642 3619 901 3676 nimirum
930 3635 1041 3677 suae
1069 3619 1335 3676 Ecclesiae
1362 3619 1504 3676 filios
1533 3621 1602 3675 ab
1659 3621 1884 3678 exordio
1913 3637 2048 3692 pro-

451 3708 704 3765 motionis
731 3725 845 3764 suae
874 3724 1048 3780 usque
1078 3709 1145 3764 ad
1177 3716 1480 3765 extremum
1509 3710 1633 3766 vitae
1658 3709 1829 3780 ipsius
1860 3726 2049 3781 perse-

450 3796 660 3852 veravit
687 3797 852 3863 diem,
876 3804 937 3852 ut.
963 3797 1108 3853 illius
1130 3797 1410 3853 evidenter
1439 3813 1500 3853 se
1530 3798 1788 3870 probaret
1813 3798 2047 3852 imitato-

450 3900 569 3941 rem
596 3900 741 3953 esse,
787 3885 858 3942 de
887 3901 994 3957 quo
1050 3887 1388 3958 evangelista
1450 3888 1688 3942 Joannes
1749 3887 2047 3944 venerabili

447 3971 731 4044 profitetur
759 3973 1098 4030 assertione:
1126 3997 1148 4022 ι
1177 3975 1313 4030 Cum
1342 3973 1762 4030 dilexissetsuos
1785 3976 2047 4048 quierant

445 4060 502 4116 in
531 4061 756 4129 mundo,
790 4062 846 4128 in
875 4061 1039 4119 finem
1068 4063 1256 4119 dilexit
1274 4079 1370 4119 eos
1400 4065 1564 4136 (Joan
1586 4080 1709 4131 xui,
1744 4066 1817 4132 1).
1850 4090 1871 4112 n
1899 4064 2046 4133 Quo-

448 4165 572 4206 rum
592 4150 756 4206 etiam
785 4151 839 4206 in
872 4151 1156 4208 tuitionem
1192 4168 1249 4209 se
1302 4153 1586 4221 objiciens,
1620 4153 1666 4207 si
1726 4154 1945 4224 quando
1976 4169 2042 4208 ex

1380 297 1434 350 S.
1478 297 1792 354 llUGONIS
1831 299 2048 355 EPlSC.
2091 300 2413 358 LINCOLN.
2458 303 2620 360 0RD.
2665 304 2918 361 CARTH.

3654 315 3787 366 1000

2264 445 2432 510 quam
2461 431 2939 510 cjus__successori,
2972 430 3327 510 capellarum
3357 435 3780 510 constructioni

2263 501 2526 572 insistere
2558 501 2908 566 dissuaserit,
2945 516 3019 555 ex
3049 517 3158 572 qua
3197 502 3356 556 inter
3383 503 3528 572 ipsos
3557 507 3615 558 ct
3655 521 3784 560 suos

2260 571 2563 627 monachos
2613 571 3068 627 Cantuaricnses’
3117 571 3451 642 gravissima
3509 573 3785 632 discordia

2260 645 2463 697 exorta
2491 643 2625 713 fuit,
2650 645 2807 698 inter
2834 659 2966 714 quos
2984 658 3182 714 pacem
3214 646 3566 714 reformavit.

2261 785 2368 840 Pim
2397 801 2528 840 vero
2559 785 2954 841 recordationis
2982 786 3311 853 Baldewino,
3363 786 3783 845 Cantuariorum

2187 873 2617 945 archiepiscopo,
2651 874 3010 946 quorumdam
3037 874 3293 931 instinctu
3309 874 3600 932 ecclesiam
3629 878 3778 949 (116)

2185 977 2283 1017 seu
2339 963 2606 1033 capellam
2663 963 2720 1017 in
2774 964 3039 1018 honorem
3097 963 3318 1034 pretiosi
3365 967 3781 1036 protomartyris

2185 1050 2464 1120 Stephani,
2501 1059 2556 1105 et
2582 1051 2769 1122 inclyti
2799 1051 3162 1122 neomartyris
3189 1051 3492 1124 Anglorum
3535 1054 3775 1119 Thomas,

2182 1138 2235 1192 in
2259 1139 2534 1194 territorio
2566 1139 2798 1195 civitatis
2820 1157 2933 1196 sum
2977 1149 3296 1196 construere
3326 1141 3620 1211 festinanti,
3653 1159 3778 1198 cum

2182 1228 2435 1283 monachi
2467 1229 2798 1284 cathedralis
2829 1229 3073 1285 ecclesiae
3114 1230 3488 1284 vehementius
3544 1231 3778 1286 obsisteo

2182 1325 2320 1382 rent,
2357 1332 2496 1386 opus
2530 1317 2663 1371 illud
2720 1317 2775 1372 in
2831 1334 2990 1373 suum
3038 1326 3346 1374 asserentes
3405 1319 3779 1388 prmjudicium

2180 1406 2454 1471 attentari,
2504 1404 2898 1461 Lincolniensis
2956 1407 3135 1479 Hugo,
3197 1406 3342 1478 quod
3390 1406 3470 1461 rei
3525 1408 3781 1478 probavit

2179 1501 2426 1561 eventus,
2475 1509 2639 1564 super
2693 1494 2889 1550 eodem
2945 1494 3013 1548 ab
3075 1494 3166 1550 illo
3209 1494 3490 1550 consultus
3527 1496 3773 1569 negotio,

2178 1581 2482 1636 certissimo
2503 1582 2754 1652 prmdixit
2793 1582 3020 1638 oraculo
3054 1597 3066 1636 :
3096 1603 3118 1634 ‹
3154 1583 3209 1638 Si
3257 1575 3399 1638 inter
3427 1599 3542 1651 vos,
3575 1583 3770 1656 inquit,

2175 1669 2394 1725 domine
2423 1669 2856 1742 archiepiscope,
2890 1679 2942 1726 et
2959 1671 3250 1741 capitulum
3293 1681 3550 1736 vestrum,
3611 1671 3774 1742 hujus

2177 1757 2362 1828 Operis
2393 1773 2561 1813 causa
2600 1759 2858 1825 schisma,
2894 1760 3040 1830 quod
3074 1775 3183 1814 non
3229 1759 3465 1830 expedit,
3492 1759 3776 1832 contingat

2177 1841 2431 1908 suboriri,
2463 1850 2516 1897 et
2557 1841 2860 1913 disciplina
2918 1843 3074 1914 vigor
3127 1843 3182 1898 in
3251 1851 3518 1899 conventu
3587 1851 3773 1901 vestro

2173 1937 2526 1996 emarccsset,
2559 1939 2613 1987 et
2667 1931 2876 1986 ordinis
2928 1946 3158 1986 censura
3216 1931 3584 1988 imminuetur.
3631 1933 3775 1989 Hinc

2172 2026 2373 2090 quanta
2403 2034 2730 2074 successura
2758 2020 2865 2073 sint
2893 2019 3138 2089 pericula
3187 2019 3512 2088 animarum,
3563 2021 3771 2076 nullius

2169 2106 2458 2162 aestimatio
2488 2106 2714 2163 sufﬁciet
2746 2107 3063 2178 prmmetiri.
3123 2108 3232 2162 Vos
3279 2116 3546 2179 praeterea
3598 2109 3773 2180 regia:

2170 2204 2409 2250 vestram
2439 2195 2711 2266 oportebit
2748 2195 3121 2250 auctoritatem
3177 2197 3529 2252 substernere
3589 2198 3773 2253 servi-

2167 2283 2284 2341 tuti.
2311 2284 2487 2340 Curize
2517 2283 2742 2356 insuper
2774 2284 3050 2350 Romanae,
3079 2301 3179 2340 nec
3210 2301 3316 2340 non
3336 2294 3386 2340 et
3402 2285 3771 2356 plurimorum

2166 2382 2218 2428 et
2249 2373 2580 2429 sublimitate
2619 2372 3032 2428 consistentium
3077 2374 3392 2445 variamque
3447 2374 3771 2430 habentium

2165 2470 2486 2533 potestatem
2519 2460 2870 2530 subjacebitis
2898 2461 3056 2516 fastui
3085 2477 3151 2517 ac
3181 2462 3382 2529 timori,
3413 2463 3583 2534 ipsius
3621 2480 3770 2535 quo-

2165 2567 2270 2621 que
2301 2551 2499 2606 summi
2529 2549 2820 2622 pontiﬁcis,
2856 2552 2988 2607 hora
3018 2551 3164 2606 omni
3189 2559 3240 2606 et
3287 2559 3533 2622 tempore
3588 2553 3764 2621 omni,

2163 2648 2344 2695 motus
2372 2655 2599 2695 necesse
2617 2639 2719 2694 erit
2747 2639 3069 2710 animosque
3098 2640 3296 2700 vereri.
3331 2641 3453 2711 Ipse
3495 2648 3604 2695 tam
3634 2656 3769 2698 con-

2162 2737 2431 2784 summato
2462 2744 2622 2800 quam
2655 2745 2823 2799 Opere
2849 2730 2953 2784 isto
2984 2729 3237 2785 inchoato
3281 2729 3528 2784 demoliri
3556 2729 3765 2801 praeci-

2160 2817 2290 2888 piet,
2349 2817 2609 2890 quidquid
2657 2817 2876 2873 demum
2933 2817 3253 2889 cognoverit
3315 2817 3763 2889 przejudicialiter

2160 2906 2438 2962 actitatum
2451 2947 2464 2961 .
2502 2930 2522 2954 ιν

2225 2994 2471 3066 Cumque
2500 2995 2704 3051 diceret
2733 2994 3176 3066 archiepiscopus
3195 3004 3445 3052 sanctum
3487 2996 3762 3052 Thomam

2156 3083 2315 3152 hujus
2344 3082 2566 3138 fabricae
2593 3083 2649 3138 in
2679 3084 2887 3140 honore
2917 3084 3088 3139 sancti
3119 3083 3295 3140 levitae
3318 3084 3578 3155 Stephani
3597 3085 3760 3140 insti-

2155 3171 2367 3226 tuenda:
2388 3171 2628 3242 gessisse
2658 3172 3017 3244 propositum,
3060 3172 3193 3227 satis
3223 3172 3294 3228 ad
3323 3174 3425 3230 hoc
3467 3172 3759 3246 eleganter

2155 3260 2436 3331 respondit
2465 3260 2754 3331 episcopus
2788 3279 2799 3314 :
2837 3284 2857 3308 ιι
2895 3260 3144 3324 sufficiat,
3169 3261 3552 3332 inquiens,vos
3583 3261 3755 3317 simili

2148 3349 2263 3418 jam
2291 3349 2573 3420 proposito
2602 3349 2828 3421 martyri
2857 3349 3222 3421 adaequatum.
3254 3349 3309 3404 Si
3375 3366 3554 3406 meam
3586 3350 3758 3407 vultis

2153 3437 2341 3494 audire
2368 3437 2714 3510 imperitiam,
2739 3436 2963 3492 ulterius
2995 3453 3060 3493 eo
3091 3437 3312 3494 minime
3352 3438 3680 3509 procedetis.
3722 3459 3750 3488 ι

2153 3527 2355 3582 Verum
2385 3526 2480 3582 illo
2509 3526 2742 3582 aliorum
2779 3526 2960 3598 potius
2997 3527 3238 3582 consiliis
3289 3527 3551 3584 innitente
3595 3543 3756 3583 men-

2150 3615 2325 3688 tisque
2353 3615 2694 3687 propositum
2738 3615 2794 3670 in
2844 3615 3028 3687 operis
3072 3614 3323 3672 effectum
3386 3624 3744 3689 perurgente,

2149 3704 2369 3760 tandem
2417 3714 2674 3776 expertus
2729 3703 2946 3771 didicit,
3007 3721 3168 3776 quam
3226 3721 3415 3760 verum
3463 3705 3549 3774 sit,
3599 3705 3751 3777 quod

2150 3793 2432 3863 Scriptura
2465 3793 2597 3848 dicit
2630 3809 2644 3847 :
2685 3816 2704 3839 α
2740 3792 2932 3848 Anima
2960 3793 3062 3848 viri
3092 3793 3266 3849 sancti
3297 3793 3474 3864 magis
3503 3793 3748 3849 enuntiat

2146 3881 2437 3952 aliquando
2461 3897 2608 3948 vera,
2629 3895 2791 3952 quam
2815 3889 3024 3951 septem
3044 3881 3526 3953 circunispectores
3548 3882 3754 3938 seden-

2146 3978 2228 4024 tes
2258 3971 2313 4024 in
2345 3970 2564 4026 excelso
2596 3969 2666 4025 ad
2698 3970 3084 4040 speculandum
3116 3971 3551 4040 (Eccli.xxxvn,
3579 3972 3685 4042 l8).
3717 3996 3740 4020 η

2122 4059 2284 4113 'Nam
2334 4058 2619 4123 malorum,
2663 4075 2783 4130 quae
2822 4059 3002 4126 justus
3050 4059 3395 4130 praedixerat,
3445 4075 3514 4114 ne
3572 4075 3743 4114 unum

2145 4147 2364 4218 quidem
2407 4147 2666 4218 praeteriit
2723 4146 3073 4218 inexpletum.
3127 4147 3405 4203 Structura
3461 4163 3592 4204 vero
3645 4147 3755 4223 illa,

445 4239 525 4294 eis
553 4239 865 4311 quempiam
891 4241 1226 4311 gravandum
1250 4256 1572 4312 quocunque
1602 4241 1825 4297 incursu
1864 4257 2040 4312 agno-
2137 4236 2296 4304 jussu
2315 4235 2530 4291 Domini
2551 4250 2706 4306 papae
2729 4234 2970 4291 funditus
2987 4236 3262 4291 eliminata
3285 4244 3366 4292 est
3385 4243 3436 4292 et
3457 4235 3736 4301 demolita,

443 4327 628 4394 visset,
663 4343 773 4382 non
800 4329 964 4384 modo
992 4328 1153 4394 facto,
1177 4328 1288 4384 imo
1318 4338 1370 4384 et
1397 4345 1673 4396 sermone,
1697 4329 1882 4386 dicere
1912 4345 2043 4385 con-

442 4425 737 4472 sueverat:
774 4437 796 4467 c
837 4417 942 4485 Qui
973 4418 1141 4490 tangit
1189 4433 1323 4483 vos,
1369 4419 1538 4491 tangit
1586 4417 1848 4489 pupillam
1896 4418 2040 4474 oculi

441 4505 550 4561 mei
581 4507 774 4578 (Zach.
807 4521 865 4574 it,
899 4508 972 4577 8).
1013 4531 1034 4554 ιι

1052 4641 1276 4697 CAPUT
1316 4642 1412 4696 XI.

446 4766 700 4834 Qualiter
727 4769 846 4822 tam
866 4765 1188 4822 Baldewino
1210 4765 1590 4821 Cantuarcnsi
1621 4767 2032 4837 archicpicopo,

508 4944 553 5003 (l
577 4943 649 5006 t6)
675 4943 744 4992 De
768 4945 861 4995 hac
888 4941 1120 4994 Baronius
1145 4941 1208 4991 ad
1246 4954 1427 4994 annum
1466 4941 1593 4992 1186
1620 4954 1631 4985 :
1669 4958 1688 4990 α
1714 4942 2033 4992 Prmsentium

437 5008 530 5060 tibi
545 5012 876 5060 auctoritates
913 5009 1084 5072 (verba
1131 5013 1244 5058 sunt
1281 5008 1462 5058 Urbani
1488 5022 1623 5071 papa;
1663 5009 1743 5069 Ill)
1786 5025 1804 5053 ε
1829 5008 2033 5058 manda-

439 5088 546 5126 mus
559 5081 611 5126 ut
629 5077 773 5128 liceat
787 5077 874 5128 tibi
897 5077 1152 5126 ecclesiam
1168 5075 1217 5123 in
1232 5077 1467 5126 honorem
1485 5076 1738 5126 beatorum
1763 5079 2031 5134 martyrum

435 5143 676 5206 Stephani
699 5147 749 5194 et
771 5145 975 5193 'I‘homte
1019 5146 1320 5201 construere,
1348 5147 1446 5191 etc.
1480 5163 1500 5184 ι
1548 5143 1746 5204 Verum,
1788 5144 1843 5191 ut
1886 5141 2034 5192 habet

433 5209 680 5260 Trivettus
704 5210 766 5261 ad
788 5222 970 5260 annum
998 5209 1145 5268 1187,
1187 5227 1207 5250 α
1230 5208 1533 5259 Baldewinus
1558 5208 1924 5259 Cantuariensis
1945 5220 2031 5269 per

433 5275 622 5327 litteras
647 5277 935 5338 apostolicas
957 5275 1228 5338 prohibitus
1269 5278 1344 5326 est
1369 5276 1430 5326 ab
1469 5278 1775 5327 exsecutione
1813 5275 2032 5325 ecclesia

432 5355 589 5406 novae,
611 5356 757 5405 quam
783 5344 1120 5405 inchoaverat,
1151 5363 1172 5385 ι
1204 5347 1300 5392 etc.

501 5442 648 5509 (117)
675 5445 910 5495 Huberto.
939 5445 1222 5506 Raynaldus
1257 5445 1315 5494 ad
1357 5457 1536 5496 annum
1585 5447 1735 5510 H98,
1762 5459 1822 5498 ex
1842 5447 2029 5498 Parislo

431 5513 540 5562 haec
555 5513 737 5562 refert:
763 5531 785 5555 α
811 5513 1122 5563 Innocentius
1141 5526 1264 5577 papa
1286 5513 1349 5563 111
1374 5514 1638 5565 monachos
1655 5515 2030 5566 Cantuarienses

431 5581 599 5629 contra
625 5578 825 5630 Iluberti
866 5580 1218 5643 archiepiscopi
1255 5582 1486 5634 Cantuar.
1517 5585 1564 5632 et
1597 5583 1862 5646 Anglorum
1890 5595 2030 5646 reges

2055 4503 2109 4564 D

2141 4335 2363 4380 auctore
2395 4340 2517 4380 cum
2549 4323 2764 4380 ruboris
2815 4332 2868 4379 et
2916 4325 3155 4394 pectoris
3202 4325 3485 4396 multiplici
3543 4333 3740 4396 questu

2141 4429 2359 4483 operam
2391 4413 2976 4485 perdenteoperisque
3017 4413 3340 4484 impensam.

2211 4501 2356 4557 Idem
2389 4518 2606 4573 quoque
2649 4502 2894 4570 ejusdem
2951 4502 3258 4558 successori
3314 4502 3464 4573 (H7)
3495 4502 3548 4557 in
3595 4516 3734 4573 opus

2141 4591 2315 4646 simile
2346 4590 2599 4662 gestienti
2632 4599 2681 4645 et
2705 4591 2786 4645 vir
2817 4589 2991 4645 fidelis
3021 4591 3288 4661 praedixit,
3323 4599 3375 4645 et
3396 4606 3582 4646 verum
3612 4589 3736 4645 linis

2138 4679 2364 4734 induxit.
2388 4680 2528 4734 Nam
2549 4687 2600 4734 et
2629 4679 2746 4749 ipse
2762 4680 2905 4733 haud
2942 4679 3134 4751 procul
3166 4695 3198 4733 a
3228 4679 3520 4735 Londoniis
3549 4679 3734 4751 capel-

2138 4769 2245 4822 lam
2277 4767 2693 4832 contentiosam,
2745 4768 2913 4822 instar
2947 4768 3143 4838 prioris
3203 4770 3370 4839 (118),
3420 4785 3540 4840 quae
3572 4783 3730 4826 secus

2136 4945 2343 5006 gratiam
2374 4947 2604 5009 protexit,
2633 4949 2775 5008 atque
2813 4948 3066 4998 ecclesiam
3111 4949 3377 5010 Lamelich,
3414 4948 3732 5001 dissensionis

2137 5012 2319 5060 fontem
2348 5014 2498 5062 everti
2521 5013 2798 5074 imperavit.
2829 5031 2846 5060 υ
2883 5017 2949 5064 De
2975 5029 3066 5077 qua
3093 5015 3239 5065 etiam
3266 5017 3514 5067 Trivettus
3551 5017 3610 5067 ad
3646 5029 3732 5066 an-

2135 5090 2247 5146 num
2279 5079 2448 5128 H99:
2510 5095 2529 5125 «
2576 5081 2872 5131 Humbertus
2912 5084 3308 5146 archiepiscopus
3353 5084 3627 5146 ecclesiam,
3677 5083 3727 5132 in

2134 5145 2263 5194 beati
2292 5147 2494 5195 ThOIDiB
2520 5148 2702 5198 honore
2730 5148 2978 5198 fundatam
3005 5150 3131 5211 apud
3171 5145 3425 5209 Lamhete,
3445 5162 3588 5211 quam
3609 5162 3732 5212 prae-

2132 5212 2353 5262 decessor
2374 5212 2478 5273 ejus
2507 5215 2806 5265 Baldewinus
2837 5217 3170 5276 inchoaverat,
3211 5217 3271 5266 de
3295 5217 3520 5268 mandato
3545 5215 3731 5268 domini

2131 5291 2267 5342 papae
2292 5280 2558 5330 Innocentii
2592 5281 2726 5332 tertii
2750 5282 3010 5333 demolitus
3033 5287 3126 5333 est.
3155 5304 3175 5325 -

2204 5383 2345 5445 (118)
2372 5383 2548 5441 Aliam,
2573 5387 2627 5434 ut
2654 5383 2865 5445 videtur,
2913 5398 3006 5434 non
3037 5385 3588 5451 eamdem,.Balduiuus
3623 5389 3733 5437 ete-

2131 5450 2232 5500 nim
2258 5463 2396 5500 secus
2409 5451 2873 5513 Cantuariam,sive,
2892 5456 2942 5501 ut
2974 5450 3308 5514 prmmittitur,
3332 5454 3382 5502 in
3403 5452 3648 5503 territorio
3669 5454 3733 5504 ci-

2130 5517 2296 5584 vitatis
2321 5531 2436 5578 sute,
2458 5517 2702 5568 I-lubertus
2726 5521 2887 5568 autem
2927 5531 3023 5569 non
3049 5519 3214 5581 procul
3259 5519 3522 5570 Londoniis
3564 5521 3729 5584 capel-

2128 5583 2225 5634 lam
2248 5585 2348 5635 sive
2374 5585 2628 5636 ecclesiam
2654 5585 2860 5636 voluisse
2890 5589 3172 5638 construere
3201 5586 3279 5636 hic
3305 5583 3656 5639 memorantur.
