3938 6402
168 321 307 373 1001

1544 313 1725 370 VITA.
1757 339 1827 352 —
1855 311 1985 367 LIB.
2027 312 2121 366 111.

3348 304 3487 360 11102

166 443 523 499 Cantuariam
598 442 740 509 fuit,
792 442 1007 507 diruta,
1065 440 1237 497 fretus
1284 440 1437 514 regia
1516 446 1783 511 potestate
1811 435 2327 502 Amemoravimns,
2378 435 2483 491 hoc
2528 433 2782 491 uniformi
2814 432 3015 505 jngiter
3055 429 3390 487 institutione
3438 434 3494 483 et

165 533 389 589 erexit:
442 532 673 587 clericos
714 531 771 585 in
826 548 889 587 ea
944 531 1376 602 praebendarios,
1445 528 1785 585 saecularium

166 637 327 687 more
358 622 765 685 canonicorum,
799 628 891 675 ant
910 636 1009 690 per
1039 637 1097 675 se
1124 620 1274 690 ipsos
1304 626 1390 673 aut
1421 634 1519 689 per
1548 619 1788 689 interpo—

167 711 306 765 sitas
346 725 611 781 personas
640 710 1033 764 ministratnros
1088 708 1336 773 instituit,
1382 724 1414 763 a
1444 707 1638 779 quibus
1674 706 1788 775 jam

170 800 325 856 circa
353 798 535 855 locum
580 798 827 869 pluribus
875 798 1172 854 contrnctis
1221 795 1483 861 aediliciis,
1518 802 1789 866 pertracta

173 887 233 942 in
262 888 491 961 longum
537 887 679 942 inter
726 887 938 942 Patrem
990 894 1043 940 et
1072 885 1235 951 ﬁlios,
1267 884 1709 955 archiprzesnlem
1739 891 1792 938 et

175 978 500 1047 monachos,
533 976 626 1031 lite
654 990 857 1043 amara,
890 975 1072 1030 multis
1105 990 1317 1046 quoque
1363 973 1617 1044 personis
1648 972 1791 1027 elec-

176 1065 427 1132 tissimis,
462 1073 569 1119 tam
600 1082 630 1121 e
660 1064 942 1120 monachis
974 1080 1139 1136 quam
1181 1081 1210 1118 e
1260 1062 1503 1128 clericis,
1538 1060 1795 1116 Romanis

179 1154 431 1209 febribus
461 1154 517 1209 in
556 1155 693 1209 urbe
727 1153 829 1208 sub
857 1161 984 1209 tunc
1014 1152 1270 1207 intestino
1298 1152 1463 1216 bello,
1488 1150 1790 1220 exstinctis,

176 1243 293 1324 vivi
322 1243 542 1298 tandem
596 1243 931 1315 magnanimi
987 1241 1288 1298 inconsulta
1337 1240 1567 1306 molitio,
1600 1240 1794 1294 eodem

174 1331 301 1402 lps0
330 1332 678 1397 demoliente,
703 1332 758 1385 in
788 1331 1069 1402 pulverem
1112 1330 1333 1386 redacta
1363 1338 1464 1384 est.
1498 1328 1647 1384 Fecit
1666 1330 1792 1395 hoc,

181 1438 346 1492 quam
381 1421 580 1476 invitus
610 1428 719 1475 tam
764 1428 818 1476 et
864 1419 1157 1485 confusus,
1192 1418 1491 1489 apostolica
1538 1417 1796 1473 nimirum

185 1510 477 1566 severitate
500 1510 835 1580 compulsus.

257 1599 341 1654 Ad
397 1608 734 1669 postremum
778 1614 931 1664 vero,
960 1600 1076 1669 jam
1132 1598 1249 1654 viro
1305 1597 1405 1652 Dei
1436 1598 1669 1669 Hugone
1700 1613 1799 1667 per

184 1688 437 1743 ultimam
496 1689 620 1743 vitae
672 1689 922 1743 mortalis
979 1687 1353 1759 aegritudinem
1410 1686 1479 1741 ad
1535 1694 1799 1742 aeternam

1886 526 2003 597 ipse
2034 525 2305 590 servabat,
2340 533 2392 580 et
2414 524 2719 596 quibusque
2761 522 3075 579 rationabile
3103 523 3219 577 Deo
3257 518 3489 591 cupien-

1887 614 2030 669 tibus
2060 614 2383 685 obsequium
2412 622 2695 684 przestare,
2726 611 3130 669 observandum
3158 607 3491 675 incnlcabat,

1886 711 1945 758 ut
1974 702 2121 757 omni
2149 702 2354 757 scilicet
2386 710 2632 772 tempore
2660 710 2712 757 et
2738 701 2879 767 loco,
2915 700 3061 772 quod
3088 714 3272 755 rerum
3302 696 3496 768 exige—

1888 800 1972 847 ret
2000 791 2351 862 praesentium
2380 790 2656 857 instantia,
2691 790 3079 846 convenienter
3108 788 3493 859 adimplerent.

1889 881 1974 936 Ad
2004 881 2150 951 quod
2182 880 2344 935 etiam
2403 879 2622 951 dignius
2664 879 3091 951 exsequendum,
3125 878 3362 949 seipsum
3396 878 3495 932 ha-

1889 969 2079 1038 bilem,
2103 977 2173 1037 et,
2210 977 2470 1041 quantum
2498 969 2691 1040 potuit,
2722 968 2977 1024 idoneum
2998 966 3199 1023 studuit
3215 966 3494 1022 exhibere.

1966 1072 2221 1128 Sentiens
2250 1080 2427 1127 autem
2456 1071 2644 1143 magni
2683 1088 2806 1127 esse
2837 1070 3039 1126 laboris
3087 1085 3225 1142 opus
3283 1069 3498 1141 episco-

1893 1161 2033 1232 palis
2055 1160 2235 1230 oilicii,
2268 1178 2371 1218 nec
2400 1161 2517 1216 sine
2539 1161 2748 1217 viribus
2777 1160 2939 1216 etiam
2970 1158 3217 1231 corporis
3248 1158 3299 1213 id
3331 1174 3496 1230 posse

1894 1250 2155 1305 decenter
2203 1249 2437 1321 impleri,
2487 1250 2562 1305 ita
2630 1251 2877 1320 jumento
2943 1249 3190 1320 corporis
3236 1248 3500 1303 alimenta

1894 1339 2177 1408 praebebat
2207 1346 2264 1392 ut
2296 1337 2626 1394 necessariis
2655 1338 2845 1393 usibus
2874 1354 3119 1408 congrue
3139 1336 3495 1392 snbserviret.

1902 1427 2063 1496 Quod
2111 1443 2178 1483 eo
2238 1428 2482 1483 securius
2511 1443 2686 1499 eoque
2717 1426 3072 1483 sufficientius
3102 1425 3356 1491 faciebat,
3389 1439 3498 1497 quo

1897 1517 2101 1585 minus,
2125 1533 2194 1571 ne
2224 1525 2415 1572 contra
2444 1534 2600 1571 suum
2632 1516 3005 1572 recalcitraret
3022 1530 3315 1584 sessorem,
3340 1514 3503 1570 casti-

1899 1606 2117 1676 gatione
2157 1605 2461 1660 diutissima
2494 1606 2606 1675 jam
2638 1605 2771 1660 satis
2804 1603 3118 1669 edomitum,
3150 1603 3501 1662 metuendum

1900 1701 2042 1749 erat.
2082 1696 2221 1749 Nam
2252 1702 2304 1748 et
2333 1710 2434 1764 per
2464 1694 2780 1750 continuum
2816 1692 3119 1764 frigidioris
3139 1692 3314 1748 diaetae
3340 1706 3502 1745 nsum

180 1786 516 1849 properante
544 1778 802 1833 felicioris
830 1778 952 1833 vitae
988 1776 1436 1843 incolumitatem,
1478 1775 1598 1846 ipso
1638 1774 1799 1829 simul
1821 1804 1874 1863 B
1900 1798 1965 1837 eo
1994 1799 2167 1854 usque
2214 1783 2459 1837 internas
2482 1782 2598 1852 jam
2629 1782 2877 1853 corporis
2931 1781 3081 1836 vires
3111 1780 3411 1848 attriverat,
3443 1787 3503 1834 ut

191 1868 399 1922 arbitro
430 1875 483 1921 et
510 1867 884 1935 conjndicibus
915 1866 1026 1920 suis
1058 1882 1091 1920 a
1121 1881 1336 1921 summo
1364 1865 1630 1937 delegatis
1658 1880 1799 1934 pon-

182 1957 352 2021 tiﬁce,
385 1972 492 2027 pax
547 1957 691 2011 inter
719 1956 1013 2026 praedictos
1056 1955 1349 2010 reformata
1381 1963 1462 2009 est
1490 1953 1660 2024 (119),
1694 1952 1801 2007 mi-

186 2062 310 2101 rum
339 2045 394 2099 in
425 2045 647 2101 modum
698 2045 997 2100 exsultante
1030 2052 1081 2099 et
1110 2044 1165 2098 in
1197 2045 1300 2099 hoc
1330 2043 1528 2098 divinas
1558 2043 1802 2098 clemen-

194 2134 284 2189 tiae
316 2134 526 2207 gratias
554 2133 830 2189 referente
878 2134 1073 2188 eodem
1109 2132 1460 2188 veracissimo
1490 2130 1600 2186 lilio
1627 2131 1798 2201 pacis.

191 2222 587 2278 Gratulabatur
624 2238 863 2294 namque
889 2222 1213 2293 impensius,
1246 2222 1371 2293 quia
1400 2222 1573 2275 instar
1606 2219 1803 2274 beatis-

190 2312 318 2368 simi
376 2312 589 2368 Martini
650 2312 828 2381 (cujus
895 2328 1116 2382 semper
1144 2319 1197 2365 et
1251 2319 1462 2365 amator
1488 2310 1723 2365 devotus
1753 2316 1806 2363 et

191 2410 448 2457 strenuus
503 2402 741 2456 imitator
792 2417 915 2456 esse
961 2402 1276 2470 meruerat)
1333 2400 1476 2455 hanc
1549 2399 1801 2454 virtutum

191 2506 413 2546 suarum
443 2491 643 2546 bonam
672 2490 892 2545 fecisset
919 2490 1460 2555 consummationem,
1486 2504 1589 2560 qua
1612 2504 1804 2559 pacem

189 2579 456 2636 Ecclesiae
485 2579 586 2635 Dei
632 2578 896 2634 redditam
948 2578 1275 2648 reliquisset.

799 2685 1024 2741 CAPUT
1054 2686 1178 2740 XII.

198 2778 446 2839 Quomodo
484 2778 538 2827 in
588 2790 754 2827 mensa
778 2778 901 2828 etin
924 2776 1220 2827 vietualibus
1265 2788 1319 2826 se
1372 2776 1512 2837 Huao
1553 2774 1804 2834 habebat;

262 2852 316 2896 et
348 2858 494 2906 quam
509 2850 735 2906 potenter
761 2844 816 2894 in
839 2845 1150 2894 exsecutione
1173 2856 1360 2904 eorum,
1388 2856 1498 2905 qua:
1545 2842 1627 2893 sui
1667 2846 1811 2892 erant

268 2913 430 2975 officii,
458 2924 510 2961 se
534 2912 763 2973 gerebat;
789 2915 838 2961 et
868 2924 1014 2973 quam
1058 2911 1311 2960 humiliter
1357 2921 1413 2958 ac
1451 2910 1623 2960 devote
1672 2909 1805 2958 circa

261 2991 463 3096 pugbos‘
500 2979 853 3037 conﬁrmandos
918 2984 968 3029 et
1036 2978 1160 3028 alios
1222 2977 1507 3040 inﬁrmitate
1585 2978 1806 3027 detentae

265 3059 323 3097 as
410 3059 439 3095 a
465 3083 479 3095 .

281 3129 413 3183 Erat
445 3144 663 3200 quoque
712 3128 767 3183 in
822 3144 1014 3184 mensa
1053 3128 1244 3183 hilaris
1293 3135 1346 3183 et
1381 3126 1674 3197 jucundns,
1708 3125 1803 3181 sed
1836 3165 1882 3226 Ο

198 3234 312 3273 non
341 3218 458 3273 sine
490 3218 754 3291 gravitate
784 3225 838 3272 et
865 3217 1149 3283 modestia,
1182 3217 1315 3271 illud
1364 3232 1579 3286 semper
1634 3222 1808 3270 atten-

200 3308 361 3375 dens,
386 3314 439 3361 et
468 3307 795 3378 quandoque
826 3307 1168 3362 hortantibus
1199 3322 1259 3359 se
1290 3305 1357 3359 ad
1387 3305 1677 3359 laetandum
1710 3320 1806 3358 ore

198 3396 363 3452 etiam
393 3395 678 3466 proferens
710 3396 854 3467 quod
884 3395 936 3449 in
970 3396 1111 3450 libro
1161 3395 1359 3449 Esther
1405 3393 1630 3465 [Iudith]
1662 3392 1806 3465 legi-

201 3493 294 3539 tur
327 3500 339 3538 :
373 3486 518 3539 Lati
545 3486 722 3540 simus
750 3484 1063 3540 secundum
1091 3485 1297 3555 faciem
1344 3487 1675 3539 sanctorum
1702 3483 1806 3537 Ju-

204 3573 353 3629 dith.
387 3574 531 3643 xvr).
566 3573 621 3628 Si
654 3574 872 3644 quando
912 3573 1201 3627 histriones
1230 3580 1319 3627 aut
1348 3571 1541 3627 musici
1575 3570 1687 3625 suis
1718 3570 1807 3625 in-

204 3670 474 3717 teressent
520 3662 811 3717 occasione
852 3662 1086 3733 quadam
1142 3661 1477 3716 solemnibus
1521 3658 1805 3725 conviviis,

202 3750 298 3806 ubi
330 3751 465 3821 ipse,
492 3750 605 3805 sive
636 3751 706 3805 ad
734 3750 1030 3821 propriam,
1063 3750 1179 3806 sive
1210 3750 1279 3804 ad
1310 3750 1540 3803 alienam
1561 3764 1808 3803 mensam

206 3839 490 3907 resideret,
527 3848 652 3895 tunc
683 3856 844 3910 quam
870 3840 1103 3895 maxime
1134 3838 1382 3910 gravitati
1412 3838 1680 3903 studebat,
1719 3836 1809 3891 vix

205 3944 447 4000 unquam
475 3929 662 3984 oculos
692 3944 936 3984 amensa
983 3930 1231 4001 erigens,
1265 3937 1318 3984 et
1348 3928 1423 3983 ita
1470 3944 1530 3982 se
1575 3927 1630 3981 in
1660 3924 1809 3982 omni

208 4026 368 4091 gestu
400 4026 452 4072 et
482 4033 734 4073 sermone
764 4017 1042 4087 exhibens,
1075 4026 1135 4072 ut
1161 4016 1508 4072 manifestum
1536 4024 1682 4071 esset
1719 4015 1808 4069 in-

209 4106 482 4162 tuentibus
510 4106 637 4178 quia
665 4115 793 4163 tnnc
823 4124 881 4162 se
910 4108 980 4161 ad
1008 4107 1267 4162 interiora
1311 4106 1510 4161 arctius
1535 4105 1809 4161 constrina

209 4202 385 4269 geret,
442 4211 568 4251 cum
625 4212 820 4251 sensus
848 4196 1148 4252 exteriores
1204 4194 1513 4265 hujusmodi
1539 4193 1811 4249 lenocinia

211 4284 463 4339 blandius
484 4284 806 4341 mulcerent.

285 4374 479 4429 Sacras
509 4374 651 4429 inter
678 4375 1007 4430 vescendum
1038 4374 1301 4431 lectiones
1356 4382 1509 4430 tanta
1557 4373 1811 4429 audiebat

1906 1870 2191 1927 fatiscente
2221 1870 2455 1925 naturali
2485 1871 2686 1932 calore.
2720 1870 2945 1927 crebras
2974 1868 3275 1942 infrigidati
3296 1876 3503 1923 stoma-

1905 1960 1991 2015 chi
2019 1960 2282 2031 perferret
2339 1959 2643 2029 molestias,
2674 1959 2847 2015 iliacis
2876 1958 3101 2029 insuper
3155 1956 3503 2028 passionibus

1906 2049 2106 2119 saepius
2154 2048 2497 2104 amarissime
2536 2054 2893 2119 torqueretur.
2927 2046 3294 2101 Nihilominus
3323 2055 3507 2102 tamen

1904 2138 2044 2193 inter
2072 2139 2190 2193 haec
2248 2136 2419 2192 adfuit
2442 2137 2511 2203 ei,
2575 2144 2629 2191 et
2686 2135 2897 2192 afﬁnxit
2954 2134 3248 2207 singularis
3300 2134 3502 2206 gratia,

1906 2227 2072 2282 robnr
2099 2226 2177 2281 illi
2208 2226 2583 2292 accumulans,
2637 2224 2950 2281 fortissimis
2994 2224 3301 2296 quibusque
3325 2222 3508 2280 admi-

1904 2316 2150 2370 randum.
2198 2315 2398 2371 Videre
2440 2314 2595 2386 quasi
2616 2313 2940 2370 miraculum
2998 2320 3115 2369 erat
3143 2312 3506 2385 quemadmo-

1904 2405 2032 2460 dum
2048 2404 2102 2458 in
2124 2404 2475 2460 ecclesiarum
2496 2402 2953 2470 dedicationibus,
2973 2402 3030 2456 in
3051 2401 3510 2458 celebrationibus

1907 2494 2179 2558 ordinum,
2213 2500 2642 2562 caaterorumque
2672 2490 3174 2547 ecclesiasticarum
3205 2489 3510 2546 ofﬁciorum

1906 2599 2007 2637 seu
2038 2580 2370 2653 quibuslibet
2422 2580 2750 2653 pontiﬁcalis
2808 2579 3097 2634 ministerii
3129 2578 3403 2635 exercitiis
3435 2578 3516 2648 (in

1907 2671 2103 2742 quibus
2133 2670 2429 2741 plurimum
2459 2670 2673 2725 videtur
2719 2684 2842 2725 esse
2882 2668 3108 2739 laboris)
3135 2668 3376 2724 omnium
3404 2667 3512 2722 sibi

1906 2759 2300 2815 adhaerentium
2320 2758 2469 2814 vires
2491 2758 2642 2813 solus
2673 2757 2791 2828 ipse
2822 2757 3132 2825 excederet,
3156 2756 3511 2829 quemadmo-

1905 2848 2034 2903 dum
2067 2862 2175 2903 non
2206 2846 2383 2902 solum
2421 2846 2603 2912 fessis,
2638 2846 2736 2901 sed
2762 2862 2907 2917 pene
2939 2844 3317 2901 deﬁcientibus
3364 2860 3507 2901 cun-

1905 2936 2025 3003 ctis,
2041 2936 2160 2991 aliis
2180 2936 2250 2989 ad
2270 2935 2627 2990 resumendas
2646 2934 2790 2991 vires
2810 2933 3086 3005 paululum
3103 2932 3507 3000 secedentibus,

1906 3025 2026 3079 aliis
2055 3024 2125 3080 ad
2155 3024 2570 3095 obsequendum
2617 3023 2667 3078 ei
2715 3022 3155 3090 succedentibus,
3210 3022 3327 3093 ipse
3360 3021 3509 3078 inde-

1906 3114 2084 3169 fessus
2114 3120 2168 3167 et
2212 3112 2391 3168 alacer
2419 3113 2488 3167 de
2528 3127 2697 3183 opere
2727 3111 2798 3167 ad
2845 3125 3002 3184 opus,
3038 3109 3108 3167 de
3162 3110 3351 3167 labore
3381 3126 3510 3183 per-

1906 3210 2158 3259 curreret
2202 3202 2272 3257 ad
2308 3201 2572 3256 laborem.

1977 3309 2062 3364 Ad
2116 3309 2238 3371 ista,
2270 3322 2664 3379 nonnunquam
2713 3306 2977 3379 surgebat
3033 3314 3159 3363 ante
3216 3306 3421 3374 lucem,
3456 3315 3510 3363 et

1904 3414 2081 3469 usque
2111 3398 2182 3452 ad
2208 3396 2505 3468 profundas
2560 3396 2837 3467 sequentis
2865 3396 3040 3452 noctis
3070 3396 3323 3452 tenebras
3362 3396 3510 3466 jeju-

1906 3502 2065 3552 nans,
2096 3502 2199 3541 nec
2228 3501 2261 3541 a
2288 3486 2479 3541 labore
2517 3500 2760 3551 cessans,
2794 3484 2937 3541 diem
2958 3484 3195 3540 medium
3234 3484 3509 3557 transige-

1906 3576 2016 3630 bat.
2051 3576 2397 3646 Plerumque,
2432 3574 2561 3628 durn
2607 3574 2932 3630 immodicus
2963 3573 3166 3630 aestatis
3205 3573 3388 3629 fervor
3415 3573 3509 3628 im-

1906 3665 2157 3734 mineret,
2192 3665 2456 3735 quosdam
2480 3662 2665 3717 altaris
2696 3662 3065 3718 ministrorum
3094 3663 3324 3735 cogebat
3351 3662 3511 3734 panis

1908 3761 1962 3809 et
2004 3753 2113 3808 vini
2161 3752 2435 3808 modicum
2494 3752 2785 3822 praelibare
2843 3752 3013 3823 (122),
3048 3767 3117 3807 ne
3173 3750 3506 3823 prmgravati

1906 3850 2041 3898 aestu
2075 3886 2088 3908 ,
2139 3841 2346 3911 jejunio
2392 3848 2445 3896 et
2500 3841 2687 3896 labore
2717 3882 2733 3909 ,
2794 3840 2933 3897 citra
3010 3840 3316 3912 periculum
3380 3848 3507 3911 post

1906 3931 2065 3987 toties
2140 3931 2404 4001 repetitos
2470 3930 2730 3987 circuitus
2763 3976 2777 4001 ,
2825 3930 2880 3985 in
2938 3930 3296 3986 ecclesiarum
3353 3929 3509 3985 dedi-

1908 4019 2214 4075 cationibns
2262 4027 2466 4084 astare,
2503 4019 2722 4074 demum
2769 4027 2822 4074 et
2863 4018 3175 4074 ministrare
3216 4018 3508 4073 missarum

1909 4108 2175 4163 solemnia
2220 4107 2520 4164 celebranti
2557 4107 2951 4179 nequivissent.
2994 4108 3128 4163 Cum
3159 4107 3507 4182 prazgnstatis

1902 4197 2060 4267 jussu
2092 4212 2190 4252 suo
2219 4196 2473 4268 panibus,
2526 4196 2741 4251 horrori
2783 4196 3111 4268 quibusdam
3137 4204 3191 4252 et
3229 4195 3507 4252 formidini

1907 4302 2032 4342 esse
2062 4285 2343 4354 sensisset,
2380 4301 2593 4340 sacrum
2621 4285 2762 4340 inter
2797 4285 3015 4355 agenda
3043 4285 3132 4340 vel
3162 4285 3391 4341 calicem
3420 4285 3507 4342 vel

1908 4375 2245 4431 Dominicam
2267 4374 2588 4447 contingere
2611 4374 2919 4439 sindonem,
2941 4373 3212 4445 arguebat
3232 4388 3329 4429 eos
3350 4373 3509 4445 quasi

211 4463 513 4533 diligentia,
558 4470 617 4517 ut
644 4471 842 4534 praeter
870 4464 1257 4519 nonnullorum
1282 4464 1569 4535 passiones
1596 4470 1808 4533 marty-
1837 4530 1878 4537 _
1908 4464 2118 4537 pusillae
2147 4464 2275 4519 ﬁdei
2304 4471 2358 4518 et
2385 4462 2733 4519 discretionis
2748 4461 2996 4528 infirme,
3031 4462 3124 4534 qui
3152 4477 3257 4519 nec
3284 4462 3512 4519 obedire

211 4530 353 4619 rum,
386 4560 586 4623 praeter
613 4530 767 4625 gesta
805 4554 1164 4625 quorumdam
1213 4530 1544 4624 sanctorum,
1577 4560 1630 4609 et
1658 4530 1807 4607 cele-
1836 4530 1890 4590 D
1910 4530 2111 4610 vellent
2146 4550 2360 4623 jubenti
2396 4550 2513 4607 sine
2551 4551 2888 4608 haesitatione
2938 4530 3346 4624 circumspecta;
3387 4551 3511 4621 jus-

215 4641 430 4713 briores
459 4641 527 4696 de
573 4642 864 4713 praecipins
895 4642 1326 4699 solemnitatibus
1382 4642 1666 4699 doctorum
1696 4656 1810 4695 ser-

213 4745 425 4799 mones,
460 4738 631 4785 totum
664 4730 774 4786 fere
804 4731 893 4787 vel
925 4749 990 4787 ex
1019 4732 1236 4803 integro
1266 4733 1435 4789 Vetus
1490 4732 1812 4802 Novumque

215 4820 623 4874 Testamentum
640 4819 811 4889 (l20),
836 4822 1076 4892 exceptis
1093 4829 1328 4893 quatuor
1356 4820 1813 4892 evangelistarum

218 4908 372 4962 libris
401 4908 551 4978 (121)
581 4909 742 4980 (quos
763 4909 904 4978 aliis,
938 4910 1077 4966 sicut
1124 4909 1261 4965 infra
1290 4910 1513 4975 dicetur,
1548 4907 1814 4979 tempori-

221 4997 323 5051 bus
353 4996 464 5069 legi
492 4996 759 5069 instituit),
784 5014 904 5055 cnm
935 5000 1000 5055 ad
1023 5008 1341 5056 nocturnum
1363 4999 1598 5056 officium
1629 5013 1816 5055 coram

220 5102 299 5153 se,
334 5093 447 5141 tum
475 5086 545 5141 ad
573 5087 861 5158 prandium
881 5087 1083 5144 faceret
1101 5089 1338 5146 recitari.
1359 5090 1427 5146 Ut
1444 5097 1626 5144 autem
1656 5103 1819 5159 supra

290 5259 434 5327 (119)
474 5262 543 5311 De
590 5262 685 5313 hac
725 5274 865 5326 pace,
892 5263 1084 5327 plenius
1128 5263 1283 5314 altero
1326 5263 1388 5314 ab
1428 5264 1642 5325 Hngonis
1688 5262 1821 5314 obitu

224 5340 350 5379 anno
394 5330 702 5393 conﬁrmata,
750 5330 864 5379 vide
911 5331 1126 5382 Annales
1170 5331 1311 5381 Eccl.
1344 5330 1670 5390 Wintoniens,
1694 5330 1818 5393 apud

222 5398 547 5447 Warthonnm
564 5435 579 5459 ,
606 5409 719 5459 pag.
746 5397 863 5446 505.

293 5461 439 5529 (120)
478 5465 551 5513 Ex
577 5464 923 5514 consuetudine
970 5464 1152 5515 ordinis
1193 5464 1555 5515 Carthnsiensis
1579 5504 1594 5527 ,
1641 5464 1689 5514 in
1730 5475 1823 5526 quo

218 5530 395 5582 eadem
419 5530 564 5581 annis
586 5530 809 5593 singulis,
838 5535 922 5582 aut
962 5532 1012 5581 in
1055 5532 1259 5582 ecclesia
1286 5569 1300 5591 ,
1342 5535 1425 5583 aut
1457 5532 1509 5583 in
1544 5532 1823 5596 refectorio,

216 5599 449 5663 leguntur
474 5597 758 5661 hodiednm,
783 5603 833 5650 et
852 5599 949 5662 legi
975 5601 1161 5682 statuta
1183 5599 1368 5651 volunt.

368 5718 613 5773 ΡΑτιιοι..
655 5716 836 5774 CLIII.

1913 4659 2101 4698 SlODlS.

1986 4730 2429 4803 Quotiescunque
2458 4729 2561 4785 iter
2586 4729 2770 4802 agenti
2789 4730 3179 4797 occurrissent,
3207 4737 3267 4785 ut
3284 4730 3508 4797 assolet,

1917 4820 2009 4893 qui
2038 4836 2137 4891 per
2175 4836 2371 4875 manus
2420 4836 2533 4875 sua:
2564 4819 2966 4891 impositionem
3001 4818 3314 4876 confirmari
3340 4835 3512 4891 expe-

1917 4916 2113 4976 terent,
2169 4917 2255 4963 aut
2312 4908 2404 4981 qui
2444 4908 2701 4980 parvulos
2759 4909 2810 4965 ei
2852 4910 2922 4965 ad
2941 4908 3075 4964 illud
3105 4909 3515 4981 percipiendum

1918 5006 2319 5055 saeramentum
2350 4996 2625 5069 offerrent,
2658 5013 2785 5054 mox
2806 5005 3109 5070 opportuno
3128 4998 3317 5055 locoin
3344 4997 3516 5069 pedes

1919 5088 1991 5143 ab
2019 5103 2159 5159 equo
2188 5087 2551 5154 descendens,
2577 5088 2723 5158 quod
2752 5086 2896 5143 illius
2926 5095 3043 5143 erat
3070 5086 3249 5155 officii,
3285 5087 3513 5144 sollicita

1991 5266 2127 5329 (121)
2150 5269 2268 5318 Rrec
2290 5279 2448 5318 annue
2472 5267 2522 5317 in
2559 5268 2770 5331 capitulo
2806 5271 2918 5332 post
2960 5280 3140 5320 nonam
3180 5269 3466 5320 canonicam
3490 5282 3521 5321 a

1920 5335 2159 5386 Paschale
2201 5346 2353 5397 usque
2410 5334 2473 5384 ad
2522 5335 2699 5386 festum
2759 5335 2986 5387 Omnium
3056 5338 3346 5388 Sanctorum
3391 5337 3521 5400 apud

1922 5402 2275 5453 Carthusianos
2299 5402 2541 5464 leguntur.

1994 5469 2136 5532 (122)
2163 5469 2472 5519 Contrarium
2495 5467 2655 5517 innuit
2676 5467 2846 5518 Surins
2868 5468 2947 5518 bis
2966 5467 3129 5519 verbis
3153 5482 3167 5518 :
3214 5489 3237 5511 α
3264 5471 3521 5521 Neminem

1924 5536 2116 5586 sinebat
2132 5536 2194 5585 ad
2211 5548 2353 5585 sacra
2373 5534 2529 5585 ofﬁcia
2554 5534 2858 5599 ministrare,
2880 5535 3213 5603 quijejnninm
3234 5549 3523 5601 quacunque

1923 5602 2181 5654 occasione
2205 5603 2459 5666 fregisset.
2490 5617 2511 5649 ι

3350 5722 3419 5778 32
