3938 6398
469 303 607 357 1003

1348 303 1405 357 S.
1448 300 1759 360 HUGONlS
1796 301 2013 359 EPISC.
2056 302 2381 361 LINCOLN.
2425 306 2590 364 0RD.
2632 306 2885 365 CARTH.

3651 316 3677 368 1
3689 315 3804 368 004

465 426 756 483 devotione
813 425 1168 497 adimplebat,
1201 426 1258 480 in
1300 441 1621 498 quacunque
1695 426 1920 483 diceeesi
1965 428 2069 484 hoc
2088 431 2145 492 Α
2174 429 2356 503 exigui
2386 430 2604 500 labella,
2636 440 2694 488 ut
2741 441 3022 505 putaretur
3064 433 3385 491 incredibile
3433 435 3513 493 sic
3540 451 3709 508 posse
3740 437 3802 493 in

465 515 780 572 accidisset.
818 514 978 570 Nulla
1008 530 1248 586 unquam
1277 514 1592 588 fatigatione
1628 523 1720 570 aut
1748 514 2073 582 inﬁmitate,

465 604 615 660 nulla
644 603 743 660 vite
773 604 1062 673 asperitate
1114 611 1206 659 aut
1252 604 1392 659 aeris
1420 604 1759 675 intemperie,
1791 613 1846 659 ut
1877 621 2078 677 equum

465 693 666 749 sedens
724 700 930 748 tantum
976 694 1254 749 exhiberet
1303 701 1729 763 sacramentum,
1786 694 1958 765 potuit
1987 694 2077 749 in-

461 781 605 838 duci.
640 782 779 837 Data
808 782 1029 854 quidem
1057 782 1434 838 benedictione
1478 790 1663 853 optata
1718 781 2077 838 circumstan-

462 872 625 941 tibus,
660 870 890 926 inﬁrmis
937 887 1184 944 quoque,
1232 871 1324 943 qui
1377 870 1697 937 adfuissent,
1731 873 1980 928 oratione
2009 873 2077 927 ad

461 961 636 1016 Deum
665 976 765 1031 pro
794 960 875 1015 eis
905 959 1043 1028 fusa,
1075 961 1131 1015 in
1174 976 1331 1031 spem
1386 960 1753 1031 adipiscendae
1800 961 2075 1032 sospitatis

461 1063 585 1105 cum
659 1049 1016 1105 exsultatione
1080 1049 1491 1120 respirantibus,
1551 1049 1789 1120 repletus
1826 1057 1881 1105 et
1957 1051 2076 1121 ipse

460 1137 931 1195 benedictionibus
974 1147 1311 1203 cunctorum,
1344 1146 1576 1209 emptam
1606 1139 1882 1208 repetebat
1909 1139 2070 1195 viam.

461 1226 905 1298 Quamplurimos
926 1236 1107 1283 autem
1136 1244 1237 1298 per
1258 1226 1566 1296 bujusmodi
1584 1226 1755 1297 ipsius
1776 1228 2072 1283 orationem

462 1332 560 1371 seu
590 1316 1028 1372 benedictionem
1060 1324 1339 1387 speratam
1368 1324 1695 1372 consecutos
1727 1314 1894 1370 fuisse
1924 1316 2075 1372 inco-

459 1403 763 1460 lumitatem
790 1405 1159 1462 indubitanter
1184 1422 1332 1476 saepe
1353 1403 1699 1478 agnovimus.

1074 1530 1298 1586 CAPUT
1335 1530 1482 1586 XIII.

466 1618 694 1683 Qualiter
719 1634 784 1671 ea:
808 1621 1069 1672 dulcedine
1113 1622 1387 1683 affectionis
1422 1623 1684 1684 infantulis
1729 1622 2065 1684 adjocabalnr,

629 1689 718 1751 qui
742 1689 847 1739 vice
869 1701 1017 1740 versa
1041 1689 1195 1739 eidem
1219 1689 1510 1740 mirabiliter
1534 1690 1914 1753 applaudebant.

2179 519 2268 573 tali
2296 520 2516 575 aetatula
2546 522 2677 577 solis
2722 523 2901 578 adhuc
2942 523 3214 594 vagitibus
3262 533 3540 580 assuetum
3588 525 3802 582 ridere.

2176 609 2387 665 Deinde
2418 610 2712 666 braehiolis
2742 612 2898 684 quasi
2928 613 2997 667 ad
3019 613 3434 681 subvolandum,
3481 630 3627 672 nunc
3671 615 3801 673 dis-

2176 698 2353 763 tortis,
2404 716 2548 756 nunc
2596 700 2839 770 disjectis
2863 746 2876 768 ,
2938 703 3208 760 cervicem
3255 704 3363 760 huc
3417 703 3654 776 illucque
3694 705 3797 774 ja-

2175 788 2391 857 etando,
2461 788 2613 861 quasi
2671 789 3074 862 importabilem
3130 791 3236 847 sibi
3290 809 3413 848 esse
3450 792 3801 850 monstrabat

2171 876 2392 945 laetitiae,
2415 893 2524 949 qua
2552 877 2904 948 afﬁciebatur,
2927 880 3376 952 magnitudinem.
3399 883 3549 938 Tunc
3564 898 3796 938 manum

2174 966 2293 1035 ejus
2324 966 2569 1039 utrisque
2601 976 2895 1024 attractans
2935 969 3209 1041 palmulis,
3243 978 3297 1026 et
3327 970 3659 1042 distringens
3688 987 3796 1043 pro

2172 1055 2396 1110 modulo
2426 1072 2525 1111 suo
2553 1057 2637 1112 ori
2663 1057 2914 1129 applicat,
2956 1058 3266 1129 applicitam
3311 1065 3442 1115 vero
3489 1060 3794 1116 allambere

2171 1144 2353 1215 potius
2382 1161 2542 1216 quam
2572 1146 2808 1201 osculari
2836 1147 3142 1202 festinabat.
3178 1148 3431 1204 Faeiente
3477 1149 3595 1205 haec
3640 1165 3796 1221 pon-

2172 1232 2316 1289 tiﬁce
2346 1233 2649 1290 diutissime
2678 1234 2887 1302 infanti,
2921 1245 2974 1291 et
3002 1235 3207 1292 infante
3262 1232 3523 1308 pontiﬁci,
3564 1238 3791 1293 inaudi-

2171 1329 2283 1377 tum
2311 1322 2541 1379 invicem
2574 1324 2643 1379 de
2682 1340 2742 1379 se
2792 1325 3159 1396 spectaculum
3205 1326 3596 1382 delectabiliter
3626 1326 3791 1382 exhi-

2173 1411 2395 1466 bebant.
2436 1411 2630 1467 Oblata
2663 1421 2789 1468 sunt
2819 1414 3039 1485 quidem
3068 1430 3240 1486 puero
3268 1415 3334 1469 ab
3382 1414 3502 1486 ipso
3531 1415 3793 1487 episcop-

2166 1516 2348 1571 poma,
2391 1501 2475 1555 vel
2507 1518 2628 1573 quae
2660 1502 2859 1556 talibus
2889 1503 3070 1557 solent
3101 1520 3223 1558 esse
3245 1512 3400 1572 grata
3426 1504 3631 1574 pueris,
3667 1503 3793 1575 ple-

2169 1604 2359 1661 raque,
2393 1590 2606 1662 aliaque
2638 1591 2872 1663 singula,
2907 1607 2969 1647 ac
3000 1592 3046 1645 si
3075 1593 3235 1647 taedio
3266 1592 3366 1647 sibi
3391 1592 3588 1660 forent,
3614 1592 3797 1664 repel-

2169 1678 2330 1733 lebat.
2365 1678 2501 1747 Quae
2531 1680 2846 1750 repellenda
2891 1688 3038 1747 tunc,
3072 1681 3227 1752 quasi
3283 1680 3519 1747 vicisset,
3555 1690 3700 1737 totus
3732 1681 3792 1736 in

532 1790 609 1844 Ex
640 1789 806 1844 multa
838 1789 1058 1861 quidem
1116 1789 1396 1860 parvitatis
1453 1798 1505 1845 et
1535 1790 1859 1846 innocentiae
1888 1789 2066 1844 abun-
2086 1796 2140 1856 Β
2169 1768 2485 1861 ερίεοφρυηι
2506 1768 2765 1861 inhiabat;
2802 1769 3224 1861 Ipsiusfitwque
3238 1770 3482 1861 nutricis.
3516 1787 3637 1861 que
3659 1787 3789 1827 eum

458 1876 662 1945 dantia,
685 1886 743 1932 ut
775 1886 885 1933 erat
918 1877 1275 1949 simplicitatis
1324 1886 1377 1933 et
1444 1879 1720 1934 munditiae
1764 1878 2070 1950 praecipuus

459 1974 676 2021 amator
705 1974 759 2021 et
784 1974 988 2035 custos,
1023 1966 1313 2021 infantulos
1337 1966 1420 2022 vir
1456 1974 1672 2023 sanctus
1729 1967 1869 2022 miro
1902 1982 2069 2021 exeo-

462 2054 608 2110 lebat
644 2053 860 2123 aﬂ'eetu,
893 2071 1003 2111 non
1027 2056 1191 2111 modo
1211 2055 1596 2123 sinceritatem,
1633 2056 1731 2110 sed
1759 2055 1921 2110 etiam
1951 2062 2070 2110 mta-

462 2151 576 2199 tem
627 2143 946 2215 respiciens.
1007 2144 1252 2199 Parvulis
1283 2145 1446 2211 enim,
1504 2145 1597 2199 ubi
1629 2160 1724 2199 eos
1755 2144 2067 2214 reperisset,

460 2231 724 2303 spirituali
756 2233 990 2304 quadam
1047 2234 1308 2289 suavitate
1340 2234 1549 2289 dulcius
1604 2234 1977 2302 adjocabatur,
2020 2236 2072 2287 et

458 2335 492 2375 a
521 2320 719 2375 talibus
773 2320 863 2377 vix
907 2322 1082 2378 adhuc
1140 2322 1564 2377 balbutientibus
1611 2322 1735 2376 miri
1791 2320 2071 2390 cujusdam

461 2408 666 2480 leporis
738 2409 1067 2466 semiverbia
1104 2411 1376 2467 eliciebat.
1444 2410 1795 2481 Imprimebat
1842 2409 2073 2463 subinde

458 2497 729 2553 frontibus
768 2499 855 2555 vel
913 2500 1219 2571 quibusque
1273 2499 1525 2555 sensibus
1564 2515 1752 2554 eorum
1802 2496 2073 2554 vivifieum

458 2594 661 2643 sanctae
689 2587 865 2643 crucis
893 2588 1131 2661 signum,
1165 2589 1342 2642 fausta
1371 2587 1451 2643 eis
1486 2588 1815 2658 imprecaris,
1868 2602 2073 2657 eosque

458 2675 649 2730 iterata
683 2676 882 2747 sepius
914 2677 1294 2733 benedictione
1316 2676 1713 2733 communiens.
1747 2675 1828 2729 Illi
1859 2690 2073 2746 quoque

465 2763 602 2818 mira
631 2764 681 2820 ei
718 2765 959 2821 vicissim
991 2765 1263 2821 celeritate
1309 2764 1643 2820 familiariter
1669 2763 1911 2818 alludere
1942 2778 2069 2834 gau-

459 2852 675 2922 debant,
702 2854 902 2925 quique
921 2855 1163 2909 omnium
1179 2870 1324 2925 .pene
1342 2854 1585 2909 virorum
1619 2860 1871 2923 aspectus
1899 2843 2074 2906 vereri

459 2940 730 3008 solebant,
763 2942 813 2997 ei
854 2943 1034 3014 potius
1091 2958 1255 3014 quam
1286 2957 1386 2998 suo
1432 2940 1645 3012 parenti
1701 2939 2074 2996 desideranter

458 3028 831 3085 adhaerebant.

529 3118 776 3174 Vidimus
806 3119 1093 3191 parvulum
1122 3118 1412 3191 quemdam
1440 3118 1590 3190 (123)
1621 3134 1840 3173 menses
1879 3133 1975 3173 sex
2004 3116 2072 3171 ab

458 3214 581 3263 ortu
630 3208 938 3276 habentem,
998 3224 1124 3265 eum
1184 3208 1234 3263 ei
1291 3207 1527 3263 frontem
1575 3207 1869 3263 chrismate
1907 3222 2067 3262 sacro

457 3297 807 3370 consignaret
864 3296 1173 3368 episcopus,
1234 3296 1398 3351 tantis
1443 3296 1523 3351 illi
1580 3296 1822 3352 omnium
1855 3304 2068 3351 artuum

455 3386 692 3441 motibus
716 3385 1073 3457 applausisse,
1106 3392 1164 3439 ut
1196 3384 1476 3457 singulare
1522 3384 1658 3440 illud
1702 3384 2070 3441 Praecursoris

459 3474 696 3543 Domini,
729 3473 787 3528 in
814 3481 968 3529 utero
1001 3473 1341 3539 exsultantis,
1373 3473 1635 3545 gaudium
1662 3472 1911 3529 aemulari
1941 3489 2070 3530 cre-

457 3562 694 3620 deretur.
727 3562 966 3618 Laxabat
991 3578 1125 3619 vero
1151 3561 1225 3618 ita
1253 3561 1454 3618 risibus
1483 3561 1899 3635 inexplebilibus
1957 3562 2071 3617 oris

2170 1856 2438 1929 gestabat,
2462 1873 2585 1912 cum
2618 1857 2852 1928 quodam
2885 1856 3101 1912 fastidio
3140 1874 3331 1913 manus
3374 1859 3478 1914 sibi
3532 1859 3790 1915 admotas

2170 1945 2491 2016 respiciens,
2524 1946 2696 2002 oculis
2723 1946 2777 2000 in
2809 1946 3124 2016 episcopum
3149 1946 3483 2014 intendebat,
3517 1956 3572 2003 et
3599 1948 3788 2003 mani-

2170 2035 2271 2089 bus
2302 2035 2378 2089 illi
2408 2035 2792 2106 applaudebat,
2825 2051 2889 2091 ac
2940 2050 3033 2089 ore
3072 2034 3444 2090 indesinenter
3485 2037 3785 2093 arridebat.

2241 2126 2531 2194 Asportato
2581 2125 2800 2179 demum
2859 2139 2943 2189 eo,
2977 2139 3098 2179 cum
3129 2124 3455 2179 mirarentur
3483 2135 3787 2195 praisentes

2172 2229 2336 2283 super
2366 2213 2453 2266 tali
2473 2212 2745 2284 prodigio,
2779 2220 3087 2267 asserentes
3105 2228 3382 2283 nunquam
3405 2213 3582 2269 visum
3610 2215 3786 2271 fuisse

2172 2301 2468 2371 tripudium
2508 2310 2614 2355 tam
2675 2300 3001 2356 immensum
3030 2302 3084 2354 in
3132 2309 3241 2377 tam
3301 2312 3534 2373 augusto
3579 2320 3788 2375 corpu-

2173 2390 2343 2457 sculo,
2369 2390 2665 2460 episcopus
2696 2390 2866 2445 semel
2889 2390 3019 2444 alias
3050 2390 3153 2445 tale
3183 2390 3312 2461 quid
3347 2408 3406 2446 se
3427 2392 3632 2447 vidisse
3654 2409 3787 2448 nar-

2172 2478 2331 2533 ravit.
2372 2500 2394 2530 a
2439 2480 2579 2533 Nam
2631 2479 2854 2545 dudum,
2888 2479 3083 2551 inquit,
3132 2495 3253 2535 cum
3284 2480 3579 2550 prioratum
3608 2498 3784 2555 gere-

2175 2584 2291 2622 rem
2316 2567 2634 2622 Withamiae
2660 2570 2830 2638 (124),
2859 2568 3085 2640 contigit
3112 2584 3201 2623 me
3231 2575 3478 2640 tempore
3507 2572 3786 2641 generalis

2174 2656 2390 2727 capituli
2418 2657 2570 2712 adire
2601 2657 2961 2712 Carthusiam.
2995 2656 3300 2713 Occasione
3344 2667 3523 2714 autem
3565 2659 3781 2715 itineris

2172 2745 2486 2816 praeteriens
2516 2754 2755 2801 castrum
2799 2747 2866 2800 de
2896 2745 3138 2811 Avalim,
3190 2746 3343 2815 cujus
3391 2746 3559 2803 frater
3584 2758 3777 2805 noster

2172 2834 2486 2889 Willelmus
2516 2851 2699 2891 arcem
2730 2835 2974 2890 noscitur
3001 2834 3269 2902 obtinere,
3304 2836 3575 2892 declinavi
3593 2838 3651 2891 in
3679 2838 3778 2893 do-

2172 2939 2318 2978 mum
2342 2924 2475 2993 ejus.
2502 2924 2582 2978 lbi
2606 2923 2764 2979 nobis
2792 2923 3217 2995 praesentabatur
3235 2924 3512 2995 puerulus,
3538 2926 3777 2982 necdum

2172 3012 2325 3067 fandi
2350 3012 2572 3084 peritus,
2607 3011 2749 3067 ﬁlius
2804 3012 3058 3068 videlicet
3105 3012 3349 3081 ejusdem
3379 3013 3559 3069 fratris
3596 3015 3777 3071 nostri

2170 3098 2346 3173 (125):
2383 3102 2483 3159 Hic
2527 3101 2798 3157 similibus
2851 3116 2953 3173 per
2981 3100 3166 3157 omnia
3211 3100 3369 3157 nobis
3411 3102 3780 3174 applaudebat

2170 3190 2431 3260 motibus,
2465 3190 2540 3245 ita
2566 3198 2623 3245 ut
2649 3189 2907 3245 dimissus
2935 3204 2970 3244 a
2997 3189 3229 3256 nutrice,
3280 3198 3335 3245 et
3380 3207 3543 3262 super
3570 3191 3777 3248 lectum

2169 3288 2414 3335 nostrum
2487 3280 2783 3351 expositus,
2844 3278 2986 3334 inter
3042 3278 3261 3350 gaudia,
3322 3296 3442 3351 quae
3517 3281 3775 3349 ducebat,

2169 3369 2330 3424 etiam
2386 3368 2697 3425 caehinnari
2746 3367 3147 3441 quodammodo
3195 3383 3361 3440 supra
3389 3368 3536 3426 vires
3564 3378 3776 3429 natura

2170 3466 2511 3515 cerneretur.

1761 3793 2019 3865 Expiicit
2052 3792 2190 3849 liber
2222 3794 2449 3849 tertius.

1565 3969 2009 4034 PROLOGUS
2050 3970 2272 4031 LIBRI
2315 3968 2643 4041 QUARTI.
2668 3984 2675 3991 '

529 4159 597 4216 Ut
625 4166 806 4215 autem
832 4158 1094 4230 temporis
1121 4158 1260 4214 serie
1290 4154 1570 4230 paululum
1609 4157 1915 4213 intermissa
1951 4173 2053 4229 pro
2154 4124 2213 4215 in
2244 4155 2483 4228 quolibet
2512 4155 2681 4213 atatis
2711 4155 2886 4230 gradu
2915 4155 3269 4214 existentibus
3300 4159 3465 4216 etiam
3494 4159 3611 4233 ipse
3640 4177 3769 4233 pro-

458 4258 675 4306 aetatum
703 4249 890 4305 ordine
920 4249 1097 4304 adhuc
1145 4248 1283 4303 sicut
1313 4247 1595 4318 coapimus,
1630 4262 1805 4318 pauca
1842 4246 2054 4302 refera-

455 4356 595 4406 mus,
629 4345 753 4410 post
786 4346 1031 4394 exactam
1089 4335 1370 4401 infantilis,
1404 4351 1506 4392 nec
1559 4351 1670 4391 non
1700 4335 1801 4391 avi
1831 4335 2056 4407 puerilis

453 4428 752 4497 historiam,
785 4426 1213 4483 adolescentium
1262 4432 1346 4480 est
1399 4424 1623 4480 intentio
1652 4423 1894 4479 breviter
1921 4426 2057 4479 sub-

452 4517 738 4583 nectenda,
775 4515 961 4587 sicque
990 4531 1087 4586 per
1128 4513 1539 4570 succedentium
1593 4513 1798 4585 gradus
1843 4520 2057 4568 aetatum

451 4622 626 4677 usque
654 4605 724 4661 ad
753 4612 1087 4660 mortuorum
1109 4602 1398 4674 exsequias
1426 4601 1667 4657 narratio
1687 4601 2055 4669 extendendo,

451 4693 509 4748 in
551 4709 782 4766 quorum
824 4691 1242 4764 diligentissima
1287 4690 1655 4759 exsecutione,
1688 4698 1811 4760 post
1839 4690 2061 4745 Tobiam

451 4798 615 4839 nemo
642 4780 906 4853 reperitur
949 4782 1267 4852 adaequasse
1296 4780 1604 4852 Hugonem,
1639 4778 1749 4850 qui,
1799 4786 1859 4833 ut
1896 4794 2063 4849 supe-

452 4872 568 4928 rius
605 4871 883 4937 innotuit,
934 4869 1147 4942 singula
1190 4869 1314 4925 vitae
1363 4885 1474 4925 suae
1520 4874 1797 4924 momenta
1868 4866 2067 4923 divinis

455 4959 821 5031 mancipando
850 4957 1136 5031 praeceptis
1162 4957 1217 5014 id
1240 4958 1360 5028 jure
1387 4955 1703 5030 promeruit,
1735 4962 1793 5011 ut
1824 4954 2069 5027 pluribus

2154 4245 2316 4299 desse
2345 4245 2624 4301 valuisset.
2672 4245 2869 4301 Factus
2929 4262 3058 4303 vero
3082 4247 3195 4317 jam
3250 4249 3422 4305 aetatis
3460 4250 3686 4322 integrae
3714 4260 3771 4308 et

2154 4332 2449 4405 pontiﬁcali
2476 4333 2651 4390 otiicio
2672 4334 2982 4406 insignitus,
3017 4337 3347 4407 sepeliendis
3385 4339 3609 4395 mortuis
3638 4347 3765 4395 tan-

2156 4430 2268 4478 tam
2297 4423 2446 4478 visus
2468 4432 2551 4479 est
2598 4423 3019 4480 sollicitudinem
3054 4425 3409 4498 impendisse,
3443 4436 3501 4483 ut
3545 4429 3765 4485 miseri—

2160 4512 2361 4568 cordia‘
2380 4512 2541 4583 hujus
2569 4512 2797 4585 praemio
2824 4513 2881 4568 in
2910 4512 3151 4570 futurum
3198 4516 3459 4587 reposito,
3493 4518 3595 4573 sub
3624 4535 3768 4590 prae-

2160 4600 2299 4657 senti
2328 4616 2546 4675 quoque
2601 4611 2846 4673 tempore
2903 4602 3165 4675 singulari
3213 4604 3507 4662 donaretur
3548 4608 3766 4664 ‘bonore

2163 4690 2475 4762 sepulturas.
2508 4691 2680 4761 (126).
2713 4690 2872 4759 Quod
2901 4699 3026 4750 tunc
3054 4694 3269 4765 plenius
3298 4695 3529 4751 Domino
3550 4696 3765 4753 favente

2165 4787 2481 4850 exponetur,
2514 4795 2640 4837 eum
2669 4787 2859 4852 quarto
2887 4782 3015 4839 huic
3033 4791 3195 4855 atque
3232 4784 3529 4855 penultimo
3574 4794 3765 4857 gesto-

2166 4884 2289 4922 rum
2318 4867 2465 4923 illius
2493 4868 2636 4924 libro
2671 4868 2981 4941 imponetur
3007 4880 3176 4941 meta,
3208 4873 3360 4944 cujus
3391 4874 3617 4931 exordio
3661 4874 3760 4931 ista

2170 4955 2419 5012 duximus
2465 4956 2819 5030 praelibanda.

1818 5135 2075 5207 Expiicit
2102 5135 2388 5208 prologus.

529 5317 667 5385 (125)
702 5316 841 5370 Circa
882 5316 1136 5385 parvulum
1172 5316 1260 5385 (hic
1301 5315 1501 5366 narrata
1541 5312 1761 5385 evenisse
1799 5313 2059 5385 postremis

462 5381 574 5438 vita:
599 5381 656 5437 S.’
678 5384 892 5450 Hugonis
923 5385 1065 5436 annis
1088 5383 1304 5434 insinuat
1327 5385 1517 5446 auctor,
1542 5381 1656 5433 dum
1680 5394 1735 5432 se
1778 5395 1836 5434 ea
1879 5382 2058 5433 vidisse

460 5457 662 5581 ³δὶῗὲἓί
703 5516 1053 5571 Vemsimiliter
1081 5529 1179 5567 uno
1220 5529 1279 5568 ex
1317 5516 1460 5567 annis
1517 5514 1846 5568 bissextilibus
1904 5515 2053 5579 1180,

461 5590 545 5639 aut
570 5588 720 5650 1184,
746 5598 842 5649 quo
864 5584 1049 5647 priores
1071 5583 1214 5648 Angli
1251 5583 1314 5634 ad
1352 5584 1576 5647 generale
1599 5585 1863 5648 capitulum
1886 5584 2056 5636 venire

462 5654 824 5728 οδῖίβέἓδῐὲίβῐὲ
995 5716 1008 5728 .
1124 5717 1137 5728 .
1210 5718 1242 5728 ..
1412 5706 1442 5728 κ

528 5720 668 5786 (125)
696 5716 1072 5781 Distinguendus
1092 5717 1156 5770 ab
1180 5718 1343 5772 altero
1381 5716 1599 5782 ejusdem
1625 5717 1792 5773 fratris
1823 5718 1898 5772 sui
1936 5716 2054 5783 tilio,

2157 5326 2302 5383 quem
2331 5311 2425 5379 (uti
2466 5315 2554 5367 lib.
2599 5328 2667 5379 v,
2702 5329 2749 5366 c.
2797 5314 2897 5380 20,
2941 5316 3136 5381 legitur)
3179 5319 3232 5370 S.
3274 5318 3412 5383 nugo
3453 5332 3581 5371 anno
3627 5318 3751 5370 1230

2155 5380 2419 5450 baptizavit
2452 5395 2656 5446 puerum
2695 5387 2983 5446 septennem
3005 5423 3020 5439 .
3065 5384 3178 5436 dum
3225 5380 3445 5449 illefde
3476 5399 3571 5450 quo
3616 5388 3753 5439 modo

2154 5451 2334 5512 agitur,
2362 5449 2423 5499 ad
2449 5450 2609 5501 minus
2633 5451 2878 5501 sexdecim
2903 5464 3141 5503 annorum
3167 5453 3314 5503 fuerit
3333 5466 3460 5503 anno
3487 5449 3635 5504 1200.

2225 5514 2364 5582 (126)
2392 5518 2461 5567 De
2482 5518 2732 5585 sepultura
2758 5522 2928 5570 sancto
2954 5518 3172 5570 exhibita
3204 5520 3390 5583 prolixe
3429 5522 3590 5585 agitur
3629 5522 3752 5572 intra

2155 5581 2243 5652 lib.
2292 5596 2357 5652 v,
2388 5597 2434 5652 c.
2478 5584 2541 5652 27
2590 5588 2639 5634 et
2676 5584 2760 5647 28,
2806 5598 2893 5649 per
2932 5588 3108 5637 totum.
3152 5581 3221 5638 De
3267 5588 3441 5639 eadem
3462 5581 3755 5652 'Radulpbus

2155 5650 2460 5713 Coggeshale
2482 5651 2533 5700 in
2558 5652 2788 5702 chronica
2827 5652 3080 5715 anglicano
3117 5665 3146 5704 a
3188 5655 3403 5706 Martene
3438 5657 3489 5707 et
3524 5650 3747 5708 Durando

2159 5718 2387 5781 evulgato
2412 5720 2452 5768 t.
2476 5716 2536 5781 V,
2561 5729 2701 5770 novae
2725 5717 2902 5772 collect
2918 5757 2933 5785 ,
2960 5720 3176 5774 column.
3203 5721 3320 5773 866.
