3938 6406
94 339 120 392 1
132 338 242 392 005

1464 333 1648 389 VITA.
1688 362 1758 373 —
1798 332 1927 389 LIB.
1967 332 2059 389 IV.

3275 332 3413 388 1006

1271 826 1608 912 LIBER
1676 824 2199 926 QUARTUS

640 1335 865 1392 CAPUT
893 1335 1182 1392 PRIMUM.

109 1446 184 1495 De
207 1446 419 1498 Martini
447 1445 603 1496 nostri
626 1445 850 1507 [lagonis
873 1444 1128 1495 scriniarii
1154 1444 1395 1502 tonsione,
1423 1442 1487 1491 ad
1514 1439 1721 1503 religio-

336 1526 444 1564 nem
470 1513 809 1575 conversione,
836 1517 887 1563 et
908 1512 1209 1573 profectione
1232 1512 1283 1561 in
1308 1510 1492 1559 eadem.

178 1614 559 1684 Deputaverat
616 1612 877 1668 custodiae
937 1610 1327 1683 pontificalium
1395 1608 1720 1665 scriniorum

107 1702 448 1757 reverendus
495 1702 722 1757 antistes
750 1701 906 1774 Hugo
948 1704 1202 1769 juvenem
1250 1698 1562 1771 quemdam,
1596 1712 1721 1751 mo—

106 1791 329 1845 destum
382 1791 601 1862 quidem
644 1790 887 1845 moribus
918 1798 969 1845 et
1017 1789 1297 1860 pudicum,
1331 1788 1428 1843 sed
1472 1786 1722 1843 vanitatis

105 1880 408 1935 mundanae
436 1896 546 1935 non
573 1879 734 1951 plene
781 1895 1032 1945 vacuum,
1061 1877 1349 1933 Martinum
1390 1877 1629 1932 nomine.
1664 1876 1724 1929 In

108 1968 329 2024 scriniis
387 1977 565 2024 autem
608 1984 742 2024 vasa
789 1975 841 2023 et
889 1967 1231 2032 vestimenta,
1272 1966 1485 2038 aliaque
1532 1965 1723 2034 hujus-

107 2058 261 2112 modi
292 2073 468 2125 sacra,
502 2074 736 2129 quorum
763 2057 817 2110 in
848 2056 1035 2111 altaris
1082 2055 1381 2111 ministerio
1425 2071 1557 2108 usus
1585 2061 1719 2122 erat,

109 2146 562 2203 continebantur.
597 2146 764 2201 Moris
801 2153 982 2200 autem
1014 2152 1130 2200 erat
1153 2146 1347 2199 horum
1365 2144 1651 2199 custodem
1672 2150 1726 2197 et

109 2236 380 2305 bajulum,
415 2235 663 2307 quamvis
713 2234 930 2302 laicum,
965 2241 1144 2289 tamen
1192 2233 1316 2305 quia
1355 2232 1496 2287 inter
1543 2232 1724 2287 eccle-

114 2326 336 2381 siastica
389 2324 711 2380 versabatur
737 2339 859 2380 cum
893 2322 1109 2379 clericis
1157 2322 1479 2389 ministeria,
1514 2320 1725 2376 tonderi

112 2422 170 2469 ut
199 2414 491 2479 clericum,
526 2420 577 2467 et
608 2412 840 2468 tunicam
871 2412 1102 2483 propriis
1132 2411 1374 2466 vestibus
1405 2409 1725 2481 superindu-

114 2512 228 2559 tum
257 2504 465 2558 lineam
497 2501 716 2557 creditis
748 2501 850 2555 sibi
881 2500 1159 2557 deservire
1190 2500 1493 2571 obsequiis.
1538 2498 1723 2553 Marti-

114 2610 215 2647 nus
237 2592 369 2648 huic
401 2592 470 2646 de
500 2591 703 2647 recenti
726 2591 1053 2661 subrogatus
1080 2588 1256 2645 officio
1280 2590 1583 2644 tonsionem
1608 2604 1725 2642 sus-

116 2682 305 2753 cipere
327 2680 553 2750 jubetur
589 2680 657 2734 ab
698 2680 979 2750 episcOpo.
1013 2677 1186 2747 Quam
1214 2678 1304 2732 ille
1324 2677 1499 2732 triduo
1532 2677 1798 2752 jussio—B

112 2787 261 2839 nem,
286 2770 499 2842 pudore
520 2768 815 2824 obsistente
837 2784 944 2823 non
975 2768 1140 2834 bono,
1161 2766 1367 2821 distulit
1398 2766 1719 2837 adimplere,

115 2859 285 2915 variis
306 2876 412 2930 per
432 2858 551 2913 dies
580 2858 828 2931 singulos
850 2856 1286 2913 excusationibus
1320 2856 1502 2911 velare
1524 2854 1722 2920 nitens,

115 2964 241 3005 cum
275 2956 624 3022 argueretur,
659 2946 847 3002 omissi
877 2945 1136 3018 praecepti
1164 2944 1524 3001 voluntariam
1552 2944 1621 2999 ob
1651 2944 1728 2998 in-

116 3037 513 3093 obedientiam.
547 3037 662 3093 Hoc
688 3037 980 3107 episcopus
1027 3036 1320 3091 advertens
1357 3041 1727 3105 reportantem

117 3127 186 3183 ab
218 3126 460 3184 ecclesia
482 3126 716 3197 quadam
746 3125 834 3180 die
852 3133 975 3196 post
1005 3124 1202 3178 missas
1233 3122 1434 3179 scrinia
1454 3123 1725 3190 observat,

120 3233 357 3289 eumque
401 3215 459 3269 in
500 3214 811 3270 ulteriorem
858 3222 1076 3270 secutus
1124 3213 1408 3280 exedram,
1458 3211 1728 3269 cincinnio

118 3306 220 3379 [aL
255 3304 493 3376 cicinno]
525 3304 717 3375 capitis
747 3303 890 3358 illius
918 3302 1121 3374 digitos
1150 3302 1466 3358 innectens:
1506 3324 1527 3350 α
1562 3302 1723 3366 Ecce,

121 3397 216 3462 ait,
252 3394 385 3467 quia
414 3402 693 3449 tonsorem
723 3409 833 3448 non
879 3392 1146 3463 reperisti,
1183 3391 1275 3464 qui
1305 3390 1604 3447 ordinatam
1635 3389 1731 3444 tibi

122 3485 283 3541 faciat
312 3492 618 3546 tonsuram,
652 3498 755 3555 ego
788 3482 905 3553 ipse
935 3482 1170 3537 tondebo
1203 3490 1275 3536 te.
1314 3502 1335 3531 ι
1371 3482 1499 3537 Hinc
1520 3480 1727 3547 dicens,

124 3574 356 3645 sumptis
386 3572 685 3644 forcipibus
708 3571 984 3627 caesariem
1025 3570 1169 3625 illius
1198 3570 1255 3624 in
1283 3570 1572 3625 rotundum
1617 3569 1731 3625 cir-

125 3662 405 3719 cumcidit.
457 3659 575 3730 Quo
617 3660 780 3728 facto,
840 3671 966 3715 m0x
1009 3658 1332 3729 juvenculus
1370 3660 1426 3714 in
1457 3659 1732 3731 lacrymas

124 3751 403 3806 resolutus
424 3750 656 3822 genibus
682 3748 853 3804 sancti
871 3748 1223 3820 provolvitur,
1241 3748 1731 3821 constringensque

124 3840 381 3895 manibus
424 3838 631 3894 fortiter
677 3838 846 3909 pedes
895 3838 1031 3907 ejus.
1070 3860 1091 3885 α
1124 3836 1374 3907 Domine,
1407 3837 1599 3909 inquit,
1633 3853 1733 3907 per

128 3928 570 3985 misericordiam
601 3927 701 3982 Dei
730 3928 922 3997 adjuro
950 3944 1067 3994 vos,
1092 3934 1148 3982 ut
1177 3926 1407 3982 audiatis
1436 3941 1735 3997 parumper

126 4036 233 4073 me.
268 4018 413 4087 Quia
446 4017 588 4072 enim
619 4017 840 4071 dextera
867 4024 1061 4071 vestras
1092 4016 1392 4070 sanctitatis
1423 4015 1587 4086 capiti
1612 4029 1733 4069 meo

129 4108 344 4180 signum
378 4106 598 4161 abstulit
635 4106 922 4161 mundanae
950 4104 1220 4171 vanitatis,
1255 4120 1373 4171 oro,
1409 4112 1669 4176 quatenus
1704 4120 1733 4157 a

128 4196 316 4251 mundi
367 4197 525 4265 hujus
554 4194 762 4267 laqueis
809 4194 1026 4265 penitus
1070 4211 1156 4249 me
1200 4194 1484 4249 absolvere
1531 4193 1728 4248 velitis.

127 4287 263 4341 Nam
295 4300 491 4340 revera
536 4292 808 4355 amputata
838 4300 935 4355 per
962 4299 1156 4338 manus
1197 4290 1409 4338 vestras
1440 4298 1599 4337 coma
1624 4298 1731 4337 sae-

130 4374 329 4431 cularis
361 4389 516 4428 meas
546 4373 768 4427 ulterius
806 4373 1047 4428 cervices
1079 4372 1300 4427 minime
1329 4371 1723 4442 praegravabit.

128 4465 196 4519 Ut
227 4480 445 4536 quoque
476 4462 807 4533 propositum
840 4462 1037 4517 mentis
1065 4478 1165 4533 per
1192 4477 1385 4516 manus
1418 4468 1611 4516 vestra:
1642 4460 1735 4514 ob-

131 4554 381 4625 sequium
413 4551 624 4608 caelitus
670 4551 802 4606 mihi
848 4551 1171 4622 inspiratum
1217 4548 1555 4605 manifestius
1593 4565 1731 4620 pan-

131 4642 276 4713 dam,
309 4640 464 4697 viluit
513 4640 644 4695 mihi
684 4656 908 4711 prorsus
953 4641 1057 4696 hoc
1086 4656 1319 4711 nequam
1368 4638 1647 4707 saeculum,
1681 4645 1733 4692 et

132 4738 324 4802 appeto
356 4731 737 4785 monachatum
759 4748 771 4784 :
797 4731 912 4784 Deo
942 4728 996 4783 in
1016 4737 1297 4800 posterum
1326 4745 1413 4783 me
1444 4735 1618 4782 totum
1645 4726 1734 4782 de-

133 4836 325 4887 voveo,
359 4827 413 4875 et
446 4818 630 4874 szeculi
659 4835 724 4873 ex
754 4825 865 4873 toto
886 4818 1100 4889 pompis
1131 4817 1401 4873 renuntio.
1426 4818 1733 4887 Prosequa-

134 4916 236 4977 tur,
268 4911 523 4976 obsecro,
546 4908 719 4980 gratia
748 4915 948 4973 vestra,
976 4922 1081 4979 qua
1097 4924 1197 4978 per
1224 4923 1322 4962 vos
1343 4905 1516 4961 merui
1527 4921 1734 4977 praeve-

134 4998 235 5052 niri
264 4998 444 5072 gratia
474 4998 594 5062 Dei,
626 5004 684 5051 ut
713 5004 764 5052 et
805 4996 922 5068 ipsa
953 5003 1314 5068 prosequatur
1358 5012 1446 5050 me
1477 5011 1597 5067 qua}
1618 4996 1734 5063 jam

133 5087 393 5159 praevenit
420 5086 673 5141 omnibus
701 5085 895 5141 diebus
924 5086 1048 5142 vita
1076 5102 1233 5141 meae.
1264 5086 1367 5141 Per
1393 5101 1491 5140 vos
1519 5083 1737 5157 religio-

134 5177 217 5232 nis
238 5193 450 5233 merear
472 5176 752 5247 suscipere
771 5184 1002 5243 vestem,
1020 5191 1121 5246 per
1141 5191 1303 5246 quem
1323 5174 1486 5230 modo
1518 5172 1737 5243 suscepi

137 5266 523 5322 characterem.
563 5286 585 5314 ν
622 5264 763 5333 Quid
815 5264 1028 5319 multa?
1085 5264 1219 5319 Cum
1275 5263 1563 5335 episcopus
1618 5262 1735 5316 haec

139 5354 290 5425 quasi
317 5354 459 5409 dicta
487 5354 715 5425 puerilia
745 5354 967 5411 duceret
995 5369 1057 5409 ac
1078 5352 1421 5426 negligenter
1439 5352 1729 5423 acciperet,

1736 1331 1787 1391 A
1810 1331 1925 1401 jam
1958 1339 2301 1387 comesturus
2330 1331 2401 1386 ad
2450 1330 2763 1388 triclinium.
2796 1332 2864 1386 At
2895 1330 3105 1386 caeteris
3143 1330 3419 1388 vescenti-

1819 1420 1922 1475 bus
1950 1421 2088 1476 edax
2117 1420 2373 1476 desiderii
2406 1420 2625 1476 ﬂamma
2654 1420 2987 1492 depascebat
3026 1420 3245 1476 Martini
3272 1437 3421 1492 prae-

1821 1509 2028 1575 cordia,
2062 1510 2200 1565 adeo
2242 1518 2300 1565 ut
2339 1509 2429 1564 vix
2475 1510 2794 1583 contingere
2842 1509 3113 1565 sineretur
3154 1526 3423 1581 corporea

1822 1598 2099 1665 alimenta,
2134 1616 2247 1670 prae
2278 1599 2472 1653 interni
2503 1598 2713 1654 ardoris
2744 1614 2851 1671 quo
2881 1598 3194 1655 medullitus
3220 1607 3423 1655 aestua-

1822 1687 1912 1741 bat
1941 1688 2303 1743 vehementia.
2336 1688 2510 1742 Finito
2542 1688 2707 1760 igitur
2738 1688 2988 1744 convivio
3025 1689 3236 1745 accedit
3265 1706 3424 1745 seor-

1824 1793 1942 1831 sum
1973 1777 2041 1831 ad
2062 1785 2285 1833 cunctos
2320 1776 2654 1847 singillatim,
2679 1793 2816 1848 quos
2846 1775 2901 1831 in
2922 1776 3017 1831 tali
3046 1777 3303 1833 censebat
3330 1795 3426 1834 ne-

1824 1866 1972 1937 gotio
2003 1866 2180 1937 magis
2210 1865 2549 1921 exaudibiles
2596 1864 2711 1920 fore
2741 1866 3019 1936 episcopo.
3053 1865 3299 1935 Quorum
3330 1883 3426 1938 pe-

1824 1955 1984 2009 dibus
2030 1954 2332 2025 advolutus,
2383 1970 2564 2020 aures,
2593 1953 2804 2010 animos
2852 1952 3187 2027 affectusque
3236 1971 3429 2011 eorum

1826 2043 2152 2116 singultibus
2172 2044 2369 2115 pulsat,
2393 2051 2575 2099 movet
2594 2043 2870 2115 precibus,
2897 2051 2949 2098 et
2978 2043 3193 2099 ﬂetibus
3223 2044 3425 2115 pietate

1825 2132 2002 2203 plenis
2030 2132 2271 2199 inclinat,
2306 2141 2365 2187 ut
2386 2129 2631 2187 aestuanti
2660 2148 2830 2203 penes
2878 2131 3196 2203 episcopum
3229 2132 3426 2189 suﬂra-

1826 2222 1917 2294 gia
1938 2220 2239 2287 conferant,
2263 2236 2370 2293 quo
2390 2237 2491 2293 per
2508 2236 2632 2277 eum
2667 2219 2920 2275 salutaris
2953 2220 3215 2277 desiderii
3235 2238 3428 2279 conse-

1826 2318 2020 2381 quatur
2048 2309 2321 2366 effectum.

1896 2400 1957 2453 In
1987 2398 2181 2453 talibus
2210 2414 2343 2455 vero
2374 2398 2567 2454 diebus
2587 2400 2885 2470 persistens
2905 2399 3215 2456 indefessus
3231 2408 3280 2456 et
3302 2416 3428 2457 noc-

1827 2488 1985 2558 tibus,
2019 2488 2235 2542 tandem
2263 2495 2387 2558 post
2437 2487 2676 2542 triduum
2722 2488 2954 2543 obtinuit
2998 2489 3143 2561 quod
3174 2506 3429 2561 perseve-

1824 2584 2010 2631 ranter
2056 2575 2365 2647 postulavit.
2414 2576 2642 2648 Expiata
2699 2576 2969 2648 siquidem
3012 2577 3262 2634 triduana
3312 2580 3430 2649 ejus

1826 2664 2189 2720 inobedientia
2238 2681 2303 2720 ex
2332 2664 2528 2731 dilatae,
2562 2680 2671 2720 non
2709 2664 2907 2721 minori
2953 2674 3219 2738 tempore,
3254 2683 3428 2724 exau-

1827 2754 2043 2809 ditionis
2089 2769 2262 2821 mora,
2298 2753 2477 2809 sciens
2523 2752 2608 2808 vir
2654 2753 3111 2811 clementissimus
3160 2764 3427 2828 tempera-

1827 2852 2067 2898 mentum
2100 2842 2488 2899 misericordiaa
2518 2858 2648 2913 suae,
2681 2842 2806 2899 fecit
2837 2844 2908 2900 ad
2935 2861 2993 2899 se
3036 2845 3297 2901 accersiri
3326 2863 3427 2902 ve-

1828 2932 2127 2987 nerabilem
2158 2932 2354 2999 virum,
2387 2931 2630 3003 priorem
2676 2931 2860 2988 Sancti
2887 2934 3085 2989 Neothi
3115 2933 3263 3006 (127)
3290 2953 3304 3003 ;
3336 2942 3428 2991 ut-

1829 3036 1934 3093 que
1965 3020 2313 3077 absolvamus
2344 3020 2668 3092 compendio
2690 3020 2838 3093 quod
2868 3030 3084 3095 gestum
3113 3030 3213 3092 est,
3239 3030 3430 3080 sancto

1829 3110 1992 3165 coetui
2049 3110 2294 3179 ejusdem
2341 3108 2493 3166 cellae
2552 3126 2709 3165 suum
2763 3111 3054 3166 Martinam
3108 3111 3430 3168 favorabili-

1778 3206 1783 3211 ‘
1829 3206 1913 3255 ter
1960 3199 2159 3255 sociari
2202 3199 2356 3271 petiit
2405 3207 2457 3254 et
2497 3199 2825 3271 impetravit.
2878 3200 3227 3273 Compertam
3268 3218 3432 3259 nam-

1832 3305 1939 3361 que
1977 3304 2010 3343 a
2047 3288 2482 3360 praecedentibus
2520 3289 2678 3343 annis
2742 3290 3095 3346 Beccensium
3160 3291 3429 3349 habuerat

1831 3377 1975 3433 idem
2027 3378 2243 3446 juvenis
2299 3377 2625 3434 laudabilem
2699 3394 2927 3449 prorsus
2999 3379 3390 3437 institutionem
3414 3426 3428 3450 ,

1831 3483 1933 3524 nec
1962 3483 2071 3522 non
2103 3475 2154 3522 et
2184 3467 2488 3523 ordinatam
2532 3466 2749 3524 familias
2776 3468 2947 3524 sancti
2972 3469 3170 3524 Neothi
3201 3485 3431 3528 conver-

1833 3555 2119 3612 sationem.
2151 3556 2305 3612 Unde
2352 3555 2693 3628 professione
2739 3556 2882 3611 illius
2911 3557 3161 3631 astringi,
3184 3558 3274 3613 isti
3302 3576 3432 3617 vero

1831 3644 2147 3701 habitationi
2175 3645 2529 3717 praeelegerat
2558 3645 2834 3719 conjungi.
2897 3646 2994 3701 Cui
3027 3647 3280 3718 provisor
3308 3648 3432 3720 pius

1834 3742 1888 3790 et
1917 3734 2170 3789 vestitum
2200 3735 2424 3791 contulit
2452 3734 2787 3809 regularem,
2820 3743 2874 3790 et
2898 3735 3043 3791 diem
3073 3737 3435 3809 susceptionis

1833 3824 1977 3879 illius
2006 3824 2075 3879 ad
2103 3824 2345 3879 habitum
2375 3841 2586 3880 sacrum
2620 3824 2852 3881 solemni
2881 3824 3179 3883 refectione
3216 3827 3436 3885 univcr-

1835 3912 1911 3968 sis
1941 3912 2196 3968 fratribus
2226 3913 2602 3969 exsultabilem
2631 3912 2778 3970 fecit.

1906 4015 2170 4070 Martinus
2218 4033 2369 4083 vero,
2416 4033 2535 4089 quae
2582 4016 2683 4071 Dei
2733 4024 2854 4072 sunt
2881 4032 2992 4073 non
3028 4018 3209 4075 minus
3255 4018 3436 4078 facere

1835 4120 1998 4177 quam
2029 4104 2171 4161 scire
2213 4104 2619 4176 infatigabiliter
2664 4106 2908 4173 studens,
2952 4118 3321 4181 prosequente
3346 4111 3437 4182 pia

1834 4194 1951 4263 ejus
1980 4202 2105 4248 vota
2134 4193 2312 4266 gratia
2341 4193 2558 4260 Christi,
2592 4193 2646 4248 in
2675 4194 2916 4251 bonitate
2956 4203 3009 4250 et
3038 4196 3345 4269 disciplina,
3378 4199 3434 4254 in

1834 4282 2057 4338 scientia
2088 4282 2226 4336 adeo
2255 4281 2310 4335 in
2339 4282 2491 4337 brevi
2519 4281 2746 4352 profecit
2777 4291 2832 4338 ut
2860 4284 3114 4339 omnibus
3154 4286 3271 4355 ejus
3299 4303 3436 4358 pro-

1832 4371 2005 4427 fectus
2027 4370 2187 4426 etiam
2217 4370 2511 4425 imitandus
2532 4387 2656 4426 esse
2684 4381 3017 4428 censeretur.
3052 4372 3224 4443 Quem
3244 4384 3439 4446 postea

1832 4462 1899 4515 ad
1931 4460 2354 4515 subdiaconatus
2384 4459 2611 4532 gradum
2639 4460 2891 4516 nutritius
2922 4478 3054 4517 suus
3082 4479 3207 4518 cum
3236 4465 3436 4535 gaudio

1831 4550 2039 4622 ingenti
2082 4548 2373 4620 promovit.
2408 4550 2537 4603 Erat
2568 4548 2788 4620 quidem
2818 4549 2874 4603 in
2901 4565 2967 4605 eo
3007 4551 3218 4607 cunctis
3260 4553 3435 4609 mira-

1832 4639 1960 4705 bile,
1994 4638 2138 4711 quod
2165 4637 2221 4692 in
2249 4638 2543 4709 semetipso
2588 4637 2879 4710 unicuique
2908 4639 3195 4696 videbatur
3221 4641 3435 4713 impos-

1832 4727 2007 4796 sibile,
2030 4735 2084 4781 ut
2114 4727 2168 4781 in
2196 4734 2356 4783 aetate
2396 4726 2602 4783 scilicet
2624 4728 2738 4797 jam
2766 4729 3107 4799 provectiore
3147 4737 3296 4786 tanto
3326 4731 3435 4789 cito

1833 4816 2038 4872 litteras
2070 4815 2224 4871 scivit
2254 4832 2392 4889 quas
2420 4815 2476 4870 in
2502 4816 2864 4873 tenerioribus
2893 4817 3050 4873 annis
3094 4818 3317 4876 minime
3343 4819 3434 4875 di-

1835 4906 2075 4962 dicisset.
2132 4908 2201 4960 At
2255 4905 2518 4960 Martinus
2564 4906 2945 4962 admirantium
3002 4906 3271 4977 laudibus,
3326 4925 3435 4966 non

1836 4995 1977 5061 dico,
2008 5011 2118 5050 non
2148 4995 2527 5064 extollebatur,
2556 4994 2665 5051 imo
2710 5012 2814 5052 nec
2844 4996 3064 5069 quidem
3094 4997 3284 5054 leviter
3311 5015 3437 5055 mo-

1835 5085 2079 5150 vebatur,
2110 5084 2240 5156 quin
2270 5084 2450 5155 potius
2480 5100 2696 5141 coaevos
2726 5092 2780 5141 et
2807 5085 3134 5142 consodales
3164 5088 3437 5159 quondam

1832 5190 1964 5229 suos
2009 5171 2339 5228 ﬁrmissimis
2387 5173 2688 5229 rationibus
2736 5173 2999 5247 arguebat
3042 5176 3318 5247 vanitatis,
3370 5179 3440 5234 ad

1834 5262 2068 5319 studium
2097 5278 2191 5319 eos
2212 5262 2448 5318 invitans
2468 5263 2591 5319 vita:
2620 5263 2988 5320 correctioris.
3016 5264 3249 5339 Rogavit
3276 5267 3439 5324 etiam

1833 5350 2173 5423 pontificem,
2235 5360 2498 5424 quatenus
2552 5369 2584 5407 a
2641 5353 2873 5409 Domino
2926 5354 3121 5411 abbate
3178 5356 3442 5414 Beccensi

136 5419 512 5500 dissimulabat
535 5442 813 5515 quidpiam
843 5443 1052 5499 referre
1098 5419 1322 5508 auditis,
1355 5419 1729 5513 processitque
1760 5419 1815 5480 Ῑ)
1834 5419 1951 5496 suis
1977 5419 2300 5514 dignaretur
2328 5440 2578 5513 precibus
2605 5442 2873 5514 obtinere,
2897 5449 2956 5497 ut
2982 5443 3051 5499 ad
3081 5444 3304 5501 domum
3324 5463 3441 5503 ma-

203 5622 344 5692 (127)
384 5626 437 5677 S.
482 5625 623 5676 Neoti
668 5625 912 5689 prioratus
940 5620 1198 5692 (scribitur
1227 5623 1287 5692 in
1313 5623 1538 5692 _Monas_t.
1566 5621 1734 5692 Angli-

140 5688 259 5743 cano
281 5688 387 5755 ιζι,
414 5704 464 5755 p.
492 5693 615 5756 568)
643 5692 693 5743 in
717 5692 953 5744 comitatu
994 5689 1368 5756 Huntingdonia:
1388 5728 1402 5754 ,
1429 5688 1735 5756 primo_cella

138 5758 341 5811 abbatiae
376 5753 440 5812 de
478 5753 633 5811 Becco
679 5758 731 5811 in
772 5756 1127 5812 Northmannia
1147 5793 1163 5822 ,
1190 5753 1377 5808 deinde
1420 5765 1539 5807 vero
1580 5753 1739 5806 factus

1842 5620 2089 5684 indigena.
2118 5620 2284 5689 Actori
2320 5624 2436 5689 sunt
2460 5621 2521 5672 de
2544 5622 2614 5689 ,S.
2656 5622 2846 5674 Neotho
2882 5624 3202 5686 Bollandiani,
3230 5626 3437 5689 autjam

1822 5691 2067 5755 egerunt,
2095 5688 2157 5738 ad
2180 5688 2311 5755 diem
2336 5688 2417 5755 3t
2443 5688 2577 5739 Julii.
2620 5689 2869 5741 Videndus
2906 5704 3095 5755 quoque
3132 5688 3440 5748 Mabtllonins

1848 5752 2027 5807 Annal.
2049 5755 2171 5807 tom.
2209 5754 2295 5820 Ill,
2322 5767 2373 5819 ρ.
2399 5754 2494 5807 2H
2524 5757 2575 5807 et
2609 5758 2648 5808 t.
2670 5755 2731 5822 V,
2756 5768 2808 5821 p.
2826 5752 2999 5810 321st
3020 5752 3140 5811 320.
