3938 6412
513 366 651 419 100⁸7

1365 361 1428 415 S.
1477 358 1794 416 HUGONIS
1831 355 2053 413 EPISC.
2095 352 2420 411 LINCOLN.
2464 352 2630 410 0RD.
2673 352 2927 409 CARTH.

3691 352 3840 404 1008

508 488 696 545 tricem
728 488 876 559 (-128)
906 486 975 542 de
1006 488 1181 542 Bocco
1210 484 1463 541 veniendi
1492 493 1543 540 et
1573 483 1627 539 in
1656 500 1719 539 ea
1748 482 1947 539 diutius
1971 499 2103 553 per-
2127 487 2179 547 Α
2209 496 2417 547 eorum,
2471 478 2870 550 conﬁguratum
2916 475 3131 548 corpori
3179 474 3437 532 claritatis
3482 491 3596 531 suae
3642 475 3837 547 (Phil.

510 576 736 633 sistendi
765 575 924 647 c0pia
954 575 1180 630 daretur
1211 574 1333 643 sibi,
1369 590 1477 645 quo
1507 573 1647 630 sacri
1688 573 1896 628 ordinis
1925 570 2108 643 perfe-

509 667 646 724 ctius
675 665 1062 721 informaretur
1102 663 1462 731 cmremoniis,
1496 670 1548 718 et
1573 662 2104 733 probatissimorum,

509 772 644 828 quos
673 754 744 809 ibi
783 771 905 809 esse
953 762 1194 816 noverat,
1246 753 1459 824 plenius
1507 752 1868 807 instrueretur
1914 767 2106 805 mona-

508 846 734 901 chorum
766 843 1049 914 exemplis.
1083 843 1421 898 Consecutus
1452 851 1535 897 est
1563 850 1743 897 autem
1780 848 1903 912 post
1934 839 2107 895 modi-

506 950 629 990 cum
660 941 874 1004 tempus
900 932 1203 987 interventu
1235 931 1485 1002 praesulis
1514 931 1618 1001 pize
1646 931 1804 1000 hujus
1832 928 2107 1000 petitionis

507 1021 780 1079 effectum.
815 1023 893 1076 De
926 1021 1078 1090 cujus
1108 1021 1257 1093 (129)
1287 1037 1462 1092 nuper
1499 1018 1915 1076 conversatione
1943 1025 1995 1073 et
2025 1017 2107 1071 in-

505 1112 728 1177 dustria,
754 1119 861 1165 tam
892 1110 963 1166 ab
994 1109 1164 1182 ipsius
1181 1110 1378 1164 abbate
1406 1126 1565 1181 quam
1581 1109 1649 1163 ab
1679 1108 1818 1176 aliis,
1842 1107 2107 1179 pleraque

506 1200 793 1258 didicimus
824 1199 954 1255 satis
982 1198 1454 1256 commendabilia.

1145 1324 1369 1380 CAPUT
1399 1323 1465 1377 II.

505 1434 579 1483 De
618 1434 783 1484 osculo
826 1434 1129 1495 leprosorum
1176 1432 1313 1494 (15οὶ
1356 1436 1405 1483 et
1442 1431 1708 1493 multiplici
1755 1430 2102 1491 consolatione,

571 1500 736 1550 verbis
780 1501 935 1551 nostri
978 1501 1200 1562 [lagonis
1227 1539 1240 1561 ,
1288 1501 1349 1549 de
1389 1500 1650 1551 dulcedine
1691 1498 2006 1558 Saluatoris,
2059 1502 2113 1546 et

572 1568 887 1629 elemosyna:
929 1568 1213 1629 largisstma
1269 1568 1639 1617 distributione.
1698 1591 1748 1602 —
1798 1566 1864 1614 Et
1903 1566 1993 1615 hoc
2031 1568 2110 1614 est

571 1634 839 1696 capitulum
862 1634 915 1684 in
939 1635 1068 1684 serie
1090 1647 1278 1699 magna”.
1307 1632 1426 1683 Vita
1458 1634 1585 1684 libro
1609 1634 1803 1695 quarto.

579 1734 725 1788 Inter
754 1733 859 1788 alia
889 1749 1024 1788 vero
1054 1733 1267 1803 pietatis
1296 1733 1534 1804 insignia
1555 1739 1810 1804 quantam
1832 1737 2106 1803 aegrotan-

504 1820 647 1876 tibus
677 1838 881 1888 curam,
917 1830 1172 1893 quantam
1202 1821 1358 1876 etiam
1390 1821 1558 1892 lepra:
1587 1821 1707 1874 tabe
1736 1819 2108 1874 laborantibus
2132 1849 2183 1908 B

507 1910 899 1983 benignitatem
920 1909 1268 1980 impenderit,
1296 1910 1418 1981 quis
1435 1910 1600 1980 digne
1617 1908 2112 1965 commemoraret?

508 1999 604 2053 His
635 1998 889 2052 nimirum
919 1999 1090 2069 pedes
1119 1997 1357 2069 propriis
1409 2015 1554 2068 szepe
1584 1997 1834 2052 manibus
1873 1996 2108 2062 diluens,

512 2095 565 2142 et
596 2094 889 2159 extergens
918 2087 1227 2158 osculisque
1256 2086 1599 2149 demulcens,
1620 2102 1870 2140 nummos
1892 2085 2114 2155 insuper

512 2174 733 2231 refectis
759 2174 882 2230 cibo
913 2183 963 2230 et
994 2184 1122 2246 potu
1153 2175 1340 2246 largiri
1371 2182 1745 2240 consueverat,
1772 2173 2113 2244 faciebatque

510 2263 645 2318 illud
676 2263 943 2319 secretius
979 2279 1161 2319 coram
1191 2264 1381 2334 paucis
1412 2264 1629 2318 arbitris
1658 2264 1714 2317 in
1762 2278 1984 2318 camera
2015 2278 2113 2316 sua

512 2352 770 2408 tredecim
805 2353 1002 2423 szepius
1033 2353 1300 2423 personis,
1361 2369 1482 2408 cum
1536 2360 1614 2407 tot
1645 2351 1872 2407 inveniri
1914 2351 2116 2423 potuis-

514 2449 634 2496 sent
662 2440 719 2495 in
747 2439 882 2497 locis
913 2441 1108 2513 quibus
1137 2440 1255 2511 ipse
1283 2440 1635 2496 interfuisset.

584 2530 754 2584 Erant
781 2537 1043 2600 praeterea
1072 2530 1126 2583 in
1159 2529 1487 2600 quibusdam
1510 2529 1688 2583 fundis
1712 2527 1972 2599 epiSCOpii
2002 2540 2116 2581 ma-

513 2617 737 2685 triculae,
770 2616 825 2671 in
856 2618 1051 2689 quibus
1082 2633 1191 2673 non
1221 2618 1378 2688 pauci
1407 2618 1567 2687 hujus
1597 2617 1775 2672 morbi
1814 2617 2116 2672 incommo-

513 2705 583 2761 do
616 2706 838 2774 detenti,
875 2714 978 2759 tam
1028 2706 1126 2760 viri
1170 2721 1335 2777 quam
1384 2704 1617 2772 feminas,
1654 2704 2110 2759 sustentabantur.

513 2794 627 2862 His,
664 2804 858 2865 praeter
899 2795 1207 2867 assignatos
1238 2812 1267 2849 a
1298 2794 1800 2866 przedecessoribus
1841 2794 1952 2848 suis
1983 2793 2115 2848 red-

512 2883 678 2948 ditus,
712 2883 860 2939 varia
891 2884 947 2937 in
977 2884 1158 2937 multis
1192 2884 1357 2938 rebus
1388 2883 1632 2938 subsidia
1663 2898 1784 2938 cum
1814 2882 1961 2937 omni
1993 2881 2116 2936 dili-

512 2972 701 3044 gentia
730 2970 1065 3039 conferebat,
1090 2970 1402 3043 frequenter
1432 2972 1501 3026 ad
1532 2988 1627 3026 eos
1656 2971 1710 3025 in
1730 2970 1954 3041 propria
1984 2986 2114 3042 quo-

513 3076 619 3132 que
665 3060 934 3115 accedens
973 3076 1227 3131 persona,
1261 3076 1327 3116 ac
1376 3076 1500 3116 cum
1544 3059 1887 3131 paucissimis
1917 3076 1983 3114 ex
2014 3058 2117 3113 sibi

513 3149 938 3217 adhaerentibus,
966 3149 1097 3204 viris
1128 3149 1395 3203 timoratis
1417 3157 1471 3205 et
1490 3149 1718 3214 devotis,
1743 3148 1955 3203 medius
1975 3148 2118 3202 inter

512 3235 636 3292 illos
665 3237 721 3291 in
749 3237 884 3293 cella
916 3237 1160 3292 residens
1192 3238 1487 3303 secretiori,
1519 3238 1701 3293 verbis
1730 3236 1947 3308 Optimis
1980 3236 2116 3291 rele-
2140 3210 2185 3270 Ο

514 3326 680 3382 vabat
710 3326 919 3381 animos
966 3342 1172 3391 eorum,
1227 3326 1536 3381 dolentibus
1583 3333 1831 3381 materna
1860 3326 2118 3397 quodam-

515 3414 679 3470 modo
738 3414 959 3470 lenitate
1015 3414 1301 3470 blandiens
1349 3423 1403 3470 et
1450 3416 1519 3469 ad
1564 3430 1718 3485 spem
1749 3414 2116 3470 retributionis

515 3510 733 3558 aeternae
763 3503 1038 3558 desolatos
1061 3504 1432 3574 temporaliter
1447 3502 1780 3575 aiilictosque
1803 3504 2113 3559 sustollens.

514 3593 729 3647 Morum
760 3608 974 3664 quoque
1005 3592 1271 3648 bonorum
1320 3593 1642 3665 documenta
1687 3594 1951 3647 suavitate
1981 3593 2118 3648 mira

513 3679 849 3736 interserens
894 3681 1078 3736 verbis
1127 3680 1525 3746 consolatoriis,
1551 3680 1645 3747 ita,
1670 3681 1715 3735 si
1746 3681 1876 3753 quid
1920 3698 2117 3752 repre-

512 3768 783 3824 hensibile
813 3769 881 3823 de
906 3769 986 3824 eis
1015 3769 1370 3840 percepisset,
1394 3786 1464 3824 ne
1493 3769 1686 3824 iterum
1717 3770 2115 3837 admitteretur,

516 3857 780 3911 suadebat
810 3865 868 3912 ut
885 3872 981 3912 eos
1001 3865 1054 3912 et
1083 3858 1308 3913 admissi
1325 3856 1698 3914 vehementius
1727 3859 2035 3929 pamiteret,
2066 3867 2121 3915 et

517 3944 747 4000 ulterius
775 3946 1092 4001 admittendi
1138 3947 1396 4003 audentia
1425 3964 1522 4003 seu
1570 3947 1818 4004 voluntas
1846 3948 1993 4003 nulla
2040 3947 2119 4003 eis

518 4041 855 4090 remaneret.

590 4124 729 4178 Ante
760 4123 1149 4180 exhortationis
1190 4141 1321 4181 vero
1352 4124 1606 4198 alloquia,
1643 4126 1865 4181 semotis
1908 4125 2120 4182 interim

514 4210 669 4281 jussu
718 4213 835 4282 ejus
867 4211 1099 4281 feminis,
1133 4230 1316 4270 mares
1362 4215 1679 4288 singillatim
1726 4215 1997 4271 circuiens
2028 4232 2120 4271 ex-

488 4288 893 4373 osculabatur,
926 4302 1154 4375 singulis
1183 4320 1243 4360 se
1284 4304 1661 4373 inclinans,,et
1691 4319 1829 4376 quos
1877 4312 2122 4361 cerneret

520 4389 758 4446 atrocius
782 4390 895 4460 jam
925 4392 1051 4447 tabe
1082 4392 1361 4449 confectos
1389 4392 1589 4448 diutius
1620 4408 1686 4449 ac
1714 4393 1935 4449 suavius
1965 4408 2120 4450 com-

519 4479 765 4551 plcxans.
817 4480 975 4536 Tales
1022 4482 1356 4553 praedicabat
1405 4498 1529 4538 esse
1572 4481 1778 4548 felices,
1813 4482 1949 4538 tales
1998 4498 2120 4537 esse

2212 586 2293 636 m,
2345 572 2458 639 21),
2518 584 2643 625 cum
2701 584 2765 623 ex
2822 567 3056 622 adverso
3116 564 3456 621 formidolosi
3503 572 3840 636 exspectent

2213 658 2497 712 sublimem
2530 656 2839 711 adfuturum
2867 656 3134 724 Judicem,
3169 655 3260 726 qui
3291 654 3452 710 modo
3481 655 3549 709 de
3571 654 3836 725 corporis

2213 746 2399 818 specie
2450 746 2769 819 gloriantes,
2804 745 2947 799 illius
2978 761 3078 815 per
3106 744 3303 799 mentis
3345 744 3637 799 elationem
3670 742 3835 798 refu-

2211 835 2368 909 giunt
2397 834 2710 890 humilitatis
2743 842 2795 890 et
2825 833 3102 889 munditia;
3131 832 3585 889 conformitatem.

2283 928 2467 995 Agens
2497 940 2624 979 vero
2655 940 2900 979 seorsum
2932 939 3052 979 cum
3075 920 3426 977 familiaribus
3457 922 3570 977 suis
3591 922 3660 977 de
3680 929 3835 976 tanta

2215 1012 2517 1069 Salvatoris
2546 1012 2718 1067 nostri
2750 1012 3060 1078 clementia,
3084 1011 3173 1083 qui
3203 1011 3538 1066 miserrimos
3568 1026 3834 1083 quosque

2212 1102 2268 1156 in
2297 1102 2406 1158 vita
2436 1102 2692 1173 praesenti
2724 1100 2882 1156 toties
2911 1116 3006 1156 ore
3038 1100 3221 1155 divino
3254 1099 3527 1155 beatificat
3556 1099 3613 1154 in
3642 1101 3835 1155 Evan-

2214 1190 2361 1264 gelio
2410 1206 2527 1261 suo,
2561 1205 2706 1245 nunc
2753 1190 3015 1244 Lazarum
3061 1188 3370 1244 inducendo
3411 1188 3724 1245 ulcerosum
3770 1189 3832 1243 in

2216 1280 2394 1334 sinum
2428 1280 2656 1334 Abrahae
2685 1279 2753 1333 ab
2784 1279 2996 1352 angelis
3024 1278 3369 1349 perductum,
3403 1294 3544 1333 nunc
3574 1278 3828 1349 seipsum

2214 1368 2270 1422 in
2300 1366 2529 1422 infirmis
2560 1368 2858 1423 asserendo
2888 1384 3008 1422 esse
3053 1366 3348 1431 inﬁmum,
3379 1367 3517 1421 mira
3546 1383 3671 1422 cum
3703 1366 3832 1421 dul-

2216 1457 2408 1513 cedine
2438 1456 2679 1512 omnium
2697 1459 2989 1512 Auctorem
3008 1455 3356 1511 dulcedinum
3378 1455 3670 1510 attollebat.
3704 1478 3726 1505 α
3751 1454 3825 1521 Ο,

2216 1546 2407 1617 inquit,
2441 1561 2602 1617 quam
2650 1546 2834 1600 felices
2864 1552 3035 1612 erant,
3068 1544 3156 1617 qui
3184 1545 3395 1600 Medico
3437 1549 3575 1600 adeo
3618 1545 3828 1601 dilecto

2217 1634 2535 1689 familiarius
2598 1632 2995 1689 adhaerebant!
3041 1632 3209 1702 Quam
3278 1632 3407 1687 mihi
3474 1633 3632 1689 dulce
3703 1632 3830 1688 fore

2219 1740 2553 1794 quaecunque
2594 1722 2678 1776 his
2710 1739 2806 1777 seu
2855 1722 3084 1794 pedibus
3121 1722 3406 1790 calcasset,
3441 1738 3534 1776 seu
3577 1722 3831 1793 qualibet

2218 1811 2464 1882 corporis
2487 1811 2566 1865 sui
2588 1819 2742 1882 parte
2764 1810 3139 1882 contigissent,
3164 1810 3249 1866 vel
3268 1811 3517 1865 manibus
3534 1819 3834 1866 attrectas-

2214 1908 2295 1955 set
2328 1900 2529 1955 osculis
2571 1900 2835 1966 lambere,
2863 1899 3032 1956 oculis
3080 1915 3376 1970 opponere,
3402 1899 3603 1953 intimis
3634 1899 3824 1965 etiam,

2214 1989 2259 2043 si
2290 1987 2402 2043 ﬁeri
2430 1996 2636 2059 posset,
2672 1988 2978 2043 visceribus
3027 1988 3273 2043 inserere
3299 1986 3310 2041 l
3346 1986 3523 2057 Quam
3550 2004 3681 2043 vero
3713 1989 3829 2043 mi-

2215 2077 2322 2131 seri
2384 2084 2507 2130 sunt
2555 2076 2646 2148 qui
2694 2076 2843 2131 aliud
2891 2076 3184 2147 quidquam
3232 2076 3421 2132 timent
3469 2093 3630 2148 quam
3678 2077 3828 2132 adeo

2213 2165 2428 2220 dulcem
2474 2164 2981 2236 offenderelquam
3031 2164 3287 2237 gemendi
3335 2173 3479 2235 sunt,
3532 2165 3623 2237 qui
3670 2165 3829 2220 aliud

2216 2254 2490 2325 quidpiam
2522 2253 2678 2308 dulce
2707 2261 2959 2323 reputant
2986 2253 3236 2325 aliudque
3268 2261 3519 2323 expetunt
3550 2271 3711 2325 quam
3745 2254 3828 2311 sic

2214 2342 2361 2397 dulci
2407 2342 2635 2397 dulciter
2679 2343 2960 2397 adhaerere
2990 2350 3040 2396 et
3081 2342 3311 2397 dulciter
3353 2340 3581 2413 parere!
3617 2342 3828 2397 Nescio

2215 2431 2343 2502 quid
2385 2431 2500 2499 jam
2542 2431 2715 2501 possit
2761 2445 3007 2484 amarum
3053 2430 3253 2485 sentire
3300 2430 3391 2502 qui
3440 2429 3614 2486 dulcis
3661 2430 3831 2499 hujus

2216 2518 2560 2575 dulcedinem
2577 2519 2697 2590 jugi
2726 2519 2914 2574 didicit
2941 2519 3291 2575 meditatione
3320 2519 3373 2573 in
3397 2519 3606 2574 interno
3638 2519 3830 2575 cordis

2217 2609 2300 2663 sui
2330 2608 2507 2679 palato
2537 2607 2769 2663 dulciter
2799 2608 3094 2662 ruminare.
3126 2629 3148 2658 »

2288 2698 2415 2751 Haec
2444 2696 2527 2752 vir
2556 2704 2778 2752 sanctus
2808 2697 2876 2751 de
2920 2696 3130 2751 caelesti
3179 2696 3464 2752 vulnerum
3508 2703 3828 2752 nostrorum

2219 2785 2426 2841 Medico
2457 2786 2717 2851 sentiens,
2752 2786 2869 2840 haec
2898 2785 3106 2850 dicens,
3141 2787 3258 2841 haec
3303 2786 3462 2841 etiam
3509 2802 3627 2858 qum
3670 2804 3827 2857 pree-

2219 2875 2482 2941 misimus,
2507 2875 2575 2929 de
2610 2875 2869 2929 membris
2898 2874 3042 2929 illius
3091 2872 3486 2929 infirmantibus
3516 2875 3825 2946 proferens,

2216 2964 2335 3018 haec
2372 2963 2477 3017 illis
2534 2963 2858 3034 impendens
2923 2963 3202 3019 evidenter
3263 2963 3395 3018 satis
3460 2963 3824 3035 exprimebat,

2220 3060 2420 3123 quanto
2468 3051 2694 3107 interius
2726 3052 2958 3109 ferveret
2986 3052 3114 3123 igne
3162 3052 3359 3107 divina:
3387 3052 3594 3123 pariter
3622 3061 3675 3108 et
3703 3052 3825 3108 fra-

2220 3150 2384 3196 ternae
2413 3140 2739 3197 dilectionis.
2773 3140 2878 3209 Qui
2906 3140 3067 3196 etiam
3096 3141 3151 3194 in
3194 3157 3483 3197 commune
3514 3141 3826 3214 quibusque

2218 3229 2583 3302 indigentibus
2606 3238 2783 3284 tantas
2805 3230 3140 3301 largiebatur
3155 3229 3530 3301 eleemosynas
3552 3239 3608 3286 ut
3628 3240 3828 3302 praeter

2216 3318 2309 3373 illa
2339 3336 2460 3390 quia
2488 3318 2673 3373 multis
2702 3334 2846 3389 saepe
2877 3318 3205 3389 specialibus
3238 3335 3304 3373 ex
3334 3320 3512 3375 causis
3559 3336 3702 3376 nunc
3730 3320 3825 3375 in-

2218 3408 2549 3478 terpellatus,
2583 3423 2729 3463 nunc
2769 3407 2887 3477 ipse
2918 3423 3082 3462 voces
3131 3408 3474 3478 praeveniens
3518 3409 3824 3464 necessita-

2217 3504 2329 3551 tem
2356 3496 2699 3567 patientium,
2732 3496 2992 3551 secretius
3023 3497 3306 3568 erogabat,
3341 3512 3549 3552 annuas
3577 3498 3824 3553 omnium

2218 3602 2398 3641 rerum
2432 3600 2654 3640 suarum
2701 3586 3059 3641 obventiones
3103 3602 3278 3657 usque
3316 3586 3383 3641 ad
3432 3587 3605 3642 tertiae
3648 3587 3825 3658 partis

2218 3675 2629 3731 aestimationem
2675 3675 2775 3728 sub
2821 3683 2971 3731 certa
3012 3674 3391 3731 constitutione
3420 3676 3476 3730 in
3524 3691 3687 3747 opera
3727 3692 3827 3732 ex-

2218 3763 2476 3835 pendisse
2505 3778 2616 3818 non
2646 3762 2921 3818 dubitetur
2949 3762 3356 3820 misericordiae.

2834 3923 3060 3979 CAPUT
3089 3924 3182 3979 III.

2138 4050 2142 4056 ”
2222 4046 2376 4109 Quam
2423 4052 2699 4101 constanter
2739 4049 3014 4107 rebellibus,
3062 4063 3116 4100 se
3159 4052 3413 4115 opposuit,
3450 4056 3501 4103 et
3556 4052 3609 4103 in
3665 4053 3824 4104 Deum

2290 4116 2641 4233 connltumaeiter
2689 4117 3032 4180 delinquentes
3086 4119 3423 4169 ecclesiastica
3477 4131 3683 4170 censura
3722 4134 3826 4183 pu-

2290 4197 2357 4233 mt
2411 4221 2424 4233 .

2287 4197 2424 4234 nam.

2294 4301 2419 4357 Post
2448 4301 2733 4373 praemissa
2763 4302 3160 4359 recensendum
3199 4303 3409 4359 videtur
3454 4320 3613 4376 quam
3645 4306 3822 4378 egerit

2222 4389 2433 4446 fortiter
2464 4391 2519 4445 in
2548 4392 2911 4462 superborum
2932 4392 3447 4464 praesumptionibus
3478 4395 3812 4466 coercendis,

2225 4495 2391 4551 quam
2408 4479 2784 4537 incunctanter
2818 4489 3149 4536 armatorum
3169 4498 3313 4553 saepe
3344 4481 3460 4553 ipse
3478 4499 3536 4537 se
3557 4482 3814 4539 inermem

518 4568 758 4639 paradisi
785 4567 949 4625 ﬂores
980 4578 1033 4625 et
1065 4570 1358 4641 praeclaras
1389 4585 1604 4627 coronae
1626 4571 1793 4643 Regis
1822 4570 2012 4627 aeterni
2041 4571 2121 4626 di-
2145 4570 2196 4632 D
2224 4567 2519 4641 ingesserit
2548 4569 2756 4638 turmis,
2791 4587 2951 4641 quam
2982 4570 3193 4626 steterit
3222 4571 3363 4626 inter
3405 4571 3666 4628 micantes
3694 4573 3814 4644 gla-

521 4656 681 4712 cebat
725 4673 848 4714 esse
888 4659 1236 4730 margaritas.
1290 4660 1402 4715 Hos
1464 4658 1782 4715 ﬁducialiter
1829 4668 1881 4715 et
1926 4675 2120 4716 secure

521 4754 841 4817 exspectare
855 4748 1188 4804 Salvatorem
1201 4748 1535 4803 memorabat
1567 4748 1858 4804 Dominum
1877 4757 2121 4804 nostrum

520 4834 706 4890 Iesum
759 4835 1066 4904 Christum,
1109 4836 1201 4907 qui
1237 4834 1499 4892 reformet
1553 4853 1752 4910 corpus
1807 4837 2123 4892 humilitatis

596 5014 741 5132 $1123;
766 5017 835 5132 [ac
861 5014 1008 5132 hgjsus
1032 5015 1238 5067 ctenobii
1265 5017 1450 5081 origine
1475 5018 1577 5082 agit
1595 5017 1896 5069 Mabillonius
1944 5017 2118 5069 Annal.

528 5084 843 5268 :Odetii‘j’fd
1017 5149 1239 5202 noverint
1262 5153 1533 5203 Beccenses
1566 5152 1628 5204 de
1665 5152 1760 5202 hoc
1780 5153 2020 5214 Martino,
2050 5164 2126 5203 me

550 5230 577 5267 a
688 5251 700 5263 .

550 5218 735 5345 ataat'ftl)
772 5282 964 5334 Dictum
991 5285 1336 5349 memorabile,
1381 5287 1506 5349 quod
1544 5286 1699 5337 Sirius
1729 5286 1883 5337 refert
1906 5285 1966 5336 de
1987 5285 2129 5337 dilic-

529 5350 690 5400 rentia
753 5351 1025 5403 osculorum
1068 5352 1272 5415 lcprosis
1314 5366 1341 5402 a
1382 5355 1435 5403 s.
1483 5354 1692 5404 Martino
1732 5357 1782 5403 et
1823 5355 1876 5403 S.
1925 5354 2126 5415 Hugone

531 5416 859 5468 exhibitorum
903 5418 1017 5470 dum
1063 5419 1372 5470 abbreviator
1413 5423 1579 5479 tacet,
1621 5424 1864 5481 utcunque
1914 5419 2130 5470 insinuat

533 5483 727 5533 Surium
788 5497 887 5546 pro:
938 5485 1163 5537 manibus
1217 5485 1447 5536 habuisse
1498 5487 1656 5537 Vitam
1697 5487 2015 5548 prolixiorem
2069 5488 2126 5537 S.

531 5550 763 5615 Hugonis,
789 5552 859 5602 uti
885 5554 936 5603 et
970 5564 1032 5603 ex
1055 5552 1204 5603 variis
1250 5552 1368 5602 locis
1393 5552 1556 5616 colligi
1594 5553 1766 5616 datur;
1815 5556 1865 5604 et
1911 5552 2131 5604 Petreius

529 5616 781 5737 ἒιὲἰδῗὶέέθ
815 5630 921 5670 suo~
944 5622 1164 5684 tempore
1228 5618 1362 5669 illam
1421 5618 1471 5669 in
1537 5619 1812 5671 Coloniensi
1869 5619 2129 5672 Carthasia

2224 4658 2343 4713 dios
2385 4667 2438 4713 et
2487 4666 2703 4714 exertas
2752 4659 3022 4727 dexteras,
3070 4660 3125 4715 in
3184 4660 3547 4717 Lincolniensi
3586 4660 3814 4732 primum

2223 4746 2490 4814 Ecclesia,
2521 4747 2719 4803 deinde
2769 4748 2826 4802 in
2871 4748 3156 4804 Hollandia
3199 4750 3348 4821 (131)
3398 4766 3462 4805 ac
3504 4751 3718 4805 demum
3765 4751 3815 4805 in

2224 4836 2569 4892 Norbantona
2619 4836 2787 4908 (t32),
2821 4837 2967 4893 nudo
2996 4837 3171 4910 capite
3211 4847 3466 4895 constans
3513 4847 3567 4894 et
3594 4838 3813 4911 intrepi-

2296 5016 2431 5085 (151)
2462 5017 2594 5077 Lege
2625 5038 2647 5060 ι
2674 5018 2725 5085 in
2749 5017 3020 5080 Hoylandia
3042 5052 3058 5078 ,
3105 5038 3128 5062 ι
3172 5022 3310 5083 parte
3350 5020 3537 5085 Anglia:
3557 5058 3572 5085 ,
3598 5018 3815 5072 diaecesis

2226 5084 2581 5135 Lincolniensi:
2612 5124 2626 5147 ,
2671 5084 2721 5135 in
2767 5098 2861 5148 qua
2906 5085 3219 5149 coenobium,
3270 5087 3335 5138 de
3383 5084 3475 5150 quo
3517 5090 3567 5139 in
3613 5089 3814 5139 Monast.

2228 5151 2422 5214 Anglic.
2450 5154 2489 5201 t.
2517 5152 2555 5211 l,
2583 5164 2632 5214 ι).
2662 5152 2760 5202 775
2801 5171 2812 5201 :
2857 5153 3340 5206 Swineshevedensis
3374 5154 3568 5206 abbatia
3611 5155 3660 5204 in
3702 5167 3815 5215 agro

2227 5218 2554 5269 Lincolniensi
2576 5218 2776 5270 fundata
2802 5232 2929 5270 anno
2960 5220 3108 5270 1154.
3137 5236 3156 5268 ι
3186 5223 3249 5273 Et
3271 5221 3495 5273 Vischius
3530 5223 3580 5272 in
3605 5222 3815 5272 Chrono-

2228 5283 2356 5353 logia
2398 5285 2460 5353 ad
2501 5286 2685 5337 dictum
2708 5298 2907 5353 annum
2933 5300 2947 5337 :
2978 5306 3001 5329 ε
3032 5286 3317 5340 C(enobium
3350 5288 3631 5353 Swinshed,
3654 5288 3700 5340 id
3721 5292 3814 5353 est,

2227 5352 2496 5414 Hoylandia
2521 5352 2570 5403 in
2596 5352 2786 5416 Anglia.
2811 5368 2837 5402 ι

2294 5418 2437 5483 (152)
2483 5420 2616 5469 Alias
2657 5421 3080 5483 Northamptona,
3130 5421 3389 5473 comitatus
3453 5423 3514 5474 ad
3578 5421 3816 5475 dioecesim

2229 5484 2621 5536 Lincolniensem
2652 5488 2925 5550 pertinens.
2953 5488 3103 5539 Adest
3129 5490 3298 5540 charta
3326 5491 3375 5540 in
3398 5490 3607 5541 Monast.
3631 5490 3812 5552 Anglic.

2229 5555 2274 5628 t.
2307 5552 2486 5628 [apag
2512 5553 2634 5628 68t,
2660 5554 2711 5604 in
2749 5556 3008 5628 qua_Hugo
3050 5560 3218 5628 noster
3242 5556 3494 5628 monachis
3527 5558 3579 5608 S.
3622 5558 3816 5608 Andrca:

2228 5620 2280 5669 in
2321 5620 2711 5682 Northamptona
2753 5620 3010 5673 conﬁrmat
3048 5620 3240 5675 diversa
3280 5624 3375 5676 illis
3416 5623 3531 5676 olim
3573 5636 3815 5676 concessa.
