3938 6400
105 362 249 416 1009

1487 362 1670 418 νιτΑ.
1703 391 1774 403 —
1801 359 1929 418 LIB.
1971 362 2062 418 IV.

3302 367 3439 420 1010

108 485 240 540 dus.
273 483 456 541 Minus
487 500 615 542 vero
637 484 768 553 dixi,
801 485 1030 556 steterit,
1077 501 1203 542 cum
1232 487 1339 544 huc
1366 493 1420 543 et
1447 485 1574 542 illuc
1603 486 1720 541 dis-
1738 489 1795 549 Α
1821 484 2043 541 tradidit
2071 492 2306 556 mortem
2336 487 2453 543 solo
2499 488 2862 559 anathemate,
2909 488 3001 561 qui
3050 487 3160 546 fine
3190 490 3446 548 horribili

112 574 392 630 currendo
422 573 667 646 gladium
698 575 919 646 spiritus
968 583 1079 631 tota
1109 593 1231 631 cum
1280 576 1528 632 libertate
1560 576 1614 630 in
1644 576 1733 630 fu-

110 672 301 718 rentes
360 672 413 719 et
476 663 770 719 frementes
814 665 1216 735 conspiratores
1265 682 1362 720 seu
1430 665 1732 721 intrusores

109 752 434 819 vibraverit,
464 754 692 808 tradens
734 762 1080 809 contumaces
1126 754 1341 809 Satana
1371 754 1426 809 in
1456 754 1731 809 interitum

110 841 315 908 carnis,
349 850 405 896 ut
429 842 655 913 spiritus
687 842 872 898 salvus
912 841 1065 898 ﬁeret
1087 842 1141 897 in
1171 843 1258 898 die
1290 828 1508 898 Domini
1537 844 1583 914 (Ι
1607 843 1728 902 Cor.

111 948 174 997 v,
223 931 300 1001 5).
354 931 524 999 Cujus
567 946 633 986 eo
684 931 991 987 constantia
1043 930 1326 986 sublimius
1359 932 1577 987 emicuit
1626 948 1735 1004 quo

112 1019 320 1075 ibidem
349 1019 588 1075 virorum
620 1018 837 1075 fortium
877 1020 1045 1076 robur
1094 1020 1370 1076 formidini
1422 1021 1731 1076 evidentius

113 1108 303 1173 cessit,
336 1124 512 1179 eoque
543 1108 689 1164 illius
733 1108 1060 1165 confidentia
1099 1109 1356 1164 illustrius
1401 1109 1590 1165 claruit
1621 1127 1728 1181 quo

112 1214 343 1252 suorum
372 1197 668 1253 diffidentia
697 1198 958 1253 comitum
983 1206 1035 1254 et
1063 1197 1374 1275 oﬂicialium
1404 1199 1460 1253 in
1490 1207 1638 1254 tanto
1670 1216 1729 1255 se

112 1286 429 1342 discrimine
460 1287 699 1357 apertius
727 1287 995 1358 probavit.
1028 1288 1124 1342 His
1158 1304 1395 1359 namque
1424 1304 1530 1343 non
1565 1289 1727 1343 modo

110 1376 178 1429 ad
209 1390 333 1430 aras
364 1375 663 1447 confugere
701 1392 893 1447 parum
920 1375 1038 1446 fuit,
1070 1377 1179 1431 imo
1211 1377 1380 1432 etsub
1411 1376 1543 1447 ipsis
1576 1394 1727 1432 men-

123 1465 201 1518 sis
232 1464 535 1521 Dominicis
566 1481 625 1520 se
653 1464 990 1520 abscondere
1017 1465 1303 1520 videbatur
1324 1466 1503 1520 minus
1535 1474 1724 1521 tutum.

120 1552 335 1621 Quibus
356 1553 428 1608 ita
451 1553 891 1627 confugientibus
908 1562 960 1609 et
976 1554 1209 1608 latebras
1232 1553 1542 1610 foventibus
1561 1555 1722 1628 Hugo

112 1642 442 1714 persistebat
473 1642 641 1707 solus,
675 1643 1029 1714 cadebatque
1055 1642 1216 1698 labiis
1248 1643 1577 1698 intentantes
1606 1660 1726 1699 cer-

112 1732 326 1787 vicibus
357 1731 471 1786 suis
504 1731 734 1804 gladios.
770 1732 935 1801 Cujus
965 1731 1303 1805 magnanimi
1324 1732 1600 1797 audentia,
1625 1748 1725 1788 nec

1834 576 1903 631 de
1932 576 2034 632 hac
2066 576 2186 632 luce
2218 577 2544 650 migrarunt,
2576 594 2780 649 paucos
2809 578 3050 650 exempli
3079 579 3257 651 gratia
3286 595 3443 638 com-

1830 681 2137 721 memorare
2166 681 2277 721 non
2308 666 2410 721 erit
2441 666 2649 722 inutile.
2680 669 2809 722 Erat
2839 667 2894 722 in
2926 668 3198 725 territorio
3229 669 3443 727 Lincol-

1831 754 2008 810 niensi
2038 755 2197 810 miles
2244 754 2465 827 quidam
2506 757 2619 825 jam
2668 757 3025 827 provectioris
3071 758 3263 826 atatis,
3315 776 3444 816 uxo-

1830 859 1948 898 rem
1977 844 2187 899 habens
2220 844 2482 900 sterilem.
2518 845 2766 901 Habebat
2795 862 3009 918 quoque
3039 846 3256 903 fratrem
3286 866 3441 922 aque

1829 932 2055 987 militem
2084 934 2409 988 industrium
2442 942 2493 989 et
2538 936 2883 1006 prudentem,
2929 953 3087 1007 quem
3112 937 3231 1005 jure
3259 938 3441 995 hare-

1829 1020 2048 1091 ditario,
2077 1021 2122 1075 si
2144 1022 2355 1094 absque
2385 1022 2574 1078 liberis
2596 1024 2686 1079 ille
2718 1024 3031 1091 decederet,
3065 1026 3348 1083 habiturus
3367 1028 3443 1085 vi-

1829 1109 2066 1165 debatur
2088 1126 2486 1167 successorem.
2514 1112 2794 1168 Invidebat
2810 1122 2991 1169 autem
3014 1115 3137 1171 huic
3157 1132 3294 1171 uxor
3315 1133 3436 1185 sua,

1829 1215 2030 1254 verens
2062 1217 2130 1255 ne
2163 1200 2302 1256 forte
2331 1202 2550 1256 viduata
2601 1203 2793 1259 marito
2843 1205 2943 1260 sub
2985 1206 3131 1261 illius
3159 1199 3443 1262 deveniret

1829 1287 2185 1357 dominatum,
2225 1306 2363 1362 erga
2393 1308 2554 1362 quem
2595 1292 2848 1363 placitum
2872 1311 3147 1367 nunquam
3178 1296 3444 1367 gessisset

1826 1370 2098 1427 affectum.
2133 1374 2401 1445 Nequitia
2452 1375 2620 1447 igitur
2663 1377 2899 1447 viperea
2945 1379 3086 1434 dolis
3115 1379 3351 1445 incitata,
3384 1387 3442 1435 ut

1827 1461 1877 1516 ei
1894 1464 2296 1534 consequenda
2317 1464 2648 1520 hareditatis
2669 1466 3029 1536 praeluderet
3054 1469 3277 1537 aditum,
3312 1468 3441 1540 quia

1825 1558 2043 1621 partum
2074 1567 2181 1606 non
2215 1553 2453 1608 habebat
2482 1555 2784 1625 prOprium,
2839 1559 3123 1628 supposuit
3173 1558 3275 1613 sibi
3306 1559 3438 1613 alie-

1827 1656 1955 1694 num
1987 1640 2156 1709 (133).
2194 1641 2428 1697 Refertis
2459 1643 2731 1715 siquidem
2774 1660 2837 1700 ac
2867 1647 3197 1703 tumentibus
3228 1647 3440 1703 interna

1827 1726 2019 1783 fraude
2069 1730 2373 1785 visceribus
2414 1732 2649 1788 cervical
2691 1734 2972 1806 praecingit
3021 1736 3308 1792 exterius?
3347 1736 3438 1792 Si-

106 1837 218 1876 non
251 1829 303 1876 et
336 1820 738 1892 protegentium
772 1838 830 1876 se
877 1820 1194 1894 angelorum
1244 1821 1491 1877 custodia
1520 1821 1723 1892 ipsius-
1744 1852 1797 1911 B
1826 1818 1994 1871 mulat
2027 1835 2242 1890 quoque
2290 1828 2506 1875 uterum
2553 1821 2915 1878 intumescere
2964 1825 3274 1895 puerperio,
3317 1842 3439 1896 qua

108 1926 213 1982 que
246 1910 448 1965 divina
479 1910 688 1964 virtutis
718 1918 995 1965 armatura
1043 1909 1199 1966 fracti
1231 1918 1284 1966 et
1317 1910 1547 1979 confusi,
1582 1910 1727 1981 apud

106 1998 445 2054 Lincolniam
479 2006 586 2053 tam
615 1999 797 2055 clerici
829 2015 993 2071 quam
1022 1999 1168 2065 laici,
1214 1999 1359 2070 apud
1388 1999 1729 2054 Hollandiam

105 2088 309 2143 milites
358 2095 411 2143 et
484 2087 764 2160 armigeri,
827 2088 970 2160 apud
1025 2088 1458 2143 Northantonam
1512 2104 1727 2160 quoque

108 2178 416 2248 burgenses
473 2175 536 2249 [τ’.
592 2193 640 2233 c.
699 2176 889 2250 cives],
957 2176 1155 2232 infensi
1212 2185 1493 2233 cesserunt
1548 2177 1731 2249 plures

106 2268 217 2336 uni,
251 2267 544 2322 savientes
572 2266 705 2334 miti,
762 2275 812 2321 et
852 2266 1142 2339 tranquillo
1169 2267 1387 2322 turbati.

174 2356 338 2427 Apud
360 2355 701 2411 Hollandiam
738 2363 938 2425 tamen,
974 2356 1118 2427 quod
1154 2356 1588 2427 praetereundum
1617 2372 1726 2412 non

107 2453 208 2508 est,
250 2444 589 2500 \Vilhelmus
639 2445 706 2501 de
751 2445 983 2513 Avalim,
1046 2445 1409 2501 consobrinus
1456 2445 1720 2516 episcopi,

108 2535 266 2590 miles
320 2534 642 2602 acerrimus,
694 2535 951 2605 generosi
1005 2534 1289 2607 sanguinis
1339 2551 1475 2590 vena
1521 2534 1725 2590 incale-

111 2641 310 2690 scens,
365 2640 489 2679 cum
544 2624 733 2681 stricto
786 2640 1049 2679 mucrone
1106 2624 1326 2695 quidam
1381 2632 1720 2678 armatorum

110 2712 430 2785 pontiﬁcem
459 2712 668 2768 funesta
698 2722 918 2784 pararet
972 2712 1134 2769 ferire
1180 2713 1428 2781 audacia,
1456 2714 1567 2781 jam
1599 2729 1724 2784 per-

114 2820 345 2859 cussuro
377 2819 437 2857 se
467 2802 678 2859 fortiter
707 2802 925 2871 objecit.
986 2803 1083 2859 Cui
1128 2802 1288 2857 etiam
1317 2803 1370 2858 vi
1402 2818 1604 2875 magna
1636 2820 1720 2858 ex-

109 2901 371 2964 torquens
401 2892 664 2965 gladium,
710 2892 814 2947 nisi
868 2892 1252 2962 prohiberetur
1281 2908 1309 2945 a
1339 2892 1573 2962 praesule
1629 2892 1718 2947 di—

105 2982 361 3049 strictius,
398 2997 522 3036 eum
552 2982 758 3054 absque
789 2981 1015 3037 vulnere
1044 2981 1194 3036 abire
1235 2996 1343 3035 non
1374 2981 1608 3036 sivisset.

175 3073 255 3126 lta
275 3086 412 3125 vero
443 3078 659 3142 paratus
690 3079 809 3125 erat
831 3072 989 3143 Hugo
1012 3070 1161 3139 juxta
1190 3068 1418 3125 formam
1450 3070 1717 3140 apostoli-

105 3176 242 3226 cam,
267 3175 491 3215 omnem
520 3159 576 3214 in
607 3159 792 3232 gladio
824 3159 1047 3230 spiritus
1075 3158 1264 3215 ulcisci
1294 3159 1716 3214 inobedientiam

106 3250 181 3320 (ll
211 3249 339 3305 Cor.
380 3263 442 3314 χ,
476 3250 555 3319 6),
587 3248 661 3303 ita
693 3264 912 3320 quoque
943 3248 1060 3315 ejus
1092 3246 1281 3303 ultioni
1320 3248 1716 3303 animadversio

109 3339 349 3395 celerem
382 3337 754 3393 subiuferebat
794 3336 1109 3402 vindictam,
1144 3346 1199 3392 ut
1229 3337 1284 3391 in
1316 3338 1488 3392 Deum
1519 3346 1716 3393 contu-

112 3428 336 3484 maciter
365 3426 827 3499 delinquentibus,
862 3426 998 3482 sicut
1028 3425 1145 3497 ipse
1175 3424 1482 3481 nullatenus
1512 3442 1713 3497 parce-

117 3524 211 3582 ret,
240 3516 318 3572 sic
342 3532 727 3588 quemcunque
761 3514 878 3570 zelo
902 3514 1145 3584 justitia,
1170 3514 1436 3586 spirituali
1451 3530 1715 3571 mucrone

116 3606 231 3676 ipse
259 3604 605 3676 percelleret,
640 3604 745 3658 nisi
803 3604 960 3659 citius
1014 3604 1382 3675 resipisceret,
1442 3604 1716 3674 corporali

110 3694 312 3765 pariter
342 3693 511 3749 exitio
559 3693 825 3748 interiret.
885 3693 1025 3749 Hinc
1082 3692 1312 3749 rebelles
1367 3709 1612 3765 quosque
1665 3701 1716 3747 et

107 3782 467 3838 ecclesiastici
490 3782 630 3851 juris
660 3781 974 3847 violatores,
1016 3782 1085 3837 de
1129 3797 1229 3836 sua
1260 3782 1589 3853 quandoque
1618 3797 1714 3853 po-

107 3872 271 3927 tentia
299 3872 603 3927 insolenter
631 3878 1024 3943 praesumentes
1054 3887 1117 3926 ac
1159 3886 1271 3942 pra
1310 3879 1525 3926 tumore
1556 3887 1714 3926 men-

106 3960 171 4014 tis
202 3962 272 4016 ad
320 3961 498 4015 minas
541 3960 816 4015 interdum
872 3959 1175 4032 procaciter
1218 3968 1584 4031 erumpentes,
1637 3960 1716 4016 sic

1832 1906 2173 1962 solummodo
2204 1908 2410 1964 scelere
2440 1908 2710 1965 fetabatur
2747 1910 2993 1967 infando.
3036 1913 3210 1982 Miles,
3243 1913 3298 1967 in
3337 1930 3438 1970 cu-

1823 1995 1915 2064 jus
1961 1996 2331 2066 prajudicium
2400 2007 2635 2054 versuta
2700 2000 3050 2073 malignitatis
3098 2002 3442 2073 componitur

1832 2085 2079 2154 strOpha,
2114 2085 2300 2141 dolum
2335 2086 2440 2140 sibi
2471 2087 2608 2142 strui
2656 2089 3091 2160 deprehendens,
3140 2090 3235 2146 sed
3274 2089 3439 2145 artifi-

1828 2188 1947 2229 cem
1969 2173 2082 2229 doli
2113 2190 2223 2229 non
2243 2176 2572 2231 convincere
2595 2193 2696 2232 nec
2719 2178 2974 2234 cohibere
2997 2178 3291 2247 suﬂiciens,
3324 2197 3440 2236 rem

1827 2261 2001 2317 defert
2066 2263 2137 2317 ad
2187 2264 2430 2319 notitiam
2480 2266 2801 2323 amicorum.
2860 2268 3104 2324 Rimatur
3154 2268 3438 2326 sollicitius

1826 2351 2038 2407 consilii
2072 2354 2393 2420 remedium,
2428 2355 2524 2410 sed
2564 2355 2788 2411 minime
2820 2357 3020 2427 reperit
3048 2367 3433 2429 opportunum.

1825 2441 2036 2495 Interea
2060 2441 2257 2496 mulier
2285 2442 2563 2498 decumbit
2604 2444 2763 2513 lecto,
2798 2453 2849 2500 et
2880 2445 3019 2501 ficta
3060 2447 3437 2517 parturitionis

1823 2528 2068 2601 indulget
2116 2531 2381 2602 suspiriis.
2433 2530 2729 2601 Quasitam
2779 2550 2907 2589 vero
2946 2550 2977 2589 a
3019 2534 3137 2591 vico
3183 2535 3436 2606 proximo

1822 2618 2158 2675 muliercula
2215 2620 2495 2688 cujusdam
2554 2638 2745 2677 recens
2790 2631 2972 2677 natam
3016 2623 3229 2695 prolem
3270 2624 3435 2681 femi-

1821 2722 1983 2761 neam
2033 2708 2089 2762 in
2137 2708 2420 2780 publicum
2469 2710 2598 2775 edit,
2660 2726 2726 2767 ac
2770 2711 2935 2767 veluti
2966 2728 2999 2767 a
3052 2730 3111 2767 se
3168 2714 3437 2770 veraciter

1822 2795 2037 2851 enixam
2067 2797 2214 2851 omni
2260 2813 2384 2853 cum
2409 2799 2692 2872 diligentia
2713 2800 3012 2856 studiosius
3033 2802 3246 2857 enutrit.
3267 2803 3434 2873 Cujus

1790 2884 1983 2939 vetiam
2030 2886 2301 2941 veriorem
2346 2887 2414 2941 ad
2459 2904 2517 2944 se
2565 2889 2852 2944 accersivit
2883 2890 3223 2962 genitricem,
3274 2891 3435 2963 eique

1820 2974 2089 3029 nutriendi
2119 2974 2367 3047 pignoris
2414 2977 2622 3048 proprii
2672 2978 2947 3049 delegavit
2992 2979 3431 3036 sollicitudinem.

1890 3064 2031 3117 Dum
2064 3064 2191 3118 talia
2216 3072 2478 3136 geruntur
2515 3081 2625 3121 non
2669 3067 2920 3137 procula
2970 3068 3267 3132 Lincolnia.
3300 3085 3432 3126 con-

1816 3152 1939 3224 tigit
1967 3152 2172 3208 instare
2195 3154 2308 3223 jam
2338 3154 2774 3211 Resurrectionis
2804 3157 3102 3213 Dominica
3133 3157 3273 3214 festa
3300 3174 3429 3231 pas-

1749 3216 1795 3277 C
1817 3241 2018 3296 chalia.
2052 3243 2338 3298 Accedens
2356 3243 2524 3316 igitur
2552 3244 2730 3309 miles,
2755 3246 3004 3301 muliebri
3026 3216 3433 3303 circumventus

1815 3330 2032 3397 astutia,
2107 3331 2176 3386 ad
2245 3331 2575 3403 pontificem,
2637 3334 3055 3404 astipulantibus
3129 3336 3232 3391 sibi
3302 3336 3431 3393 viris

1815 3419 2088 3486 discretis,
2122 3437 2260 3492 quos
2304 3420 2444 3476 fama
2487 3421 2687 3478 certior
2717 3424 2853 3477 tanti
2900 3424 3228 3495 perflaverat
3256 3426 3429 3482 male-

1814 3509 1940 3579 ficii,
1974 3527 2194 3566 omnem
2225 3511 2306 3566 rei
2349 3511 2558 3567 cunctis
2601 3511 2949 3568 audientibus
2997 3514 3137 3570 adeo
3163 3524 3431 3586 suspecta

1814 3601 2003 3671 pandit
2033 3601 2321 3656 rationem.
2354 3602 2469 3657 Nec
2501 3617 2647 3667 vero,
2681 3603 2964 3671 cujusnam
2994 3612 3141 3660 esset
3167 3602 3296 3671 filia,
3330 3621 3429 3661 seu

1817 3690 2281 3762 quemadmodum
2339 3705 2371 3744 a
2460 3690 2599 3745 falsa
2656 3691 2923 3763 genitrice
2981 3693 3264 3764 acquisita,
3333 3710 3433 3766 per

1816 3795 1983 3850 quam
2023 3779 2126 3833 sibi
2183 3780 2594 3835 exhareditatio
2641 3780 2954 3851 parabatur,
3005 3781 3184 3838 adhuc
3232 3783 3433 3838 certius

1816 3868 1918 3922 sibi
1949 3868 2273 3924 innotuerat.
2308 3870 2483 3923 Motus
2530 3878 2712 3925 autem
2768 3871 3117 3927 vehementer
3148 3870 3230 3926 vir
3250 3873 3431 3941 justus

1816 3966 1869 4012 et
1898 3957 2019 4029 pius
2048 3958 2117 4012 ad
2174 3957 2373 4022 audita,
2407 3956 2663 4030 maligna
2710 3959 2956 4014 maritum
3000 3959 3240 4016 mulieris
3269 3961 3340 4017 ad
3370 3978 3432 4017 se

106 4066 236 4105 voce
260 4048 501 4106 terrifica
516 4049 848 4122 objurgabat
880 4066 894 4103 :
919 4072 940 4097 «ς
972 4048 1116 4118 Quid
1137 4048 1205 4104 de
1236 4049 1443 4117 vestris,
1465 4049 1558 4115 ait,
1584 4049 1715 4103 viri-
1808 4046 1963 4115 jubet
1994 4046 2317 4118 quantocius
2364 4046 2642 4103 accersiri.
2686 4046 2863 4117 Quem
2893 4049 3156 4104 secretius
3185 4050 3430 4106 advoca-

109 4137 209 4193 bus
239 4139 323 4194 vel
354 4138 520 4193 armis
550 4146 741 4194 contra
798 4153 1022 4194 manum
1057 4138 1487 4209 omnipotentem
1516 4154 1719 4209 prasu-

109 4226 271 4295 mitis,
305 4227 526 4301 quando
555 4227 714 4283 nobis
744 4228 908 4283 etiam
958 4226 1197 4299 indignis
1229 4234 1282 4282 et
1319 4226 1553 4281 infirmis
1596 4227 1715 4282 hac

109 4332 301 4371 manus
331 4317 470 4372 adeo
510 4317 749 4388 potentia
795 4331 951 4371 arma
1007 4316 1235 4372 contulit
1260 4323 1317 4371 ut
1348 4315 1429 4371 eis
1484 4317 1716 4370 humana

106 4404 416 4462 nullatenus
471 4414 786 4479 eoaquetur
852 4404 1169 4460 armatura?
1215 4404 1435 4461 Loricas
1498 4413 1715 4461 nostras

100 4492 278 4561 jacula
306 4503 488 4551 vestra
518 4510 626 4550 non
654 4501 957 4566 penetrant,
990 4502 1044 4549 et
1085 4493 1261 4567 galea
1306 4501 1505 4549 nostra
1553 4510 1715 4549 enses

1815 4144 1924 4189 tum
1955 4136 2170 4190 discutit
2199 4135 2505 4201 instantius,
2554 4135 2767 4191 instruit
2796 4146 2847 4192 et
2886 4138 3152 4211 coarguit,
3187 4139 3431 4211 tantique

1816 4233 1999 4279 reatus
2018 4223 2417 4279 confessionem
2442 4224 2510 4279 ab
2532 4240 2597 4280 eo
2618 4224 2819 4281 elicere
2842 4242 3179 4298 magnopere
3201 4227 3421 4285 insistit.

1817 4314 2019 4369 Verum
2050 4312 2164 4379 ille,
2213 4313 2464 4384 conjugis
2506 4313 2733 4368 nimium
2780 4315 3034 4385 procacis
3078 4315 3199 4386 plus
3239 4316 3427 4389 jurgia

1817 4418 1977 4473 quam
2008 4402 2107 4458 Dei
2148 4401 2410 4471 justitiam
2454 4402 2867 4473 pertimescens,
2920 4408 3036 4472 ejus
3080 4418 3296 4476 quoque
3344 4405 3424 4460 si-

1815 4490 1940 4545 bilis
2001 4491 2422 4562 praincantatus
2480 4490 2736 4561 vipereis,
2787 4508 2847 4547 se
2897 4492 3132 4562 primum
3179 4492 3426 4549 criminis

107 4590 310 4639 vestros
342 4600 451 4639 non
480 4583 787 4640 formidant.
811 4583 1026 4639 Nostris
1055 4598 1184 4639 vero
1213 4582 1435 4638 ensibus
1466 4598 1568 4639 nec
1589 4599 1712 4639 cas-
1734 4586 1786 4646 D
1816 4581 1975 4649 hujus
2024 4580 2294 4635 inliciatur
2340 4580 2544 4634 habere
2588 4580 3003 4635 conscientiam.
3055 4581 3298 4652 Urgente
3328 4582 3425 4638 de-

106 4672 249 4727 sides
281 4681 477 4731 vestra
506 4689 607 4729 nec
636 4674 887 4729 thoraces
915 4673 1195 4728 resistunt.
1252 4673 1381 4739 Vos,
1417 4673 1462 4727 si
1492 4673 1711 4745 quando

108 4776 329 4817 carnem
360 4762 586 4831 caditis,
646 4762 883 4817 animam
935 4777 1163 4833 prorsus
1220 4762 1541 4833 contingere
1600 4778 1709 4818 non

109 4850 313 4906 valetis.
349 4851 574 4906 Gladius
610 4860 797 4907 noster
826 4859 880 4907 et
926 4866 1124 4922 corpus
1171 4850 1408 4923 perimit,
1442 4857 1495 4906 et
1525 4852 1707 4921 morti,

109 4954 211 4993 non
244 4940 586 5009 transitoria,
628 4941 724 4995 sed
754 4949 970 4996 aterna
999 4956 1185 4995 eorum
1242 4955 1381 5013 quos
1437 4939 1706 5011 percellit,

111 5022 315 5079 animas
362 5024 583 5081 addicit.
621 5047 644 5077 ι

732 5096 955 5153 CAPUT
992 5096 1083 5150 IV.

112 5184 181 5235 De
209 5192 382 5247 partus
422 5187 483 5238 ab
526 5200 684 5238 uxore
724 5188 978 5251 cujusdam
1023 5187 1204 5237 militis
1246 5186 1613 5249 suppositione,
1658 5192 1710 5236 et

174 5264 336 5303 eorum
376 5256 633 5316 punitione
673 5255 759 5317 qui
796 5260 930 5305 tanta
971 5254 1189 5315 facinori
1233 5258 1610 5311 commiserunt,
1647 5256 1708 5305 de

174 5322 362 5371 nomine
406 5322 663 5383 [oratorii
686 5361 701 5382 ,
748 5326 797 5371 et
850 5323 912 5371 de
951 5322 1142 5372 crudeli
1188 5322 1445 5383 cujusdam
1489 5321 1708 5382 episcopi

174 5388 555 5439 maledictionem
579 5388 844 5440 retinentis
869 5388 1230 5450 interiectione.

178 5469 296 5523 Jam
330 5486 462 5525 vero
492 5471 560 5525 de
596 5487 821 5526 numero
858 5470 1071 5525 illorum
1118 5486 1255 5541 quos
1308 5470 1363 5525 in
1410 5470 1704 5542 reprobam

1819 4686 1968 4724 mum
2011 4670 2269 4740 episcopo
2318 4677 2369 4724 et
2419 4668 2793 4724 astimationis
2834 4669 3066 4740 publica
3103 4679 3426 4741 argumenta

1818 4759 2019 4816 acriter
2061 4758 2346 4824 inferente,
2429 4758 2627 4830 quibus
2690 4759 2908 4829 patebat
2956 4758 3422 4815 verosimillimum

1818 4865 1941 4904 esse
1970 4864 2071 4904 nec
2102 4847 2152 4903 ei
2180 4847 2425 4903 sobolem
2442 4846 2592 4903 nasci
2622 4848 2864 4918 potuisse
2889 4848 2999 4916 jam
3031 4848 3424 4906 valetudinario

1817 4948 1870 4995 et
1899 4938 2035 5005 seni,
2069 4953 2171 4993 nec
2202 4954 2325 4994 eum
2375 4937 2542 4993 videri
2590 4937 2843 5009 ignarum
2888 4938 3064 4993 uxorii
3107 4939 3420 5009 commenti,

1816 5036 2074 5084 attractus
2105 5027 2341 5083 evidenti
2368 5028 2579 5083 ratione
2620 5028 2744 5091 hac,
2787 5027 3005 5083 tandem
3044 5027 3284 5099 seipsum
3327 5045 3422 5085 re-

1816 5115 2111 5187 sponsione
2131 5116 2356 5171 deludit.
2394 5138 2415 5166 ι
2450 5115 2589 5184 Quia
2608 5116 2791 5188 longo,
2812 5116 2903 5181 ait,
2926 5125 3189 5187 tempore,
3225 5134 3423 5189 corpo-

1816 5205 1889 5259 ris
1919 5205 2266 5261 incommodo
2296 5222 2381 5260 me
2413 5213 2713 5275 premente.
2766 5206 3014 5278 conjugis
3043 5223 3181 5261 mea
3211 5216 3423 5262 secreta

1814 5294 1994 5349 minus
2022 5295 2260 5365 perfecte
2290 5294 2436 5363 novi,
2470 5294 2594 5349 ideo
2625 5294 2770 5361 volo,
2817 5294 2862 5348 si
2893 5295 3091 5365 placet,
3122 5297 3324 5352 arctius
3352 5298 3424 5353 de

1816 5383 1897 5437 lllS
1927 5384 1996 5436 ab
2025 5383 2113 5437 illa
2142 5382 2452 5454 perdiscere
2485 5383 2789 5437 veritatem.
2825 5382 3099 5455 Quidquid
3134 5401 3264 5440 vero
3294 5384 3422 5442 inde

1814 5472 1946 5525 mihi
1977 5480 2316 5542 compertum
2348 5471 2527 5534 fuerit,
2561 5471 2717 5526 vobis
2748 5488 2906 5527 mane
2928 5473 3204 5540 nuntiabo,
3239 5483 3422 5532 vestro

180 5649 328 5719 U35)
357 5654 535 5708 Anno.
577 5651 651 5703 uti
684 5651 954 5717 colligitur,
1006 5650 1153 5703 1195.
1202 5652 1371 5705 Puella
1413 5651 1599 5703 etenim
1647 5651 1730 5704 vix
1778 5656 1986 5718 quatuor
2029 5664 2265 5704 annorum
2308 5651 2653 5717 desponsatur,
2701 5656 2751 5703 et
2798 5652 2932 5705 fraus
2976 5666 3105 5706 anno
3152 5654 3314 5719 1199,
3373 5654 3425 5706 in

110 5717 365 5783 prasentia
387 5719 607 5773 auctoris
627 5719 895 5783 detegitur.
