3938 6440
483 373 615 425 1011

1363 368 1420 423 8.
1462 364 1780 424 HUGONIS
1816 364 2040 422 EPISC.
2083 363 2406 423 LINCOLN.
2449 365 2614 423 0RD.
2656 365 2904 423 CARTH.

3663 368 3821 421 1012

477 493 845 549 indubitanter
874 492 1149 566 pariturus
1204 490 1435 549 consilio
1464 507 1632 563 super
1659 490 1931 560 omnibus,
1966 507 2088 562 quae
2113 492 2166 552 Α
2195 491 2360 546 nebat
2388 490 2533 545 idem
2563 507 2717 546 more
2774 489 2999 562 nuptiali
3048 489 3363 546 solemniter
3412 488 3517 545 sibi
3562 489 3819 561 despon-

478 581 680 638 fuerint
730 582 885 652 juxta
950 582 1029 637 rei
1084 581 1352 654 inquisita
1408 581 1609 637 seriem
1672 579 1855 635 utilius
1921 595 2085 635 exse-

482 671 717 743 quenda.
773 691 797 721 ι

550 761 685 815 Tum
715 760 918 831 praesul
947 759 1081 814 satis
1129 758 1486 825 admonitum,
1538 757 1592 812 in
1622 757 1708 813 his
1746 752 1931 813 verbis
1962 772 2087 811 eum

481 848 635 905 abire
682 848 1002 920 permittens
1037 866 1050 903 :
1104 870 1125 899 ι
1163 847 1333 916 Scias,
1369 847 1558 919 inquit,
1612 847 1701 902 die
1731 846 1963 902 crastina
1995 862 2088 901 ex-

480 937 986 994 communicationis
1006 938 1272 992 sententia
1292 952 1482 992 omnes
1501 936 1623 991 illos
1646 952 1677 990 a
1697 935 1856 990 nobis
1886 935 2086 990 solem-

478 1027 619 1082 niter
647 1042 713 1083 ac
741 1026 1055 1082 terribiliter
1086 1042 1209 1081 esse
1231 1024 1508 1081 feriendos
1535 1025 1627 1097 qui
1648 1025 1807 1093 hujus
1836 1024 1965 1078 mali
1995 1040 2087 1078 au-

481 1124 661 1172 ctores
692 1115 998 1171 exstiterint
1028 1123 1120 1170 aut
1154 1114 1414 1183 fautores,
1448 1115 1494 1168 si
1538 1113 1717 1167 minus
1749 1112 1908 1180 forte,
1943 1114 2087 1185 quod

478 1205 777 1277 polliceris,
803 1203 971 1260 fueris
993 1213 1307 1261 exsecutus.
1358 1227 1379 1251 n
1414 1204 1502 1259 Sic
1524 1202 1614 1257 ille
1631 1202 1908 1271 dimissus,
1943 1209 1997 1257 et
2018 1202 2087 1257 ad

479 1310 609 1349 suos
636 1310 913 1360 reversus,
949 1293 1119 1349 sterili
1151 1308 1454 1364 puerperae,
1478 1306 1599 1363 quae
1628 1290 1831 1346 audivit
1861 1306 1891 1345 a
1918 1290 2091 1361 ponti-

482 1382 603 1450 fice,
635 1382 723 1438 vel
754 1398 875 1455 quae
904 1381 1146 1453 pontifici
1174 1381 1355 1436 retulit
1393 1381 1531 1450 ipse,
1580 1379 1816 1435 seriatim
1847 1378 2084 1449 exponit.

480 1471 562 1525 Ad
594 1473 710 1527 hzec
741 1471 851 1538 illa,
884 1469 1199 1525 infrendens
1221 1478 1274 1525 et
1301 1467 1575 1524 infelicem
1605 1468 1755 1522 illum
1785 1466 2091 1538 procaciter

483 1560 805 1633 objurgans,
840 1559 1021 1615 redire
1042 1575 1166 1614 eum
1187 1559 1255 1613 ad
1277 1556 1495 1612 fidelem
1524 1556 1898 1613 consiliarium
1932 1556 2087 1627 peni-

484 1656 571 1703 tus
599 1648 877 1703 dissuasit.
915 1646 1022 1716 Qui
1067 1647 1207 1702 male
1253 1646 1608 1719 acquiescens
1638 1644 1908 1700 domitrici
1954 1661 2085 1713 sum,

483 1738 569 1793 cui
601 1738 794 1794 ordine
824 1744 1161 1808 praepostero
1190 1736 1283 1791 diu
1322 1742 1677 1792 consueverat
1705 1733 1968 1798 ancillari,
2004 1750 2092 1788 re-

483 1827 625 1883 sedit
651 1826 817 1894 domi,
868 1824 1078 1882 crimen
1131 1824 1395 1894 adjiciens
1439 1823 1709 1879 mendacii
1764 1821 2093 1895 praecedenti

483 1930 677 1971 errori.

557 1999 721 2055 Facta
751 2006 833 2054 est
863 1998 981 2053 dies
1013 1997 1270 2068 crastina,
1306 2014 1430 2069 quae
1464 1995 1561 2052 fuit
1591 2004 1954 2053 sacrosanctae
1982 1995 2094 2050 Re-

491 2087 853 2144 surrectionis
882 2087 1184 2142 Dominicae
1203 2086 1450 2158 paschali
1466 2084 1807 2141 solemnitate
1834 2084 2091 2155 gloriosa,

488 2192 595 2249 qua
623 2176 936 2248 episcopus,
969 2176 1153 2231 habito
1182 2191 1357 2231 sacrae
1406 2174 1797 2230 exhortationis
1826 2174 1996 2229 verbo
2026 2173 2095 2228 ad

486 2265 768 2337 populum,
828 2264 1038 2321 cunctis
1092 2264 1299 2337 negotii
1368 2265 1529 2334 hujus
1575 2263 1762 2335 pandit
1820 2270 2091 2328 eventum,

485 2354 862 2410 enormitatem
902 2362 1203 2427 exaggerat
1251 2352 1527 2420 maleficii,
1561 2361 1614 2408 et
1663 2368 1721 2407 se
1750 2367 1861 2406 non
1888 2350 2094 2406 defutu-

484 2460 608 2498 rum
635 2451 932 2509 asseverat,
966 2442 1097 2514 quin
1129 2449 1277 2497 tanto
1323 2457 1422 2513 pro
1469 2441 1678 2497 viribus
1708 2447 1955 2496 occurrat
1980 2439 2095 2510 pia-

482 2532 602 2588 culo
623 2548 689 2588 ex
738 2547 966 2587 censura
1010 2530 1296 2602 pastoralis
1350 2529 1530 2586 otlicii.
1581 2530 1823 2601 Cumque
1880 2527 2093 2599 plenius

483 2619 865 2693 perdocuisset
894 2619 1079 2693 quanti
1099 2620 1168 2674 sit
1200 2619 1463 2689 criminis,
1496 2635 1604 2673 non
1635 2618 2007 2673 tantummodo
2037 2616 2092 2670 in

484 2710 707 2766 fratrem
732 2709 1035 2782 proprium,
1071 2709 1169 2764 sed
1215 2709 1303 2764 vel
1355 2708 1411 2763 in
1468 2708 1716 2780 quemvis
1763 2707 2088 2778 proximum,

484 2799 765 2872 quippiam
819 2797 1133 2867 hujusmodi
1188 2805 1524 2866 attentasse,
1573 2796 1717 2851 unde
1772 2795 2092 2851 necessario

482 2888 760 2962 contingat
791 2904 914 2943 eum
944 2903 1067 2943 cum
1110 2886 1257 2941 omni
1303 2886 1617 2957 posteritate
1645 2901 1741 2940 sua
1770 2884 2090 2940 irremedia-

483 2977 578 3032 bili
606 2976 895 3048 dispendio
941 2975 1229 3045 subjacere
1273 2974 1442 3047 (quod
1470 2975 1631 3029 etiam
1677 2974 1884 3045 peccati
1915 2990 2092 3046 genus

484 3066 587 3121 sub
613 3065 756 3121 mole
786 3080 899 3119 suae
928 3063 1184 3136 nequitiae
1213 3063 1283 3119 ad
1330 3072 1562 3119 mortem
1591 3062 1675 3117 sui
1713 3080 1858 3134 saepe
1886 3078 2092 3134 perpe-

483 3162 715 3211 tratores
763 3153 976 3209 dicebat
1005 3152 1453 3207 irremissibiliter
1499 3152 1848 3225 astringere),
1898 3168 2090 3207 omnes

483 3243 609 3300 illos
638 3243 856 3300 vinculo
897 3241 1178 3298 innodavit
1233 3242 1591 3297 anathematis
1649 3241 1741 3312 qui
1795 3242 1865 3295 de
1902 3249 2091 3312 partus

484 3332 731 3404 praedicti
771 3331 1146 3404 suppositione
1191 3331 1725 3387 exhzereditationem
1773 3330 1957 3384 militis
1989 3346 2091 3383 sai--

484 3421 607 3494 pius
651 3420 938 3477 memorati
984 3419 1208 3476 minime
1264 3420 1570 3476 timuissent
1624 3434 1942 3490 procurare.
1974 3420 2090 3475 Nec

483 3527 616 3568 vero
644 3510 699 3566 in
729 3511 955 3585 longum
985 3510 1193 3565 distulit
1228 3509 1285 3565 in
1337 3509 1568 3565 traditos
1599 3509 1703 3564 sibi
1731 3525 1795 3563 ex
1827 3508 2092 3563 sententia

483 3601 582 3657 viri
606 3601 735 3670 justi
768 3600 993 3656 Satanas
1024 3599 1245 3655 saevitiae
1276 3616 1389 3655 suae
1431 3598 1776 3670 tyrannidem
1809 3614 2087 3653 exercere.

482 3691 675 3746 Virum
704 3705 942 3762 namque
971 3688 1223 3761 sequenti
1246 3695 1407 3743 nocte
1428 3688 1712 3755 invadens,
1748 3687 1839 3760 qui
1868 3703 2093 3759 perver-

489 3778 705 3835 sitatem
767 3779 1017 3850 conjugis
1072 3776 1464 3832 dissimulando
1521 3776 1699 3847 potius
1743 3776 1875 3831 fovit
1932 3793 2093 3848 quam

485 3868 740 3936 correxit,
791 3867 908 3935 ejus
950 3866 1129 3921 subito
1174 3865 1409 3920 animam
1455 3865 1699 3920 extorsit.
1734 3866 1975 3936 Repente
2006 3872 2092 3920 et-

488 3957 634 4013 enim
663 3957 720 4010 in
747 3955 950 4012 lectulo
977 3955 1227 4027 apparuit
1274 3961 1537 4020 mortuus,
1571 3954 1625 4008 in
1657 3970 1819 4026 quem
1849 3970 1909 4009 se
1939 3954 2091 4009 loca-

485 4052 643 4101 verat
674 4045 876 4118 quiete,
906 4053 967 4099 ut
1016 4043 1267 4112 credidit,
1310 4051 1654 4115 pausaturus.
1706 4044 1876 4112 Hujus
1913 4052 2091 4098 autem

484 4134 726 4190 mulieris
755 4135 830 4189 ita
858 4133 1008 4189 furor
1035 4134 1284 4205 pertinax
1330 4141 1384 4188 et
1432 4132 1516 4188 ira
1560 4133 1698 4187 adeo
1729 4132 1863 4188 dura
1910 4131 2007 4187 fuit
2039 4141 2093 4187 ut

480 4223 760 4297 proprium
804 4232 911 4278 tam
959 4223 1244 4278 exitialiter
1292 4222 1464 4279 virum
1540 4222 1848 4293 perdidisse
1892 4238 2002 4277 non
2036 4222 2087 4277 ei

488 4312 780 4381 sufficeret,
813 4313 918 4368 nisi
958 4313 1231 4385 inceptam
1277 4319 1470 4369 contra
1498 4311 1615 4380 ejus
1645 4327 1965 4384 germanum
1997 4328 2093 4366 ne-

488 4403 711 4476 quitiam
741 4403 1005 4459 hostiliter
1047 4402 1393 4475 adimpleret.
1444 4401 1684 4456 Perstitit
1722 4400 1867 4456 enim
1897 4399 2094 4457 conﬁr—

486 4509 638 4548 mare
696 4508 1007 4548 sermonem
1062 4508 1318 4564 nequam,
1370 4490 1611 4547 debitam
1667 4490 1770 4544 sibi
1819 4497 2094 4545 retentans

2188 596 2331 648 sare,
2357 595 2673 651 praecavens
2696 580 2950 635 nimirum
2981 596 3050 634 ne
3087 578 3226 634 forte
3251 579 3487 651 qualibet
3506 579 3819 635 occasione

2186 669 2492 740 privaretur
2539 669 2659 723 talis
2704 669 3016 740 patrimonii
3062 668 3443 740 acquisitione.
3503 666 3664 737 Quod
3713 666 3823 722 ubi

2188 758 2417 813 innotuit
2445 758 2703 829 episcopo
2734 757 2849 830 (qui
2887 757 3129 829 generali
3163 757 3361 828 saepius
3391 757 3691 813 constituto
3721 756 3821 811 in-

2188 846 2435 901 hibuerat
2466 846 2641 901 aetatis
2670 846 2980 902 iudiscretae
3028 846 3277 917 copulam
3322 846 3649 916 nuptialem)
3680 861 3822 900 mox

2189 936 2353 990 etiam
2385 935 2608 1006 speciali
2639 935 2911 1007 prohibuit
2956 934 3242 990 interdicto
3266 951 3334 990 ne
3365 934 3485 1006 quis
3515 935 3819 1006 presbyte-

2188 1040 2374 1080 rorum
2408 1041 2504 1079 seu
2534 1025 2761 1097 quilibet
2792 1023 3030 1078 fidelium
3074 1022 3509 1078 Christianorum
3540 1023 3629 1077 his
3659 1039 3825 1094 prm-

2192 1114 2377 1169 sertim
2406 1114 2609 1184 nuptiis
2638 1121 2996 1184 praesumeret
3026 1112 3313 1167 interesse.
3348 1111 3728 1183 Prospiciebal
3750 1112 3819 1165 in

2189 1203 2295 1258 hoc
2324 1202 2551 1273 perenni
2579 1202 2739 1257 simul
2770 1209 2823 1257 et
2860 1201 3149 1272 temporali
3197 1200 3483 1256 multorum
3531 1201 3821 1255 indemni-

2191 1288 2304 1353 tati,
2371 1287 2662 1343 consulens
2708 1287 2868 1342 etiam
2925 1286 3032 1356 juri
3082 1286 3374 1352 communi,
3435 1285 3691 1342 videlicet
3735 1304 3816 1342 ne

2190 1384 2311 1431 ante
2341 1375 2554 1446 plenius
2581 1375 2852 1445 cognitam
2883 1383 2936 1429 et
2975 1375 3275 1431 discussam
3317 1373 3398 1429 rei
3425 1375 3820 1444 hujuscemodi

2192 1464 2475 1519 veritatem
2505 1464 2558 1518 in
2607 1463 2832 1533 alicujus
2874 1464 3043 1533 partis
3088 1463 3462 1534 prrejudicium
3493 1463 3599 1519 tale
3630 1464 3814 1519 inire-

2193 1562 2279 1608 tur
2308 1553 2657 1609 connubium.

2264 1645 2332 1697 At
2362 1642 2622 1713 episcopo
2655 1641 2816 1698 citius
2845 1650 2969 1713 post
2997 1642 3115 1697 haec
3134 1642 3205 1696 ob
3221 1642 3465 1714 quaedam
3494 1642 3718 1715 negotia
3737 1642 3817 1698 ad

2194 1747 2385 1804 regem
2428 1730 2484 1784 in
2530 1731 2839 1785 Neustriam
2877 1731 3120 1802 profecto
3152 1730 3318 1803 [135),
3346 1739 3721 1786 convenerunt
3754 1731 3817 1785 in

2119 1852 2173 1911 B
2194 1820 2315 1875 vico
2348 1820 2582 1891 quodam
2614 1819 2890 1875 remotiori
2915 1819 3130 1888 juvenis
3168 1820 3417 1890 praedicti
3463 1819 3705 1875 fautores
3758 1827 3822 1873 et

2196 1908 2610 1979 consanguinei,
2641 1908 2823 1979 ibique
2872 1908 3213 1978 simplicitate
3257 1909 3542 1963 abutentes
3574 1925 3673 1963 seu
3703 1924 3813 1963 cu-

2192 1998 2414 2069 piditate
2445 1997 2747 2053 sacerdotis
2779 1997 2881 2052 loci
2911 1997 3074 2066 illius,
3128 1997 3357 2053 solemni
3384 2014 3538 2053 more
3569 1998 3817 2067 conjun-

2195 2096 2329 2159 gunt
2359 2087 2414 2140 in
2445 2085 2583 2141 facie
2614 2086 2877 2142 Ecclesiae.
2920 2086 3076 2140 militi
3106 2085 3442 2153 infantulam,
3478 2086 3675 2141 illustri
3706 2104 3815 2141 ru-

2197 2175 2482 2241 sticanum,
2516 2175 2756 2245 ingenuo
2787 2191 2851 2229 ex
2878 2175 3062 2229 servili
3094 2175 3406 2231 conditione
3435 2182 3809 2247 procreatam.

2193 2265 2363 2318 Tanta
2394 2264 2495 2318 fuit
2520 2263 2749 2319 aviditas
2777 2263 2937 2319 alieni
2960 2263 3101 2333 juris
3145 2264 3449 2335 occupandi
3496 2273 3555 2319 ut
3584 2281 3689 2320 nec
3720 2265 3817 2319 in-

2193 2352 2526 2426 genuitatem
2574 2353 2906 2425 degenerata
2949 2352 3206 2422 conditio,
3259 2370 3360 2409 nec
3401 2353 3590 2408 salutis
3622 2354 3818 2409 mani—

2193 2442 2333 2497 festa
2363 2441 2598 2513 perditio
2619 2441 2884 2497 infaustas
2903 2442 3122 2513 nuptias
3143 2442 3489 2514 praapediret.
3522 2444 3817 2514 Regresso

2193 2531 2395 2586 interea
2424 2548 2453 2585 a
2484 2531 2865 2586 transmarinis
2895 2532 3171 2602 episcopo,
3225 2548 3346 2604 quae
3389 2540 3543 2605 gesta
3575 2541 3703 2586 sunt
3733 2534 3820 2588 ci-

2193 2621 2298 2675 tius
2339 2620 2704 2675 innotescunt.
2764 2620 2901 2676 Hinc
2944 2621 3247 2692 presbyter,
3311 2620 3496 2675 talium
3551 2621 3845 2676 minister.

2192 2710 2523 2780 nuptiarum,
2558 2710 2925 2780 suspensione
2965 2710 3033 2765 ah
3083 2710 3275 2765 eodem
3312 2711 3521 2780 pariter
3551 2709 3817 2766 beneficii

2194 2799 2486 2853 mulctatur
2517 2807 2569 2853 et
2598 2798 2779 2855 oﬂicii.
2806 2801 2867 2854 In
2911 2799 3149 2871 reliquos
3180 2814 3308 2855 vero
3339 2799 3486 2854 vetiti
3517 2799 3599 2853 sui
3633 2807 3819 2855 trans-

2193 2904 2500 2962 gressores,
2538 2903 2659 2944 eum
2688 2888 2792 2943 viri
2836 2884 3023 2945 coram
3055 2904 3120 2943 eo
3163 2904 3360 2959 parere
3408 2889 3820 2944 contumaciter

2192 2978 2568 3045 detrectarent,
2621 2977 3196 3034 excommunicationis
3246 2978 3511 3034 sententia
3559 2978 3820 3049 promul-

2191 3074 2365 3138 gatur.
3758 3082 3761 3085 '

2265 3157 2478 3211 Interea
2506 3153 2645 3211 ﬁctae
2674 3157 2863 3211 matris
2912 3156 3242 3213 cubicularia
3292 3157 3470 3229 (cujus
3498 3156 3816 3212 ministerio

2190 3245 2376 3317 proles
2406 3244 2598 3300 aliene
2628 3246 2909 3316 genitricis
2959 3245 3184 3318 quaesita
3217 3254 3299 3301 est
3330 3255 3383 3300 et
3425 3246 3670 3317 inventa)
3704 3255 3820 3301 ter-

2190 3342 2345 3390 rente
2374 3334 2723 3404 conscientia,
2750 3335 2989 3409 primum
3021 3336 3091 3389 ad
3123 3335 3577 3406 pcenitcntiarium
3606 3335 3818 3392 Eccle-

2192 3424 2286 3478 siae
2327 3424 2740 3489 Lincolnicnsis,
2798 3433 2998 3479 sancta:
3046 3425 3436 3480 recordationis
3482 3425 3815 3495 magistrum

2191 3512 2530 3567 Willelmum
2561 3513 2628 3567 de
2659 3513 2976 3569 Bredefeldo
3025 3515 3393 3569 subdecanum
3436 3514 3605 3581 (136),
3640 3525 3694 3569 et
3726 3515 3818 3586 ip-

2192 3602 2305 3656 sius
2335 3603 2549 3656 demum
2582 3603 2793 3657 hortatu
2824 3603 2893 3657 ad
2921 3603 3098 3675 ipsum
3138 3605 3409 3659 accedens
3458 3603 3814 3675 episcOpum,

2191 3707 2408 3747 omnem
2438 3690 2517 3745 rei
2548 3690 2795 3746 ordinem
2835 3707 2958 3748 eum
3002 3709 3199 3765 magna
3252 3692 3454 3765 detegit
3485 3690 3814 3763 profusione

2190 3780 2574 3852 lacrymarum.
2607 3781 2759 3837 Tunc
2787 3781 3078 3852 episcopus
3102 3782 3168 3836 de
3200 3782 3285 3836 his
3317 3781 3568 3837 omnibus
3600 3782 3819 3837 certior

2193 3868 2437 3935 effectus,
2474 3880 2741 3925 secretum
2782 3870 2999 3941 quidem
3029 3872 3170 3942 apud
3220 3887 3280 3925 se
3326 3870 3540 3925 interim
3589 3870 3810 3937 habuit,

2193 3959 2339 4029 quod
2368 3958 2632 4013 secretius
2653 3958 2876 4025 audivit,
2897 3958 3059 4013 latam
3080 3976 3213 4014 vero
3234 3959 3444 4029 pridem
3475 3959 3813 4014 sententiam

2192 4046 2426 4119 singulis
2454 4046 2876 4119 circumquaque
2922 4064 3021 4118 per
3068 4048 3346 4104 Ecclesias
3377 4047 3566 4102 diebus
3610 4048 3811 4102 Domi-

2191 4135 2329 4191 nicis
2360 4135 2613 4190 renovari
2642 4136 2858 4206 publice
2879 4137 3246 4192 demandavit.
3272 4135 3427 4206 Quod
3459 4136 3803 4207 aliquandiu,

2192 4233 2249 4279 ut
2280 4222 2378 4279 fuit
2406 4224 2704 4295 impletum,
2731 4226 3085 4280 machinatrix
3127 4234 3179 4281 et
3227 4226 3454 4281 materia
3485 4225 3642 4294 hujus
3672 4226 3809 4280 mali

2191 4313 2386 4368 mulier
2412 4312 2617 4380 infelix,
2651 4330 2877 4370 reversa
2925 4315 3144 4369 domum
3193 4315 3248 4369 in
3280 4331 3338 4369 se
3383 4315 3547 4385 coepit
3575 4315 3806 4369 horrere

2194 4417 2332 4473 Opus
2362 4403 2500 4457 adeo
2532 4403 2899 4474 perniciosum
2929 4421 2957 4459 a
2990 4421 3048 4460 se
3067 4404 3436 4471 commissum,
3468 4404 3801 4475 tandemque

2195 4491 2431 4546 animata
2458 4492 2687 4548 consilio
2723 4493 2979 4564 prudenti
3009 4494 3220 4549 accedit
3264 4493 3473 4564 pariter
3502 4508 3687 4548 secum
3718 4509 3807 4547 as-

483 4581 918 4638 maledictionem
948 4589 1002 4638 et
1028 4581 1322 4636 indebitam
1370 4579 1606 4635 alumnae
1663 4595 1776 4634 sum
1807 4578 2163 4643 vindicansD
2196 4589 2409 4652 sumpta
2438 4581 2619 4637 delicti
2670 4583 2753 4637 sui
2793 4583 3011 4638 conscia
3056 4591 3109 4636 et
3151 4582 3419 4651 ministra,
3470 4581 3801 4637 cubicularia

484 4670 875 4727 haereditatem.

554 4759 793 4815 Excluso
823 4759 988 4831 igitur
1015 4758 1260 4830 legitimo
1281 4758 1497 4813 herede
1526 4772 1559 4811 a
1589 4756 1835 4813 fraterna
1866 4772 2092 4813 succes—

486 4849 660 4916 sione,
694 4849 852 4903 datur
880 4848 1036 4919 regio
1066 4863 1292 4903 munere
1315 4846 1581 4901 infantula
1611 4862 1735 4902 cum
1767 4846 1887 4916 ipsa
1917 4846 2092 4901 haere-

485 4938 654 4993 ditate
704 4936 920 4993 cuidam
957 4935 1164 5005 juveni,
1225 4935 1317 5006 qui
1364 4933 1531 4989 frater
1574 4942 1687 4990 erat
1733 4934 1977 5006 Hugonis
2024 4935 2092 4990 de

483 5041 626 5081 nova
656 5024 805 5091 villa,
838 5024 1035 5079 summi
1066 5023 1270 5078 scilicet
1313 5022 1370 5076 in
1411 5038 1583 5095 regno
1624 5021 1888 5077 forestarii
1918 5024 2086 5093 (134).

487 5114 661 5183 Quam
689 5114 863 5170 atatis
900 5112 987 5170 vix
1020 5120 1274 5184 quartum
1319 5111 1635 5182 implentem
1665 5128 1864 5166 annum
1901 5112 2090 5184 dispo-

554 5290 699 5355 (134)
742 5293 832 5355 Qui
860 5292 909 5343 in
948 5294 1043 5344 hoc
1079 5305 1281 5343 munere
1303 5295 1609 5344 successerat
1650 5292 1888 5355 Galt'rido,
1913 5293 1974 5344 de
1999 5306 2091 5356 quo

486 5359 693 5420 dictum,
719 5359 809 5410 lib.
842 5374 915 5422 ιιι,
943 5374 989 5411 c.
1019 5360 1070 5410 8.

557 5426 703 5489 (135)
744 5427 799 5477 In
820 5428 1100 5478 Neustriam
1126 5428 1260 5478 venit
1300 5429 1436 5491 Hugo
1480 5429 1528 5478 in
1570 5428 1935 5493 Septuagesima
1977 5428 2088 5478 anni

493 5494 643 5554 1199,
674 5494 803 5543 intra
829 5495 914 5544 lib.
940 5509 988 5557 v,
1013 5508 1058 5545 c.
1090 5496 1169 5555 15,
1198 5495 1351 5545 iturus
1374 5496 1435 5546 ad
1458 5496 1755 5548 Ricbardum
1779 5509 1964 5559 regem.

556 5559 702 5627 (136)
742 5562 885 5613 Forte
912 5566 960 5613 et
986 5562 1333 5613 cancellurium
1350 5601 1364 5627 ,
1391 5563 1470 5626 qui
1497 5563 1621 5627 apud
1647 5563 1840 5615 Surium
1882 5563 2091 5614 tentavit

2193 4678 2507 4742 prmnotata,
2562 4670 2629 4724 ad
2680 4671 3016 4742 episcopum,
3059 4680 3219 4743 atque
3265 4671 3502 4742 primum
3548 4670 3624 4724 illi
3674 4671 3802 4737 soli,

2194 4760 2393 4814 deinde
2414 4759 2662 4830 pluribus
2694 4760 2828 4815 viris
2859 4760 3109 4816 discretis
3131 4760 3292 4831 (inter
3313 4777 3448 4831 quos
3481 4767 3530 4813 et
3564 4759 3672 4826 ille,
3708 4760 3805 4831 qui

2192 4848 2309 4902 haec
2342 4847 2560 4918 scripsit
2593 4849 2764 4917 (137),
2797 4865 3038 4919 praesens
3069 4848 3188 4919 fuit)
3220 4858 3430 4903 reatum
3464 4864 3618 4902 suum
3651 4848 3806 4902 ﬂebi-

2193 4934 2317 4991 liter
2346 4935 2654 5006 confitetur,
2689 4946 2741 4992 et
2774 4953 2832 4992 se
2862 4937 3143 5009 proprium
3186 4938 3435 4992 maritum
3468 4936 3797 5008 perdidisse,

2194 5042 2253 5080 se
2274 5025 2496 5081 fratrem
2520 5027 2635 5095 ejus
2655 5027 3101 5093 circumvenisse,
3121 5027 3273 5083 illum
3294 5027 3362 5081 ad
3378 5035 3629 5094 mortem,
3655 5028 3804 5081 hunc

2194 5115 2263 5170 ad
2320 5115 2771 5187 proscriptionem
2816 5125 2869 5172 et
2912 5117 3387 5173 exheredationem
3426 5132 3560 5172 voce
3602 5132 3801 5188 geme-

2191 5296 2444 5372 ﬁugonem
2505 5297 2565 5347 de
2636 5296 2915 5348 ditl'erentia
2986 5297 3261 5349 osculorum
3316 5298 3448 5347 inter
3493 5309 3577 5346 sua
3649 5302 3699 5347 et
3744 5299 3801 5348 S.

2190 5365 2407 5491 mat???
2439 5430 2511 5480 Ex
2566 5431 2658 5480 hoc
2709 5430 2918 5491 conjicio
2962 5432 3301 5493 paenitentiam
3364 5431 3597 5481 adultera:
3664 5432 3795 5481 acci-

2190 5496 2329 5614 (Aissp
2355 5509 2483 5546 anno
2511 5498 2675 5560 1199,
2723 5504 2979 5562 postquam
3021 5500 3160 5561 liugo
3207 5500 3353 5549 rediit
3398 5512 3457 5548 ex
3500 5499 3721 5549 Nrustria
3751 5499 3798 5548 in

2236 5575 2434 5625 ngiam.
