3938 6412
202 376 348 433 1013
1572 381 1756 438 VITA.

1977 385 2034 440 Β.
2075 387 2168 443 ιν.
3391 396 3532 450 1014

201 500 397 557 bunda
423 510 775 575 protestetur.
821 502 955 573 Quae
983 504 1243 562 universa
1273 506 1656 564 Cantuariensi
1684 523 1806 563 me-
1827 510 1884 571 A
1910 526 2063 566 more
2092 527 2193 568 suo
2239 519 2476 570 tractare
2526 514 2813 587 disposuit,
2863 515 2940 572 ita
2963 524 3304 589 peremptus
3334 527 3437 590 est,
3468 527 3530 576 ut

202 592 542 662 tropolitano
576 594 745 663 (138),
797 601 927 650 tunc
974 596 1235 666 temporis
1280 597 1446 652 totius
1477 596 1637 670 regni
1660 597 1823 667 justi-
1925 600 2163 656 brachiis
2187 604 2477 674 amputatis
2506 613 2559 660 et
2588 620 2622 660 a
2646 605 2828 677 capite
2872 606 3079 662 avulsis
3104 607 3277 663 fustes
3306 609 3532 681 quidam

207 679 387 748 tiario,
424 681 659 737 sollicite
690 698 788 753 per
815 683 1132 755 episcopum
1170 684 1532 753 insinuantur,
1566 685 1823 742 fratribus
1924 689 2055 744 satis
2086 691 2269 764 exigui
2299 692 2424 763 (pro
2455 693 2653 764 quibus
2671 694 2742 750 ab
2772 696 2967 751 eodem
2988 696 3123 751 satis
3143 679 3380 766 injuriati
3410 697 3535 755 fue-

208 786 432 841 quoque
481 779 534 825 et
571 770 761 825 amicis
816 771 980 826 alieni
1017 773 1347 844 patrimonii,
1401 782 1461 829 ut
1499 775 1820 845 praedictum
1924 787 2062 844 rant,
2096 781 2187 851 qui
2220 797 2344 835 eum
2387 786 2759 853 peremerunt)
2792 784 2935 839 inter
2965 785 3197 841 cadaver
3227 794 3533 843 truncatum

211 862 316 921 est,
359 855 701 911 insidiatorie
745 855 970 921 obtenti,
1022 858 1234 913 cunctis
1281 859 1444 914 etiam
1491 859 1822 930 primoribus
1921 875 1973 923 et
2002 883 2164 939 caput
2197 878 2501 938 exsectum,
2533 889 2635 928 nec
2661 888 2772 928 non
2801 882 2854 929 et
2883 874 2985 928 alia
3014 874 3265 930 membra
3296 876 3537 934 feraliter

212 941 333 997 fere
365 951 420 998 et
452 944 754 999 baronibus
783 944 947 1001 curiae
975 946 1349 1018 Angelicanaa.
1919 958 2119 1025 excisa,
2153 967 2203 1013 et
2235 959 2363 1015 hinc
2388 960 2514 1015 inde
2541 962 2719 1032 posita
2740 979 2841 1033 per
2880 962 2998 1019 loca
3026 964 3128 1018 tria
3164 965 3530 1039 relinqueren-

281 1032 647 1088 Nihilominus
676 1049 808 1089 vero
841 1049 1077 1104 sponsus
1125 1036 1321 1106 puellae
1367 1036 1613 1092 insonter
1642 1039 1819 1095 noxiae
1914 1052 2029 1111 tur,
2062 1046 2117 1101 in
2166 1047 2387 1119 signum
2434 1049 2688 1106 videlicet
2736 1032 2788 1106 et
2831 1053 3199 1110 testimonium
3248 1032 3522 1128 nequitiae,

208 1136 334 1176 cum
377 1122 492 1176 suis
537 1122 867 1178 consiliariis
890 1124 1154 1178 incumbit
1185 1126 1524 1195 possessioni
1555 1136 1817 1183 nocenter
1916 1135 2041 1206 quia
2083 1135 2138 1190 in
2187 1135 2444 1193 ﬁnitimos
2493 1156 2740 1212 quosque
2788 1142 3090 1214 tyranicam
3137 1122 3354 1201 rabiem'
3386 1160 3524 1201 con-

203 1210 439 1281 adeptze.
473 1214 743 1266 Asserunt
772 1213 918 1267 enim
943 1213 1097 1282 juxta
1126 1213 1280 1285 leges
1310 1215 1522 1286 Anglia:
1551 1216 1813 1288 cujusque
1915 1234 2171 1281 sueverat
2201 1242 2482 1284 exercere.
2654 1210 2667 1212 ﬁ
2813 1210 2826 1214 τ
3492 1227 3498 1231 ’

207 1299 458 1355 sobolem
504 1300 729 1356 decerni
776 1301 1093 1372 legitimam,
1144 1318 1308 1375 quam
1352 1304 1537 1359 uxoris
1586 1306 1813 1360 maritus

205 1388 472 1460 legitime,
506 1390 687 1460 quoad
718 1390 940 1456 viveret,
982 1391 1281 1464 legitimam
1309 1393 1608 1449 habuisset.
1638 1398 1811 1451 Arce-
2544 1416 2772 1474 CAPUT
2811 1420 2875 1475 ν,

204 1485 294 1531 tur
322 1476 506 1548 itaque
530 1478 688 1547 hujus
717 1487 982 1549 praetextu
1015 1481 1299 1537 sententiae
1327 1483 1503 1537 hieres
1533 1483 1811 1556 legitimus

204 1566 275 1619 ab
319 1565 577 1638 ingressu
624 1568 992 1638 possessionis
1035 1570 1415 1626 hazreditariae.
1465 1574 1532 1626 At
1572 1571 1759 1628 interin

1968 1558 2210 1637 :qugdam
2242 1558 2467 1646 diacono,
2512 1563 2598 1646 qui
2651 1563 3312 1646 ﬁliamﬁliam-nisum:-
3335 1568 3523 1646 crimen

207 1654 281 1709 ob
329 1656 699 1711 reverentiam
743 1657 923 1728 magis
972 1658 1215 1729 episcopi
1256 1676 1417 1731 quam
1439 1669 1661 1731 propter
1689 1664 1762 1716 evi

1974 1628 2129 1687 regia:
2148 1628 2447 1688 proditionis
2460 1630 2645 1680 acriter
2669 1632 2945 1692 impelebat.
2969 1659 3031 1671 —
3058 1635 3125 1684 Et
3134 1628 3231 1685 hoc
3251 1634 3520 1699 capitulum

1974 1693 2217 1744 inseritur
2234 1708 2421 1758 magna
2467 1695 2609 1760 Vites,
2633 1710 2743 1760 cap.
2775 1701 2828 1760 6,
2856 1700 2946 1752 lib.
2974 1713 3043 1751 tv.

204 1744 449 1799 dentiam
480 1745 753 1801 universis
783 1763 923 1817 pene
950 1748 1236 1804 notiticatae
1266 1750 1363 1819 rei,
1389 1766 1498 1805 non
1529 1751 1810 1806 sinebatur
1976 1735 2094 1744 mm
2113 1735 2199 1744 ””’
2235 1735 2418 1758 ”’“’³’”’”’
2476 1735 2609 1761 '"w’
2633 1735 2743 1760 “”¹”
2776 1735 2828 1760 "’
2856 1735 2946 1752 ""‘

204 1841 400 1889 contra
444 1850 568 1889 eum
610 1835 902 1903 judiciaria
944 1837 1192 1893 difﬁnitio
1235 1839 1626 1895 sententialiter
1668 1856 1875 1936 pro-B
1968 1828 2255 1936 Piaconus
2303 1830 2545 1936 (Ιιξίάθῐηι
2595 1834 3164 1936 Πίξηιξηθῆιῖίφαξιξιιε
3210 1837 3281 1936 (ξε
3311 1838 3511 1906 Ψθιΐαν

202 1922 358 1978 ferri.
393 1924 590 1979 Iterato
617 1932 799 1979 autem
836 1927 1273 1983 constantissimo
1308 1928 1449 1997 juris
1480 1945 1804 2001 propugna-
1824 1918 1875 1936 ³³
1907 1918 2135 1973 militem
2175 1920 2467 1991 quemdam
2508 1922 2773 1978 VOCabUIO
2822 1924 3184 1997 Reginaldum
3215 1927 3285 1982 de
3313 1929 3525 1999 Argen-

203 2020 325 2067 tore
373 2012 428 2066 in
465 2010 918 2069 Northmanniam
969 2015 1356 2073 transfretante
1422 2018 1593 2088 (139),
1640 2018 1806 2090 inque
1906 2007 2037 2062 ίθῐηί
2090 2025 2257 2079 super
2315 2009 2545 2065 crimine
2602 2011 2901 2082 impetebat
2950 2014 3117 2087 regiae
3173 2015 3517 2086 prOditiODiS-

201 2101 452 2157 discessu
481 2117 582 2157 suo
612 2102 813 2173 sazpius
843 2112 1176 2174 protestante
1216 2106 1362 2177 quia,
1404 2107 1448 2161 si
1478 2108 1617 2163 hanc
1648 2107 1805 2163 miles
1906 2096 2036 2151 Εΐθι
2065 2105 2296 2169 Uterque
2349 2098 2418 2153 de
2468 2099 2781 2171 episcopali“
2809 2102 3194 2158 LinCOIDiCDSi-
3228 2104 3357 2159 Erat
3387 2121 3520 2162 VBI‘O

202 2190 329 2258 sibi,
361 2198 419 2245 ut
466 2191 737 2262 proponit,
786 2192 840 2245 in
891 2194 1185 2267 conjugem
1222 2195 1513 2265 acceperit,
1548 2196 1806 2252 rusticam
1907 2184 2158 2255 plurimis
2198 2201 2306 2241 non
2352 2186 2622 2243 incertum
2661 2188 2801 2245 falso
2848 2190 3035 2262 impeti
3067 2192 3293 2247 militem
3325 2208 3358 2248 a
3389 2192 3513 2249 cle-

201 2279 453 2350 profecto
499 2296 558 2334 se
604 2280 817 2337 noverit
866 2282 1085 2349 habere,
1135 2299 1238 2339 nec
1286 2284 1355 2339 de
1399 2284 1491 2339 illa
1519 2285 1807 2356 plurimum
1908 2274 2039 2329 rico.
2073 2274 2169 2330 His
2190 2276 2752 2350 episcopuscognitis,
2776 2279 3071 2335 diaconum
3091 2297 3189 2352 per
3217 2297 3511 2338 censuram

202 2368 490 2441 gaudebit.
549 2369 805 2424 Homines
846 2387 1039 2425 rursus
1067 2370 1361 2428 facinorosi
1404 2374 1809 2444 conspiratione
1908 2363 2343 2421 ecclesiasticam
2408 2366 2599 2421 nititur
2649 2384 2680 2422 a
2728 2368 3030 2423 temeritate
3081 2384 3181 2425 sua
3237 2370 3517 2427 cohibere.

204 2457 351 2512 facta
378 2457 526 2512 diem
574 2458 817 2528 partibus
867 2467 1122 2525 statuunt,
1171 2477 1281 2532 quo
1337 2461 1619 2517 difﬁniium
1650 2462 1810 2536 litigii
1908 2452 2121 2507 Inhibet
2164 2454 2395 2524 proinde
2464 2456 2567 2510 sub
2633 2456 3067 2512 inter-minatione
3128 2459 3515 2528 anathematis,

199 2546 363 2615 hujus
394 2546 662 2603 calculum
712 2548 857 2618 apud
895 2549 1234 2604 Londonium
1265 2550 1653 2621 proferendum
1683 2568 1808 2622 pro-
1907 2558 1976 2597 ne
2007 2541 2059 2596 in
2091 2540 2211 2597 foro
2258 2544 2524 2613 saeculari,
2562 2545 2867 2615 pra-sertim
2899 2547 2969 2601 ad
2992 2547 3257 2616 judicium
3288 2550 3518 2622 sangui-

200 2635 593 2691 crastinatione
645 2644 857 2692 remota
886 2638 1123 2693 edicunt.
1158 2639 1332 2711 Igitur
1360 2640 1535 2694 Adam
1565 2640 1634 2696 de
1666 2657 1808 2696 nova
1908 2631 2013 2697 Dis.
2064 2632 2258 2687 andem-
2305 2647 2425 2687 eam
2472 2636 2792 2705 pertrahere
2844 2635 3130 2692 diaconus.
3175 2639 3245 2692 At
3284 2637 3394 2707 ille,
3445 2638 3517 2695 de

200 2725 331 2780 villa
363 2726 488 2795 (hoc
520 2725 666 2780 enim
696 2742 897 2781 nomen
926 2735 1040 2781 erat
1072 2727 1209 2797 vim,
1246 2729 1337 2800 qui
1367 2730 1602 2799 puellam
1635 2730 1804 2784 dum-
1909 2720 2065 2792 regio
2097 2720 2190 2792 qui
2237 2737 2362 2775 eum
2405 2723 2656 2777 tuebatur
2693 2724 2865 2779 elatus
2896 2724 3104 2795 favore,
3135 2726 3341 2782 monita
3368 2727 3517 2798 pari-

200 2816 309 2884 rat)
338 2814 567 2885 stipatus
596 2815 1029 2887 propinquorum
1060 2817 1253 2870 turmis
1273 2818 1583 2873 Londonias
1614 2817 1807 2874 festiue
1909 2817 1993 2863 ter
2024 2817 2076 2864 ct
2124 2809 2297 2864 minas
2340 2810 2614 2881 pontificis
2661 2814 3063 2869 contemnebat.
3109 2816 3247 2869 Nam
3292 2823 3346 2871 et
3376 2816 3516 2871 Can-

195 2912 413 2974 petens,
461 2912 621 2959 nocte
664 2904 809 2958 diem
866 2906 1228 2975 praecedente,
1276 2922 1384 2978 qua
1432 2907 1646 2975 judices
1704 2907 1809 2961 sibi
1909 2898 2202 2953 tuariensis
2232 2899 2681 2971 archiepiscopus
2712 2904 2860 2973 (141)
2892 2902 3007 2973 (qui
3038 2910 3089 2958 et
3120 2911 3246 2960 tunc
3268 2904 3516 2975 publicus

201 3001 406 3047 terram
438 2992 584 3047 illam
617 2993 987 3063 promiserant
1032 2994 1086 3047 in
1130 2994 1360 3050 solidum
1391 2996 1807 3064 adjudicandam
1909 2988 2411 3060 regnijustitiarius
2459 2990 2778 3057 habebatur.
2831 2992 2987 3060 cuius
3035 2992 3359 3063 protectiOni
3388 3010 3515 3049 eum

197 3082 378 3152 (cujus
407 3081 752 3136 solummodo
783 3091 1008 3137 eatenus
1039 3083 1312 3138 obtinebat
1343 3085 1669 3155 custodiam)
1701 3100 1807 3139 non
1910 3093 2003 3131 rex
2032 3077 2336 3133 Richardus
2375 3078 2673 3151 impensius
2725 3082 3228 3153 commendaverat)
3257 3083 3516 3154 episcopo

195 3170 393 3243 procul
423 3170 491 3224 ab
522 3171 657 3225 urbe
701 3171 937 3242 hospitio
984 3171 1295 3243 suscipitur.
1330 3174 1496 3242 Cujus
1527 3174 1654 3228 dum
1685 3172 1808 3228 fau-
1842 3240 1874 3245 ᾗ
1910 3166 2208 3236 iniunxisse
2254 3168 2466 3235 dicitur,
2502 3185 2572 3224 ne
2611 3178 2797 3225 contra
2826 3171 3094 3226 honorem
3125 3172 3335 3245 regium
3365 3188 3516 3228 com-

196 3240 343 3316 ici-es
373 3267 425 3314 et
473 3259 764 3315 consiliarii
807 3240 876 3315 ne
916 3260 1087 3316 forma
1117 3240 1419 3317 sementim
1444 3263 1641 3318 dandgn
1683 3240 1877 3319 cumC
1909 3256 2137 3326 pelleret
2184 3257 2445 3313 clericum
2472 3274 2504 3313 a
2530 3260 2913 3328 prosecutione
2954 3260 3099 3316 inita:
3147 3262 3515 3317 accusationis

189 3349 468 3419 judicibus
500 3349 555 3402 in
601 3348 816 3405 civitate
864 3348 1094 3405 sollicite
1138 3351 1463 3416 deliberant,
1510 3352 1602 3407 ille
1633 3352 1687 3406 in
1718 3351 1807 3406 di-
1908 3345 2195 3401 desistere.
2248 3348 2447 3401 Verum
2496 3348 2639 3403 Petri
2686 3348 2925 3404 imitator
2972 3367 3167 3405 versus
3197 3351 3253 3404 in
3280 3352 3405 3418 hoc,
3439 3351 3515 3406 si-

196 3437 450 3494 versorio
488 3438 647 3493 laetus
698 3446 750 3493 et
800 3438 1130 3494 temulentus
1182 3439 1325 3495 lecto
1371 3440 1657 3511 excipitur,
1710 3441 1807 3495 sed
1907 3443 1996 3490 cut
2023 3435 2078 3490 in
2115 3436 2383 3491 similibus
2424 3454 2570 3508 saepe
2598 3438 2870 3493 mandatis
2900 3438 3065 3503 illius,
3099 3440 3182 3494 sui
3212 3439 3392 3511 potius
3421 3440 3511 3496 of-

196 3527 385 3599 sopori
435 3535 665 3582 mortem
714 3527 930 3583 socians
984 3528 1164 3583 subito
1221 3530 1582 3602 exstinguitur
1625 3529 1803 3601 (140),
1907 3522 2149 3594 ﬁciijura
2180 3541 2340 3596 quam
2364 3526 2600 3581 hominis
2628 3527 2939 3582 attendebat
2957 3528 3146 3583 verba.
3180 3530 3342 3595 Nam,
3375 3529 3507 3600 quia

196 3616 456 3689 solusque
489 3616 557 3671 ad
600 3616 837 3671 tribunal
880 3617 1125 3686 justioris
1162 3618 1382 3687 judicis,
1417 3618 1682 3673 factorum
1714 3634 1805 3673 re-
1905 3629 2143 3686 magnus
2172 3614 2262 3669 ille
2293 3615 2390 3680 vir,
2423 3623 2479 3669 ut
2505 3615 2623 3685 ipse
2656 3616 2919 3671 veraciter
2947 3617 3240 3687 perhibere
3271 3617 3503 3684 solebat,

197 3714 455 3776 cepturus
487 3705 682 3772 vicem,
716 3714 825 3760 tam
870 3706 1170 3777 imparatus
1215 3723 1376 3779 quam
1408 3707 1483 3761 nil
1516 3708 1622 3762 tale
1651 3708 1803 3761 arbi-
1906 3710 2199 3774 utrumque
2248 3703 2351 3757 sibi
2391 3704 2634 3777 gladium
2676 3705 3030 3761 commissum
3081 3706 3315 3762 habebat
3365 3709 3510 3777 (erat

195 3804 373 3851 tratus
420 3795 696 3866 extemplo
746 3795 1097 3865 protrahitur.
1149 3796 1471 3851 Timendum
1516 3806 1694 3851 autem
1735 3813 1802 3852 ne
1904 3808 2158 3863 namque.
2212 3793 2351 3849 sicut
2393 3802 2664 3864 potestate
2711 3795 2989 3850 ordinaria
3034 3795 3504 3867 metropolitanus,

193 3883 334 3939 forte
381 3900 505 3940 cum
545 3884 877 3955 improperio
930 3884 1143 3958 ibidem_
1160 3885 1389 3939 audierit
1431 3902 1496 3940 ex
1526 3885 1799 3941 sententia
1904 3889 1961 3936 et
1982 3882 2299 3937 auctoritate
2329 3883 2628 3953 apostolica
2652 3883 2815 3939 totius
2837 3884 3052 3957 Anglia:
3072 3884 3287 3958 legatus
3306 3888 3453 3956 (142)
3491 3904 3507 3941 :

192 3972 423 4028 districti
463 3951 663 4041 judicis
712 3951 856 4044 quod
908 3951 1213 4043 saepius’in
1247 3988 1342 4029 ore
1377 3974 1601 4029 veridici
1633 3974 1804 4044 ipsius
1902 3969 1974 4024 ita
2005 3970 2123 4026 vice
2154 3986 2370 4042 quoque
2401 3972 2556 4045 regia
2583 3989 2750 4044 super
2777 3972 3025 4030 forenses
3059 3974 3272 4044 judices
3306 3975 3510 4031 arbiter

195 4061 280 4116 sui
311 4061 578 4132 praeconis
620 4061 955 4118 vertebatur.
987 4062 1122 4117 Cum
1154 4062 1300 4117 enim
1328 4062 1665 4135 incognitum
1696 4061 1801 4116 sibi
1904 4059 2170 4129 summus)
2217 4060 2527 4132 episcOpus,
2573 4062 2721 4133 quid,
2766 4079 2798 4116 a
2842 4078 2950 4134 quo
2998 4063 3143 4119 idem
3192 4064 3509 4136 loqueretur

193 4158 249 4206 et
276 4150 628 4222 peregrinum
679 4151 955 4223 quondam
1003 4167 1203 4205 nomen
1234 4150 1643 4206 forestariorum
1675 4166 1800 4206 cre-
1902 4148 2107 4219 gladio,
2132 4149 2429 4219 prudenter
2446 4158 2497 4204 et
2520 4158 2676 4206 caute
2696 4150 3012 4207 discernere
3034 4153 3303 4208 studebat.
3328 4154 3506 4218 Unde,

193 4240 347 4294 brius
377 4239 464 4293 vir
492 4247 713 4294 sanctus
760 4240 991 4307 audiret,
1044 4240 1280 4311 querelis
1313 4240 1473 4295 etiam
1506 4255 1800 4311 oppresso-
1902 4236 2333 4308 quotiescunque
2387 4238 2591 4310 aliquid
2647 4240 2906 4296 monebat
2946 4248 3038 4295 aut
3085 4242 3314 4310 jubebat
3359 4244 3508 4314 quod

194 4345 316 4384 rum
372 4328 443 4383 ab
501 4328 581 4383 eis
636 4328 762 4384 hinc
818 4329 945 4384 inde
1004 4329 1473 4394 crebescentibus,
1553 4328 1802 4383 barbarae
1898 4325 2167 4380 materiali
2193 4326 2372 4396 potius
2416 4343 2579 4397 quam
2626 4327 2813 4400 gladio
2841 4338 3173 4400 congrueret
3206 4330 3499 4400 spirituali,

190 4416 870 4488 muncupationialludens
892 4418 1075 4474 dicere
1097 4417 1379 4473 consuevit
1414 4433 1425 4472 :
1463 4442 1484 4465 ιι
1525 4418 1690 4472 Recte
1710 4418 1803 4473 ho-
1901 4424 2009 4465 ηοξ]
2055 4410 2342 4465 verebatur
2388 4412 2469 4465 vir
2514 4411 2612 4466 Dei
2662 4412 2845 4467 dicere
2876 4413 2925 4467 ei
2957 4414 3102 4485 quod
3131 4414 3504 4485 apostolorum

191 4505 370 4562 mines
400 4505 488 4561 isti
531 4514 585 4561 et
626 4507 759 4561 satis
800 4506 1023 4578 proprie
1069 4514 1450 4577 nuncupantur
1501 4506 1797 4562 forestarii.
1900 4516 2147 4554 summus
2195 4498 2540 4570 pontificibus
2581 4500 2784 4572 legitur
2822 4501 3025 4556 dixisse
3061 4520 3074 4557 :
3111 4503 3341 4575 Oportet
3373 4504 3502 4560 obe-

191 4595 349 4652 Foris
369 4611 600 4666 namque
631 4596 848 4650 stabunt
878 4612 908 4649 a
940 4611 1111 4669 regno
1141 4595 1262 4651 Dei.
1306 4619 1328 4644 ιδ
1813 4602 1866 4661 D
1897 4590 2018 4645 dire
2047 4590 2155 4644 Deo
2186 4590 2366 4659 magis
2387 4605 2556 4662 quam
2590 4590 2909 4646 hominibus
2942 4591 3090 4660 (Act.
3124 4607 3180 4658 v,
3212 4594 3327 4663 29).

262 4684 416 4740 Alius
463 4684 622 4740 etiam
670 4685 890 4755 quidam
934 4684 1253 4740 forestarius
1284 4682 1527 4755 episcOpi
1556 4682 1792 4738 maledi-
1976 4675 2341 4745 Quamobrem
2373 4677 2628 4733 clericum
2660 4678 2925 4734 rebellem
2958 4686 3010 4733 et
3049 4679 3350 4751 disciplinae
3379 4695 3505 4736 con-

170 4754 371 4832 ictione
402 4781 610 4829 retenta
637 4754 773 4827 infra
803 4790 1011 4845 paucos
1043 4774 1180 4837 dies,
1216 4790 1283 4829 ex
1313 4754 1419 4845 quo
1436 4772 1576 4827 tradi
1596 4774 1793 4828 meruit
1898 4767 2184 4822 tumaciter
2221 4766 2565 4822 resistentem
2616 4767 3023 4835 ecclesiasticae,
3063 4769 3360 4839 pontificali
3390 4785 3501 4826 non

189 4865 405 4920 Satanas
453 4862 509 4917 in
555 4862 833 4917 interitum
880 4862 1061 4918 carnis
1107 4863 1159 4933 (Ι
1182 4862 1302 4919 Cor.
1334 4878 1388 4928 v,
1424 4865 1499 4932 5),
1554 4861 1792 4917 crudelis
1898 4855 2104 4910 distulit
2133 4855 2315 4929 rigore
2358 4856 2676 4927 percellere.
2727 4857 3021 4929 Suspendit
3070 4858 3249 4929 itaque
3276 4859 3345 4913 ab
3375 4858 3502 4914 otii-

186 4952 388 5007 interiit
437 4951 704 5007 sententia
744 4951 951 5007 mortis.
1004 4952 1141 5006 Nam
1189 4968 1221 5006 a
1266 4951 1615 5023 quibusdam,
1656 4967 1792 5022 quos
1898 4945 1983 5000 cio
2013 4953 2066 5000 et
2096 4944 2360 5001 beneficio
2395 4946 2668 5001 nolentem
2694 4946 2829 5020 jugo
2860 4947 3017 5002 subdi
3047 4946 3332 5004 canonico.
3367 4947 3495 5018 Qui,

185 5043 241 5098 in
273 5040 477 5098 foresta
507 5057 625 5110 sua,
659 5056 820 5113 quam
874 5041 1145 5107 servabat,
1192 5040 1443 5097 inventos
1470 5040 1792 5096 insolentius
1895 5034 1963 5089 ad
1993 5034 2233 5106 legatum
2266 5035 2615 5107 perveniens,
2657 5052 2753 5108 per
2784 5052 2904 5092 eum
2937 5038 3005 5093 de
3037 5036 3178 5093 facto
3206 5053 3240 5094 a
3269 5054 3502 5110 suspen-

255 5220 399 5290 (138)
426 5219 755 5290 Huberto,ide
793 5232 886 5282 quo
914 5221 1097 5290 iterum
1123 5232 1231 5290 cap.
1265 5221 1488 5284 sequenti
1513 5223 1564 5271 et
1586 5218 1722 5290 alibi.

1943 5208 2013 5290 iiit
2033 5222 2165 5290 anno
2191 5209 2358 5290 .1295:
2410 5212 2481 5290 Ita
2520 5213 3028 5290 \lt'hart.,‘p.‘l,‘pag.
3059 5213 3351 5290 114.“.ttngl.
3383 5214 3498 5290 Sac.

254 5277 399 5349 (139)
426 5291 569 5340 Anno
597 5277 745 5350 1200,
771 5277 884 5338 cum
929 5289 1117 5338 Joanne
1167 5277 1295 5349 [iege
1334 5277 1394 5338 cx
1431 5300 1599 5349 causa,
1628 5286 1714 5337 lib.
1739 5299 1788 5337 ν.

1943 5277 2106 5350 “(142)
2134 5278 2228 5350 Iste
2254 5278 2504 5350 Hebenus
2530 5278 3040 5350 (inquit‘ltadulphus
3083 5280 3145 5350 de
3180 5280 3497 5350 Dicetoapud

186 5343 267 5411 49;
294 5343 580 5408 indicanda.
732 5343 743 5350 '
1239 5343 1261 5349 ‘
1586 5343 1596 5349 '
1895 5343 2088 5407 Wharl,
2119 5345 2245 5407 p.2,
2274 5346 2415 5408 Angl.
2462 5348 2600 5396 Sacr.
2629 5360 2679 5409 p.
2707 5346 2854 5410 693),
2884 5343 3065 5397 {anno
3112 5348 3301 5397 Domini
3349 5346 3500 5411 nos,

245 5397 930 5490 (dimidium-illudtempus,
976 5433 1071 5483 quo
1117 5423 1254 5483 Hugo
1279 5422 1326 5471 in
1354 5420 1717 5471 Northmaunia
1743 5422 1793 5470 et

1945 5397 2244 5490 enituilineui
2273 5397 2527 5474 potvestatis
2568 5397 2798 5490 iniotiicio
2815 5397 3085 5490 legationis
3096 5414 3260 5490 favore
3281 5397 3498 5490 οημηίυυὶ

181 5493 227 5543 in
252 5479 414 5543 Gallia
447 5488 748 5539 onerabatur.
823 5479 835 5484 ’
917 5479 927 5485 ⁷
993 5479 1006 5483 ⁷
1198 5479 1215 5483 ⁷
1895 5479 2211 5529 cardinalium
2238 5484 2487 5529 assecutus
2510 5485 2585 5529 est
2608 5481 2670 5530 ab
2695 5481 2861 5530 eodem
2887 5480 3172 5542 C(elestino,
3219 5485 3319 5532 tam
3337 5481 3386 5531 in
3412 5495 3499 5532 ar-

242 5559 392 5625 (141)
416 5556 683 5620 Hubertus,
729 5556 778 5607 in
803 5555 1223 5620 archiepiscopum
1263 5555 1449 5607 electus
1472 5566 1602 5606 anno
1630 5555 1789 5613 1195,
1894 5544 2257 5611 Chiepiscopatu
2288 5546 2584 5598 Eboracensi
2607 5559 2756 5610 (luam
2783 5548 2997 5610 proprio.
3025 5568 3048 5591 ι
