3938 6392
425 366 564 420 1015

1304 362 1359 418 8.
1403 360 1718 419 HUGONIS
1753 360 1972 417 EPISC.
2013 358 2342 418 LINCOLN.
2385 362 2553 420 0RD.
2594 363 2849 420 CARTH.

3601 367 3742 420 1016

427 488 582 543 sione
612 486 844 543 obtinuit
873 485 1125 542 relaxari.
1159 486 1297 542 Hinc
1324 494 1538 542 tumore
1568 487 1781 558 plenus,
1813 487 1881 542 ad
1913 486 2033 557 epi-
2055 488 2106 547 A
2131 486 2363 555 jussioni
2408 503 2566 553 meae,
2613 496 2666 543 et
2715 488 2933 559 suscipe
2981 488 3036 543 in
3064 488 3217 559 pacis
3263 489 3453 545 osculo
3484 505 3610 545 cum
3640 488 3745 544 Dei

428 592 652 647 scopum
683 576 972 639 accedens,
1006 576 1106 629 sub
1134 577 1431 646 praesentia
1459 576 1759 632 multorum
1793 576 2035 647 optima—

428 675 540 721 tum
560 666 855 737 regni,tam
869 680 1159 736 procerum
1174 665 1429 721 videlicet
1451 681 1613 737 quam
1626 666 2031 736 episcoporum,

424 754 621 809 minari
648 753 813 825 cmpit
835 754 1089 825 grandia.
1110 754 1359 809 Jactabat
1380 770 1512 808 vero
1534 771 1592 809 se
1614 770 1642 808 a
1659 753 2037 822 jurisdictione

424 843 823 899 Lincolniensis
870 842 1115 914 episcopi
1149 842 1326 897 taliter
1356 844 1468 912 jam
1514 842 1827 898 auctoritate
1873 842 2036 914 legati

425 940 758 1002 exemptum,
831 932 977 1004 quod
1039 932 1108 986 de
1158 939 1358 987 caetero
1406 932 1715 986 nullatenus
1765 932 2037 986 omitteret

428 1028 657 1092 propter
686 1021 859 1088 illum,
913 1020 1045 1092 quin
1073 1028 1125 1075 et
1155 1020 1375 1076 domino
1405 1020 1525 1093 regi
1554 1037 1770 1075 omnem
1804 1018 2035 1074 fidelita-

424 1117 534 1164 tem
560 1108 861 1174 exhiberet,
895 1109 1055 1180 eique
1092 1110 1353 1178 justitiam
1388 1110 1456 1164 de
1486 1109 1598 1164 suis
1632 1109 1879 1165 obtinere
1908 1125 2036 1179 pro-

427 1198 697 1254 ditoribus
745 1198 1077 1254 decertaret.
1149 1198 1418 1252 Insultans
1487 1214 1705 1270 quoque
1755 1198 2032 1268 episcopo,

428 1287 712 1343 asserebat
756 1304 817 1342 se
862 1287 1161 1342 relaxatum
1209 1302 1241 1340 a
1290 1287 1647 1357 suspensione.
1700 1302 1806 1358 qua
1836 1286 2033 1357 ipsum,

427 1382 485 1431 ut
514 1376 749 1442 dicebat,
783 1376 960 1430 minus
988 1376 1133 1431 licite
1164 1376 1501 1431 decrevisset
1530 1375 1744 1446 punire.

502 1466 584 1519 Ad
615 1464 731 1521 haac
756 1465 847 1520 ille
876 1480 981 1519 non
1033 1464 1247 1520 enervis
1277 1464 1544 1520 navicula;
1575 1464 1718 1518 Petri
1750 1463 2033 1537 guberna-

428 1562 515 1609 tor
546 1570 646 1609 suo
677 1570 847 1623 more,
881 1560 938 1608 ut
968 1570 1209 1624 semper,
1243 1552 1391 1608 illato
1430 1560 1640 1608 terrore
1672 1553 2030 1617 constantior,

427 1650 485 1697 ut
509 1643 576 1698 de
606 1643 843 1715 quodam
882 1651 1069 1698 sancto
1117 1642 1319 1714 legitur
1348 1641 1439 1713 qui
1471 1640 1526 1695 in
1555 1640 1747 1696 diebus
1779 1641 1893 1695 suis
1922 1656 2031 1695 non

434 1731 678 1787 extimuit
725 1731 1048 1803 principem,
1090 1731 1165 1785 ita
1212 1730 1422 1785 cunctis
1471 1729 1814 1783 audientibus
1868 1727 2030 1782 inﬁt:

2137 576 2516 632 benedictione
2565 577 2818 632 maritum
2883 586 3052 632 tuum.
3116 579 3372 650 Alioquin
3421 594 3619 634 revera
3674 579 3746 633 de

2138 674 2337 721 caetero
2369 682 2477 721 non
2508 682 2729 737 parcam
2775 666 2892 733 tibi,
2920 682 3023 722 nec
3054 667 3380 738 perniciosis
3411 667 3739 723 consiliariis

2138 754 2264 809 tuis.
2314 778 2334 802 »ι
2366 755 2644 826 Jussitque
2675 755 2852 810 virum
2900 756 3017 824 ejus
3049 755 3103 810 in
3134 756 3325 811 osculo
3353 765 3540 812 sancto
3571 756 3742 812 suscio

2137 860 2269 913 pere
2300 860 2438 899 eam.
2473 844 2632 911 Quod
2664 844 2791 899 dum
2824 844 2915 899 ille
2948 844 3177 915 implere
3214 845 3396 910 vellet,
3430 845 3614 900 infelix
3646 845 3741 900 illa

2136 933 2603 1003 impudentissime
2636 933 2847 1003 exspuit
2896 933 2952 987 in
3000 933 3195 988 faciem
3244 934 3379 1002 ejus,
3415 950 3539 989 cum
3567 950 3745 1004 prope

2137 1029 2283 1076 esset
2326 1022 2512 1088 altare,
2566 1038 2915 1094 praesensque
2955 1038 3078 1078 cum
3130 1022 3376 1092 pluribus
3427 1023 3560 1077 viris
3588 1039 3748 1078 reve-

2138 1110 2463 1165 rentissimis
2514 1111 2733 1166 adesset
2779 1118 2961 1166 tantus
3003 1111 3285 1177 sacerdos,
3330 1119 3381 1166 et
3429 1112 3585 1167 turba
3612 1110 3743 1167 iide-

2137 1200 2267 1253 lium
2298 1200 2484 1265 multa,
2518 1200 2572 1253 in
2598 1200 2714 1270 ipsa
2746 1200 2981 1255 ecclesia
3011 1200 3219 1271 pariter
3246 1201 3553 1256 constituta.
3587 1201 3741 1256 Tunc

2137 1288 2405 1344 universis
2434 1289 2504 1343 ob
2535 1297 2740 1343 tantam
2773 1290 3158 1344 contumeliam
3189 1289 3307 1345 viro
3338 1290 3538 1345 illatam
3571 1291 3739 1344 vehe-

2136 1387 2347 1432 menter
2411 1378 2885 1445 erubescentibus,
2956 1379 3245 1449 episcopus
3318 1394 3452 1435 voce
3515 1378 3737 1433 terribili

2136 1468 2208 1521 ait
2263 1485 2275 1521 :
2325 1488 2348 1517 ι
2411 1466 2551 1535 Quia
2602 1467 2842 1531 noluisti,
2893 1467 3083 1537 inquit,
3130 1467 3586 1532 benedictionem,
3637 1466 3737 1521 sed

2136 1556 2574 1611 maledictionem
2622 1555 2874 1620 dilexisti,
2928 1572 3057 1611 ecce
3088 1557 3457 1627 apprehendat
3487 1564 3538 1611 te
3566 1556 3738 1611 male-

2136 1646 2321 1701 dictio.
2352 1647 2580 1716 Moxque
2638 1645 3127 1699 excommunicavit
3173 1662 3313 1699 eam.
3356 1644 3490 1714 Quae
3519 1646 3573 1698 in
3602 1662 3736 1715 pro-

2135 1736 2253 1806 pria
2285 1734 2673 1789 contumaciter
2723 1734 3046 1803 abscedens,
3090 1741 3211 1804 post
3253 1734 3371 1789 dies
3400 1750 3603 1804 paucos
3632 1734 3739 1789 sibi

439 1841 461 1871 ι
490 1822 773 1875 Incassum
796 1836 947 1882 sane,
968 1819 1160 1890 inquit,
1185 1834 1352 1889 super
1369 1818 1678 1888 hujusmodi
1699 1818 2031 1874 relaxatione
2062 1850 2113 1909 Β
2137 1826 2207 1879 ad
2246 1824 2495 1879 inducias
2544 1824 2728 1877 utilius
2778 1839 2964 1878 secum
3011 1823 3349 1877 deliberandi
3386 1824 3592 1878 caelesti
3622 1825 3742 1894 pie-

435 1908 532 1964 tibi
560 1907 845 1963 blandiris.
891 1908 1029 1962 Nam
1069 1907 1652 1963 excommunicandum
1683 1914 1735 1963 te
1774 1908 1829 1961 in
1858 1908 2029 1962 conti-

433 1997 583 2053 nenti
613 1995 852 2063 noveris,
906 1996 952 2051 si
983 1995 1087 2065 juri
1124 2012 1322 2068 parere
1362 2012 1527 2067 super
1572 1996 1886 2052 excessibus
1926 1996 2031 2050 tuis

434 2085 664 2141 ulterius
700 2084 1114 2140 detrectaveris.
1144 2105 1166 2135 ι
1203 2084 1345 2154 Quid
1377 2085 1545 2139 multa
1567 2085 1594 2139 ἱ)
1628 2085 1724 2139 Illo
1746 2092 2031 2139 contuma-

433 2174 569 2230 citer
606 2174 954 2245 obstrepente
976 2181 1030 2228 et
1057 2181 1310 2246 tanquam
1336 2189 1432 2229 ore
1463 2173 1617 2245 regio
1649 2172 1823 2227 minas
1856 2172 2032 2228 furio-

427 2278 518 2318 sas
566 2262 865 2328 intonante,
917 2263 1208 2333 episcopus
1264 2279 1389 2318 eum
1432 2262 1695 2318 innodare
1725 2278 1828 2318 nec
1859 2262 2034 2316 timuit

428 2367 532 2408 nec
562 2351 770 2407 distulit
792 2351 1022 2407 solemni
1052 2352 1413 2407 anathemate.
1436 2350 1543 2421 Qui
1574 2352 1812 2422 legatum
1843 2351 2035 2406 adiens

435 2440 685 2513 queritur
714 2440 783 2495 de
832 2440 1092 2512 episcopo
1138 2441 1281 2512 quod
1313 2440 1366 2494 in
1399 2440 1512 2508 ejus
1544 2440 1918 2512 praejudicium
1950 2457 2035 2496 re-

429 2530 626 2601 gisque
647 2528 992 2601 dispendium
1026 2529 1181 2594 adeo,
1219 2537 1275 2583 ut
1298 2529 1591 2599 allegabat,
1624 2537 1882 2599 proterve
1911 2545 2035 2583 eum

435 2619 977 2675 excommunicasset.
1019 2620 1065 2674 A
1114 2634 1221 2690 quo
1268 2618 1489 2673 tandem
1536 2619 1742 2672 litteras
1773 2618 2035 2689 impetra-

433 2708 511 2764 vit
559 2708 629 2763 ad
674 2707 1014 2780 episcopum,
1059 2715 1326 2779 quatenus
1368 2723 1469 2779 pro
1515 2708 1762 2762 absoluto
1805 2708 2038 2763 haberet

431 2814 577 2862 eum,
624 2804 809 2867 utpote
852 2813 883 2851 a
932 2812 990 2852 se
1041 2796 1373 2851 absolutum.
1439 2796 1537 2851 Cui
1579 2797 1889 2867 episcopus,
1943 2797 2036 2850 tali

432 2887 686 2960 perlecto
716 2887 988 2953 mandato,
1013 2886 1085 2941 ita
1115 2885 1249 2940 dixit
1283 2901 1295 2939 :
1329 2908 1350 2933 α
1390 2885 1445 2941 Si
1463 2886 1669 2941 centies
1691 2894 1742 2940 te
1773 2885 2037 2941 Dominus

435 2976 886 3047 archiepiscOpus
945 2974 1336 3029 absolvendum
1387 2975 1621 3043 duxerit,
1685 2976 1893 3030 centies
1946 2982 2039 3029 aut

435 3065 602 3121 etiam
652 3064 853 3136 saepius
901 3071 953 3119 te
996 3063 1139 3118 scias
1181 3078 1215 3117 a
1241 3063 1399 3119 nobis
1430 3064 2034 3129 excommunicandum,

438 3153 677 3226 quandiu
700 3161 753 3209 te
790 3152 1096 3208 videbimus
1142 3152 1196 3206 in
1242 3153 1684 3224 praesumptionis
1713 3160 1819 3207 tua:
1847 3169 2038 3206 amen-

436 3242 510 3298 tia
583 3241 1017 3297 irrevocabiliter
1069 3240 1399 3296 induratum.
1459 3243 1539 3295 Tu
1594 3241 1799 3297 videris
1848 3241 2036 3312 quanti

434 3331 640 3387 habeas
689 3330 1012 3386 sententiam
1056 3339 1338 3397 nostram;
1372 3346 1473 3385 nos
1516 3330 1659 3385 enim
1691 3331 1828 3384 hanc
1858 3329 2038 3384 omni-

435 3419 613 3475 modis
661 3427 831 3474 ratam
880 3420 1149 3474 habemus
1180 3426 1233 3474 et
1264 3418 1494 3473 ﬁrmam.
1534 3439 1555 3468 ι
1594 3418 1684 3473 Sic
1726 3418 1818 3472 ille
1849 3418 2040 3473 absce-

435 3508 593 3575 dens,
624 3508 845 3580 jamque
894 3516 1042 3563 metu
1075 3515 1237 3563 tanta:
1267 3507 1414 3561 illius
1444 3506 1762 3563 constantia":
1790 3506 2039 3577 aliquan-

436 3598 607 3653 tulum
655 3596 823 3654 corde
876 3597 1118 3665 fractior,
1168 3596 1460 3668 pollicetur
1506 3595 1938 3650 deliberaturum
1981 3612 2039 3650 se

435 3694 634 3753 utrum,
658 3687 812 3755 juxta
858 3687 1004 3758 quod
1054 3686 1378 3758 exigebatur
1426 3700 1591 3755 super
1635 3684 1883 3755 parendo
1905 3684 2035 3754 juri,

435 3791 616 3831 coram
648 3775 909 3846 episcopo
958 3774 1122 3829 vellet
1170 3788 1390 3829 cavere.
1440 3772 1545 3841 Qui
1574 3773 1679 3828 cito
1708 3781 1828 3843 post
1860 3774 1978 3828 haec
2008 3788 2040 3827 a

436 3864 674 3936 quodam
705 3879 804 3918 suo
833 3878 1001 3934 puero
1033 3862 1303 3917 lethaliter
1333 3862 1511 3917 securi
1542 3877 1835 3932 percussus
1866 3862 1921 3915 in
1951 3877 2041 3918 ca-

437 3953 567 4024 pite,
599 3953 738 4023 proh
768 3950 961 4005 dolori
995 3951 1146 4022 prius
1175 3950 1445 4007 exhalavit
1494 3951 1731 4005 animam
1766 3967 1929 4022 quam
1960 3968 2043 4006 er-

438 4040 576 4095 roris
623 4040 705 4095 sui
756 4040 1050 4095 insinuavit
1098 4039 1499 4110 pmnitentiam.
1564 4041 1682 4096 Uno
1739 4040 1884 4094 enim
1932 4040 2040 4095 ictu

440 4129 823 4186 excerebratus
853 4136 906 4183 et
937 4136 1157 4200 repente
1189 4128 1484 4184 exstinctus
1516 4137 1620 4185 est.

1061 4289 1286 4345 CAPUT
1326 4290 1412 4344 VI.

436 4420 508 4471 De
521 4418 881 4471 adolescentulo
898 4416 1124 4477 Oxonia',
1140 4429 1269 4479 quas,
1295 4416 1465 4478 priore
1483 4429 1660 4477 sponso
1678 4419 1960 4478 contempto,
1981 4416 2042 4466 de

501 4489 635 4548 facto
657 4486 808 4537 atteri
831 4486 1091 4546 coniugata
1110 4489 1157 4534 et
1175 4497 1328 4545 super
1350 4485 1440 4533 hoc
1462 4488 1703 4545 convicta,
1727 4495 1909 4545 parere
1938 4497 2043 4533 con-

504 4555 695 4615 tempsit
717 4554 857 4603 beato
881 4552 1096 4615 Itugom‘.
1122 4577 1188 4588 —
1212 4553 1280 4601 Et
1304 4553 1491 4602 esthoc
1512 4552 1747 4601 similiter
1769 4551 2043 4613 capitulum

503 4622 556 4672 in
576 4633 755 4682 magna
791 4620 892 4671 Vita
914 4619 1005 4669 sub
1029 4619 1243 4680 capitulo
1266 4624 1422 4669 sexto.

507 4721 926 4777 Adolescentula
955 4720 1205 4791 quaedam
1223 4718 1574 4785 Oxoniensis,
1601 4719 1887 4788 cujusdam
1916 4718 2043 4772 bur-

435 4810 622 4886 gensis
643 4810 774 4877 filia,
801 4809 1135 4866 convicaneo
1154 4808 1570 4877 cuidamjuveni
1589 4808 1829 4880 legitime
1850 4815 2039 4878 nupta,

437 4900 658 4956 alterius
681 4898 899 4969 juvenis
921 4914 1109 4954 amore
1140 4898 1376 4969 amplius
1392 4912 1675 4961 succensa,
1712 4897 1893 4967 priore
1914 4912 2043 4951 con-

441 4997 646 5061 tempto
676 5005 899 5061 sponso,
920 4987 997 5043 illi
1019 4988 1087 5043 de
1109 4987 1253 5044 facto
1276 4994 1360 5042 est
1377 4986 1687 5057 conjugata.
1722 4984 1857 5052 Quae
1879 5001 2045 5055 super

444 5078 687 5149 impetita
716 5094 747 5132 a
774 5077 959 5148 priore
991 5084 1164 5148 atque
1184 5075 1435 5131 convicta
1471 5074 1791 5128 monebatur
1820 5072 2047 5144 diligen-

444 5167 655 5222 tissime
685 5166 755 5223 ab
787 5166 1065 5237 episcopo,
1094 5173 1358 5236 quatenus
1387 5162 1564 5234 primo
1583 5178 1641 5217 se
1660 5162 1913 5216 redderet
1934 5178 2048 5216 ma-

442 5256 567 5312 rito.
615 5256 741 5327 Ipsa
788 5271 919 5311 vero
956 5253 1202 5309 dissuasa
1233 5268 1262 5306 a
1301 5259 1496 5313 matre,
1560 5266 1682 5321 quae
1718 5250 1771 5304 in
1816 5250 2045 5306 consilio

442 5361 678 5418 nequam
709 5344 932 5399 alteram
966 5359 1024 5397 se
1049 5341 1172 5396 filiae
1193 5357 1304 5396 suae
1336 5340 1626 5395 exhibebat
1658 5339 2041 5408 Herodiadem,

444 5443 569 5490 ante
618 5450 677 5489 se
728 5433 1050 5488 morituram
1100 5446 1263 5502 quam
1313 5430 1362 5484 ei
1414 5437 1703 5500 nupturam
1748 5430 2047 5501 procaciter

444 5523 774 5578 clamitabat.
823 5522 973 5575 Tunc
1020 5520 1102 5575 vir
1150 5519 1383 5585 Domini,
1430 5520 1769 5589 apprehensa
1801 5520 2045 5588 ejusdem

447 5612 637 5683 sponsi
674 5610 816 5664 illius
873 5610 1115 5677 dextera,
1185 5608 1421 5665 miscens
1475 5609 1776 5664 terroribus
1834 5625 2046 5681 quoque

446 5700 819 5758 blandimenta
844 5715 855 5755 :
885 5720 907 5750 α
942 5699 1095 5767 Filia,
1128 5698 1321 5772 inquit,
1346 5714 1469 5756 mea
1498 5698 1544 5754 si
1566 5699 1646 5756 vis
1671 5716 1813 5766 esse,
1848 5698 2047 5755 obaudi

2063 4582 2115 4640 D

2137 1922 2241 1969 tate
2273 1930 2586 1978 concessos,
2640 1928 2764 1968 cum
2812 1913 2989 1984 magis
3041 1912 3385 1966 induraretur
3414 1928 3511 1967 cor
3540 1914 3656 1981 ejus
3688 1922 3741 1969 et

2130 2003 2441 2057 nullatenus
2460 2002 2829 2072 resipisceret,
2863 2001 3157 2072 praefocata
3189 2002 3258 2055 ab
3291 2002 3447 2055 hoste
3477 2002 3740 2074 maligno,

2132 2092 2355 2147 delicias
2401 2100 2626 2162 repente
2678 2091 2895 2145 illicitas
2945 2098 2997 2144 et
3046 2091 3281 2145 caducas
3327 2098 3435 2144 tam
3464 2092 3746 2162 perpetuis

2133 2198 2293 2254 quam
2324 2182 2485 2251 juslis
2517 2180 2865 2236 commutavit
2897 2180 3198 2251 suppliciis.
3238 2200 3261 2228 ι

2742 2287 2970 2342 CAPUT
3011 2287 3128 2341 VII.

2132 2383 2206 2433 De
2228 2382 2405 2431 clerico
2428 2378 2757 2430 Eboracensis
2781 2378 3004 2429 diaccsis
3020 2418 3033 2437 ,
3057 2378 3143 2439 qui
3168 2389 3319 2440 super
3341 2378 3554 2429 ecclesia
3578 2376 3741 2429 dimit-

2200 2449 2363 2509 tenda,
2412 2448 2475 2497 de
2514 2459 2611 2508 qua
2650 2449 2819 2495 contra
2876 2458 2985 2494 cum
3010 2459 3041 2494 a
3065 2446 3203 2495 beato
3227 2446 3430 2504 (trigone
3453 2446 3743 2497 auctoritate

2200 2518 2419 2577 delegata
2442 2514 2695 2570 ferebatur
2717 2513 2979 2572 sententia,
3016 2524 3193 2573 parere
3217 2513 3370 2563 noluit
3388 2513 3646 2571 judicatis.
3674 2539 3740 2550 -

2200 2585 2265 2633 Et
2276 2588 2349 2632 est
2371 2584 2533 2631 adhuc
2562 2580 2828 2643 capitulum
2848 2581 2938 2629 hoc
2961 2580 3052 2629 sub
3075 2579 3244 2629 eodem
3270 2580 3483 2639 capitulo
3515 2586 3654 2631 sexto
3689 2581 3739 2630 in

2202 2664 2377 2713 magna
2406 2650 2530 2700 Vita.

2209 2750 2401 2805 Itidem
2452 2748 2652 2804 clerico
2684 2746 2899 2803 cuidam
2930 2746 3295 2802 Eboracensis
3326 2747 3599 2815 dioecesis,
3633 2762 3742 2802 no-

2136 2841 2281 2895 mine
2313 2839 2613 2906 Willelmo,
2663 2853 2839 2907 suam,
2879 2853 2980 2908 qua
3022 2836 3220 2905 injuste
3250 2854 3373 2891 eum
3405 2837 3743 2908 spoliaverat

2138 2930 2496 3002 quorumdam
2547 2927 2819 2991 violentia,
2890 2926 3275 2980 restituendam
3318 2926 3600 2981 ecclesiam
3646 2942 3743 2980 au-

2139 3019 2381 3076 ctoritate
2449 3019 2607 3089 Hugo
2652 3016 2971 3071 decreverat
3013 3016 3328 3086 apostolica.
3390 3015 3561 3084 Quem
3607 3032 3743 3086 pars

2139 3110 2376 3164 adversa
2404 3106 2602 3161 diutius
2633 3105 2702 3160 ab
2733 3105 2985 3177 ingressu
3010 3105 3376 3175 possessionis
3399 3104 3500 3159 sibi
3529 3104 3745 3173 adjudi-

2068 3216 2115 3276 ο
2146 3207 2281 3255 catae
2314 3213 2476 3251 manu
2507 3194 2805 3266 repellebat
2844 3203 3073 3248 armata.
3124 3194 3278 3248 Miles
3309 3209 3565 3266 namque,
3599 3194 3746 3248 illius

2139 3289 2281 3347 villze
2329 3286 2601 3351 dominus,
2651 3283 2703 3338 in
2753 3299 2859 3355 qua
2905 3283 3003 3337 sita
3051 3291 3165 3337 erat
3210 3282 3442 3338 ecclesia
3481 3281 3742 3351 litigiosa,

2140 3380 2367 3436 fratrem
2420 3392 2577 3429 suum
2626 3374 2679 3427 in
2731 3373 2979 3427 eamdem
3011 3372 3319 3445 ingressum
3349 3388 3447 3442 per
3476 3371 3748 3426 intrusio-

2140 3485 2268 3524 nem
2299 3465 2480 3523 carnis
2527 3464 2797 3531 tuebatur,
2846 3462 3048 3516 viribus
3089 3462 3267 3515 nitens
3297 3460 3479 3515 illicite
3509 3476 3749 3531 occupa-

2143 3567 2247 3614 tam
2281 3555 2550 3613 vindicare
2601 3552 2679 3607 illi
2721 3551 3150 3623 possessionem.
3201 3551 3476 3606 Fovebant
3523 3566 3747 3623 quoque

2140 3654 2357 3719 partem
2412 3642 2699 3698 intrusoris
2745 3649 2855 3695 tam
2912 3640 3269 3696 ecclesiastici
3326 3655 3484 3710 quam
3514 3647 3565 3693 et
3596 3656 3752 3694 mun-

2140 3736 2269 3791 dani
2312 3734 2522 3804 judices
2562 3740 2614 3787 et
2672 3731 2958 3802 optimates
3002 3730 3145 3783 illius
3205 3729 3463 3801 regionis.
3503 3729 3748 3783 Tandem

2139 3825 2451 3881 Willelmus
2497 3820 2679 3876 nimiis
2721 3820 2835 3889 jam
2880 3818 3157 3873 laboribus
3186 3817 3484 3884 confectus,
3519 3818 3753 3887 sumpti-

2141 3915 2244 3969 bus
2291 3928 2505 3985 quoque
2554 3908 2721 3966 curiae
2774 3909 3030 3963 Romanae
3082 3905 3398 3979 suﬁragium
3435 3907 3485 3959 in
3521 3908 3752 3976 propria

2140 4004 2395 4074 implorat
2423 4015 2679 4072 persona,
2713 3997 3069 4069 plurimorum
3102 3996 3265 4051 etiam
3296 3997 3419 4051 hinc
3442 3996 3565 4050 inde
3594 3996 3751 4050 auxi-

2141 4093 2211 4148 lia
2243 4090 2510 4163 pervigili,
2557 4089 2655 4143 sed
2686 4103 2877 4159 parum
2908 4086 3043 4152 utili,
3077 4085 3301 4157 requirit
3333 4085 3602 4140 instantia.
3636 4086 3747 4139 Pe-

2141 4183 2283 4237 nitus
2312 4182 2605 4236 exhaustus
2637 4186 2778 4233 totus
2812 4175 3147 4231 convertitur
3177 4175 3245 4229 ad
3272 4174 3489 4230 unicum
3519 4190 3750 4244 oppres-

2144 4280 2326 4328 sorum
2386 4268 2682 4340 refugium,
2714 4274 2766 4321 et
2813 4265 2881 4320 ad
2938 4265 3196 4319 invictum
3248 4264 3387 4333 juris
3434 4272 3746 4334 patronum,

2142 4362 2258 4432 ejus
2289 4375 2507 4431 quoque
2539 4356 2809 4413 ﬂebilibus
2838 4354 3063 4411 vocibus
3094 4353 3399 4424 interpellat
3421 4351 3746 4408 subsidium.

2144 4450 2465 4521 Indignatus
2515 4462 2733 4519 quoque
2780 4445 2956 4498 bonus
2988 4444 3119 4498 Elia:
3143 4451 3302 4513 atque
3332 4441 3510 4496 Elismi
3540 4441 3595 4494 in
3625 4440 3749 4495 zelo

2146 4539 2441 4603 aemulator,
2493 4535 2810 4591 auctoritate
2851 4533 3017 4587 fultus
3065 4531 3380 4602 apostolica,
3414 4530 3749 4585 intrusorem

2144 4626 2599 4699 pramominalum
2627 4631 2679 4679 et
2707 4623 2877 4693 ipsius
2908 4621 3205 4691 complices
3235 4620 3387 4675 durae
3417 4618 3754 4673 maledictio-

2143 4719 2227 4772 nis
2260 4716 2383 4773 ferit
2414 4713 2702 4769 sententia.

2214 4808 2331 4861 Nec
2375 4804 2537 4875 paulo
2587 4801 2796 4856 tardius
2847 4800 2902 4854 in
2949 4799 3255 4871 sacrilegos
3287 4798 3552 4853 desmvire
3582 4796 3749 4867 cmpit

2144 4895 2277 4950 ultio
2308 4894 2510 4948 divina.
2563 4892 2721 4957 Nam,
2754 4898 2811 4944 ut
2841 4889 2972 4944 viris
3002 4888 3278 4959 plerisque
3310 4887 3580 4957 religiosis
3612 4886 3751 4940 refe-

2146 4983 2391 5039 rentibus
2422 4981 2578 5035 nobis
2612 4979 2861 5046 innotuit,
2896 4978 2986 5032 alii
3013 4977 3181 5031 cxhis
3208 4977 3260 5030 in
3285 4976 3573 5030 amentiam
3603 4975 3750 5029 versi

2147 5080 2290 5140 sunt,
2325 5070 2414 5125 alii
2443 5068 2723 5140 repentina
2758 5076 2931 5123 morte
2966 5065 3348 5121 miserabiliter
3378 5064 3641 5135 prmventi
3672 5063 3754 5117 in-

2148 5161 2425 5226 terierunt,
2461 5160 2581 5215 aliis
2611 5175 2675 5213 ex
2707 5158 2857 5213 cavis
2886 5156 3109 5212 orbibus
3140 5155 3282 5210 oculi
3312 5170 3436 5210 cum
3467 5154 3751 5208 immensis

2147 5250 2476 5307 cruciatibus
2524 5248 2859 5303 exciderunt.
2913 5246 3001 5301 Sic
3041 5245 3221 5314 itaque
3287 5244 3457 5297 virtus
3505 5242 3753 5297 absentis

2147 5348 2473 5412 praesentem
2522 5338 2590 5392 ad
2626 5335 2929 5391 nocendum
2962 5334 3183 5388 innoxio
3215 5333 3522 5403 perdomuit
3554 5349 3750 5402 super-

2148 5430 2341 5485 borum
2376 5427 2680 5490 audaciam,
2733 5426 2813 5479 sic
2859 5423 3101 5495 legitimo
3142 5422 3449 5493 possessori
3502 5423 3754 5476 restituta

2148 5527 2229 5572 est
2261 5516 2483 5573 defensa
2527 5515 2795 5569 bonorum
2845 5513 3141 5583 possessio,
3177 5513 3254 5566 sic
3286 5510 3517 5582 denique
3550 5511 3754 5565 athleta

2149 5608 2299 5663 fortis
2330 5606 2639 5677 nostrisque
2687 5603 3022 5674 temporibus
3058 5601 3397 5656 ambidcxter
3427 5601 3755 5671 probatissi-

2149 5714 2293 5766 mus,
2326 5704 2555 5767 utraque
2586 5709 2749 5750 manu
2777 5707 3023 5765 pugnare
3053 5699 3106 5748 et
3135 5698 3367 5763 utraque
3394 5706 3493 5762 pro
3526 5690 3755 5748 dextera
