3938 6406
190 402 349 457 101⁸7

1571 396 1756 452 VITA.
1787 426 1857 438 —
1885 394 2017 451 LIB.
2065 394 2158 451 IV.

3384 393 3521 448 1018

213 524 300 580 uti
359 525 576 592 doctus,
628 524 731 579 hos
774 522 1113 594 percutiebat
1159 529 1212 577 et
1264 519 1640 587 interﬁciebat,
1698 520 1822 577 illos
1850 518 2063 585 Asiam
2118 517 2297 590 (cujus
2342 517 2434 574 ille
2465 525 2519 574 et
2548 533 2715 575 onera
2763 516 3041 585 subiisset,
3075 523 3129 573 et
3170 514 3535 572 emolumenta

216 612 453 668 feriebat
512 620 565 668 et
593 613 779 668 vivere
828 612 1096 677 faciebat,
1155 610 1530 682 cadebantque
1585 610 1654 664 ab
1696 626 1762 665 eo
1793 625 1827 665 a

210 702 425 757 dextris
455 710 506 758 et
537 717 571 757 a
603 701 865 756 sinistris.
907 700 1075 755 Citius
1123 699 1268 754 enim
1316 698 1546 771 quisque
1576 698 1629 751 in
1675 714 1825 754 mor-

210 800 325 847 tem
348 791 546 847 cecidit
594 791 686 863 qui
732 792 969 846 dexterae
1018 789 1189 860 ipsius
1230 789 1397 844 ictum
1445 788 1674 859 excepit.
1719 790 1826 843 Aut

211 880 362 936 enim
393 880 794 953 corrigebatur,
826 887 878 935 et
918 880 1035 934 Deo
1076 878 1315 935 victurus
1358 885 1582 948 peccato
1612 877 1820 933 morie-

207 969 393 1037 batur,
425 977 517 1025 aut
546 970 716 1025 corde
753 969 1039 1024 induratus
1069 975 1123 1023 et
1151 968 1493 1023 incorrectus
1522 965 1688 1021 exitio
1710 974 1820 1022 tra-

206 1058 462 1114 debatur.

809 1208 1033 1265 CAPUT
1076 1209 1215 1266 VIII.

217 1354 447 1417 Qualiter
480 1366 512 1404 a
552 1366 668 1418 rege
710 1353 956 1404 Richardo
989 1354 1195 1405 redemit
1228 1354 1386 1417 pallii
1425 1355 1735 1419 servitutem,
1769 1358 1819 1404 et

278 1434 425 1483 quam
476 1420 754 1472 liberaliter
807 1422 1077 1471 contribuit
1128 1420 1296 1471 clerus
1345 1423 1570 1473 diaceeis
1608 1437 1712 1474 suae
1757 1423 1823 1472 ad

279 1488 421 1538 illam
443 1490 846 1549 redemptionem,
872 1494 924 1536 et
947 1487 1079 1549 quod
1103 1490 1249 1538 etiam
1270 1503 1459 1550 panem
1476 1490 1822 1552 pecuniariam

275 1556 431 1617 recipi
445 1556 704 1617 prohibuit
721 1568 812 1617 pro
836 1555 1049 1606 delictis.
1077 1580 1141 1591 —
1169 1557 1238 1606 Et
1267 1558 1357 1607 hoc
1380 1564 1455 1608 est
1475 1557 1744 1619 capitulum
1770 1557 1821 1607 in

276 1635 453 1684 magna
499 1622 615 1673 Vita
638 1624 732 1672 sub
772 1635 882 1684 cap.
910 1620 962 1671 7.

287 1757 539 1814 Sentiens
589 1773 719 1813 vero
759 1765 1019 1812 cruentus
1067 1757 1287 1826 generis
1317 1757 1538 1812 humani
1567 1758 1820 1813 inimicus

1930 608 2262 680 perciperet)
2294 623 2396 679 pro
2431 616 2680 679 tempore
2728 606 2998 662 Waltheri
3030 605 3180 675 (145)
3212 605 3296 660 sui
3328 605 3526 662 deces-

1929 696 2066 751 soris
2099 696 2213 768 (qui
2254 712 2357 752 nec
2389 696 2506 767 ipse
2554 696 2776 767 pallium
2801 695 2919 767 regi
2968 694 3208 749 debitum
3241 690 3531 766 aliquando

1924 786 2191 855 dedisset)
2221 793 2272 840 et
2304 785 2630 841 detentionis
2661 801 2827 851 ream,
2860 792 2913 840 et
2942 783 3264 840 redditionis
3298 783 3529 839 debitri-

1925 890 2045 930 cem
2074 890 2198 929 esse
2240 874 2621 945 perhibebant.
2675 874 2988 929 Conventus
3034 889 3199 944 super
3228 872 3428 928 talibus
3458 872 3530 927 ab

1924 962 2046 1033 ipso
2070 970 2194 1018 tunc
2223 979 2353 1034 rege
2381 963 2657 1019 Richardo
2696 962 3007 1033 episcopus,
3040 962 3130 1016 vix
3159 961 3397 1030 tandem,
3422 960 3525 1015 ini-

1926 1047 2069 1104 mico
2116 1048 2266 1117 (146)
2312 1048 2637 1104 adversante
2684 1047 2808 1113 sibi,
2833 1054 2890 1101 ut
2938 1046 3240 1112 ferebatur,
3292 1046 3527 1101 maxime

1922 1135 2335 1209 archiepiscopo
2366 1137 2567 1208 saepius
2616 1144 2941 1205 memorato,
2966 1150 3067 1207 pro
3093 1135 3267 1190 tribus
3288 1134 3529 1189 millibus

1922 1241 2232 1281 marcarum
2299 1234 2412 1280 tam
2476 1242 2507 1280 a
2556 1225 2881 1296 repetitione
2950 1224 3220 1280 subtracti
3285 1223 3532 1279 muneris

1925 1330 2088 1386 quam
2118 1322 2169 1369 et
2200 1315 2270 1369 ab
2300 1314 2546 1383 ejusdem
2577 1313 2631 1368 in
2661 1322 2939 1387 posterum
2978 1313 3291 1380 collatione,
3316 1320 3371 1368 et
3393 1329 3454 1367 se
3479 1320 3533 1367 et

1924 1419 2055 1458 suos
2101 1403 2297 1475 eripuit
2336 1418 2709 1469 successores,
2761 1419 3025 1474 suamque
3068 1400 3347 1473 perpetuis
3392 1410 3528 1456 tem-

1921 1492 2149 1562 poribus
2180 1508 2213 1547 a
2240 1493 2679 1564 praesentationis
2708 1492 2852 1547 illius
2884 1507 3049 1547 onere
3080 1491 3313 1547 absolvit
3341 1490 3533 1546 Eccle-

1922 1580 2080 1635 siam.
2112 1580 2259 1635 Nihil
2289 1582 2431 1636 enim
2478 1581 2774 1654 indignius,
2826 1580 2962 1634 nihil
2992 1579 3095 1634 sibi
3135 1579 3529 1635 intolerabilius

1921 1669 2036 1724 fore
2066 1670 2371 1725 aestimabat
2417 1686 2581 1742 quam
2602 1670 2772 1742 Regis
2801 1669 2992 1725 aeterni
3026 1682 3305 1740 sponsam,
3337 1675 3428 1723 aut
3448 1684 3532 1724 se-

1918 1757 2121 1828 ipsum,
2156 1758 2299 1813 illius
2328 1774 2426 1829 pro
2456 1766 2703 1830 tempore
2736 1758 3041 1823 custodem,
3073 1756 3289 1813 mortali
3319 1755 3526 1812 homini

208 1848 268 1901 in
297 1847 380 1901 sui
410 1862 580 1917 grave
610 1846 957 1917 dispendium
988 1846 1090 1901 viri
1128 1846 1330 1918 ubique
1382 1846 1817 1902 victoriosissimi
1839 1886 1891 1946 B
1922 1847 2238 1902 censualem
2285 1847 2638 1916 constituere,
2673 1854 2725 1902 et
2755 1846 3158 1919 quodammodo
3205 1844 3523 1917 vestigalem

210 1937 361 1991 vires
391 1936 711 2006 praevalere,
744 1952 775 1989 a
823 1935 1017 1991 castris
1065 1952 1256 1990 eorum
1303 1952 1441 2008 quos
1472 1936 1588 2005 ejus
1619 1936 1817 1991 tueba-

207 2033 300 2079 tur
333 2024 641 2096 przesentia,
702 2040 828 2079 eum
885 2031 996 2078 arte
1054 2024 1249 2079 callida
1305 2025 1494 2078 uititur
1536 2041 1816 2091 amovere,

211 2122 479 2185 quatenus
530 2113 756 2182 saltem,
820 2113 1073 2184 elongato
1103 2130 1134 2167 a
1191 2113 1505 2168 certaminis
1560 2113 1682 2169 loco
1730 2114 1820 2168 in-

210 2202 510 2273 superabili
554 2202 718 2257 totius
749 2202 888 2258 aciei
931 2209 1262 2273 protectore,
1311 2203 1364 2257 in
1408 2201 1622 2274 reliquo
1650 2202 1821 2257 licen-

210 2292 320 2346 tius
365 2300 713 2364 grassaretur
754 2291 994 2363 agmine.
1056 2291 1246 2346 Sciens
1301 2307 1537 2363 namque
1595 2307 1819 2362 serpens

209 2380 513 2436 virulentus
558 2380 734 2436 virum
783 2380 885 2436 Dei
935 2380 1244 2435 libertatem
1286 2380 1549 2436 Ecclesiae
1603 2380 1820 2451 impen-

207 2469 324 2525 sius
351 2470 526 2524 zelare
542 2469 653 2541 (qui
676 2484 778 2525 nec
801 2470 1056 2538 subjectis
1076 2470 1456 2525 sibiEcclesiis
1474 2469 1822 2541 pecuniarias

210 2558 486 2613 ullatenus
531 2559 845 2614 exactiones
892 2559 1213 2629 imponeret,
1249 2575 1351 2614 nec
1381 2558 1686 2631 quibusque
1713 2575 1818 2629 po-

211 2647 503 2702 testatibus
535 2648 639 2703 tale
660 2648 790 2719 quid
821 2663 854 2702 a
886 2664 981 2702 sua
1031 2648 1376 2719 exigentibus
1413 2647 1664 2703 Ecclesia
1708 2646 1820 2701 ulla

204 2736 417 2792 ratione
470 2737 866 2807 acquiesceret)
919 2737 975 2791 in
1026 2736 1189 2792 talem
1238 2753 1362 2791 eum
1409 2736 1819 2808 perplexitatem

205 2834 437 2881 conatur
466 2825 746 2890 inducere,
782 2842 848 2880 ex
881 2841 990 2896 qua
1018 2835 1222 2896 praeter
1271 2826 1475 2897 aliquid
1504 2825 1699 2879 saltem
1728 2825 1818 2879 in-

205 2914 543 2970 conveniens
572 2915 714 2969 haud
746 2915 906 2970 facile
934 2915 1053 2984 ipse
1075 2915 1338 2986 quivisset
1368 2933 1680 2987 erumpere.

277 3006 533 3058 Armatus
575 3004 741 3075 igitur
769 3012 892 3058 astu
929 3003 1248 3059 inveteratae
1281 3006 1501 3062 malitia:
1529 3025 1818 3078 pervcrsas

207 3093 573 3165 quorumdam
638 3092 980 3148 familiariter
1031 3094 1374 3148 subditorum
1443 3097 1546 3153 sibi
1593 3098 1818 3173 instigat

205 3189 450 3248 mentes,
503 3198 606 3252 per
637 3198 774 3253 quos
818 3183 965 3254 regis
1014 3182 1226 3238 animos
1275 3192 1468 3240 contra
1497 3186 1816 3259 episcopum

1924 1936 2189 1992 exhibere
2211 1937 2380 2007 (147).

1994 2025 2102 2080 Sed
2131 2026 2274 2081 unde
2298 2026 2418 2081 viro
2466 2024 2850 2081 liberalissimo
2879 2026 3000 2082 haec
3039 2032 3180 2080 tanta
3211 2023 3528 2096 proveniret

1920 2114 2172 2185 pecunia,
2227 2115 2319 2187 qui
2360 2130 2552 2170 omnes
2597 2131 2816 2186 semper
2864 2130 3077 2170 annuos
3129 2114 3390 2180 redditus,
3441 2112 3528 2169 vel

1923 2219 2278 2275 quoscunque
2341 2212 2638 2275 proventus
2683 2204 2754 2259 ad
2789 2204 3062 2275 impendia
3107 2203 3524 2269 misericordiae,

1929 2300 1982 2347 et
2011 2291 2066 2346 in
2111 2300 2361 2364 sumptus
2398 2294 2563 2363 justae
2608 2292 2952 2349 necessitatis
3001 2291 3284 2348 effundere
3331 2292 3525 2346 solitus

1922 2389 2055 2445 erat,
2101 2381 2188 2436 cui
2238 2398 2516 2454 nunquam
2573 2382 2714 2436 ultra
2770 2381 3056 2452 praesentis
3111 2380 3238 2435 anni
3287 2380 3521 2452 spatium

1920 2470 2216 2542 quidquam
2259 2470 2507 2541 pecuniae
2555 2478 2673 2525 erat
2711 2470 3018 2536 residuum,
3072 2469 3271 2541 quippe
3315 2485 3441 2525 cum
3471 2477 3525 2524 et

1920 2567 2160 2613 mutuum
2188 2576 2264 2614 aes
2296 2558 2611 2631 frequenter
2647 2566 2889 2615 sumeret
2919 2558 3159 2614 alienum
3180 2559 3208 2613 ‘l
3238 2558 3331 2613 ubi
3361 2559 3520 2613 inve-

1919 2648 2061 2702 niret
2101 2647 2192 2718 qui
2255 2648 2374 2718 regi
2422 2647 2762 2718 persolveret
2808 2654 2885 2702 tot
2930 2647 3099 2701 millia
3149 2646 3557 2702 talentorum?

1918 2737 2048 2791 Erat
2078 2736 2297 2808 quidem
2327 2744 2570 2808 paratum
2610 2736 2680 2791 ad
2710 2752 2902 2791 manus
2931 2735 3237 2801 consilium,
3273 2735 3339 2802 si,
3374 2736 3521 2808 quod

1918 2825 2157 2897 propriis
2193 2826 2384 2880 deerat
2419 2824 2715 2891 crumenis,
2748 2841 2779 2879 a
2827 2825 3191 2895 subjectorum
3224 2825 3389 2880 vellet
3417 2841 3518 2879 ex-

1918 2922 2173 2986 torquere
2206 2914 2434 2970 locellis.
2461 2914 2589 2980 Sed,
2615 2914 2706 2986 qui
2737 2929 2847 2969 non
2868 2915 3035 2969 modo
3063 2914 3375 2985 pecuniam,
3407 2914 3519 2969 imo

1918 3011 1971 3058 et
1998 3003 2279 3075 propriam
2330 3019 2431 3075 pro
2463 3003 2568 3057 sibi
2614 3003 3027 3059 commissorum
3078 3003 3431 3059 indemnitate
3460 3003 3517 3058 in

1917 3092 2057 3148 votis
2097 3108 2317 3163 semper
2363 3092 2554 3147 habuit
2605 3092 2842 3147 animam
2890 3108 3130 3164 ponere,
3177 3091 3410 3164 qualiter
3439 3092 3521 3148 eis

1919 3197 2076 3236 suam
2123 3189 2468 3253 extorqueret
2535 3181 2890 3236 substantiam
2920 3181 2948 3235 ‘l
2996 3181 3115 3251 vel,
3167 3181 3261 3253 qui
3299 3197 3457 3235 suam
3487 3197 3521 3237 a

204 3271 275 3325 ad
306 3286 478 3326 novas
503 3250 561 3325 at
615 3250 916 3341 inopinatas
949 3272 1197 3343 querelas
1230 3273 1508 3329 excitaret.
1530 3250 1819 3350 'Suggeri-
1842 3250 1889 3311 θ
1920 3270 2241 3342 praebitione
2289 3250 2517 3339 ignobili
2573 3271 2811 3326 eximere
2853 3270 3137 3343 satagebat
3185 3250 3516 3338 Ecclesiam,

205 3367 293 3413 tur
321 3377 421 3431 per
450 3376 547 3415 eos
597 3360 718 3433 regi
749 3360 987 3433 ingentis
1031 3362 1315 3431 cujusdam
1362 3363 1549 3430 debiti,
1591 3367 1734 3437 quod
1767 3368 1817 3424 ei

205 3448 489 3504 annuatim
510 3449 728 3505 solvere
775 3450 1077 3517 tenebatur,
1127 3450 1567 3509 Lincolniensem
1598 3455 1817 3526 episco-

199 3554 330 3609 pum
361 3555 485 3593 esse
516 3539 881 3608 detentorum,
916 3539 1062 3594 unde
1091 3548 1143 3594 et
1175 3556 1301 3595 reus
1325 3541 1380 3595 in
1395 3544 1529 3611 ejus,
1564 3552 1620 3598 ut
1651 3546 1815 3619 vulgo

204 3626 421 3694 dicitur,
472 3627 904 3683 misericordiam
969 3628 1268 3695 incidisset,
1338 3638 1391 3685 et
1433 3632 1501 3687 ad
1548 3650 1814 3690 summam

202 3716 328 3772 aeris
356 3716 578 3787 plurimi
624 3715 758 3773 ﬁsco
790 3734 857 3772 ex
905 3717 1110 3772 diutina
1163 3720 1467 3776 retentione
1512 3722 1813 3779 refunden-

199 3805 327 3859 dam
347 3806 529 3861 addici
554 3806 839 3877 potuisset.
861 3807 1005 3861 Nam
1027 3807 1420 3863 Lincolniensis
1440 3810 1657 3881 quidam
1682 3813 1814 3868 olim

200 3895 446 3959 antistes,
500 3894 682 3951 dictus
719 3896 1051 3962 Alexander,
1096 3896 1188 3967 qui
1218 3898 1411 3952 tertuis
1449 3901 1597 3971 (143)
1627 3902 1812 3974 Hugo-

201 3999 326 4039 nem
382 3992 761 4054 praicesserat,
810 3984 1031 4054 pallium
1078 3994 1293 4040 centum
1337 3989 1551 4059 argenti
1602 3992 1809 4047 marcis

202 4074 562 4143 appretiatum
594 4073 733 4146 regi,
770 4090 871 4127 suo
902 4082 1149 4145 tempore
1179 4075 1487 4146 imperanti,
1522 4078 1726 4151 aliquot
1752 4080 1808 4135 in

198 4162 583 4233 praetermissis
613 4162 771 4216 annis
800 4162 1020 4218 dedisse
1051 4163 1344 4221 ferebatur.
1382 4167 1547 4235 Cujus
1578 4184 1804 4224 succes-

202 4267 313 4317 sor,
347 4251 619 4307 vocabulo
649 4252 921 4307 Robertus
945 4253 1114 4322 (144),
1140 4253 1285 4308 idem
1300 4254 1590 4326 aliquoties
1621 4258 1805 4330 egisse

199 4338 505 4395 dicebatur.
561 4339 698 4395 Hinc
745 4340 1014 4396 calumnia
1064 4341 1117 4395 in
1189 4343 1477 4414 Hugonem
1526 4345 1799 4402 devoluta.

195 4429 319 4483 Non
374 4429 518 4483 enim
569 4429 741 4484 solum
784 4431 921 4497 hoc,
973 4430 1121 4501 quod
1153 4448 1276 4486 eum
1324 4431 1674 4503 pontiﬁcatus
1719 4437 1803 4491 sui

195 4527 433 4588 tempore
465 4518 756 4590 quotannis
804 4520 1062 4575 debuisse
1103 4528 1339 4591 praetare
1397 4525 1797 4593 memorabant,

1920 3356 2194 3426 quomodo
2242 3354 2518 3411 Ecclesias
2561 3363 2816 3410 oneraret
2861 3354 3112 3421 aliorum,
3170 3362 3228 3410 ut
3278 3355 3520 3427 seipsum

1917 3444 2209 3511 relevaret,
2243 3452 2295 3499 et
2324 3459 2425 3516 pro
2447 3459 2546 3499 sua
2564 3444 2809 3500 libertate
2836 3444 3029 3515 jugum
3063 3443 3184 3499 aliis
3214 3443 3522 3516 imponeret

1918 3533 2194 3588 servitutis
2213 3534 2242 3588 ?

1983 3624 2102 3677 Jam
2150 3622 2330 3695 itaque
2353 3622 2471 3678 viro
2502 3621 2603 3678 Dei
2641 3622 2930 3678 videbatur
2966 3622 3184 3678 unicum
3228 3637 3522 3695 superesse

1915 3712 2238 3777 remedium,
2273 3713 2421 3784 quod
2450 3719 2503 3768 et
2532 3711 2635 3766 sibi
2667 3712 2797 3766 satis
2827 3720 2942 3768 erat
2985 3711 3244 3778 votivum,
3292 3717 3350 3767 ut
3400 3711 3520 3783 ipse

1909 3801 2117 3857 scilicet
2146 3802 2217 3856 ad
2246 3817 2401 3856 suam
2428 3800 2647 3856 interim
2677 3802 2941 3857 secedens
2959 3801 3321 3857 Withamiam
3341 3800 3515 3872 (148),

1910 3889 2096 3962 ibique
2128 3890 2366 3946 solitarie
2410 3890 2641 3961 degens,
2692 3898 2992 3962 proventus
3035 3890 3323 3945 universos
3352 3889 3517 3946 totius

1905 3979 2251 4050 episcopatus
2279 3980 2349 4034 ad
2380 3996 2652 4035 summam
2700 3980 2860 4050 hujus
2889 3979 3057 4035 debiti
3084 3979 3508 4051 persolvendam

1908 4068 2155 4124 converti
2178 4068 2472 4124 ordinaret.
2506 4068 2792 4125 Gaudebat
2818 4076 2932 4124 toto
2975 4069 3152 4124 anima
3184 4075 3238 4125 et
3268 4068 3509 4125 exsulta-

1906 4157 1998 4211 bat
2037 4155 2184 4228 quia,
2245 4173 2354 4213 non
2403 4157 2568 4213 modo
2620 4158 2826 4225 justam
2859 4164 2911 4213 et
2963 4159 3271 4224 honestam,
3323 4157 3435 4214 imo
3464 4165 3519 4214 et

1905 4245 2291 4313 necessariam,
2340 4246 2559 4316 putabat
2600 4261 2659 4301 se
2704 4245 2980 4301 invenisse
3042 4246 3412 4317 occasionem,
3454 4256 3513 4302 ut

1903 4349 1937 4389 a
1992 4333 2279 4389 mundanis
2333 4333 2653 4389 tumultibus
2718 4333 3032 4406 aliquandiu
3084 4335 3385 4402 secederet,
3438 4351 3507 4392 ac

1903 4423 2162 4480 secrestis
2195 4423 2513 4479 coelestibus
2543 4438 2607 4478 eo
2639 4423 2858 4478 suavius
2887 4439 2995 4496 quo
3012 4423 3239 4479 liberius
3270 4424 3518 4480 inhaere—

1902 4521 1986 4568 ret
2020 4512 2237 4578 Verum,
2274 4520 2331 4567 ut
2361 4513 2466 4567 hoc
2510 4528 2668 4566 suum
2708 4513 3047 4583 propositum
3106 4512 3310 4568 notitia:
3377 4528 3513 4569 suo-

199 4607 356 4661 anxie
388 4607 457 4661 ab
502 4608 697 4662 eodem
748 4616 1021 4678 repetunt,
1056 4610 1153 4664 sed
1202 4610 1363 4665 etiam
1392 4627 1492 4682 pro
1535 4612 1803 4681 injuriosa
1829 4614 2021 4673 Drum
2051 4600 2315 4657 intimavit
2358 4600 2707 4667 clericorum,
2768 4600 2941 4657 obniti
2982 4601 3360 4658 vehementius
3390 4602 3519 4658 uni-

197 4695 608 4765 regiimuneris
653 4697 1027 4753 subtractione
1085 4699 1264 4769 ipsum
1314 4700 1385 4754 ad
1434 4701 1582 4773 regis
1613 4711 1803 4759 nutum

198 4784 553 4841 satisfactioni
581 4802 704 4841 esse
761 4786 1057 4842 obnoxium
1110 4789 1243 4842 satis
1289 4789 1556 4845 invidiose
1605 4791 1804 4848 decer-

197 4882 347 4929 nunt.
380 4875 494 4931 Nec
526 4882 728 4930 tantum
760 4892 1054 4947 personam
1085 4877 1351 4949 episcopi,
1386 4878 1495 4934 imo
1526 4887 1577 4935 et
1606 4881 1803 4938 Eccle-

263 5055 393 5119 (145)
417 5056 522 5126 Non
548 5059 833 5108 numeratur
854 5058 1102 5109 Galt‘ridus
1133 5062 1219 5110 aut
1252 5061 1547 5125 Gaut'ridus,
1592 5064 1673 5126 qui
1697 5064 1804 5116 sine

201 5123 567 5192 consecratione
590 5128 638 5175 et
666 5126 771 5176 sine
794 5126 940 5189 pallio
967 5126 1148 5190 aliquot
1185 5128 1328 5178 annis
1354 5123 1688 5192 episcopatum
1734 5135 1803 5184 te-

201 5190 322 5249 nuit,
347 5194 396 5239 et
420 5191 616 5241 tandem
638 5194 925 5255 resignavit.

268 5258 402 5315 (144)
428 5256 585 5318 Hujus
608 5261 815 5310 nominis
836 5261 896 5318 ll,
923 5259 1002 5323 qui
1021 5261 1208 5324 primus
1240 5262 1519 5314 Alexandro
1540 5267 1802 5317 successit.

269 5324 404 5394 (143)
432 5325 522 5386 Qui
568 5327 809 5378 secundus
853 5327 1116 5378 Alexandri
1161 5329 1253 5379 fuit
1299 5343 1574 5394 successor,
1627 5336 1678 5383 et
1727 5334 1804 5384 cui

196 5392 370 5443 tertius
406 5395 571 5441 noster
592 5394 828 5445 successit
854 5395 1007 5456 llugo.

264 5459 406 5521 (146)
435 5459 486 5508 [d
512 5463 606 5527 est,
632 5462 860 5512 Hubcrts.
892 5462 983 5511 Ubi
1024 5466 1156 5524 nota,
1202 5464 1485 5527 Baronium,
1520 5465 1579 5515 ad
1623 5478 1805 5518 annum

196 5528 344 5589 1189,
385 5526 606 5589 quautam
657 5529 879 5579 retulisse
921 5541 981 5578 ex
1005 5529 1163 5591 Surio,
1208 5532 1343 5581 velut
1389 5526 1478 5581 sub
1531 5533 1807 5593 primordiis

190 5595 327 5658 regni
352 5594 587 5645 Richardi
613 5596 742 5659 regis
768 5596 917 5657 facta,
942 5608 1048 5658 quae
1073 5597 1287 5659 primum
1323 5611 1450 5649 anno
1488 5600 1613 5651 1197
1652 5601 1808 5652 conti-

1903 4690 2046 4746 versi
2076 4698 2380 4762 cceperunt,
2415 4690 2817 4745 intolerabilem
2847 4689 2950 4745 sibi
2982 4706 3212 4761 prorsus
3239 4690 3387 4746 illius
3418 4707 3510 4746 re-

1901 4780 2194 4836 motionem
2274 4787 2477 4834 tantam
2538 4787 2929 4852 protestantes,
3005 4779 3103 4835 sed
3131 4788 3185 4835 et
3242 4779 3518 4851 religiosae

1902 4885 2153 4940 personae
2211 4869 2514 4924 innumera:
2566 4884 2635 4925 ne
2673 4868 2729 4923 id
2780 4867 2933 4924 ﬁeret
2988 4868 3136 4940 quod
3183 4868 3515 4941 disponebat

1902 5049 2053 5112 gisse,
2078 5061 2138 5099 ex
2161 5047 2311 5110 hujus
2334 5048 2459 5099 Vitae
2483 5048 2569 5099 lib.
2596 5061 2645 5109 v,
2667 5061 2715 5098 c.
2744 5049 2794 5111 7,
2831 5050 3042 5100 constat.
3088 5048 3224 5100 Unde
3266 5051 3317 5100 et
3362 5049 3520 5101 Baro-

1903 5116 2014 5167 nius
2038 5117 2086 5166 in
2108 5114 2265 5166 indice
2301 5116 2376 5166 lit.
2406 5117 2460 5166 Β.
2480 5124 2716 5168 'erronee
2752 5114 2814 5167 de
2848 5115 3080 5168 Balduino
3119 5116 3333 5167 scribit:
3367 5133 3392 5163 α
3420 5118 3516 5169 Ac-

1904 5186 2043 5234 cusat
2090 5184 2143 5234 S.
2188 5183 2437 5245 nugonem
2482 5182 2670 5234 Lincol.
2709 5184 2989 5248 episcOpum
3038 5182 3168 5248 apud
3213 5183 3514 5238 lticbardum

1904 5262 2083 5300 novum
2121 5262 2290 5313 regem
2319 5250 2523 5313 Angliae.
2550 5266 2569 5297 ι

1974 5315 2117 5382 (147)
2140 5319 2206 5367 Dc
2242 5316 2390 5379 pallio
2424 5315 2622 5379 ejusque
2671 5317 3009 5381 redemptione
3050 5317 3242 5379 legatur
3287 5316 3515 5372 Giraldus

1903 5384 2218 5435 Cambrensis
2242 5383 2371 5446 apud
2394 5385 2618 5445 Whart.,
2642 5388 2769 5445 part.
2814 5399 2868 5444 ιι,
2897 5384 3040 5445 Angl.
3068 5385 3228 5444 Sacr.,
3252 5397 3363 5448 pag.
3391 5384 3511 5439 419.

1976 5453 2016 5512 (1
2034 5452 2106 5507 t8)
2133 5451 2293 5501 Semel
2340 5454 2425 5500 aut
2450 5450 2525 5499 bis
2567 5462 2726 5500 annue
2773 5451 3097 5501 Withamiam
3124 5452 3388 5502 secessisse
3414 5453 3513 5505 Hu-

1905 5530 2103 5580 gonem,
2129 5517 2256 5567 intra
2281 5531 2326 5567 c.
2358 5518 2438 5579 1ο,
2466 5517 2720 5567 asseritur.
2772 5519 2929 5577 Nunc,
2977 5522 3032 5567 ut
3054 5529 3175 5568 onus
3221 5518 3352 5581 pallii
3382 5521 3507 5573 redi-

1907 5588 2066 5635 meret
2088 5583 2194 5634 sine
2220 5584 2422 5634 aliorum
2447 5584 2738 5647 sumptibus,
2766 5584 2880 5636 illuc
2903 5584 3133 5636 secedere
3153 5585 3414 5649 cogitabat.
