3938 6402
390 383 528 440 1019

1259 392 1316 448 S.
1358 391 1675 451 HUGONIS
1711 393 1931 451 EPISC.
1974 393 2301 452 LINCOLN.
2344 395 2511 455 0RD.
2553 397 2804 457 CARTH.

3550 404 3688 461 1020

391 524 732 583 magnopere
754 510 1162 569 dissuadebant.
1186 514 1435 589 Denique
1450 516 1717 573 universis
1738 518 1992 576 dioecesis
2014 520 2063 581 Α
2164 521 2488 578 Econtrario
2518 522 2625 577 illis
2653 522 2969 596 frequenter
3014 524 3386 581 asserentibus
3416 525 3539 599 plus
3570 534 3689 582 ter-

398 615 510 654 sum
540 607 591 654 et
652 601 1042 657 ecclesiasticis
1083 605 1335 675 personis
1366 605 1421 660 in
1470 608 1744 663 communi
1788 608 1993 680 placuit

393 687 462 741 ad
494 690 891 760 exemptionem
921 692 1165 749 metricis
1195 710 1308 749 suae
1337 696 1599 752 Ecclesiae
1618 698 1907 768 pecuniam
1924 699 1992 752 de

394 776 507 831 suis
536 778 708 848 copiis
739 780 992 836 conferre
1020 782 1203 837 animo
1231 783 1440 839 libenti.
1482 786 1823 841 Unanimiter
1849 803 1991 858 quo-

395 882 519 938 que,
552 874 609 921 ut
632 875 844 938 patrem
875 877 928 925 et
956 870 1307 927 defensorem
1348 873 1497 944 pium
1552 881 1710 946 atque
1762 858 1992 929 fortissi-

390 971 559 1022 mum,
593 956 844 1012 obnixius
892 958 1071 1029 ipsum
1111 960 1489 1034 efﬂagitabant
1533 963 1869 1034 episcopum,
1922 981 1991 1020 ne

391 1044 702 1113 hujusmodi
732 1046 811 1101 rei
840 1047 1016 1118 gratia
1046 1064 1202 1103 suam
1250 1050 1318 1104 ab
1346 1050 1426 1105 eis
1469 1051 1811 1124 aliquatenus
1842 1070 1987 1124 prte-

390 1134 621 1188 sentiam
652 1135 981 1192 absentaret.
1015 1137 1092 1192 Ita
1122 1139 1371 1206 multum,
1404 1139 1530 1196 licet
1558 1140 1775 1207 invitus,
1810 1150 1861 1197 et
1892 1158 1990 1198 co-

391 1230 545 1278 actus
589 1221 827 1281 filiorum
873 1241 1094 1281 suorum
1145 1228 1498 1298 petitionibus
1546 1230 1844 1301 acquievit,
1879 1248 1992 1286 suae

392 1310 683 1367 voluntatis
739 1313 1012 1369 desiderio
1066 1332 1395 1387 praeponens
1422 1318 1571 1388 pium
1620 1320 1991 1390 generalitatis

397 1399 703 1457 decretum.
738 1402 861 1458 Suis
894 1419 1022 1460 vero
1053 1404 1347 1461 districtius
1386 1406 1614 1461 inhibuit
1644 1407 1987 1474 ofﬁcialibus,

393 1504 462 1544 ne
493 1505 525 1544 a
555 1491 747 1562 quovis
776 1492 1055 1548 hominum
1078 1494 1340 1565 quidquid
1361 1496 1594 1567 amplius
1611 1497 1830 1569 exigere
1849 1514 1992 1568 prse-

398 1588 698 1646 sumerent,
732 1596 897 1652 quam
928 1582 1074 1654 quod
1116 1582 1394 1638 voluntate
1443 1592 1739 1655 spontanee
1766 1586 1993 1657 quilibet

396 1667 717 1735 obtulisset;
770 1670 837 1724 de
868 1670 1092 1741 proprio
1122 1679 1303 1727 autem
1352 1672 1582 1743 peculio,
1619 1683 1877 1745 quantum
1908 1674 1991 1729 fa-

393 1755 566 1811 cultas
597 1757 925 1823 admitteret,
977 1760 1093 1814 dari
1123 1761 1398 1832 praecepit.
1449 1762 1646 1833 Sicque
1684 1764 1993 1834 provincia-

2093 626 2218 665 rere
2248 610 2525 681 improbos
2554 612 2798 683 pecunia:
2834 613 3095 668 damnum
3124 630 3288 686 quam
3320 615 3692 671 excommuni-

2092 699 2324 755 cationis
2378 701 2660 771 probrum,
2694 709 2788 756 aut
2830 703 3189 773 corporalium
3234 720 3519 774 poenarum
3548 703 3694 759 affli-

2091 788 2325 844 ctionem
2359 789 2465 843 illis
2501 790 2926 859 indicendarum,
2976 791 3067 847 ille
3097 808 3128 847 e
3157 792 3376 849 diverso
3419 794 3697 849 asserebat

2090 877 2143 931 id
2177 894 2289 933 suae
2331 878 2682 952 negligentiae
2727 880 3110 936 ascribendum
3138 924 3151 948 ,
3188 880 3280 954 qui
3312 881 3592 938 remissius
3632 898 3694 937 se

2091 967 2357 1022 haberent
2387 968 2443 1021 in
2483 968 2843 1038 corripiendis
2889 969 2996 1024 illis
3028 970 3118 1041 qui
3147 978 3489 1041 peccassent,
3523 978 3577 1026 et
3602 970 3693 1025 di-

2091 1056 2330 1111 strictius
2360 1057 2705 1126 coercendis,
2729 1074 2830 1112 nec
2854 1073 2948 1113 eos
2968 1066 3076 1113 tam
3098 1060 3341 1115 studiose
3370 1061 3692 1126 observare,

2089 1152 2147 1198 ut
2176 1145 2254 1199 illi
2283 1146 2577 1214 injunctam
2608 1146 2889 1216 explerent
2919 1147 3367 1214 satisfactionem,
3393 1164 3554 1220 quam
3585 1149 3693 1203 ob-

2093 1242 2375 1289 servarent
2425 1243 2481 1289 ut
2529 1235 2631 1289 sibi
2696 1234 2989 1306 pollicitam
3067 1245 3386 1293 enumerent
3444 1237 3696 1309 pecunia:

2092 1323 2442 1378 taxationem.
2477 1323 2589 1377 Illis
2629 1324 2899 1378 interdum
2929 1340 3028 1395 pro
3057 1342 3116 1381 se
3152 1326 3395 1399 allegare
3427 1326 3695 1380 studenti-

2090 1412 2195 1466 bus
2226 1427 2292 1467 ac
2345 1412 2651 1468 dicentibus
2707 1413 3077 1467 beatissimum
3133 1415 3606 1486 archiepiscopum
3645 1422 3702 1469 et

2090 1509 2388 1572 martyrem
2449 1501 2714 1556 Thomam
2800 1502 3110 1572 hujusmodi
3176 1520 3207 1558 a
3260 1503 3699 1575 delinquentibus

2092 1591 2393 1660 sumpsisse
2412 1590 2662 1656 mulctas,
2688 1589 2777 1646 ille
2799 1591 3064 1646 confestin
3087 1593 3449 1663 respondebat
3481 1610 3495 1647 :
3523 1613 3544 1642 ‹
3572 1592 3698 1646 Cre-

2091 1678 2201 1733 dite
2230 1678 2381 1745 mihi,
2416 1695 2525 1735 non
2570 1680 2776 1736 idcirco
2824 1688 3047 1736 sanctus
3096 1680 3212 1736 fuit.
3246 1681 3367 1736 Alia
3409 1680 3552 1735 enim
3583 1680 3696 1734 vir-

2090 1773 2261 1822 tutum
2335 1769 2525 1823 merita
2574 1778 2820 1826 sanctum
2870 1770 3246 1836 exhibuerunt,
3305 1778 3357 1825 et
3387 1769 3494 1824 alio
3544 1768 3700 1822 titulo

393 1844 474 1899 les
503 1846 681 1916 potuis
711 1846 1010 1918 Ecclesias,
1044 1864 1206 1921 quam
1236 1866 1419 1905 earum
1441 1860 1665 1906 matrem
1687 1852 1991 1908 Ecclesiam
2014 1886 2067 1946 Β
2096 1857 2291 1912 meruit
2334 1858 2564 1929 palmam
2595 1868 2876 1931 reportare
2907 1857 3169 1931 martyrii.
3203 1880 3226 1910 ι

395 1933 849 2004 Lincolniensem,
884 1951 916 1991 a
946 1937 1087 2008 turpi
1109 1937 1267 1993 simul
1297 1947 1349 1994 et
1366 1941 1519 2012 gravi
1537 1941 1626 1995 diu
1658 1941 1856 1997 inolitae
1878 1936 1996 1997 ser-

394 2021 578 2077 vitutis
591 2022 727 2096 jugo
760 2025 931 2080 semel
953 2026 1251 2097 eripiendo,
1277 2038 1555 2099 perpetum
1572 2029 1801 2085 restituit
1832 2031 1996 2086 liber-

395 2110 509 2166 tati.
551 2111 690 2165 Nam
736 2113 868 2168 citra
898 2114 1159 2187 cujusque
1205 2133 1496 2189 gravamen
1525 2135 1555 2172 a
1584 2118 1801 2175 clericis
1831 2120 1995 2175 modo

395 2199 566 2254 semel
595 2202 838 2273 percepit
881 2219 1086 2268 eorum,
1138 2213 1197 2259 ut
1226 2206 1305 2262 sic
1339 2206 1564 2275 dicatur,
1601 2209 1914 2279 redemptor
1944 2217 1995 2263 et

397 2289 766 2344 manumissor
808 2292 912 2347 hoc
941 2293 1105 2364 quod,
1131 2293 1241 2349 imo
1283 2296 1532 2367 amplius,
1566 2312 1676 2352 non
1708 2297 1822 2352 sine
1852 2297 1987 2352 mul-

395 2385 572 2433 torum
625 2380 945 2451 gravamine
999 2390 1322 2454 extorquere
1381 2385 1572 2440 solitus
1602 2394 1719 2440 erat
1764 2394 1994 2459 uterque

392 2476 842 2538 praememoratus
883 2470 1043 2540 hujus
1089 2472 1273 2527 tributi
1322 2473 1574 2529 inventor
1616 2490 1680 2531 ac
1729 2476 1991 2541 redditor,

392 2554 610 2626 palliata
643 2557 879 2625 scilicet,
927 2560 1027 2614 sub
1074 2569 1332 2630 praetextu
1379 2564 1581 2636 regalis
1611 2563 1779 2635 pallii,
1815 2564 1993 2619 ambi-

398 2644 544 2701 tione
591 2646 907 2717 pontificali.
955 2648 1115 2718 Quod
1144 2658 1323 2705 tamen
1355 2668 1418 2706 ex
1463 2653 1621 2708 nobis
1655 2653 1837 2708 dicere
1886 2670 1995 2708 non

393 2735 680 2801 audemus,
714 2736 812 2793 sed
844 2737 949 2793 hoc
977 2738 1211 2794 dicimus
1242 2756 1307 2794 ex
1333 2741 1596 2795 sententia
1614 2741 1992 2813 plurimorum,

391 2823 483 2895 qui
513 2823 712 2895 saepius
743 2841 816 2880 ex
847 2825 940 2881 tali
969 2826 1193 2883 divitum
1228 2828 1464 2884 colludio
1493 2831 1721 2902 egestati
1756 2848 1866 2886 suae
1890 2848 1997 2904 ge-

392 2911 614 2968 mebant
643 2913 817 2969 illudi.
849 2915 987 2970 Nam
1021 2924 1073 2971 et
1093 2916 1211 2988 ipse
1233 2934 1328 2972 rex
1362 2918 1609 2984 edoctus,
1643 2928 1699 2973 ut
1730 2920 1997 2975 credeba-

393 3008 498 3067 tur,
547 3016 581 3057 a
635 3002 963 3075 quibusdam
1021 3004 1127 3079 lac_
1159 3021 1380 3060 suarum
1456 3007 1639 3061 ovium
1695 3025 1865 3079 usque
1925 3007 1995 3062 ad

393 3091 801 3161 expressionem
830 3092 1005 3163 butyri
1029 3092 1261 3148 libenter
1287 3110 1350 3149 ac
1381 3094 1698 3166 frequenter
1718 3096 1995 3167 emulgen-

394 3179 559 3245 tibus,
592 3180 698 3236 hoc
746 3180 1006 3252 episcopo
1054 3182 1233 3252 potius
1290 3199 1452 3254 quam
1501 3184 1604 3238 sibi
1653 3185 1995 3256 profuturum

2707 2091 2932 2148 CAPUT
2970 2092 3065 2146 IX.

2096 2278 2318 2339 Qualiter
2342 2274 2431 2335 jus
2454 2272 2732 2325 advocatim
2767 2275 2980 2325 abbatiaz
2998 2273 3062 2324 de
3093 2273 3389 2335 Eyneshaim
3425 2277 3597 2339 contra
3620 2286 3700 2323 re-

2158 2358 2264 2404 gem
2288 2340 2590 2393 Richardum
2628 2343 2755 2391 illud
2802 2342 2899 2391 sibi
2934 2342 3275 2401 vindicantem,
3320 2352 3408 2401 per
3427 2338 3704 2401 inquisitio-

2160 2424 2266 2463 nem
2308 2410 2568 2459 solemnem
2617 2409 2836 2459 evicerit.
2881 2434 2946 2445 —
2978 2409 3047 2458 Et
3083 2414 3159 2458 est
3200 2408 3290 2457 hoc
3335 2407 3605 2469 capitulum
3639 2410 3701 2456 in

2159 2491 2334 2540 magna
2387 2475 2495 2529 Vita
2517 2491 2629 2541 cap.
2657 2478 2708 2527 8.

2166 2642 2301 2697 Cum
2327 2651 2526 2708 autem,
2581 2641 2647 2695 ab
2678 2640 2913 2695 adventu
2961 2638 3461 2693 Northmannorum
3492 2637 3549 2692 in
3576 2640 3698 2693 An-

2102 2732 2290 2804 gliam,
2335 2731 2531 2786 bellico
2584 2729 2688 2784 sibi
2710 2730 2836 2800 jure
2878 2728 3159 2783 subactam
3203 2743 3304 2798 per
3350 2743 3525 2782 annos
3558 2742 3699 2783 cen-

2098 2830 2210 2876 tum
2242 2822 2410 2891 (149),
2461 2828 2514 2875 et
2564 2836 2629 2875 eo
2687 2818 2937 2888 amplius,
2994 2816 3244 2873 Ecclesia
3298 2815 3697 2872 Lincolniensis

2095 2911 2348 2967 continue
2380 2918 2434 2965 et
2464 2910 2791 2965 inconcusse
2820 2922 2992 2978 usque
3022 2907 3092 2961 ad
3123 2905 3178 2960 id
3223 2905 3484 2976 temporis
3514 2913 3701 2975 patro-

2097 3008 2278 3055 natum
2311 2999 2541 3072 gesserit
2570 2995 3035 3068 Eyneshamensis
3088 2994 3323 3050 ccenobii
3354 2994 3523 3063 (150),
3555 2994 3701 3048 hanc

2097 3089 2146 3144 ei
2175 3089 2495 3160 dignitatem
2526 3087 2806 3158 subripere
2837 3084 3067 3156 maligni
3097 3083 3319 3155 quidam
3350 3082 3702 3154 pertinaciter

2096 3186 2218 3232 sunt
2247 3176 2523 3250 aggressi.
2571 3177 2775 3230 Beatus
2799 3189 2934 3229 sane
2963 3171 3205 3244 pontifex
3233 3170 3515 3243 Remigius
3544 3172 3699 3241 (151)

396 3267 624 3336 dixerat,
657 3268 703 3323 si
734 3250 884 3324 more
933 3250 1401 3341 praedecessor-um
1445 3250 1670 3327 suorum—
1701 3273 1866 3328 multa
1898 3290 1993 3328 su-
2023 3250 2069 3308 θ
2098 3267 2282 3338 (quem
2314 3266 2369 3320 in
2398 3265 2548 3321 brevi
2577 3272 2701 3336 post
2729 3263 3109 3333 triumphatam
3132 3260 3367 3315 insulam
3396 3259 3701 3332 gloriosum

396 3365 566 3412 meret
595 3373 626 3412 a
648 3357 761 3412 suis
782 3358 1015 3429 clericis,
1038 3360 1181 3414 unde
1199 3361 1286 3416 vix
1304 3377 1478 3432 pauca
1500 3362 1655 3417 daret
1673 3378 1774 3433 pro
1804 3362 1993 3433 pallio,

396 3446 758 3517 appendendo
789 3447 900 3503 suis
928 3448 1190 3504 humeris.

467 3538 534 3591 At
564 3552 729 3591 verus
760 3546 813 3593 et
834 3537 1007 3592 bonus
1037 3547 1242 3610 pastor,
1276 3547 1535 3612 quantum
1581 3557 1712 3596 oves
1734 3540 1838 3595 sibi
1867 3557 1994 3596 ere-

396 3623 536 3679 ditas
567 3624 851 3696 diligebat,
898 3634 1110 3682 tantum
1160 3628 1553 3684 immunitatem
1596 3629 1806 3684 illarum
1846 3629 1994 3685 zela-

396 3714 513 3769 bat.
556 3713 828 3784 Quantum
877 3733 1010 3771 vero
1039 3717 1108 3772 ad
1138 3734 1198 3772 se
1237 3718 1562 3789 pertinebat,
1612 3719 1751 3775 sicut
1778 3734 1995 3774 omnem

397 3804 675 3860 avaritiam
723 3804 912 3861 sedulo
962 3804 1222 3878 fugiebat,
1258 3806 1329 3861 ita
1359 3815 1412 3863 et
1439 3809 1785 3864 occasionem
1815 3807 1995 3863 avari-

398 3892 485 3948 tiae
533 3893 781 3959 summis,
813 3894 905 3948 ubi
947 3903 1152 3965 posset,
1204 3895 1413 3951 nisibus
1454 3897 1661 3968 jugiter
1707 3896 1993 3953 evellebat.

397 3982 554 4040 Unde
608 3982 834 4038 multam
879 3984 1253 4055 pecuniariam
1285 4001 1317 4041 a
1365 3986 1779 4058 quibuscunque
1826 3986 2000 4041 delin-

400 4071 694 4142 quentibus
760 4080 869 4127 tam
916 4073 1328 4130 erchidiaconos
1395 4091 1521 4131 suos
1588 4091 1754 4147 quam
1810 4091 1996 4130 eorum

397 4159 659 4216 officiales
688 4177 749 4216 ac
780 4162 1016 4217 decanos
1071 4162 1293 4235 exigere
1341 4164 1685 4235 prohibebat,
1744 4163 1997 4218 nimirum

397 4265 597 4304 verens
628 4267 696 4306 ne
724 4267 827 4322 pro
874 4252 1188 4306 muneribus
1217 4253 1453 4324 aliquem
1501 4262 1593 4307 aut
1630 4252 1997 4324 opprimerent

399 4339 688 4405 insontem,
737 4349 829 4395 aut
866 4341 920 4395 in
951 4340 1062 4395 suis
1118 4342 1433 4397 excessibus
1485 4351 1696 4397 sontem
1726 4342 1992 4408 foverent,

393 4428 547 4498 juxta
601 4428 732 4484 illud
792 4430 999 4502 antiqui
1055 4430 1388 4501 legislatoris
1422 4449 1434 4485 :
1473 4454 1496 4479 ‹‹
1548 4432 1769 4486 Munera
1824 4446 1997 4486 exom-

398 4526 523 4574 cant
552 4519 738 4575 oculos
783 4520 1128 4591 sapientum,
1182 4528 1235 4575 et
1275 4520 1595 4575 subvertunt
1624 4520 1795 4576 verba
1820 4520 1996 4589 justo-

398 4622 520 4663 rum
568 4608 767 4675 (Exod.
832 4623 1015 4674 χχιιι,
1051 4610 1125 4678 8).
1164 4629 1186 4658 υ
1239 4609 1484 4681 Itemque
1515 4609 1649 4664 illud
1702 4609 1997 4680 Scriptura:

395 4695 618 4751 alterius
649 4696 845 4753 crebro
890 4697 1003 4751 suis
1058 4695 1383 4753 officialibus
1427 4697 1714 4770 ingerebat
1748 4715 1761 4752 :
1800 4720 1821 4745 ιι
1850 4697 2000 4771 Ignis

397 4784 682 4841 devorabit
727 4785 1084 4841 tabernacula
1113 4802 1323 4855 eorum,
1378 4787 1470 4859 qui
1499 4803 1727 4843 munera
1767 4787 2001 4842 libenter

392 4874 666 4946 accipiunt
694 4875 811 4947 (Job
838 4890 938 4942 xv,
972 4873 1083 4945 34).
1123 4895 1145 4925 ι

464 5048 607 5117 (149)
639 5049 713 5102 Ad
737 5061 864 5100 anno
900 5049 1052 5111 1066,
1099 5050 1231 5114 quod
1257 5052 1586 5114 triomphator
1608 5051 1883 5102 Willelmus
1916 5046 2000 5117 (de
2078 5090 2085 5097 .

396 5116 494 5183 quo
521 5116 654 5178 mox)
677 5130 705 5166 e
733 5118 1086 5168 Northmannia
1110 5118 1159 5168 in
1186 5119 1411 5181 Angliam
1439 5118 1821 5177 transfretando,
1850 5119 1898 5167 in
1922 5117 2000 5167 die

396 5183 584 5236 Natalis
608 5184 798 5235 Domini
833 5185 1099 5236 Lundonia:
1124 5190 1383 5237 coronatur
1406 5186 1454 5235 in
1482 5187 1646 5249 regem
1673 5185 1878 5247 Angliae.
1929 5187 2000 5234 lta

394 5252 576 5315 Pagius
602 5251 650 5301 in
673 5251 822 5311 Crit,
851 5265 906 5314 p.
938 5252 1057 5301 228.

467 5320 606 5380 (150)
652 5319 876 5369 Giraldus
925 5317 1243 5370 Cambrensis
1295 5321 1424 5382 part.
1474 5332 1529 5379 ιι,
1592 5316 1776 5380 Anglia:
1822 5330 1999 5379 sacrm,

396 5399 523 5449 page
550 5387 669 5436 417.
708 5400 728 5431 ι
753 5387 1014 5437 Monachos
1055 5398 1269 5450 quoque,
1308 5385 1482 5447 inquit,
1536 5384 1782 5435 Robertus
1832 5384 1999 5435 Bloeth

396 5454 456 5503 de
481 5455 646 5504 Stowa
677 5465 830 5515 usque
853 5452 914 5504 ad
951 5454 1250 5513 Egnesham,
1279 5456 1399 5512 etc.,
1427 5451 1649 5514 providet
1675 5455 1998 5513 transposuit,

399 5519 655 5583 baculique
681 5521 940 5583 pastoralis
980 5521 1293 5571 donationem
1319 5518 1412 5569 sibi
1438 5521 1488 5569 et
1511 5518 1876 5570 successoribus
1899 5520 2002 5570 suis

397 5587 687 5638 reservavit.
719 5607 740 5629 ι

461 5654 606 5720 (151)
628 5653 701 5706 Ah
725 5666 853 5705 anno
883 5654 1034 5716 1067,
1059 5652 1192 5703 circa
1215 5652 1359 5703 initia
1387 5653 1525 5718 regni
1552 5653 1745 5718 praefati
1769 5654 2000 5705 Willelmi

395 5732 425 5770 a
447 5722 691 5772 Lafranco
714 5720 1053 5771 Cantuariensi
1078 5720 1129 5770 in
1174 5720 1456 5782 episcopum
1503 5723 1835 5787 consecratus,
1882 5722 2003 5775 obiit

400 5799 529 5840 anno
556 5789 709 5853 1005,
734 5787 786 5838 in
811 5787 891 5839 die
909 5787 1228 5839 Ascensionis
1252 5787 1464 5840 Domini.

2095 3356 2283 3410 habuit
2313 3354 2637 3411 cathedralis
2669 3351 2903 3409 ecclesia
2949 3349 3408 3406 Lincolniensium
3440 3347 3700 3403 fundato-

2096 3446 2235 3513 rem)
2266 3444 2417 3515 (152)
2449 3450 2746 3511 vastatam,
2804 3440 3005 3514 fugatis
3034 3438 3219 3494 hostili
3245 3445 3393 3493 metu
3422 3436 3698 3504 fratribus,

2097 3534 2370 3590 abbatiam
2402 3531 2723 3587 reformavit
2756 3536 3135 3601 pramotatam.
3168 3527 3344 3596 Quam
3378 3525 3483 3581 sibi
3510 3532 3704 3581 aucto-

2098 3624 2256 3679 ritate
2287 3622 2441 3693 regia
2470 3620 2701 3691 inclytus
2724 3619 3071 3690 triumphato,
3125 3616 3439 3672 Willelmus
3469 3615 3540 3670 ita
3560 3630 3700 3670 con-

2098 3712 2351 3767 firmasse
2380 3710 2664 3766 dicebatur
2706 3709 2762 3763 in
2817 3707 3113 3779 prepriam,
3165 3713 3223 3760 ut
3275 3712 3473 3776 praeter
3516 3703 3701 3774 ipsum

2100 3801 2418 3873 episcOpum
2449 3800 2673 3870 ejusque
2706 3812 3054 3853 successores
3102 3795 3254 3850 nulla
3281 3794 3338 3848 in
3366 3808 3489 3849 eam
3513 3792 3703 3848 vindi-

2097 3906 2223 3946 care
2254 3889 2357 3943 sibi
2397 3895 2752 3959 praesumeret
2807 3882 3177 3941 ecclesiastica
3206 3899 3305 3939 seu
3330 3881 3538 3938 laicalis
3566 3897 3702 3953 per-

2099 3991 2232 4032 sona
2261 3989 2637 4047 quamcunque
2662 3970 3109 4027 dominationem.

2170 4063 2376 4119 Accidit
2407 4070 2582 4116 autem
2633 4069 2686 4115 ut
2718 4075 2863 4115 anno
2902 4058 3224 4130 praesulatus
3281 4055 3423 4112 beati
3449 4053 3702 4126 Hugonis

2098 4153 2312 4210 decimo
2343 4153 2490 4223 (153)
2544 4149 2885 4207 venerandus
2939 4146 3168 4204 cmnobii
3221 4146 3380 4215 hujus
3432 4152 3612 4199 rector
3646 4151 3706 4198 et

2098 4243 2267 4297 abbas
2342 4242 2605 4313 migraret
2646 4239 2715 4294 ad
2780 4237 3091 4303 Dominum,
3142 4234 3362 4291 nomine
3437 4231 3704 4288 Godefri-

2099 4333 2201 4387 dus
2232 4332 2402 4401 (154),
2434 4330 2525 4402 qui
2569 4345 2603 4384 a
2632 4328 2827 4384 diebus
2877 4325 3138 4397 Stephani
3160 4323 3310 4395 (155)
3345 4322 3494 4395 regis
3523 4336 3702 4392 usque

2100 4421 2171 4476 ad
2234 4429 2480 4491 tempora
2539 4418 2698 4491 regni
2754 4416 3049 4489 penultima
3106 4411 3547 4482 Richardi(156),
3606 4408 3705 4463 filii

2100 4509 2319 4565 Henrici
2382 4508 2552 4581 regis,
2584 4507 2740 4563 annis
2787 4505 3007 4562 circiter
3062 4501 3421 4575 quadraginta
3472 4506 3707 4570 quatuor

2025 4622 2078 4681 D
2101 4599 2222 4655 loco
2254 4598 2433 4654 eidem
2453 4596 2718 4652 moscitur
2737 4592 3023 4666 praefuisse
3046 4594 3215 4661 (157).
3242 4589 3362 4658 Quo
3409 4587 3705 4681 episcopus

2098 4688 2300 4753 audito,
2345 4686 2490 4742 misit
2530 4686 2682 4755 juxta
2720 4699 2929 4738 morem
2959 4681 3238 4751 antiquum
3271 4696 3337 4733 ex
3369 4677 3481 4732 suis
3523 4675 3705 4731 cleri-

2100 4793 2224 4833 cum
2252 4792 2441 4841 unum,
2489 4774 2582 4846 qui
2629 4772 2860 4827 abbatiaa
2889 4770 3194 4826 custodiam
3244 4768 3300 4822 in
3346 4781 3538 4821 manus
3565 4779 3698 4818 suas

2100 4866 2387 4937 reciperet,
2437 4880 2502 4919 ac
2556 4876 2739 4918 rerum
2783 4859 3099 4915 monasterii
3156 4874 3262 4913 una
3322 4872 3443 4912 cum
3465 4853 3700 4909 fratrum

2170 5040 2313 5103 (15$)
2340 5040 2451 5091 Ideo
2473 5040 2545 5090 sic
2585 5036 2794 5100 dictum,
2838 5034 2950 5098 quia
2989 5035 3309 5087 Dorkecestra
3334 5030 3498 5083 sedem
3545 5032 3707 5079 trans-

2100 5108 2213 5159 tulit
2240 5107 2566 5159 Lincoluiam.

2169 5176 2310 5240 (t53)
2360 5175 2450 5237 Qui
2493 5179 2601 5226 erat
2647 5187 2804 5226 annus
2846 5170 3033 5224 Christi
3091 5169 3240 5240 1195,
3291 5173 3377 5221 aut
3447 5166 3591 5229 1196,
3640 5166 3706 5217 ob

2098 5237 2319 5305 dubium,
2346 5255 2441 5304 quo
2464 5255 2592 5293 anno
2616 5244 2754 5304 nugo
2779 5242 2843 5292 sit
2868 5242 3027 5290 factus
3047 5237 3323 5300 episcopus.

2171 5304 2313 5374 (151)
2338 5310 2506 5360 Nullus
2530 5311 2577 5360 in
2596 5310 2724 5360 serie
2747 5308 2978 5358 abbatum
3003 5304 3439 5374 Eveshamensium
3475 5305 3566 5355 sub
3609 5305 3704 5374 hoc

2099 5373 2315 5440 tempore
2339 5378 2552 5427 occurrit
2586 5377 2872 5426 Gottefridus
2899 5388 2913 5436 ;
2959 5374 3085 5425 unde
3129 5373 3280 5436 liquet
3308 5376 3439 5425 hunc
3461 5373 3710 5435 Eynesha-

2101 5456 2320 5496 mensem
2345 5445 2491 5495 fuisse
2516 5444 2766 5495 abbatem.

2166 5512 2309 5575 (155)
2337 5512 2469 5563 Obiit
2489 5514 2768 5574 Stephanus
2791 5522 2877 5560 rex
2903 5508 3087 5570 Anglia:
3115 5520 3242 5557 anno
3269 5509 3398 5559 1151

2172 5574 2312 5639 (156⁷)
2334 5582 2484 5630 Error
2507 5579 2698 5629 videtur
2736 5577 2997 5633 admissus,
3031 5581 3115 5625 aut
3137 5588 3311 5625 sensus
3335 5580 3410 5624 est
3431 5574 3702 5624 obscurior.

2171 5646 2312 5711 (157)
2340 5649 2556 5697 Praaesse
2575 5646 2722 5707 igitur
2745 5644 2891 5708 coepit
2934 5644 3048 5694 ante
3082 5646 3287 5694 mortem
3310 5641 3441 5707 regis
3466 5641 3709 5702 Stephani

2099 5729 2196 5768 uno
2220 5720 2305 5768 aut
2327 5714 2483 5766 altero
2503 5724 2650 5764 anno.
