3938 6402
240 411 373 466 1021

1598 405 1782 461 ἮΤΑ.
1815 434 1886 446 -
1922 403 2051 461 LIB.
2091 405 2183 462 IV.

3415 403 3552 460 1022

249 532 533 607 diligentia
564 530 991 588 sollicitudinem
1039 539 1280 604 gereret,
1326 546 1611 605 quousque
1639 529 1849 586 abbatis
1868 531 1923 591 Α
1947 528 2084 586 sime
2114 538 2306 586 contra
2335 530 2515 603 ipsum
2545 546 2758 604 regem,
2784 545 2949 603 quam
2974 536 3027 585 et
3047 535 3240 587 contra
3257 527 3553 601 plerosque

247 622 567 678 instituendi
596 621 859 679 canonica
889 621 1087 677 electio
1118 621 1383 679 celebrari
1412 620 1695 693 potuisset.
1730 620 1854 675 Cae-

253 721 428 768 terum
458 720 568 767 tam
598 709 844 767 vacantis
892 711 1121 767 abbatiae
1168 710 1497 777 custodiam,
1532 725 1696 782 quam
1725 709 1853 763 sub-

256 800 513 856 stituendi
540 800 755 855 abbatis
804 799 1041 855 debitam
1086 798 1412 867 facultatem,
1465 798 1559 870 qui
1601 798 1769 869 regiis
1799 797 1855 852 in

256 889 450 964 Anglia
481 896 750 961 prmerant
808 888 1065 959 negotiis,
1121 889 1380 959 episcOpo
1412 887 1721 943 nitebantur
1752 902 1853 941 au-

258 978 404 1034 ferre
436 979 605 1049 (158).
638 979 778 1033 Nam
810 993 904 1032 rex
936 993 1002 1032 ea
1033 984 1354 1049 tempestate
1393 977 1448 1030 in
1478 975 1854 1031 transmarinis

254 1067 587 1140 confligebat
629 1083 750 1121 cum
784 1066 1116 1122 Francorum
1147 1082 1282 1139 rege
1312 1066 1487 1137 (159).

328 1156 653 1228 Complures
698 1156 880 1228 itaque
924 1154 1028 1211 viri
1070 1155 1394 1226 prudentes,
1445 1162 1499 1209 et
1536 1154 1854 1226 episcOpum

262 1246 475 1302 sincere
506 1244 816 1315 diligentes,
868 1244 1203 1315 persuadere
1233 1245 1281 1298 ei
1312 1242 1491 1299 conati
1523 1249 1647 1297 sunt
1676 1258 1765 1311 ne,
1798 1249 1856 1297 ut

260 1334 368 1390 dici
396 1333 549 1400 solet,
586 1341 769 1389 contra
799 1332 967 1388 ictum
1004 1332 1243 1387 ﬂuminis
1271 1332 1515 1402 brachia,
1547 1332 1619 1387 ob
1655 1330 1853 1386 adver-

260 1423 494 1478 santium
568 1421 968 1477 multitudinem
1049 1429 1210 1494 atque
1284 1421 1586 1493 potentiam
1640 1419 1854 1475 interim

258 1512 438 1566 minus
467 1510 669 1580 valida,
704 1510 939 1567 inaniter
968 1509 1248 1583 fatigando
1291 1517 1587 1565 exsereret.
1619 1510 1854 1563 Assere-

256 1601 387 1656 bant
429 1615 664 1672 namque
716 1599 861 1673 regis
909 1600 1214 1672 genitorem
1263 1598 1556 1654 Henricum
1607 1598 1855 1669 generali

259 1689 644 1746 constitutione
657 1689 968 1744 decrevisse
988 1688 1339 1758 utuniversaa:
1350 1687 1505 1761 regni
1527 1687 1609 1741 sui
1626 1687 1855 1743 abbatia:

252 1779 308 1833 in
340 1795 436 1834 sua
465 1786 751 1834 manerent
798 1778 1111 1833 donatione.
1160 1778 1277 1834 Nec
1318 1776 1435 1833 fore
1480 1777 1855 1832 existimabant

257 1868 326 1924 de
375 1867 538 1935 facili,
590 1875 650 1922 ut
694 1874 880 1923 contra
923 1867 1093 1938 patris
1142 1868 1424 1923 decretum
1472 1865 1632 1933 filius,
1668 1882 1755 1933 eo,
1796 1873 1854 1920 ut

254 1956 563 2023 videbatur,
580 1955 637 2010 in
664 1955 848 2010 multis
870 1955 1220 2026 pertinacior,
1244 1955 1490 2028 gaudere
1511 1971 1633 2010 eum
1655 1955 1855 2009 sineret

254 2045 565 2119 privilegio,
601 2044 761 2101 avitis
809 2045 936 2100 licet
965 2045 1300 2117 temporibus
1330 2045 1571 2100 obtento.
1607 2044 1855 2115 Denique

254 2135 535 2207 negotium
564 2135 669 2189 hoc
697 2134 900 2189 laboris
938 2134 1180 2205 plenum,
1229 2134 1446 2190 modice
1496 2133 1852 2198 fructuosum,

254 2223 592 2279 multimodis
619 2223 967 2289 damnosum,
1001 2222 1308 2278 nullatenus
1347 2222 1641 2278 monebant
1682 2230 1857 2277 atten-

253 2314 498 2369 tandum.
532 2312 865 2367 Metiendum
896 2327 1021 2367 cum
1073 2312 1264 2384 labore
1315 2312 1473 2367 etiam
1503 2311 1710 2367 laboris
1738 2310 1855 2365 fru-

254 2410 399 2459 ctum
430 2402 821 2475 suggerebant,
848 2417 950 2457 nec
962 2400 1197 2455 maxima
1227 2401 1442 2456 aiebant
1472 2401 1750 2455 subeunda
1770 2416 1857 2455 re-

257 2508 377 2546 rum
432 2490 914 2545 innumerabilium
986 2489 1298 2560 dispendia,
1358 2506 1477 2561 quae
1524 2490 1635 2558 jam
1695 2487 1855 2544 citius

252 2580 620 2654 prmviderent
650 2596 716 2634 ex
746 2580 845 2636 hac
876 2578 1250 2634 controversia
1291 2578 1396 2633 sibi
1427 2577 1644 2649 suisque
1672 2593 1853 2632 emer-

256 2686 404 2740 sura,
438 2669 550 2736 ubi,
588 2668 735 2740 quod
774 2667 1109 2735 intendebat,
1161 2667 1489 2739 assequendi
1539 2683 1664 2737 spes
1712 2674 1854 2722 esset

253 2759 370 2815 fere
399 2758 567 2823 nulla,
592 2756 731 2812 forte
761 2757 924 2811 etiam
955 2756 1192 2812 assecuti
1221 2756 1419 2810 utilitas
1451 2772 1631 2827 parva.

326 2848 477 2903 Talia
533 2846 956 2919 suggerentibus
1012 2846 1109 2917 [vir
1164 2845 1458 2919 singularis
1514 2843 1855 2900 confidentia:

254 2938 517 3008 mirwque
547 2935 893 2991 discretionis
930 2934 1217 2990 confestim
1252 2933 1536 3005 respondit
1570 2952 1581 2987 :
1620 2957 1641 2980 α
1678 2934 1850 3001 Absit,

254 3026 548 3098 inquiens,
604 3032 663 3079 ut
710 3024 1025 3079 mortalium
1072 3023 1343 3095 quispiam
1408 3023 1517 3078 tale
1571 3023 1856 3079 decretum

255 3125 493 3172 statuere
523 3123 841 3186 prmsumat,
874 3114 1017 3169 unde
1067 3114 1184 3169 Deo
1215 3121 1406 3168 nostro
1446 3121 1498 3168 et
1526 3112 1857 3168 beatissima:

255 3206 466 3278 regina:
496 3205 621 3261 coeli
649 3205 794 3276 quod
825 3221 986 3258 suum
1016 3211 1099 3259 est
1130 3202 1345 3258 auferre
1376 3203 1673 3274 praevaleat
1707 3201 1717 3256 !
1752 3202 1857 3255 Hu-

249 3294 491 3365 jusmodi
521 3293 696 3365 leges,
745 3292 846 3347 etsi
888 3292 1047 3362 justa:
1090 3299 1293 3358 essent,
1346 3291 1541 3347 futuris
1588 3292 1856 3346 duntaxat

256 3384 493 3457 negotiis
550 3383 782 3439 formam
839 3382 1045 3450 darent,
1106 3397 1216 3436 non
1268 3381 1431 3435 etiam
1487 3380 1857 3437 convellerent

258 3480 458 3528 statuta
489 3472 751 3543 priorum.
789 3470 924 3539 Quis
951 3487 1080 3527 vero
1110 3470 1576 3542 prtedecessorum
1604 3485 1856 3525 meorum

255 3562 356 3617 tali
414 3561 738 3632 subscripsit
793 3561 1044 3627 decreto,
1081 3576 1189 3632 quo
1248 3560 1366 3614 solo
1396 3567 1582 3631 posset
1606 3559 1715 3629 juri
1746 3575 1853 3614 non

250 3651 527 3706 immerito
571 3649 853 3722 praescribi
901 3657 1123 3704 eatenus
1175 3649 1242 3703 ab
1286 3649 1497 3704 eisdem
1529 3648 1856 3719 possessio?

255 3740 425 3805 Absit
451 3740 597 3795 enim
647 3747 705 3793 ut
760 3754 1013 3809 personae
1055 3739 1431 3810 cujuscunque
1480 3737 1688 3793 laicalis
1745 3745 1855 3791 sta-

255 3838 430 3885 tutum
463 3828 848 3885 ecclesiasticae
877 3827 1144 3883 libertatis
1182 3826 1530 3899 privilegium
1558 3824 1851 3900 infringat!

254 3919 386 3974 Mihi
444 3935 572 3974 vero
632 3933 742 3973 non
800 3917 1081 3988 contingat
1138 3924 1197 3970 ut
1241 3916 1630 3988 qualiscunque
1659 3916 1854 3971 timore

253 4007 555 4080 potestatis,
591 4024 687 4062 seu
720 4014 1155 4079 quantaecunque
1188 4005 1477 4061 formidine
1501 4004 1850 4070 difﬁcultatis,

247 4098 343 4168 jus
372 4097 634 4153 Ecclesia
664 4113 821 4163 meae,
874 4104 1129 4168 quantum
1177 4094 1230 4149 in
1259 4111 1347 4150 me
1393 4103 1495 4160 est,
1546 4095 1723 4150 sinam
1752 4094 1854 4149 de-

253 4186 463 4258 perire!
500 4188 633 4241 Cum
664 4185 805 4241 enim
856 4185 924 4239 sit
956 4184 1090 4239 satis
1136 4183 1453 4255 pudendum
1491 4198 1521 4236 a
1560 4182 1855 4251 majoribus

256 4275 547 4347 acquisitas
576 4282 628 4330 et
657 4275 726 4329 ab
772 4274 1009 4346 antiquis
1038 4273 1293 4328 defensas
1321 4287 1431 4326 non
1461 4271 1621 4327 etiam
1649 4287 1853 4344 augere

258 4364 554 4436 dignitates
585 4372 783 4419 sanctae
831 4362 1091 4418 Ecclesiae
1139 4370 1299 4434 atque
1343 4361 1642 4427 libertates,
1695 4377 1853 4432 quam

258 4462 343 4511 est
398 4454 741 4525 probrosum,
792 4453 839 4506 si
886 4469 951 4507 ex
998 4451 1196 4506 inertia
1239 4450 1427 4523 ignavi
1455 4457 1620 4521 atque
1650 4449 1853 4503 inutilis

253 4542 487 4599 rectoris
515 4559 546 4597 a
577 4559 689 4597 suae
719 4541 1044 4615 integritatis
1091 4548 1230 4595 statu
1279 4538 1551 4606 decidant,
1605 4555 1726 4610 quae
1754 4554 1854 4610 per

257 4640 534 4687 strenuum
568 4632 1006 4703 dispensatorem
1036 4629 1377 4701 augmentari
1406 4644 1469 4685 ac
1498 4628 1696 4684 melius
1723 4643 1851 4699 pro-
1869 4623 1923 4682 D

254 4721 379 4777 vehi
411 4720 686 4776 debebant
710 4719 721 4775 Ι
762 4745 784 4769 ιι

324 4810 473 4865 Talia
528 4826 888 4881 prosequens,
933 4808 1206 4866 continuis
1249 4807 1462 4863 duobus
1511 4806 1647 4861 semi
1695 4805 1853 4861 annis

253 4900 404 4972 (160)
450 4915 554 4956 nec
604 4899 908 4971 sumptibus
945 4914 1049 4954 nec
1090 4897 1316 4969 proprio
1364 4896 1548 4951 sudori
1592 4911 1849 4967 parcens,

255 4997 368 5044 tum
399 5004 500 5060 pro
530 4989 870 5060 expedienda
888 4988 1139 5043 libertate
1170 4985 1417 5043 canonici
1446 4992 1616 5040 status
1645 4983 1854 5056 praefati

254 5077 591 5145 monasterii,
626 5086 735 5133 tum
766 5094 868 5149 pro
896 5077 1096 5132 tuenda
1144 5075 1408 5148 dignitate
1448 5090 1568 5140 sua,
1601 5073 1849 5130 invictis-

322 5257 461 5321 (158)
486 5257 605 5307 Jnre
628 5268 723 5318 quo
759 5254 919 5306 baculi
963 5253 1224 5318 pastoralis
1263 5251 1576 5321 donationem
1615 5249 1854 5321 Bobertus

250 5322 314 5374 de
342 5317 508 5375 Bloeth
532 5324 627 5374 sibi
648 5317 702 5374 et
726 5317 1090 5373 successoribus
1114 5320 1215 5371 suis
1235 5319 1522 5380 reservavit,
1550 5318 1679 5368 haud
1702 5317 1852 5368 dubie

252 5404 282 5442 a
307 5391 526 5453 Remigio
564 5391 678 5440 olim
702 5390 974 5440 obtentam.

322 5450 470 5521 (1595
508 5458 782 5509 Richardus
822 5469 909 5506 rex
953 5455 1095 5505 annis
1147 5454 1351 5515 singulis
1413 5451 1476 5502 ab
1526 5464 1653 5521 anno
1698 5450 1851 5512 H95,

251 5519 402 5587 usque
442 5519 504 5575 ad
546 5524 730 5574 obitum
768 5536 909 5573 suum
937 5536 1049 5573 cum
1095 5534 1211 5583 rege
1254 5523 1555 5571 Francorum
1597 5519 1648 5569 in
1690 5522 1853 5569 trans-

253 5593 457 5643 marinis
481 5592 719 5654 conﬂixit,
746 5602 886 5652 pace,
915 5602 1045 5639 nunc
1070 5588 1218 5650 tacui,
1246 5599 1377 5639 nunc
1400 5590 1560 5654 rupta.

322 5659 460 5724 (160)
486 5658 645 5709 Dilata
668 5651 873 5722 proinde
896 5656 989 5708 fuit
1014 5656 1125 5707 novi
1162 5654 1353 5707 abbatis
1374 5653 1551 5704 electio
1590 5651 1653 5703 ad
1690 5651 1851 5702 minus

251 5725 381 5780 ultra
406 5737 612 5778 annum.

1952 620 2053 673 sub
2081 619 2238 676 dolos
2268 620 2409 676 clam
2447 620 2802 676 adversantes
2830 619 2952 689 sibi,
3002 618 3080 674 eis
3109 618 3354 691 citraque
3401 633 3553 672 mare

1953 709 2257 776 decertans,
2289 710 2510 765 tandem
2552 709 2769 765 favente
2818 708 3052 764 Domino
3100 707 3307 764 celebri
3352 706 3556 780 potitur

1951 797 2246 869 triumpho.
2284 799 2590 872 Recognito
2623 814 2858 871 namque
2902 814 3003 870 per
3036 803 3438 855 sacramentum
3466 796 3553 853 vi-

1953 887 2090 960 ginti
2119 895 2354 959 quatuor
2382 886 2491 944 ﬁde
2535 888 2849 959 dignorum,
2883 887 3205 944 clericorum
3251 885 3457 958 pariter
3501 893 3555 941 et

1952 976 2234 1046 laicorum,
2287 976 2416 1048 quid
2442 976 2584 1046 juris
2632 977 3070 1049 praedecessores
3115 976 3199 1031 sui
3246 976 3303 1031 in
3323 975 3418 1031 illo
3448 976 3553 1031 ha-

1954 1065 2200 1121 buissent
2233 1066 2504 1134 ccenobio,
2523 1066 2851 1132 testimonio,
2870 1065 3214 1135 adjudicatur
3231 1065 3281 1121 ei
3307 1065 3553 1135 ejusdem

1951 1163 2264 1226 patronatus
2295 1156 2347 1210 in
2378 1156 2525 1229 regis
2557 1155 2736 1212 curia.
2778 1155 2915 1211 Hinc
2928 1155 3229 1210 restituitur
3249 1154 3299 1211 ei
3320 1154 3554 1210 abbatiae

1954 1243 2191 1300 vacantis
2214 1244 2477 1311 custodia,
2528 1243 2967 1315 prmﬁciendique
3013 1243 3225 1299 abbatis
3248 1242 3552 1312 jurisdictio

1952 1332 2116 1404 plena
2144 1340 2197 1388 et
2229 1333 2481 1388 absoluta
2511 1332 2681 1404 (161).
2716 1333 2843 1388 Post
2874 1349 2995 1406 quae
3017 1333 3087 1387 ad
3117 1349 3234 1389 eam
3256 1332 3312 1386 in
3332 1331 3555 1404 propria

1954 1423 2224 1478 accedens
2254 1438 2494 1494 persona
2537 1438 2639 1493 per
2689 1422 2809 1477 dies
2851 1430 2977 1478 octo
3022 1422 3223 1477 mansit
3252 1422 3307 1476 in
3336 1438 3399 1477 ea
3428 1437 3553 1477 eum

1954 1511 2215 1566 fratribus
2242 1512 2347 1568 loci
2378 1519 2632 1584 tanquam
2663 1511 2934 1583 benignus
2954 1520 3110 1583 pater
3127 1527 3248 1568 cum
3271 1509 3394 1566 filiis
3424 1511 3556 1567 cha-

1954 1600 2205 1666 rissimis,
2239 1601 2554 1674 ingrediens
2604 1608 2656 1655 et
2686 1600 3000 1675 egrediens,
3048 1617 3169 1657 cum
3201 1601 3281 1655 eis
3308 1601 3365 1655 in
3395 1616 3552 1657 com-

1955 1690 2105 1743 muni
2136 1689 2423 1746 refectorio
2453 1690 2659 1762 pariter
2688 1706 3049 1757 convescens,
3084 1706 3288 1762 eosque
3318 1689 3444 1745 vino
3467 1689 3554 1758 ju-

1955 1778 2244 1834 cunditatis
2274 1787 2327 1834 et
2344 1780 2581 1851 dapibus
2606 1796 2719 1834 suae
2742 1779 3010 1853 largitatis
3031 1779 3256 1851 copiose
3280 1778 3551 1834 reﬁciens.

1873 1892 1926 1951 B
2026 1869 2381 1924 Tractabatur
2409 1869 2620 1923 interea
2645 1868 2803 1937 jussu
2833 1869 2951 1938 ejus
2995 1868 3050 1923 in
3080 1875 3353 1923 conventu
3391 1882 3557 1938 super

1955 1957 2221 2013 electione
2252 1956 2416 2011 futuri
2465 1957 2700 2013 abbatis.
2752 1956 2982 2028 Expleta
3030 1973 3163 2013 vero
3210 1955 3557 2011 hebdomada

1955 2062 2079 2112 una,
2108 2045 2297 2102 accitis
2317 2046 2604 2101 abbatibus
2632 2045 2827 2102 vicinis
2849 2046 3080 2118 aliisque
3102 2045 3378 2119 religiosis
3398 2045 3550 2113 viris,

1954 2142 2315 2207 prmsentatur
2345 2135 2606 2207 episcopo
2654 2136 3050 2191 monachorum
3103 2135 3316 2202 electio,
3363 2149 3429 2190 ac
3460 2150 3555 2190 so-

1955 2224 2209 2280 lemniter
2238 2223 2585 2280 confirmatur
2615 2225 2685 2279 ab
2724 2225 2941 2280 eodem.
2976 2223 3183 2294 Quibus
3212 2224 3314 2279 rite
3362 2223 3553 2295 gestis,

1954 2321 2144 2385 pastor
2171 2314 2432 2387 egregius
2461 2313 2803 2370 Lincolniam
2849 2313 3230 2386 proficiscitur,
3278 2312 3462 2385 ibique
3498 2313 3555 2368 in

1954 2402 2251 2458 cathedrali
2310 2403 2542 2458 ecclesia
2608 2403 2814 2458 electus
2887 2401 3372 2474 Eynesheimensis
3430 2418 3554 2458 cum

1954 2490 2144 2547 favore
2200 2500 2360 2563 atque
2400 2491 2586 2548 laetitia
2633 2500 2972 2559 cunctorum,
3018 2491 3399 2547 benedictione
3439 2491 3555 2561 ejus

1956 2597 2108 2636 sacra
2163 2581 2219 2635 in
2275 2581 2525 2637 abbatem
2564 2580 2861 2636 honorifice
2911 2589 3281 2651 promovetur.
3346 2581 3552 2635 Instru—

1954 2678 2151 2741 ctoque
2184 2669 2414 2725 solemni
2443 2669 2694 2725 convivio
2763 2678 2870 2725 tam
2911 2670 3127 2726 clericis
3175 2685 3339 2742 quam
3370 2669 3555 2724 abbati

1955 2767 2007 2814 et
2025 2759 2311 2814 monachis
2339 2758 2470 2825 suis,
2512 2758 2888 2814 discumbebat
2905 2759 3186 2830 utriusque
3208 2758 3451 2815 cohortis
3480 2758 3558 2812 in-

1955 2849 2128 2921 clytus
2159 2849 2266 2903 dux
2296 2848 2352 2903 in
2380 2848 2562 2904 medio
2593 2865 2798 2915 eorum,
2834 2849 3029 2903 mirum
3080 2848 3135 2902 in
3166 2848 3388 2904 modum
3418 2863 3556 2920 gau-

1955 2938 2090 2993 dens
2108 2946 2160 2993 et
2179 2937 2457 2993 exsultans
2484 2937 2541 2994 in
2570 2938 2821 3006 Domino,
2854 2954 2920 2993 eo
2950 2937 3095 3011 quod
3123 2939 3294 2992 instar
3320 2937 3557 3009 pastoris

1957 3044 2166 3082 summe
2196 3027 2325 3082 boni
2373 3028 2507 3083 alias
2554 3044 2687 3083 oves
2735 3027 3069 3094 adduxisset,
3122 3044 3243 3099 quae
3273 3033 3457 3082 essent
3486 3042 3553 3082 ex

1956 3116 2085 3172 ovili
2111 3117 2239 3183 alio,
2275 3125 2334 3171 ut
2362 3116 2711 3173 efﬁcerentur
2741 3118 2810 3172 de
2839 3124 3041 3173 caetero
3072 3133 3213 3171 unus
3245 3132 3401 3188 grex,
3433 3116 3553 3171 istae

1957 3213 2009 3260 et
2037 3205 2144 3261 illae
2170 3222 2321 3273 oves,
2355 3214 2407 3261 et
2465 3214 2612 3261 esset
2662 3206 2909 3278 utrisque
2941 3222 3083 3260 unus
3113 3214 3319 3277 pastor,
3353 3205 3445 3277 qui
3476 3205 3554 3261 sic

1954 3302 2143 3350 mutuo
2201 3295 2306 3350 sibi
2363 3295 2669 3351 Ecclesiam
2700 3294 3130 3351 confoederasset
3160 3302 3213 3350 et
3259 3293 3549 3361 abbatiam,

1953 3393 2009 3439 ut
2068 3384 2208 3440 foret
2262 3384 2531 3455 perpetim
2586 3392 2820 3456 utraque
2874 3400 3062 3439 unum.
3121 3384 3284 3440 Dedit
3337 3399 3554 3456 quoque

1955 3474 2135 3529 abbati
2182 3490 2325 3530 novo
2372 3475 2583 3547 virgam
2629 3473 2963 3545 pastoralem
3013 3481 3243 3545 argento
3286 3480 3340 3528 et
3385 3472 3555 3528 ebore

1954 3563 2183 3634 pulchre
2234 3563 2646 3619 vermiculatam
2700 3580 2823 3619 cum
2881 3563 3088 3634 scypho
3144 3560 3354 3634 ingenti
3384 3569 3547 3634 atque

1952 3651 2175 3725 insigni.
2227 3652 2430 3709 Locum
2484 3652 2646 3708 etiam
2697 3652 2867 3723 ipsius
2917 3651 3171 3723 regimini
3199 3650 3551 3706 commissum

1954 3741 2202 3811 pluribus
2228 3742 2503 3813 ampliavit
2536 3740 2835 3808 beneficiis,
2887 3749 2940 3796 et
2968 3740 3209 3796 donariis
3247 3738 3547 3809 decoravit,

1955 3845 2021 3886 ac
2050 3838 2279 3902 paterno
2311 3847 2528 3902 semper
2557 3830 2756 3887 affectu
2788 3838 2896 3885 tam
2916 3831 3093 3902 ipsum
3115 3830 3370 3885 abbatem
3390 3844 3551 3902 quam

1955 3936 2187 3993 gregem
2217 3920 2268 3975 ei
2297 3920 2572 3976 subditum
2602 3919 2735 3976 fovit
2766 3928 2819 3976 et
2849 3919 3057 3975 dilexit.

2577 4072 2804 4128 CAPUT
2852 4072 2924 4127 Χ.

1956 4198 2096 4259 Quod
2129 4199 2273 4250 annis
2314 4199 2525 4261 singulis
2569 4200 2679 4261 fere
2730 4198 3037 4250 Withamiom
3078 4198 3428 4263 declinaverit,
3466 4199 3555 4250 ubi

2019 4270 2272 4316 comatum
2315 4266 2497 4327 faciem
2529 4278 2704 4328 gerere
2743 4266 3023 4317 videbatur.
3084 4267 3153 4317 Et
3192 4266 3405 4329 qualiter
3453 4279 3553 4317 sre-

2022 4333 2284 4384 cularibus
2314 4333 2497 4382 ibidem
2534 4334 2852 4395 praedicando
2889 4334 2950 4383 de
2981 4334 3144 4383 tribus
3168 4333 3448 4395 specialiter
3469 4346 3553 4384 eos

2020 4402 2266 4451 instruere
2289 4400 2559 4461 nitebatur,
2585 4400 2777 4450 scilicet
2797 4401 2858 4450 de
2876 4401 3040 4451 cordis
3063 4401 3323 4461 charitate,
3349 4400 3555 4451 veritate

2023 4471 2125 4518 oris
2148 4472 2199 4517 et
2220 4467 2441 4529 corporis
2463 4468 2700 4528 castitate,
2738 4472 2787 4516 et
2806 4480 2951 4530 quam
2991 4468 3163 4518 stricte
3197 4479 3399 4517 servare
3418 4469 3555 4529 apud

2020 4548 2075 4585 se
2102 4533 2355 4584 nitebatur
2387 4535 2665 4584 veritatem.
2712 4559 2779 4571 —
2825 4535 2895 4584 Et
2926 4535 3016 4585 hoc
3056 4534 3329 4597 capitulum
3369 4540 3448 4585 est
3500 4534 3555 4585 in

2019 4614 2192 4663 magna
2220 4600 2332 4652 Vita
2351 4601 2444 4652 sub
2469 4601 2632 4663 capite
2657 4602 2708 4653 9.

2025 4719 2109 4775 Ad
2139 4735 2294 4774 suam
2323 4735 2451 4775 vero
2481 4718 2838 4774 Withamiam
2881 4718 3114 4793 singulis
3153 4718 3551 4792 propemodum

1951 4808 2106 4863 annis
2135 4808 2305 4864 semel
2325 4816 2414 4863 aut
2430 4808 2515 4863 bis
2533 4809 2791 4865 secedere
2814 4809 2899 4865 vir
2911 4817 3133 4865 sanctus
3149 4818 3536 4866 consueverat.

1953 4898 2205 4953 Manebat
2234 4898 2308 4953 ibi
2358 4898 2591 4953 aliorum
2641 4914 2795 4954 more
2839 4898 2895 4952 in
2943 4898 3083 4954 cella
3120 4897 3381 4966 solitaria,
3427 4915 3547 4971 quae

1953 4993 2169 5058 semper
2197 4987 2246 5042 ei
2275 4988 2484 5059 absque
2526 4987 2827 5044 habitatore
2875 5002 3051 5043 vacua
3098 4987 3439 5058 servabatur,
3493 4988 3548 5043 in

1952 5093 2057 5149 qua
2098 5076 2474 5145 meditabatur,
2535 5083 2589 5133 et
2643 5076 2853 5145 orabat,
2906 5076 3252 5133 reficiebatur
3300 5076 3444 5145 cibo,
3497 5086 3551 5133 et

2022 5254 2166 5323 (161)
2191 5256 2457 5309 Conﬁrmat
2480 5257 2633 5308 relata
2675 5256 2900 5308 Giraldus
2922 5256 3241 5308 Cambrensis
3273 5257 3324 5308 in
3362 5257 3550 5319 Anglia

1952 5337 2052 5375 suae
2076 5328 2205 5388 part.
2234 5339 2290 5385 ll,
2315 5337 2426 5388 pag.
2454 5325 2573 5386 419,
2601 5325 2678 5374 bis
2705 5325 2865 5375 verbis
2902 5337 2916 5374 :
2967 5343 2991 5366 ι
3031 5325 3149 5375 [tem
3195 5325 3548 5375 monasterium

1951 5391 2013 5442 de
2037 5393 2316 5454 Egnesham
2360 5392 2473 5442 olim
2512 5391 2756 5452 perditum
2780 5391 2842 5440 iri
2867 5391 2998 5451 regia
3041 5394 3281 5454 potestate
3324 5394 3549 5453 paratum

1953 5458 2160 5508 viriliter
2182 5458 2357 5520 (llugo)
2386 5458 2602 5515 retinuit,
2631 5458 2885 5519 baculique
2922 5458 3183 5519 pastoralis
3232 5458 3549 5509 donationem

1949 5525 2244 5586 sumptuosis
2275 5525 2524 5575 laboribus
2547 5525 2629 5575 sed
2657 5524 2932 5575 efﬁcacibus
2975 5528 3024 5575 et
3068 5526 3329 5576 fructuosis
3359 5524 3421 5575 ad
3454 5526 3549 5576 Ec-

1952 5592 2152 5645 clesiam
2176 5592 2561 5644 Lincolniensem
2584 5590 2851 5644 revocavit.
2884 5610 2906 5633 ι
