3938 6402
386 357 522 414 1023

379 495 639 537 somnum
667 483 934 555 capiebat.
968 485 1099 541 Inde
1126 486 1196 542 ad
1227 487 1506 559 publicum
1538 491 1881 566 quandoque,
1920 496 2052 557 utA

376 569 637 627 salutaret
660 573 1035 640 adventantes,
1071 574 1283 649 sibique
1314 577 1464 651 loqui
1493 581 1794 651 cupientes,
1838 599 1971 654 pro-

375 660 652 739 grediens,
688 662 999 717 caelestibus
1056 664 1221 720 radiis
1269 668 1671 739 quodammodo
1721 687 1784 725 ex
1836 687 1972 727 con-

378 749 546 804 sortio
578 738 847 806 sermonis
877 752 1093 807 Domini
1125 763 1410 811 cornutam
1442 774 1636 830 gerere
1682 759 1974 833 diligenter

378 836 706 893 intuentibus
738 840 1023 895 videbatur
1050 841 1262 911 faciem,
1317 861 1479 915 quam
1512 847 1635 902 viva
1690 850 1973 917 cujusdam

375 925 576 997 leporis
608 928 859 984 comitate
891 930 1164 1003 totiusque
1210 932 1517 989 dulcedinis
1556 937 1823 993 suavitate
1862 940 1973 1009 pal-

375 1014 556 1083 liabat,
590 1032 655 1073 ac
702 1017 1140 1089 colloquentibus
1174 1021 1274 1075 sibi
1322 1020 1556 1078 frontem
1587 1034 1970 1098 contempera-

374 1103 481 1158 bat.
1674 1114 1685 1121 ”

444 1192 620 1249 Laicis
653 1193 872 1266 quidem
903 1204 1065 1269 atque
1109 1199 1463 1255 saecularibus
1518 1202 1782 1273 angelica:
1826 1204 1969 1260 illius

373 1280 497 1336 vitae
552 1290 748 1337 statum
802 1285 1256 1356 collaudantibus,
1314 1297 1367 1343 et
1412 1290 1481 1345 de
1528 1307 1638 1346 suae
1685 1294 1970 1348 mundanae

371 1369 495 1425 vitm
524 1370 924 1442 impedimentis
955 1377 1413 1448 conquerentibus
1445 1380 1605 1450 (quos
1647 1389 1829 1436 tamen
1868 1399 1970 1439 nec

374 1458 531 1525 velle,
568 1477 669 1515 nec
698 1458 861 1532 posse
912 1464 1075 1519 sciret
1112 1466 1180 1519 ad
1225 1467 1552 1537 perfectiora
1594 1468 1835 1526 instituta
1882 1472 1970 1527 vi-

370 1547 533 1601 vendi
563 1550 819 1621 transire)
852 1552 1160 1621 hujusmodi
1183 1555 1498 1625 proferebat
1518 1558 1929 1621 instructionem
1953 1579 1966 1615 :

377 1657 399 1681 α
438 1640 521 1689 An
549 1639 744 1704 solum,
779 1638 969 1710 inquit,
1000 1643 1276 1711 monachi,
1311 1644 1425 1700 sive
1457 1646 1699 1702 eremita:
1728 1656 1967 1702 tantum-

369 1724 532 1779 modo
587 1735 750 1798 atque
804 1728 1031 1784 solitarii
1077 1741 1482 1809 consequemur
1530 1751 1761 1807 regnum
1813 1738 1969 1793 Dei?

1263 362 1319 417 S.
1361 363 1679 422 HUGONIS
1716 366 1935 424 EPISC.
1976 367 2300 426 LINCOLN.
2343 369 2508 429 OBD.
2550 371 2799 428 CARTH.

3543 380 3682 436 1024

2703 497 2927 555 CAPUT
2953 499 3052 555 XI.

2074 585 2300 656 Qualiter
2325 587 2636 656 Withamiam
2658 590 2855 641 veniens
2879 591 3085 641 nitorem
3117 593 3353 645 habuerit
3395 594 3667 656 insolitum,

2139 655 2301 703 colore
2335 655 2607 706 rubicundo
2645 659 2962 718 superfusum
2981 696 2995 717 ,
3035 660 3100 709 ad
3139 661 3353 721 primum
3391 662 3487 711 loci
3528 655 3671 712 cons;

2134 725 2329 791 pectum
2352 722 2597 785 ineﬁ‘abili
2629 724 2837 785 quadam
2858 726 3149 786 spirituali:
3171 728 3343 789 gaudii
3358 730 3670 791 jucunditate

2140 788 2357 858 sentiens
2398 802 2453 858 se
2490 791 2727 858 perfundi
2771 805 2788 839 :
2828 796 2877 842 et
2912 794 3077 855 qualis
3111 798 3221 844 erat
3261 788 3666 858 conbersationis,

2141 856 2256 904 dum
2296 856 2575 925 morabatur
2616 857 2818 907 ibidem.
2862 883 2926 896 —
2969 861 3036 911 Et
3079 866 3154 910 est
3194 862 3284 911 hoc
3328 864 3595 925 capitulum
3618 856 3672 915 in

2139 934 2313 984 magna
2342 920 2448 971 Vita
2474 929 2624 984 caput
2648 925 2911 975 decimum.

2144 1022 2225 1076 Ne
2265 1022 2353 1077 cui
2382 1039 2513 1079 vero
2544 1024 2721 1078 minus
2751 1024 3009 1081 credibile
3054 1026 3302 1083 videatur
3347 1028 3472 1093 hoc,
3522 1030 3670 1101 quod

2066 1110 2134 1166 de
2166 1110 2423 1180 spirituali
2453 1113 2690 1183 quadam
2724 1114 2899 1169 vultus
2931 1114 3101 1185 ipsius
3132 1116 3374 1172 claritate
3398 1116 3452 1171 in
3480 1134 3547 1172 eo
3578 1135 3665 1174 re-

2072 1198 2307 1264 lucente,
2339 1216 2463 1254 cum
2486 1202 2842 1273 egrederetur
2871 1219 2901 1256 a
2931 1204 3070 1260 cella
3101 1220 3219 1270 sua,
3259 1213 3315 1260 ut
3346 1222 3508 1277 supra
3539 1207 3665 1261 teti-

2072 1287 2273 1358 gimus,
2307 1287 2455 1342 aliud
2489 1290 2763 1361 quoddam
2797 1291 2926 1346 satis
2956 1292 3023 1348 de
3055 1309 3120 1349 eo
3170 1294 3281 1348 suis
3313 1293 3666 1350 familiaribus

2072 1384 2280 1441 notum,
2312 1385 2363 1431 et
2392 1394 2419 1431 a
2439 1378 2625 1432 multis
2658 1396 3035 1450 saepenumero
3064 1399 3171 1437 non
3202 1383 3405 1455 absque
3446 1392 3666 1454 stupore

2074 1473 2124 1520 et
2156 1465 2513 1537 admiratione
2546 1475 2784 1523 notatum
2811 1470 3183 1536 veracissime,
3220 1472 3342 1527 huic
3373 1472 3669 1527 narrationi

2072 1554 2323 1608 duximus
2356 1554 2591 1610 breviter
2620 1556 2989 1613 inserendum.
3039 1559 3481 1631 Quotiescunque
3526 1561 3666 1615 enim

2073 1658 2106 1697 a
2136 1642 2448 1715 longinquis
2480 1645 2725 1714 partibus
2756 1647 2822 1700 ad
2840 1646 2987 1701 illam
3014 1648 3116 1702 sibi
3139 1649 3393 1704 dilectam
3413 1650 3669 1704 tendebat

2073 1730 2440 1797 solitudinem,
2480 1748 2624 1798 mox,
2677 1742 2733 1787 ut
2782 1750 2811 1788 a
2859 1736 3081 1791 remotis
3130 1734 3413 1792 finitimam
3443 1738 3559 1805 ejus
3588 1737 3671 1791 in-

369 1812 616 1885 Denique
638 1831 759 1871 cum
790 1834 1231 1891 unumquemque
1255 1821 1518 1888 judicabit
1549 1824 1833 1889 Dominus,
1870 1843 1964 1880 ne-
1988 1857 2040 1917 Β
2072 1821 2415 1891 grediebatur
2445 1821 2750 1893 regionem,
2784 1824 2926 1879 nitor
2946 1825 3164 1895 quidam
3188 1826 3456 1892 insolitus,
3482 1827 3669 1883 colore

368 1916 643 1973 quaquam
675 1904 730 1959 id
752 1907 1114 1976 expostulabit
1159 1910 1304 1981 quod
1345 1911 1569 1966 eremita
1598 1913 1829 1985 quisque
1860 1931 1969 1969 non

370 1990 537 2048 fuerit
568 2000 658 2047 aut
687 1996 1004 2063 monachus,
1038 1997 1134 2051 sed
1167 1998 1345 2067 potius
1378 2000 1612 2071 reprobo
1644 2002 1840 2073 cuique
1873 2020 1965 2058 ex-

369 2081 719 2153 probrabitur
748 2085 894 2155 quod
945 2084 1165 2140 minime
1198 2087 1464 2143 exstiterit
1510 2091 1773 2147 veraciter
1818 2092 1967 2148 Chri-

369 2169 595 2225 stianus.
628 2172 766 2225 Nam
798 2172 901 2227 tria
931 2174 1179 2245 quiedam
1208 2192 1239 2229 a
1269 2176 1513 2248 quolibet
1544 2188 1669 2233 sunt
1701 2179 1965 2251 exigenda

364 2258 694 2329 Christiano,
730 2276 802 2315 ex
834 2262 1028 2333 quibus
1062 2264 1106 2317 si
1135 2264 1222 2320 vel
1262 2282 1426 2319 unum
1461 2266 1559 2334 illi,
1594 2284 1718 2324 cum
1752 2270 1965 2338 judica-

365 2348 525 2416 bitur,
561 2348 811 2419 defuerit,
847 2367 1045 2407 nomen
1095 2353 1170 2407 illi
1217 2354 1580 2412 Christianum
1630 2374 1738 2413 non
1769 2359 1966 2414 valebit

365 2437 653 2509 prodesse.
685 2440 914 2495 Nocebit
943 2457 1140 2498 nomen
1172 2440 1349 2513 petius
1381 2444 1497 2499 sine
1531 2462 1610 2511 re,
1644 2447 1771 2519 quia
1805 2448 1966 2504 dam—

364 2527 598 2583 nabilior
628 2537 709 2583 est
740 2528 946 2585 falsitas
974 2531 1027 2586 in
1080 2532 1321 2587 veritatis
1351 2533 1682 2604 professore.
1718 2537 1968 2609 Exigitur

366 2625 550 2672 autem
577 2625 632 2672 ut
685 2618 855 2672 virtus
899 2628 950 2675 et
1001 2620 1201 2676 veritas
1250 2622 1510 2677 habeatur
1555 2624 1683 2679 boni
1731 2627 1967 2681 nominis

366 2705 548 2775 hujus,
592 2715 860 2779 quatenus
910 2708 1282 2765 indesinenter
1331 2719 1575 2767 teneatur
1614 2714 1855 2770 Charitas
1912 2716 1967 2770 in

366 2796 555 2861 corde,
587 2796 788 2851 veritas
817 2797 872 2851 in
902 2814 1017 2863 ore,
1051 2800 1270 2854 castitas
1294 2802 1583 2873 quoquein
1606 2819 1841 2874 corpore
1858 2820 1966 2859 non

369 2885 628 2942 fallaciter
656 2886 945 2942 Christiani
975 2892 1141 2957 (162).
1184 2910 1205 2937 υ
1241 2889 1396 2945 Inter
1411 2892 1601 2963 plura,
1628 2908 1749 2963 quae
1781 2892 1846 2947 de
1880 2891 1966 2949 his

373 2976 551 3031 tribus
570 2977 629 3031 in
644 2977 788 3032 serie
800 2993 1021 3046 magna:
1036 2978 1164 3033 vita:
1174 2978 1466 3049 prolixius
1478 2979 1964 3048 inserimtur,‘no-

376 3064 548 3120 tabile
574 3069 657 3122 est
678 3065 920 3130 verbum,
939 3065 1081 3136 quod
1112 3067 1177 3121 de
1194 3069 1462 3123 castitate
1476 3072 1529 3122 et
1544 3069 1641 3123 Dei
1664 3070 1965 3127 dilectione

368 3153 703 3208 mulieribus
748 3153 1112 3226 prwdicandu
1156 3154 1371 3212 dixisse
1430 3159 1701 3227 refertur,
1737 3161 1819 3215 ita
1867 3162 1963 3215 in-

2073 1910 2337 1965 decenter
2377 1911 2681 1966 rubicundo
2714 1912 3049 1982 superfusus,
3084 1931 3253 1987 genas
3284 1915 3333 1969 ei
3376 1932 3500 1971 cum
3531 1915 3666 1971 facie

2067 2006 2178 2053 tota
2211 1999 2368 2053 simul
2400 2000 2601 2055 vestire
2633 2001 2935 2057 consuevit.
2962 2003 3082 2072 Ipse
3107 2020 3323 2075 quoque
3345 2004 3531 2058 intima
3553 2020 3669 2059 cor-

2070 2082 2154 2137 dis
2184 2083 2267 2137 sui
2316 2084 2385 2138 ad
2434 2083 2668 2154 primum
2719 2084 2863 2139 illius
2907 2096 3259 2157 conspectum
3309 2096 3361 2142 et
3410 2087 3669 2143 ineffabili

2077 2172 2310 2245 quadam
2334 2172 2673 2241 jucunditate
2704 2174 2999 2244 spiritualis
3027 2176 3209 2247 gaudii
3243 2176 3505 2231 sentiebat
3543 2194 3667 2247 per-

2068 2259 2240 2329 fundi,
2273 2262 2417 2332 quod
2451 2262 2564 2315 suis
2596 2278 2810 2333 quoque
2844 2262 3198 2317 familiaribus
3250 2265 3548 2334 saepissime
3580 2265 3667 2320 fa-

2067 2350 2301 2404 tebatur.
2352 2348 2472 2418 Quo
2515 2351 2626 2417 jam
2694 2351 3026 2406 consistente
3085 2354 3232 2421 apud
3288 2353 3663 2416 Withamiam,

2066 2446 2267 2492 tantam
2290 2438 2344 2492 in
2376 2455 2440 2493 eo
2461 2438 2702 2494 omnium
2726 2456 2983 2494 sensuum
3004 2440 3409 2497 innovationem
3434 2457 3666 2513 superna

2065 2526 2332 2582 efficiebat
2362 2528 2542 2599 gratia
2571 2537 2628 2582 ut
2659 2529 2835 2583 subito
2865 2529 3010 2584 intus
3039 2537 3089 2584 et
3122 2530 3281 2584 simul
3312 2539 3465 2585 extra
3495 2547 3661 2587 reno-

2070 2617 2188 2671 vari
2220 2616 2517 2683 videretur,
2562 2618 2700 2672 sicut
2731 2618 2927 2690 aquilze
2949 2618 3205 2687 juventus
3238 2635 3355 2675 sua.

2139 2705 2398 2776 Deposito
2428 2706 2644 2778 quidem
2675 2707 2907 2761 exterius
2938 2706 3124 2778 pallio,
3175 2724 3283 2779 quo
3330 2707 3579 2763 utebatur
3609 2708 3664 2764 in

2066 2794 2283 2865 publico
2315 2795 2483 2865 (quod
2530 2812 2594 2850 ex
2644 2796 2857 2868 integro
2907 2804 3017 2851 erat
3064 2797 3148 2851 vel
3202 2796 3427 2852 subrufo
3458 2813 3661 2870 panno,

2018 2924 2027 2931 .
2066 2883 2314 2938 candidis
2345 2900 2608 2954 agnarum
2638 2884 2871 2955 pellibus
2891 2884 3093 2940 forrato
3116 2885 3181 2958 [f.
3208 2885 3475 2959 foderato}
3499 2888 3517 2956 )
3538 2887 3655 2958 pel-

2069 2972 2147 3026 les
2178 2972 2437 3027 induebat
2466 2973 2740 3043 arietinas,
2773 2973 2920 3028 nullo
2950 2974 3116 3045 panni
3157 2975 3394 3047 tegmine
3427 2992 3663 3046 cooper-

2066 3069 2169 3115 tas.
2225 3062 2433 3128 Cilicio,
2494 3070 2547 3116 ut
2590 3078 2751 3134 supra
2794 3063 3101 3134 tegebatur,
3153 3065 3224 3118 ad
3268 3065 3469 3119 nudum
3500 3083 3513 3130 ;
3544 3065 3667 3120 huic

2066 3151 2299 3207 tunicam
2350 3151 2405 3205 in
2453 3152 2632 3206 medio
2692 3152 3081 3222 superinducto
3147 3153 3364 3208 velabat
3412 3154 3662 3225 pelliceo.

368 3243 598 3314 quiens:
622 3265 643 3288 α
667 3241 808 3296 Satis
825 3257 999 3297 asexu
1022 3241 1257 3298 femineo
1279 3244 1426 3298 Deus
1449 3246 1792 3317 omnipotens
1809 3247 1965 3321 diligi
1986 3220 2032 3280 Ο
2064 3240 2416 3295 Lectisternia
2445 3241 2561 3309 ejus
2596 3241 2712 3297 haec
2742 3249 2950 3295 tantum
2981 3249 3148 3309 erant,
3185 3257 3402 3316 sagum,
3430 3242 3665 3298 cervical

367 3330 685 3401 promeruit,
718 3330 842 3403 quia
875 3331 1023 3386 nasci
1053 3332 1120 3386 de
1134 3331 1334 3387 femina
1350 3350 1457 3388 non
1476 3335 1695 3407 refugit.
1723 3336 1965 3407 Magnifi-

368 3434 491 3475 cum
522 3436 738 3491 quoque
770 3436 835 3476 ac
883 3437 1011 3476 vere
1056 3421 1283 3494 dignum
1319 3439 1384 3477 ex
1433 3423 1535 3479 hoc
1577 3424 1828 3479 omnibus
1886 3426 1963 3483 fe-

369 3508 533 3564 minis
563 3509 909 3581 privilegium
958 3510 1201 3566 contulit.
1249 3512 1387 3565 Nam
1439 3528 1561 3567 cum
1593 3514 1707 3569 viro
1737 3530 1958 3570 conces-

368 3614 492 3652 sum
520 3615 627 3655 non
661 3599 747 3663 sit,
779 3598 925 3670 quod
966 3598 1052 3667 sit,
1099 3599 1185 3655 vel
1227 3600 1437 3655 dicetur
1484 3603 1642 3657 Pater
1689 3603 1809 3669 Dei,
1858 3604 1963 3660 hoc

365 3693 547 3743 tamen
577 3689 860 3758 prestitum
896 3696 979 3744 cst
1005 3688 1240 3754 mulieri,
1274 3698 1330 3743 ut
1363 3690 1430 3743 sit
1462 3690 1560 3745 Dei
1589 3707 1811 3761 parens.
1852 3716 1873 3739 π

435 3777 553 3830 Jam
584 3792 713 3833 vero
761 3785 959 3831 tantam
1012 3776 1066 3830 in
1106 3793 1204 3832 ore
1252 3779 1539 3833 veritatem
1587 3780 1844 3848 habebat,
1906 3790 1962 3837 ut

365 3865 544 3920 nullus
581 3882 764 3920 sermo
794 3866 861 3919 ab
893 3867 1008 3935 ejus
1039 3866 1212 3923 exiret
1253 3867 1414 3922 labiis
1463 3868 1546 3923 cui
1596 3870 1818 3925 sentiret
1854 3871 1958 3926 ali-

364 3954 496 4026 quid
526 3953 707 4009 inesse
738 3954 1009 4010 falsitatis.
1044 3957 1184 4011 Nam
1217 3964 1268 4011 et
1299 3957 1510 4013 cautela
1540 3958 1744 4013 vitandi
1773 3960 1960 4029 cujus-

366 4059 581 4115 cunque
612 4043 756 4108 falsi,
790 4060 912 4099 cum
943 4044 1216 4100 referebat
1246 4046 1542 4117 quidpiam,
1578 4064 1675 4103 seu
1707 4065 1962 4105 recense-

367 4132 476 4197 bat,
512 4149 633 4204 qua:
664 4132 866 4204 egisset
896 4134 980 4189 vel
1009 4134 1290 4203 audiisset,
1324 4135 1505 4209 aliquo
1529 4144 1962 4208 temperamento

370 4237 591 4293 semper
645 4222 928 4293 utebatur,
976 4222 1033 4277 in
1078 4223 1160 4277 his
1209 4224 1369 4279 etiam
1426 4242 1547 4296 qum
1592 4226 1963 4284 indubitanter

365 4310 654 4366 verissima
676 4327 798 4366 esse
818 4321 1064 4379 noverat,
1090 4319 1147 4367 ut
1164 4313 1375 4368 diceret
1400 4330 1411 4368 :
1438 4337 1460 4361 α
1490 4314 1578 4369 Sic
1595 4314 1660 4387 [f.
1684 4315 1843 4388 sicut]
1865 4332 1957 4371 no-

365 4400 450 4455 bis
480 4400 713 4456 occurrit
742 4401 925 4466 modo,
952 4421 973 4450 »
989 4401 1297 4473 autaliquid
1318 4402 1467 4457 aliud
1483 4403 1539 4456 in
1558 4404 1702 4459 hunc
1714 4405 1957 4473 modum,

367 4505 475 4563 quo
493 4489 849 4545 temeritatem
872 4490 1192 4546 assertionis
1205 4491 1359 4546 falsae
1382 4490 1623 4547 funditus
1640 4493 1956 4549 declinaret.

2066 3337 2117 3383 et
2147 3329 2344 3399 pelles.
2388 3330 2541 3384 Mane
2569 3346 2693 3385 cum
2748 3347 2941 3384 manus
2998 3330 3065 3385 de
3125 3348 3278 3386 more
3317 3331 3574 3395 ablueret,
3608 3340 3666 3386 ut

2065 3418 2316 3473 ministro
2350 3419 2518 3488 nullo,
2550 3419 2623 3473 ita
2654 3419 2804 3474 nullo
2852 3419 3106 3474 utebatur
3134 3421 3491 3493 manutergio.
3534 3421 3662 3475 Mis-

2065 3524 2180 3561 sam
2211 3508 2562 3563 devotissime
2594 3508 2807 3564 duobus
2848 3516 3135 3563 contentus
3162 3509 3447 3575 ministris,
3491 3510 3663 3565 sacri-

2066 3605 2147 3651 sta
2178 3597 2384 3651 scilicet
2413 3596 2538 3665 loci,
2573 3606 2623 3652 et
2654 3597 2939 3668 capellano
2983 3614 3102 3665 suo,
3140 3599 3381 3669 quotidie
3412 3599 3662 3654 celebra-

2065 3686 2156 3740 bat
2187 3686 2355 3758 (163).
2406 3686 2622 3741 Annulo
2682 3686 2974 3756 pontificali
3032 3695 3278 3758 excepto,
3339 3688 3394 3741 in
3433 3688 3662 3760 reliquis

2065 3775 2501 3830 sacerdotalibus
2557 3775 2889 3830 indumentis
2927 3792 2959 3831 a
3000 3777 3390 3833 consuetudine
3436 3777 3663 3832 Carthu-

2065 3864 2323 3920 siensium
2354 3864 2408 3918 in
2440 3865 2588 3919 nullo
2620 3866 2834 3935 penitus
2861 3863 3168 3920 differebat.
3205 3867 3466 3922 Utebatur
3514 3867 3662 3922 enim

2063 3953 2181 4008 alba
2215 3961 2267 4008 et
2298 3953 2517 4019 amictu,
2554 3953 2713 4019 stola,
2745 3953 2942 4009 favone
2970 3962 3130 4027 atque
3152 3955 3385 4025 planeta,
3410 3955 3585 4027 planis
3607 3963 3664 4011 et

2063 4042 2329 4109 candidis,
2363 4059 2463 4097 nec
2492 4042 2695 4097 ornatis
2728 4043 2923 4109 serico,
2950 4060 3045 4098 seu
3076 4043 3352 4100 aurifrisio
3383 4061 3478 4100 seu
3500 4060 3661 4115 gem-

2064 4132 2188 4186 mis.
2240 4132 2442 4186 Diebus
2484 4131 2781 4187 Dominicis
2828 4140 2953 4203 post
2998 4149 3209 4188 coenam
3266 4149 3392 4189 cum
3450 4134 3665 4189 caeteris

2062 4221 2345 4277 monachis
2374 4222 2445 4276 ad
2476 4222 2671 4277 ostium
2702 4220 2977 4277 refectorii
3039 4238 3162 4278 cum
3194 4222 3406 4279 silentio
3455 4232 3507 4278 et
3536 4239 3665 4295 gra-

2064 4310 2225 4365 vitate
2247 4311 2597 4381 procedebat,
2630 4310 2719 4364 ubi
2750 4311 2908 4381 panis
2930 4311 3161 4384 singulis
3181 4312 3250 4365 ad
3272 4312 3435 4367 totius
3449 4312 3664 4367 hebdo—

2063 4399 2237 4454 madae
2299 4399 2493 4454 victum
2544 4400 2694 4469 (164)
2750 4415 2782 4453 a
2830 4398 2994 4455 fratre
3050 4400 3273 4455 interius
3330 4400 3664 4457 consistente

2064 4488 2435 4559 praebebatur.
2472 4490 2630 4559 Szepe
2662 4496 2845 4544 tamen
2875 4489 2943 4543 de
2992 4489 3212 4545 licentia
3243 4489 3441 4560 prioris
3472 4507 3538 4546 ex
3570 4506 3665 4547 co-

362 4578 479 4634 Nec
509 4578 708 4634 minori
740 4596 955 4651 quoque
988 4580 1338 4636 observantia
1381 4582 1644 4646 veritatis,
1678 4582 1844 4655 sigilli
1876 4583 2033 4644 suiD
2063 4578 2250 4648 phiDO,
2312 4578 2426 4632 sive
2486 4595 2550 4633 ex
2599 4594 2744 4645 arca,
2797 4594 2907 4649 Qua
2962 4578 3145 4633 missae
3207 4579 3576 4633 condebantur
3630 4596 3666 4635 a

360 4668 721 4723 reverentiam
755 4668 1029 4735 tuebatur,
1066 4669 1197 4724 nihil
1245 4686 1483 4742 unquam
1543 4686 1651 4725 non
1683 4687 1869 4726 verum
1900 4672 1955 4726 in

360 4755 573 4825 litteris,
633 4773 699 4813 eo
755 4757 1057 4830 signandis,
1121 4758 1384 4814 contineri
1455 4760 1795 4830 permittens.
1855 4760 1960 4816 Ubi

366 4846 506 4901 adeo
534 4845 887 4917 scrupulosus
918 4845 1034 4912 fuit,
1069 4847 1215 4919 quod
1257 4848 1413 4917 juxta
1455 4848 1631 4902 tritam
1682 4848 1958 4904 scribendi

360 4933 667 5003 formulam,
703 4951 824 4990 cum
856 4934 1129 4990 citatorias
1178 4935 1343 4992 alicui
1380 4936 1585 5003 ederet,
1620 4937 1675 4991 in
1724 4936 1802 4992 eis
1833 4937 1957 4993 nul-

362 5022 577 5079 latenus
607 5023 735 5095 poni
765 5024 984 5089 sineret,
1022 5047 1042 5070 «
1072 5024 1430 5080 Meminimus
1453 5042 1553 5079 nos
1577 5030 1631 5081 te
1652 5027 1958 5097 aliquando

363 5113 572 5167 citasse
607 5132 628 5161 ι
664 5127 733 5166 ne
760 5110 918 5177 forte,
952 5111 1098 5182 quod
1127 5112 1183 5165 in
1232 5128 1327 5166 sua
1378 5128 1487 5168 non
1527 5122 1642 5168 erat
1672 5115 1956 5183 memoria,

363 5199 419 5254 in
447 5215 514 5255 ea
546 5216 667 5255 esse
690 5215 788 5255 sua
816 5190 1137 5256 mentiretur
1166 5200 1431 5257 chartula.

430 5377 573 5444 (162)
616 5379 861 5431 Subducta
903 5392 999 5430 non
1041 5381 1287 5444 auctoris,
1330 5380 1415 5432 sed
1456 5382 1810 5435 abbreviatoris
1848 5388 1960 5437 sunt

362 5445 534 5507 verba,
561 5447 783 5509 quaedam
810 5447 872 5497 ob
898 5447 1228 5510 prolixitatem
1255 5448 1544 5500 omittentis.

429 5513 572 5576 (165)
601 5514 730 5577 Ergo
751 5514 853 5575 jam
881 5515 1156 5576 quotidiana
1192 5516 1527 5568 celebrabatur
1568 5518 1712 5568 missa
1733 5558 1747 5580 ,
1786 5519 1961 5569 saltem

361 5581 695 5649 conventualis
720 5587 770 5649 et
811 5581 1027 5645 publica,
1059 5582 1250 5644 qualem
1276 5587 1326 5633 et
1348 5584 1461 5635 olim
1504 5584 1595 5637 sub
1629 5586 1866 5649 Guigonis
1899 5586 1959 5646 ν,

366 5651 589 5767 Iteuipmf'ie
618 5648 914 5767 celtbratam
940 5650 1089 5702 fuisse
1112 5650 1324 5719 quotidie
1363 5654 1585 5713 constat,
1612 5648 1743 5705 licet
1760 5652 1963 5715 privatae

389 5726 524 5766 anus
578 5727 689 5766 eren
718 5751 731 5765 .

361 5714 524 5767 rarius
542 5714 731 5767 ﬂerent.

2059 4666 2281 4721 fratrum
2312 4666 2466 4723 cellis
2514 4683 2610 4721 seu
2663 4682 2695 4721 a
2739 4666 3032 4723 refectorio
3081 4666 3342 4734 collectae,
3395 4666 3662 4723 crustulas

2060 4755 2332 4821 duriores,
2368 4763 2421 4810 et
2468 4756 2725 4810 minutias
2777 4755 3204 4828 fragmentorum
3251 4772 3363 4827 prae
3407 4756 3662 4813 ariditate

2054 4844 2162 4914 jam
2196 4844 2429 4899 torridas
2460 4844 2697 4916 propriis
2726 4845 2979 4899 manibus
3010 4845 3321 4919 colligebat,
3350 4861 3478 4914 non,
3513 4845 3661 4917 quod

2061 4934 2110 4989 ei
2134 4951 2262 4989 suus
2292 4934 2451 5005 panis
2482 4950 2591 4988 non
2624 4933 2913 5001 sufﬁceret,
2931 4935 3027 4989 sed
3052 4935 3537 5005 superabundaret,
3557 4935 3656 4989 sed

2060 5024 2175 5078 haec
2203 5023 2421 5078 dicebat
2448 5022 2755 5093 fragmenta
2778 5023 2880 5076 sibi
2912 5023 3187 5094 sapidiora
3219 5039 3384 5095 quam
3416 5023 3651 5079 solidum

2059 5128 2257 5183 panem
2299 5111 2492 5167 videri.
2552 5112 2762 5167 Revera
2812 5112 3031 5183 quidem
3076 5112 3468 5168 benedictionis
3519 5128 3657 5167 con-

2060 5201 2173 5255 dita
2196 5202 2465 5270 justorum
2506 5199 2713 5272 gratius
2747 5217 2881 5256 sano
2931 5201 3047 5269 ejus
3102 5200 3280 5272 palato
3338 5201 3647 5272 sapiebant.

2131 5378 2270 5440 (164)
2298 5378 2353 5428 ln
2376 5379 2505 5428 hanc
2522 5392 2673 5441 usque
2692 5379 2817 5429 diem
2839 5379 2967 5429 idem
2993 5379 3225 5430 actitatur
3258 5378 3308 5428 in
3332 5378 3665 5429 Carthusiano

2062 5446 2249 5505 ordine,
2275 5445 2390 5496 dum
2417 5446 2555 5508 panis
2579 5446 2776 5495 cuilibet
2795 5446 3120 5507 distribuitur,
3147 5457 3242 5494 non
3263 5446 3320 5495 ad
3343 5445 3660 5497 hebdomada:

2058 5513 2285 5576 integrae,
2310 5513 2398 5563 sed
2422 5512 2481 5563 ad
2506 5514 2755 5574 sequentis
2778 5512 2874 5564 diei
2896 5513 3079 5564 victum
3106 5511 3370 5563 sufﬁciens.
