3938 6434
272 412 417 467 1025

1624 400 1807 457 VITA.
1838 430 1910 442 —
1939 402 2068 457 LIB.
2111 402 2208 458 IV.

3436 403 3574 460 1026

272 532 565 600 Scutellas,
607 546 719 588 non
764 530 948 600 modo,
1000 529 1196 602 quibus
1241 529 1523 601 pulmenta
1566 528 1616 585 ei
1646 527 1873 584 fuissent
1900 527 2188 600 Aignoro,
2223 543 2387 599 quam
2417 528 2508 600 pio
2529 527 2746 586 duceris
2766 527 3060 594 desiderio,
3092 533 3151 582 ut
3170 540 3444 598 supremae
3463 526 3575 596 jam

273 622 606 691 ministrata,
639 621 739 675 sed
782 619 966 685 etiam,
1018 634 1154 690 quas
1214 617 1432 674 fortuitu
1473 617 1654 673 illotas
1681 617 1879 674 alicubi

275 711 594 783 reperisset,
627 707 1020 764 delectabiliter
1046 707 1322 779 gaudebat
1340 707 1578 773 abluere,
1611 713 1759 762 tanta
1788 722 1880 762 eas

278 798 562 872 diligentia
589 798 840 853 manibus
869 797 1164 868 digitisque
1196 796 1534 851 nitidissimis
1568 796 1712 850 intus
1732 803 1882 851 exte-

278 889 499 961 riusque
528 886 805 943 defricans
855 901 919 941 ac
964 886 1306 957 pollinciens,
1340 901 1405 942 ac
1433 885 1480 940 si
1509 884 1736 941 calicem
1765 885 1880 941 Do-

279 977 540 1033 minicum
574 992 633 1032 se
665 982 1011 1032 contrectare
1039 981 1276 1045 putaret.

354 1068 421 1121 Et
436 1065 555 1138 ipse
577 1065 796 1137 quidem
818 1064 966 1118 omni
988 1070 1236 1134 tempore
1258 1062 1427 1118 semel
1443 1062 1499 1117 in
1514 1062 1880 1132 hebdomada,

290 1155 345 1210 id
375 1162 476 1220 est,
510 1153 598 1209 die
629 1152 838 1207 sabbati
869 1152 1174 1223 purissimae
1215 1151 1576 1208 confessionis
1602 1151 1880 1207 lavacrum

287 1243 688 1316 frequentabat.
737 1241 897 1310 Quod
943 1242 1012 1296 de
1042 1241 1325 1296 traditione
1354 1239 1649 1296 inviolabili
1679 1238 1883 1296 ordinis

284 1334 369 1388 sui
426 1347 752 1403 exsequens,
820 1329 1130 1385 nullatenus
1179 1331 1481 1395 omittebat,
1542 1326 1671 1401 quin
1720 1329 1883 1384 etiam

284 1421 533 1478 crebrius
567 1422 672 1476 hoc
720 1428 929 1491 ageret,
972 1435 1100 1475 mox
1148 1427 1205 1473 ut
1236 1418 1431 1490 aliquis
1461 1435 1527 1473 ex
1557 1433 1884 1490 quocunque

280 1510 446 1575 facto,
479 1509 646 1575 dicto,
680 1508 923 1583 cogitatu
963 1508 1256 1579 scrupulus
1294 1516 1496 1579 praeter
1525 1507 1737 1562 solitum
1769 1507 1884 1577 ejus

278 1600 460 1655 animo
510 1599 768 1653 subortus
809 1596 1020 1652 fuisset.
1074 1598 1405 1669 Frequenter
1450 1612 1666 1669 quoque
1695 1596 1885 1651 iterata

276 1687 576 1743 innumeris
605 1686 816 1742 vicibus
847 1685 1219 1755 confessione,
1270 1686 1534 1757 quidquid
1561 1686 1629 1740 ab
1662 1684 1885 1740 infantia

278 1794 339 1832 se
388 1775 699 1832 meminisse
747 1775 928 1831 delicti
996 1774 1339 1831 commisisse
1386 1781 1617 1845 poterat,
1664 1774 1885 1829 domino

1981 616 2105 672 vitae
2137 624 2242 672 tua:
2270 617 2526 688 reliquias
2572 618 2713 673 inter
2763 625 2980 675 sanctos
3008 616 3338 688 Burgundize
3368 614 3574 671 eremi-

1983 713 2064 760 tas
2093 705 2403 777 expendere
2433 706 2638 763 valeas.
2672 707 2874 762 Verum
2901 723 2989 762 me
3017 705 3196 777 potius
3225 712 3279 761 et
3308 703 3443 759 ratio
3473 720 3572 759 ur-

1982 802 2076 867 get
2107 804 2159 849 et
2188 795 2456 864 voluntas,
2490 804 2547 851 ut
2574 796 2631 851 id
2658 795 2836 866 ipsum
2857 811 3043 867 agam.
3080 816 3102 845 »
3122 796 3382 850 Extracto
3410 793 3576 865 igitur

1984 884 2185 939 annulo
2212 882 2509 955 pontiﬁcali
2539 900 2573 940 a
2602 884 2793 959 digito,
2843 893 2896 941 et
2924 884 3203 942 accersitis
3231 884 3301 939 ad
3329 898 3389 938 se
3416 880 3575 939 cleri-

1983 972 2063 1028 cis
2089 972 2220 1041 suis,
2262 973 2335 1028 ait
2364 974 2444 1029 eis
2478 989 2490 1028 :
2528 998 2549 1022 «
2586 975 2665 1030 Ite
2694 974 3037 1046 quantocius,
3071 980 3124 1029 et
3149 974 3292 1030 hunc
3319 970 3578 1027 annulum

1984 1061 2264 1118 vobiscum
2297 1062 2626 1129 deferentes,
2661 1079 2724 1119 ac
2756 1063 3049 1137 salutantes
3078 1062 3328 1119 dominos
3358 1068 3579 1116 nostros

1983 1151 2296 1216 Lincolnim,
2330 1152 2510 1208 verbis
2558 1152 2761 1208 nostris
2803 1152 3118 1208 denuntiate
3147 1151 3275 1218 illis,
3309 1157 3576 1223 quatenus

1985 1240 2087 1294 sibi
2117 1240 2282 1295 alium
2312 1242 2655 1312 provideant,
2689 1250 2739 1298 et
2761 1241 2967 1315 eligant
2984 1240 3314 1313 pontiﬁcem,
3336 1248 3391 1295 ut
3420 1238 3580 1294 nobis

1987 1328 2055 1383 de
2084 1337 2283 1385 cartero
2311 1330 2546 1386 amicam
2594 1330 2778 1387 fovere
2818 1330 2980 1387 liceat
3010 1330 3375 1386 solitudinem.
3407 1328 3580 1383 Nimis

1985 1417 2076 1472 diu
2106 1426 2208 1486 est,
2241 1436 2307 1476 ex
2357 1436 2465 1492 quo
2516 1420 2657 1476 inter
2706 1420 3019 1476 mundanos
3069 1436 3263 1477 versor
3313 1417 3579 1482 turbines,
3622 1457 3629 1466 .
3684 1428 3693 1435 ‘

1986 1516 2188 1564 sancta)
2235 1510 2666 1565 conversationis
2712 1510 3006 1580 dulcedini,
3039 1510 3093 1564 in
3119 1524 3227 1582 qua
3253 1525 3285 1563 a
3312 1505 3581 1579 principio

1985 1596 2145 1665 calui,
2198 1613 2369 1654 vanas
2417 1606 2471 1655 et
2517 1615 2727 1654 amaras
2775 1598 3160 1671 occupationes
3206 1598 3365 1668 hujus
3394 1593 3581 1652 saeculi

1985 1701 2093 1741 non
2125 1695 2274 1743 recte
2302 1696 2657 1759 anteponens.
2694 1713 2716 1737 ιι

2054 1775 2205 1830 Talia
2233 1792 2299 1831 eo
2330 1786 2720 1849 prosequente,
2753 1778 2948 1833 timere
2980 1776 3144 1848 coepit
3160 1790 3226 1832 ac
3240 1783 3479 1831 tremere
3502 1772 3582 1829 vir

277 1866 535 1930 revelare,
599 1864 824 1935 ejusque
894 1864 1107 1930 vicarii,
1166 1864 1253 1919 cui
1315 1863 1698 1929 confitebatur,
1756 1878 1882 1918 ora-
1910 1896 1962 1955 B
1986 1862 2076 1917 ille
2104 1864 2518 1934 desideriorum,
2553 1883 2717 1938 quem
2747 1866 2984 1923 ducebat
3002 1882 3109 1921 non
3132 1865 3365 1921 dulcedo
3393 1861 3585 1918 natalis

278 1955 427 2010 tione
455 1953 673 2009 veniam
703 1952 947 2008 obtinere
988 1953 1291 2026 satagebat.
1340 1951 1512 2020 Quasi
1540 1968 1668 2007 vero
1699 1953 1880 2006 minus

279 2050 446 2109 esset,
479 2042 745 2115 quidquid
796 2041 960 2096 totius
1012 2042 1139 2096 anni
1179 2049 1421 2112 tempore
1460 2041 1593 2096 alias
1638 2039 1877 2106 fecisset,

280 2140 408 2187 tunc
435 2131 490 2186 in
531 2130 756 2186 auribus
796 2130 1204 2186 discretissimis
1254 2130 1644 2185 venerabilium
1690 2146 1882 2185 servo-

281 2237 405 2277 rum
435 2220 535 2276 Dei
564 2235 687 2276 cum
715 2219 924 2292 ingenti
943 2219 1128 2274 cordis
1148 2218 1473 2275 contritione
1494 2219 1549 2273 id
1577 2235 1744 2292 agere
1774 2218 1882 2273 im-

279 2310 506 2382 pensius
535 2309 782 2377 curabat,
818 2308 1192 2364 indesinenter
1207 2324 1550 2379 conquerens
1572 2308 1717 2380 quod
1740 2308 1885 2363 bona

285 2414 403 2468 sua,
436 2398 481 2454 si
504 2415 627 2471 quae
670 2414 737 2454 ex
761 2396 905 2453 dono
952 2398 1053 2453 Dei
1091 2397 1146 2452 in
1179 2414 1238 2452 se
1271 2405 1476 2465 essent,
1509 2414 1572 2453 ex
1605 2413 1703 2453 suo
1731 2406 1885 2452 reatu

284 2486 459 2557 ﬁeret,
491 2487 640 2560 quod
661 2503 795 2559 pura
817 2487 947 2542 satis
968 2502 1076 2543 non
1095 2486 1379 2558 prodirent
1403 2506 1417 2555 ;
1446 2487 1589 2543 mala
1606 2502 1735 2543 vero
1764 2502 1882 2557 sua,

284 2593 396 2633 non
425 2576 570 2632 aliud
600 2592 760 2648 quam
791 2592 929 2649 pura
957 2575 1103 2631 mala
1132 2576 1380 2632 fuissent.

891 2728 1118 2785 CAPUT
1155 2729 1276 2782 ΧΠ.

288 2856 512 2919 Qualiter
536 2857 695 2919 fratre
718 2857 954 2918 Eynardo
978 2856 1033 2906 in
1055 2856 1337 2919 arreptione
1362 2855 1563 2905 itineris
1607 2855 1883 2918 constituto,

354 2928 412 2975 ut
455 2923 761 2974 Withamiam
801 2923 1104 2985 relinquam,
1154 2923 1466 2974 Carthasiam
1507 2927 1764 2984 remearet,
1803 2936 1889 2974 re-

357 2992 532 3041 ductus
572 2996 649 3041 est
680 3005 711 3041 α
753 2991 890 3041 beato
919 2991 1121 3050 Hugone
1142 3029 1156 3051 ,
1206 2990 1328 3041 inito
1372 2991 1502 3041 inter
1546 3002 1629 3039 eos
1674 2990 1890 3039 vicissim

352 3057 561 3119 fadere,
587 3058 716 3119 quod
737 3071 826 3107 nec
846 3058 931 3107 ille
961 3057 1271 3107 Withamiam
1287 3096 1303 3121 ,
1341 3070 1429 3108 nec
1469 3057 1563 3107 iste
1588 3057 1891 3109 Lincolniam

356 3126 606 3175 desereret
625 3126 676 3175 in
694 3124 938 3186 futurum.

361 3242 494 3298 Cum
543 3250 727 3298 autem
774 3242 1024 3313 superius
1064 3249 1398 3298 memoratus
1447 3241 1617 3297 frater
1666 3243 1887 3314 Eynar-

290 3331 394 3385 dus
424 3332 573 3403 (165)
598 3332 713 3400 jam
739 3332 1031 3386 admodum
1061 3348 1228 3386 senex
1258 3339 1402 3387 esset
1430 3330 1671 3400 effectus,
1704 3339 1889 3402 utpote

292 3421 386 3491 qui
414 3420 570 3474 annis
598 3437 738 3491 pene
770 3428 989 3476 centum
1018 3420 1075 3474 in
1102 3420 1349 3475 diversas
1369 3420 1557 3474 mundi
1584 3429 1763 3491 partes
1792 3436 1893 3491 pro

288 3509 635 3565 instituendis
675 3509 819 3564 illius
867 3508 1075 3564 ordinis
1119 3508 1370 3565 domibus
1419 3526 1450 3564 a
1497 3509 1609 3564 suis
1655 3509 1894 3565 Carthu-

292 3598 564 3653 siensibus
595 3598 762 3671 longe
787 3598 1008 3669 lateque
1041 3598 1305 3665 directus,
1336 3599 1554 3653 demum
1569 3599 1681 3668 jam
1711 3600 1899 3655 decre-

293 3687 438 3758 pitus
485 3686 642 3755 hujus
681 3685 886 3758 negotii
935 3703 1095 3742 causa
1145 3696 1474 3757 pervenerat
1516 3687 1891 3753 Withamiam,

298 3772 369 3830 ad
421 3775 759 3831 Carthusiam
827 3775 1004 3830 redire
1079 3775 1351 3847 cupiebat.
1423 3776 1654 3831 Videbat
1727 3776 1893 3843 enim,

294 3865 597 3937 opitulante
646 3865 746 3919 Dei
791 3864 1188 3932 misericordia,
1225 3865 1338 3934 jam
1368 3865 1550 3922 locum
1579 3866 1759 3937 ipsum
1787 3874 1896 3920 tam

293 3954 523 4009 interius
551 3969 718 4026 quam
764 3953 1004 4009 exterius
1050 3954 1120 4008 ad
1149 3953 1496 4025 perfectionis
1525 3955 1743 4010 culmen
1772 3954 1897 4011 feli-

294 4043 428 4101 citer
455 4043 735 4099 enituisse.
768 4043 1102 4115 Disponebat
1147 4044 1308 4115 igitur
1336 4045 1407 4099 ad
1450 4061 1580 4100 suos
1608 4045 1813 4112 redire,
1847 4053 1901 4100 et

295 4133 503 4190 cariosa
551 4133 667 4202 jam
703 4133 955 4188 membra
1016 4132 1194 4188 bustis
1234 4141 1566 4199 sanctorum,
1619 4135 1712 4206 qui
1773 4150 1899 4188 eum

296 4222 702 4280 adolescentem
748 4220 877 4277 olim
939 4221 1318 4287 educaverant,
1385 4222 1617 4278 sociare.
1670 4224 1894 4290 Verum,

295 4327 421 4368 cum
462 4318 716 4367 cerneret
746 4327 899 4365 suam
927 4311 994 4365 de
1025 4310 1114 4367 die
1144 4309 1200 4365 in
1230 4310 1375 4366 diem
1405 4310 1706 4366 rationibus
1734 4311 1899 4367 variis

295 4399 443 4456 eludi
480 4399 856 4467 intentionem,
908 4416 1012 4456 nec
1054 4401 1167 4469 jam
1212 4400 1378 4456 ferret
1439 4416 1548 4471 quo
1600 4416 1757 4456 mens
1802 4416 1903 4456 sua

290 4489 554 4545 aestuabat
595 4488 857 4544 desiderii
906 4488 1328 4556 vehementiam,
1360 4489 1675 4545 valedicens
1710 4488 1900 4544 fratri-

294 4578 415 4645 bus,
447 4578 711 4634 tremulos
738 4578 935 4634 baculo
985 4586 1297 4634 sustentans
1326 4586 1493 4645 artus,
1526 4578 1676 4634 abire
1709 4579 1890 4650 coepit.

366 4670 436 4723 At
487 4667 794 4739 EpiSCOpus
842 4668 1013 4723 solitis
1056 4676 1184 4724 tunc
1229 4668 1285 4722 in
1326 4668 1468 4725 cella
1526 4684 1622 4723 sua
1662 4668 1894 4725 vacabat

296 4756 570 4813 exercitiis
641 4756 1224 4829 contemplationisque
1298 4757 1594 4814 dulcedini.
1666 4758 1893 4813 Caverat

294 4846 441 4901 enim
471 4860 637 4901 senex
658 4844 748 4901 ille
770 4845 1019 4913 devotus,
1044 4863 1113 4902 ne
1132 4846 1278 4918 quod
1300 4846 1623 4902 moliebatur
1655 4846 1705 4902 ei
1735 4846 1893 4903 citius

294 4933 683 5001 innotesceret,
716 4951 747 4989 a
778 4951 886 5006 quo
916 4952 976 4991 se
1003 4935 1236 4990 maxime
1268 4935 1719 5007 praepediendum
1750 4935 1893 4991 mul-

296 5023 366 5078 tis
391 5024 507 5093 jam
538 5024 874 5096 argumentis
896 5024 1200 5080 certissime
1216 5026 1611 5096 praenoscebat.
1646 5025 1754 5081 Sed
1784 5042 1895 5081 non

294 5112 351 5167 in
378 5111 605 5184 longum
635 5129 725 5169 res
753 5113 923 5169 latere
952 5130 1077 5169 eum
1100 5122 1328 5186 poterat.
1366 5116 1485 5171 Mox
1517 5132 1650 5189 ergo
1671 5116 1768 5183 ita,
1799 5131 1898 5187 pe-

296 5202 458 5257 dibus
485 5219 660 5275 usque
709 5203 779 5258 ad
821 5203 1080 5259 interiora
1126 5203 1290 5260 vicini
1316 5204 1558 5260 nemoris
1588 5222 1713 5260 eum
1743 5205 1895 5261 inse-

297 5300 475 5359 cutus,
508 5292 595 5346 his
624 5291 775 5347 illum
806 5291 1034 5347 affatur:
1072 5316 1094 5341 ι(
1128 5293 1336 5361 Pareat,
1369 5293 1562 5366 inquit,
1594 5294 1691 5349 tibi
1720 5295 1897 5350 omni-

294 5388 493 5452 potens
525 5382 692 5447 Deus,
734 5380 901 5436 frater
947 5380 1233 5453 Eynardel
1268 5381 1411 5451 Quid
1461 5382 1605 5438 enim
1636 5392 1715 5438 est
1750 5384 1898 5455 quod

300 5484 469 5542 agere
493 5470 784 5525 decrevisti
803 5471 831 5525 ‘P
860 5471 991 5542 quid
1018 5471 1226 5543 absque
1256 5471 1475 5527 alumno
1506 5480 1596 5527 tuo
1614 5472 1894 5539 recedere,

298 5574 497 5630 meque
526 5558 721 5625 solum,
755 5567 809 5615 et
839 5560 984 5615 dulci
1010 5560 1289 5615 nutritoris
1335 5560 1529 5615 solatio
1559 5561 1894 5627 destitutum,

300 5647 357 5701 in
387 5655 537 5703 terra
583 5646 762 5703 aliena
800 5648 1106 5721 relinquere
1154 5648 1453 5721 cogitasti?
1481 5649 1750 5720 Equidem
1789 5665 1902 5706 non

371 5827 514 5895 (t65)
551 5828 622 5879 De
646 5839 741 5891 quo
761 5824 909 5881 etiam
934 5827 1094 5893 agitur
1113 5827 1199 5880 lib.
1227 5840 1283 5891 ιι,
1308 5840 1356 5881 c.
1382 5828 1433 5878 5.

1923 4627 1976 4687 D

1981 1952 2104 2018 soli,
2139 1954 2235 2009 sed
2285 1953 2525 2027 ﬂagrans
2563 1971 2718 2010 amor
2764 1955 2895 2027 poli,
2942 1954 3197 2026 stetitque
3229 1951 3583 2025 stupefactus.

1981 2042 2133 2099 Tunc
2164 2042 2381 2099 clericis
2412 2061 2578 2116 super
2626 2044 2720 2100 tali
2766 2044 3065 2100 infortunio
3104 2041 3584 2115 conquerentibus,

1984 2147 2092 2202 quo
2123 2148 2222 2203 per
2254 2148 2379 2188 eum
2411 2149 2510 2189 suo
2537 2133 2711 2190 forent
2739 2142 2957 2206 pastore
2987 2132 3334 2198 destituendi,
3360 2138 3413 2187 et
3432 2145 3591 2201 exag-

1984 2221 2299 2291 gerantibus
2352 2224 2706 2279 vehementer
2758 2223 3165 2280 incommodum
3228 2221 3388 2290 hujus
3434 2217 3589 2285 mali,

1984 2308 2146 2364 frater
2173 2310 2265 2365 ille
2314 2310 2551 2366 suffusus
2600 2312 2857 2384 lacrymis
2883 2320 2937 2368 et
2983 2310 3350 2383 ingemiscens
3399 2306 3587 2379 gravi-

1988 2405 2090 2465 ter,
2122 2399 2352 2471 pedibus
2384 2400 2695 2456 advolvitur
2719 2401 2891 2457 sancti
2911 2399 3184 2472 praesulis.
3219 2398 3463 2469 Cumque
3492 2411 3590 2451 ore

1987 2486 2222 2543 facundo
2251 2505 2315 2545 ac
2351 2489 2669 2545 doctissimo
2702 2490 2873 2546 laicus
2905 2489 3008 2544 iste
3040 2488 3299 2559 episcopo
3326 2485 3593 2541 niteretur

1987 2584 2101 2630 tum
2132 2577 2408 2647 precibus,
2452 2586 2565 2633 tum
2609 2578 2913 2634 rationibus
2938 2577 3290 2649 persuadere,
3324 2574 3450 2648 quia
3481 2589 3591 2629 non

1987 2664 2059 2719 ita
2090 2666 2192 2721 sibi
2239 2667 2427 2724 liceret
2454 2667 2712 2723 divinitus
2740 2667 3063 2724 commissas
3094 2665 3407 2737 relinquere
3436 2679 3588 2733 oves,

1988 2769 2091 2810 nec
2121 2755 2274 2809 illum
2323 2757 2426 2812 hoc
2474 2757 2639 2812 modo
2678 2756 2824 2813 flecti
2852 2756 3217 2828 conspiceret,
3252 2769 3432 2828 genua
3469 2752 3590 2821 ejus

1989 2844 2385 2915 complectitur,
2434 2846 2621 2901 dicens
2654 2861 2666 2900 :
2704 2867 2726 2898 ‹
2761 2847 2922 2913 Vere,
2973 2845 3067 2910 ait,
3103 2844 3341 2917 quandiu
3372 2841 3591 2913 spiritus

1990 2933 2166 2988 vitalis
2197 2942 2319 3005 aget
2350 2943 2403 2989 et
2431 2943 2587 3006 reget
2616 2936 2718 2991 hos
2747 2944 2913 3000 artus,
2946 2951 3056 2990 non
3073 2942 3122 2989 te
3145 2933 3453 3005 permittam
3470 2946 3593 3004 gre-

1992 3039 2119 3094 gem
2151 3030 2301 3078 tuum
2333 3024 2658 3096 relinquere,
2694 3033 2747 3080 et
2777 3024 3136 3096 plurimorum
3158 3022 3331 3077 salute
3358 3028 3596 3077 contem-

1997 3120 2114 3182 pta,
2150 3112 2226 3167 tui
2257 3115 2631 3169 tantummodo
2660 3130 2855 3185 gerere
2899 3130 3101 3170 curam.
3132 3111 3262 3167 Mihi
3288 3110 3483 3166 melius
3514 3116 3597 3163 est

1999 3201 2141 3255 enim
2172 3200 2226 3255 in
2256 3210 2402 3258 terra
2448 3203 2745 3275 peregrina
2783 3219 2958 3275 usque
2991 3202 3062 3257 ad
3090 3200 3255 3256 finem
3284 3198 3510 3267 morari,
3544 3205 3599 3253 et

1914 3261 1961 3323 Ο
1992 3291 2211 3345 tandem
2241 3299 2416 3347 morte
2457 3261 2617 3363 finiri:
2670 3309 2829 3364 quam
2870 3261 3157 3347 auctorem
3188 3288 3306 3345 fieri
3336 3287 3473 3344 tanti
3504 3286 3594 3342 di-

1988 3379 2162 3449 scidii,
2186 3379 2243 3435 id
2272 3389 2354 3435 est
2382 3380 2685 3436 divisionis.
2712 3382 3023 3438 Redeamus
3048 3395 3183 3453 ergo
3205 3379 3273 3434 ad
3296 3377 3472 3444 solita,
3497 3392 3586 3442 ne,

1992 3468 2119 3523 dum
2159 3470 2469 3541 quaerimus,
2516 3487 2637 3543 quae
2677 3478 2803 3525 sunt
2852 3477 3056 3538 nostra,
3092 3467 3376 3541 negligere
3407 3464 3596 3536 culpe-

1990 3574 2113 3612 mur
2141 3575 2263 3629 quae
2283 3567 2406 3614 sunt
2432 3561 2563 3614 Jesu
2594 3559 2814 3615 Christi.
2852 3583 2874 3608 »
2896 3561 2993 3626 Ita,
3017 3574 3179 3630 quem
3196 3557 3262 3611 ab
3295 3554 3595 3610 intentione

1994 3647 2289 3702 recedendi
2318 3664 2349 3702 a
2377 3648 2500 3705 loco
2520 3648 2669 3720 prius
2699 3648 2920 3705 flectere
2948 3655 3191 3718 tempore
3220 3645 3391 3700 multo
3418 3642 3602 3699 nullus

1993 3736 2296 3807 praevaluit,
2348 3737 2635 3808 prudentia
2676 3737 2775 3793 viri
2823 3736 2997 3794 sancti
3044 3736 3099 3790 in
3161 3740 3437 3790 momento
3484 3748 3596 3787 non

1994 3826 2159 3881 modo
2188 3825 2374 3893 ﬂectit,
2409 3827 2506 3881 sed
2538 3827 2722 3893 etiam,
2764 3834 2822 3882 ut
2850 3843 2917 3882 eo
2946 3824 3169 3881 minime
3197 3822 3519 3879 discedente
3547 3828 3602 3877 et

1995 3914 2115 3985 ipse
2147 3931 2364 3987 quoque
2394 3932 2501 3973 non
2535 3916 2861 3987 discederet,
2894 3933 3019 3972 cum
3048 3912 3358 3972 vehementi
3386 3911 3597 3966 instan-

1997 4003 2068 4057 tia
2097 4004 2271 4075 ipsum
2302 4021 2534 4061 exorare
2565 4006 2766 4079 coegit.
2800 4005 2937 4061 Inito
2959 4006 3139 4077 itaque
3160 4001 3401 4060 vicissim
3430 4000 3601 4055 foede-

1999 4109 2080 4157 re,
2114 4094 2259 4165 quod
2281 4093 2372 4148 ille
2394 4095 2747 4150 Withamiam
2763 4110 2874 4151 non
2900 4095 3199 4163 desereret,
3232 4107 3333 4147 nec
3360 4090 3466 4146 iste
3483 4089 3605 4144 Lin-

2000 4181 2252 4249 colniam,
2297 4182 2526 4238 redeunt
2555 4183 2767 4239 alacres
2807 4184 3031 4255 pariter,
3067 4181 3339 4255 gaudente
3369 4186 3602 4251 utroque

1999 4285 2060 4326 se
2089 4270 2159 4326 de
2191 4270 2449 4328 alterutro
2478 4271 2863 4344 triumphasse.

2600 4441 2827 4497 CAPUT
2864 4441 3008 4496 XIII.

2053 4567 2125 4617 De
2141 4570 2339 4629 peracto
2360 4566 2561 4619 innoxie
2583 4566 2802 4630 coquinae
2824 4567 3048 4618 incendio
3072 4566 3125 4618 in
3147 4566 3302 4618 nostri
3327 4565 3548 4629 Hugonie

2419 4634 2560 4699 ﬁnali
2584 4636 2645 4685 de
2674 4634 2937 4685 Withamia
2960 4646 3176 4685 recessu.

2066 4760 2307 4833 Singulis
2335 4768 2518 4818 autem
2546 4762 2725 4829 annis,
2748 4770 2992 4834 tempore
3017 4761 3360 4834 potissimum
3389 4768 3600 4816 autum-

1992 4850 2119 4918 nali,
2152 4850 2336 4906 venire
2381 4852 2542 4924 Hugo
2570 4851 2926 4907 Withamiam
2969 4851 3250 4908 consuevit
3281 4869 3295 4906 :
3330 4858 3597 4923 quatenus

1993 4939 2122 4994 dum
2152 4939 2235 4994 sui
2263 4939 2332 4994 ad
2359 4938 2543 5013 fruges
2575 4941 2903 5012 temporales
2935 4940 3272 5013 colligendas
3299 4938 3597 4995 studiosius

1994 5037 2274 5099 vacarent,
2322 5028 2415 5085 ille
2454 5029 2682 5085 dimissa
2719 5046 2945 5086 suorum
2986 5030 3291 5103 frequentia
3328 5027 3596 5085 domesti-

1994 5133 2186 5175 corum
2210 5118 2267 5172 in
2296 5119 2538 5191 pr0pria,
2561 5135 2627 5176 eo
2648 5118 2879 5185 facilius,
2905 5137 3014 5192 quo
3034 5119 3280 5186 liberius,
3304 5118 3597 5190 carpendae

1994 5215 2047 5263 et
2076 5207 2132 5261 in
2161 5207 2363 5263 intimis
2392 5208 2588 5264 anima:
2618 5225 2730 5264 suae
2758 5210 3041 5281 apothecis
3070 5208 3434 5265 recondenda:
3461 5206 3602 5262 invi-

1995 5296 2194 5370 gilaret
2223 5312 2457 5354 annonae
2486 5296 2722 5369 spiritus.
2766 5299 2925 5355 Nunc
2953 5307 3136 5355 autem
3165 5297 3297 5371 quid
3327 5298 3384 5352 in
3410 5296 3601 5351 ultimo

1997 5386 2148 5456 (166)
2171 5387 2287 5455 ejus
2308 5386 2376 5441 ab
2397 5386 2523 5442 inde
2544 5402 2762 5442 recessu
2779 5387 2983 5443 ibidem
3001 5387 3260 5445 acciderit
3276 5385 3596 5443 referemus.

2068 5474 2241 5530 Nocte
2271 5474 2437 5548 igitur
2462 5492 2582 5547 quae
2628 5475 2775 5531 diem
2803 5475 2956 5531 illum
2987 5476 3185 5532 clausit
3211 5492 3318 5549 quo
3347 5474 3599 5530 ultimum

1999 5561 2257 5617 fratribus
2288 5562 2552 5633 valefecit,
2586 5580 2680 5618 eos
2710 5564 2936 5619 ulterius
2980 5566 3342 5637 corporaliter
3370 5583 3481 5623 non
3511 5566 3605 5622 vi-

2001 5666 2179 5717 surus,
2208 5651 2264 5705 id
2294 5652 2491 5709 accidit
2523 5652 2669 5723 quod
2699 5652 2958 5725 sequitur.
2994 5655 3128 5710 Cum
3171 5655 3316 5711 enim
3339 5656 3452 5725 jam
3483 5657 3603 5711 sin-

2074 5824 2214 5890 (166)
2239 5824 2330 5887 Qui
2354 5825 2520 5879 evenit
2542 5826 2676 5879 circa
2700 5826 2853 5881 tinem
2881 5826 3000 5880 anni
3026 5826 3176 5878 “99.
