3938 6396
405 320 547 378 102⁸7

1275 316 1332 374 S.
1375 315 1693 376 HUGONIS
1730 315 1949 374 EPISC.
1991 311 2317 373 LINCOLN.
2360 314 2525 373 0RD.
2568 316 2819 375 CARTH.

3572 321 3708 376 1028

408 446 664 521 gulorum
710 443 1047 502 orationibus
1090 459 1171 511 se,
1218 443 1505 515 praemissa
1549 444 1897 501 confessione
1926 443 2007 499 vi-
2026 446 2083 507 Α
2110 447 2251 495 tecto
2280 439 2471 511 ipsius,
2507 442 2654 514 quod
2684 458 2751 497 ex
2780 441 2949 497 aridis
2978 449 3094 497 erat
3115 441 3378 498 scindulis
3400 441 3707 499 confectum

404 536 592 592 cissim
621 535 790 607 petita
836 541 889 591 et
942 540 1221 605 percepta,
1275 549 1524 588 seorsum
1552 534 1703 605 prius
1731 535 1785 589 in
1818 550 2009 590 eorum

406 626 561 681 cellis
590 623 1051 695 commendasset,
1088 638 1155 678 ex
1184 637 1339 677 more
1384 621 1602 677 demum
1635 623 1689 678 in
1720 639 2007 679 commune

402 714 624 771 licentia
651 714 923 786 postulata
968 722 1022 770 et
1050 716 1283 772 solemni
1324 717 1577 775 omnibus
1619 714 1745 769 data
1774 713 2006 769 benedi-

402 804 601 871 ctione,
652 803 820 860 libato
868 804 1030 861 etiam
1075 807 1228 879 pacis
1276 808 1483 878 osculo,
1535 807 1636 862 sub
1678 806 1765 861 his
1800 803 2002 870 verbis,

404 910 527 966 qua:
571 892 848 965 frequenti
892 911 1029 963 usu,
1077 904 1131 952 et
1188 912 1222 951 a
1270 898 1451 955 charis
1501 895 1615 952 suis
1659 895 2006 951 discessurus

400 981 734 1055 proferebat,
768 983 837 1039 ab
868 984 949 1039 eis
978 986 1205 1042 recessit
1239 1004 1254 1043 :
1292 1011 1312 1035 α
1345 988 1526 1057 Nunc,
1558 984 1831 1058 inquiens,
1856 998 2006 1040 com-

401 1072 603 1127 mendo
633 1088 735 1128 vos
770 1073 889 1129 Deo
919 1081 973 1130 et
1000 1075 1169 1131 verbo
1198 1076 1390 1149 gratia!
1421 1077 1558 1148 ejus.
1599 1096 1622 1126 ι
1657 1074 1794 1129 Hinc
1823 1073 1892 1128 ad
1924 1071 2006 1126 di-

402 1160 647 1217 versoria
676 1160 901 1217 fratrum
952 1162 1236 1231 laicorum,
1287 1164 1378 1220 ubi
1410 1163 1594 1220 clerici
1624 1172 1677 1219 et
1707 1163 2005 1219 servientes

402 1250 488 1306 sui
516 1251 956 1318 commanebant,
989 1252 1065 1307 ibi
1086 1270 1247 1309 mane
1274 1254 1571 1310 crastinum
1592 1260 2004 1324 exspectaturus

402 1336 651 1392 accessit.
686 1336 806 1406 Quo
853 1346 975 1408 post
1022 1338 1259 1410 quietem
1290 1339 1359 1393 ad
1390 1338 1682 1395 solvendas
1707 1345 2004 1393 nocturnas

402 1425 519 1482 Deo
541 1425 730 1481 laudes
761 1425 1054 1482 ecclesiam
1083 1427 1356 1499 ingresso,
1392 1445 1491 1499 per
1518 1428 1721 1483 vitreas
1752 1427 1822 1481 ab
1853 1426 2004 1482 occi-

403 1514 509 1570 dua
554 1514 779 1570 oratorii
827 1524 981 1587 parte
1034 1516 1301 1573 fenestras
1348 1516 1534 1590 fulgor
1578 1516 1756 1572 subito
1803 1516 2003 1569 nimius

400 1603 593 1670 illuxit,
627 1603 701 1659 ita
741 1612 799 1659 ut
847 1604 979 1660 solis
1018 1606 1184 1675 jubar
1233 1606 1425 1661 eadem
1468 1606 1743 1662 videretur
1781 1605 2003 1661 claritas

403 1693 727 1748 excessisse.
761 1693 917 1749 Unde
946 1694 1153 1749 attoniti
1176 1694 1415 1766 quidam,
1442 1694 1533 1765 qui
1556 1694 1725 1749 valvis
1754 1694 2004 1749 ecclesiae

402 1781 631 1853 propius
692 1782 991 1849 astiterant,
1038 1782 1235 1839 festiue
1283 1791 1590 1853 erumpunt,
1666 1790 2003 1855 cernuntque

409 1870 669 1940 culinam,
701 1870 757 1925 id
788 1877 891 1938 est,
937 1871 1249 1943 coquinam,
1300 1889 1422 1944 quae
1468 1871 1730 1943 proximis
1760 1872 2000 1943 undique

403 1958 657 2015 domibus
699 1974 839 2030 pene
882 1958 1061 2015 fuerat
1098 1961 1377 2033 contigua,
1420 1961 1690 2032 porrectis
1735 1961 1900 2032 longe
1946 1960 2001 2015 in

402 2062 532 2103 aera
560 2047 793 2101 ﬂammis
824 2047 995 2103 exuri.
1030 2047 1191 2117 Quod
1238 2050 1530 2120 episcopus
1562 2065 1869 2121 agnoscens
1900 2065 2000 2104 ve-

399 2136 685 2192 hementer
725 2138 961 2208 expavit,
1010 2145 1261 2193 metuens
1308 2138 1532 2204 scilicet,
1569 2155 1638 2193 ne
1668 2138 1723 2192 in
1752 2138 2002 2209 proxima

401 2224 543 2281 forte
571 2224 803 2281 aedificia
849 2225 985 2281 edax
1016 2226 1330 2282 incendium
1368 2227 1676 2283 desaeviret.
1710 2227 1826 2283 Nec
1854 2227 2001 2281 enim

402 2328 561 2371 secus
589 2314 826 2370 futurum
857 2316 993 2370 situs
1022 2322 1072 2371 et
1105 2323 1278 2371 status
1326 2316 1523 2371 mdium
1569 2316 2001 2388 circumquaque

398 2403 795 2459 imminentium
826 2404 1080 2476 cuiquam
1110 2404 1351 2461 dictabat
1380 2405 1843 2477 praesumendum.
1879 2407 2001 2477 Ipsa

398 2509 532 2549 vero
577 2493 827 2559 aedicula,
878 2493 1167 2549 occasione
1216 2494 1573 2549 servientium
1635 2511 1737 2550 nec
1790 2510 1898 2549 non
1949 2502 2001 2550 et

400 2582 678 2653 hospitum
706 2582 968 2654 episcopi,
1003 2591 1060 2638 ut
1079 2600 1271 2639 eorum
1294 2584 1484 2638 usibus
1499 2583 1777 2654 pulmenta
1799 2600 1996 2655 coque-

400 2678 587 2726 rentur
616 2671 670 2725 in
702 2687 786 2737 ea,
824 2671 997 2727 fuerat
1050 2680 1377 2741 constructa,
1426 2681 1649 2744 eratque
1680 2689 1745 2727 ex
1775 2672 2003 2745 virgulis

400 2775 465 2815 ac
492 2759 742 2833 virgultis
785 2760 962 2817 vicem
1005 2762 1275 2832 parietum
1319 2761 1697 2833 supplentibus
1726 2769 1997 2828 contexta,

400 2848 598 2920 stipula
642 2849 749 2905 levi
797 2850 1012 2905 culmen
1057 2850 1227 2921 ipsius
1274 2859 1513 2923 tegente.
1566 2849 1702 2919 Quae
1760 2851 1830 2905 ab
1878 2851 2004 2906 aula

395 2937 652 3010 hospitali
674 2955 771 2995 sex
800 2946 893 2995 aut
922 2947 1135 3012 septem
1162 2939 1254 2997 vix
1280 2940 1485 3012 pedum
1515 2940 1692 3011 Spatio
1722 2939 2004 3012 disparata

2108 546 2179 589 ex
2222 532 2472 605 proximo
2516 530 2854 587 imminebat.
2901 530 3124 587 Cellulae
3169 539 3435 603 praeterea
3482 531 3702 604 ligneae,

2107 637 2503 683 conversorum
2533 621 2723 676 usibus
2753 621 3044 692 deputata,
3067 621 3211 676 haud
3239 621 3429 693 procul
3445 620 3500 675 in
3529 620 3708 692 girum

2106 722 2262 771 erant
2291 710 2592 784 dispositae.
2650 709 2760 781 Ipsi
2803 709 3153 766 nihilominus
3199 710 3445 767 ecclesiae
3473 709 3708 766 vicinius

2109 802 2326 871 astanti,
2377 798 2778 872 circumpositis
2838 798 3078 872 undique
3124 799 3373 870 oﬂicinis,
3408 798 3710 870 justissime

2104 893 2413 950 timebatur.

2176 983 2422 1039 Cernens
2451 981 2633 1053 itaque
2662 979 2747 1036 vir
2781 979 3046 1052 providus
3066 979 3152 1035 his
3175 981 3428 1038 omnibus
3444 982 3525 1038 sui
3545 998 3707 1039 causa

2104 1070 2438 1141 inevitabile,
2482 1070 2587 1124 nisi
2634 1069 2820 1125 divina
2856 1069 3055 1125 virtute
3098 1080 3367 1139 arceatur,
3416 1072 3707 1128 imminere

2103 1160 2433 1232 periculum,
2470 1158 2652 1214 animo
2699 1175 2992 1231 parumper
3038 1167 3434 1227 consternatus,
3468 1161 3562 1215 sed
3588 1162 3712 1233 plu-

2102 1249 2303 1304 rimum
2365 1248 2434 1303 de
2476 1246 2774 1303 Salvatoris
2823 1247 3062 1303 bonitate
3109 1247 3365 1316 conﬁsus,
3417 1249 3710 1306 salutiferae

2103 1339 2283 1395 crucis
2316 1337 2536 1409 signum
2568 1345 2761 1392 contra
2791 1336 2977 1409 ignem
3007 1337 3293 1409 aliquoties
3314 1338 3501 1393 edidit.
3535 1340 3711 1394 lnter—

2102 1428 2323 1482 mittens
2376 1442 2510 1482 vero
2558 1441 2781 1481 cursum
2829 1427 3166 1481 nocturnalis
3222 1426 3403 1493 officii,
3450 1429 3593 1500 quod
3640 1444 3710 1483 ex

2102 1525 2260 1588 parte
2288 1516 2400 1585 jam
2450 1516 2820 1585 inchoaverat,
2870 1522 2996 1570 ante
3026 1532 3175 1570 aram
3214 1516 3550 1572 Dominicam
3583 1533 3710 1571 sese

2102 1605 2359 1677 protinus
2407 1603 2464 1657 in
2510 1603 2809 1658 orationem
2857 1603 3024 1658 dedit.
3075 1606 3191 1660 Nec
3234 1606 3386 1676 prius
3431 1605 3633 1661 destitit
3677 1620 3713 1659 a

2099 1708 2263 1765 prece
2297 1709 2462 1765 quam
2512 1692 2894 1747 domunculam
2935 1692 3173 1747 funditus
3202 1694 3543 1765 absumptam
3575 1710 3710 1751 suc—

2033 1814 2084 1874 B
2106 1782 2362 1838 cubuisse
2399 1782 2652 1846 ﬂammis,
2701 1789 2751 1836 et
2782 1781 3029 1836 incendia
3057 1783 3296 1852 tepuisse
3325 1784 3621 1850 nuntiatur,
3657 1791 3714 1839 et

2103 1870 2322 1943 quidem
2353 1871 2490 1925 citra
2522 1870 2893 1941 cujuscunque
2932 1869 3013 1924 rei
3042 1870 3445 1939 detrimentum,
3478 1879 3713 1943 praeter-

2102 1976 2267 2032 quam
2295 1959 2441 2015 illius
2489 1959 2829 2015 solummodo
2875 1957 3089 2014 aedificii
3121 1960 3265 2031 quod
3296 1961 3478 2028 etiam,
3517 1961 3561 2015 si
3594 1968 3711 2016 ste-

2102 2049 2257 2104 tisset
2279 2049 2540 2115 illaesum,
2582 2048 2833 2102 manibus
2861 2048 3139 2102 hominum
3170 2049 3238 2103 de
3269 2049 3531 2104 industria
3568 2049 3711 2104 fuis-

2104 2146 2187 2192 set
2215 2137 2561 2193 diruendum.
2606 2137 2724 2191 Jam
2777 2136 2921 2192 enim
2969 2137 3168 2207 saepius
3199 2138 3435 2206 jusserat
3476 2140 3546 2193 ad
3574 2156 3712 2193 usus

2104 2226 2451 2281 necessarios
2501 2226 2776 2297 lapideum
2821 2242 2886 2281 ex
2934 2226 3192 2283 demolito
3236 2227 3439 2281 ibidem
3468 2227 3715 2284 construi

2104 2315 2464 2381 domicilium,
2498 2316 2601 2371 hoc
2633 2314 2837 2370 scilicet
2868 2315 3010 2386 quod
3043 2316 3204 2371 modo
3254 2316 3468 2385 accidit,
3502 2317 3715 2372 veritus

2102 2404 2228 2459 inde
2259 2404 2545 2476 provenire
2584 2404 2912 2475 periculum.
2971 2403 3139 2473 Cujus
3187 2421 3349 2461 mane
3394 2405 3712 2461 incendium

2105 2509 2231 2550 cum
2260 2493 2499 2550 universi
2548 2494 2877 2548 mirarentur
2918 2493 3057 2548 adeo
3104 2494 3376 2549 exstitisse
3406 2494 3708 2561 innoxium,

2103 2582 2197 2638 ille
2232 2583 2285 2637 in
2322 2583 2557 2638 Domino
2578 2583 2854 2637 exsultans
2875 2582 3054 2637 aiebat
3086 2599 3097 2636 :
3135 2604 3157 2633 α
3192 2584 3513 2639 Benedictus
3535 2585 3710 2651 Deus,

2105 2672 2197 2743 qui
2224 2688 2334 2727 non
2365 2672 2542 2727 solum
2591 2680 2913 2743 praesentem
2946 2671 3003 2725 in
3034 2672 3125 2725 tali
3154 2688 3287 2727 casu
3316 2673 3565 2728 timorem
3595 2689 3709 2729 no-

2103 2769 2277 2817 strum
2308 2760 2585 2817 consolari
2620 2760 2811 2827 voluit,
2856 2761 2953 2815 sed
2975 2768 3028 2815 et
3049 2760 3214 2815 futuri
3243 2769 3421 2816 metus
3447 2762 3712 2818 sollicitu-

2103 2852 2285 2906 dinem
2332 2851 2435 2906 sub
2475 2865 2600 2907 mea
2645 2850 2863 2906 tandem
2910 2850 3205 2922 praesentia
3232 2850 3473 2908 funditus
3505 2867 3711 2923 ampu-

2103 2940 2250 2997 tavit.
2291 2961 2313 2991 ι

1681 3190 1939 3262 Εχρίἰοὶι
1980 3189 2118 3248 liber
2158 3193 2418 3263 quartus.

1522 3473 1971 3539 PROLOGUS
2012 3475 2233 3538 LIBRI
2276 3474 2577 3547 QUINTI.

468 3765 709 3837 Quatuor
729 3768 845 3838 jam
893 3767 1094 3823 libellis
1142 3767 1212 3823 de
1261 3766 1370 3823 vita
1409 3766 1581 3823 sancti
1624 3767 1799 3823 Patris
1828 3768 2002 3823 nostri
2025 3769 2071 3830 Ο
2103 3784 2256 3825 canae
2285 3768 2546 3825 Ecclesia:
2594 3770 2951 3839 immunitate,
2996 3778 3102 3826 tam
3147 3778 3337 3828 contra
3374 3786 3566 3842 regem
3607 3746 3706 3826 lli-

399 3856 643 3927 Ilugonis
694 3856 947 3911 antistitis
996 3856 1221 3925 juvante
1280 3856 1481 3911 Christi
1526 3856 1700 3929 gratia
1731 3865 2001 3929 utcunque

399 3943 686 4016 eXplicitis,
739 3944 808 4000 de
857 3944 1103 4014 ejusdem
1154 3943 1505 4016 opitulatione
1535 3944 1723 4001 confisi
1756 3946 2002 4017 quintum

401 4035 589 4105 (quem
620 4041 672 4089 et
700 4032 953 4089 ultimum
997 4034 1159 4103 hujus
1207 4033 1459 4104 opusculi
1490 4034 1606 4089 fore
1636 4034 1999 4107 disponimus)

398 4122 643 4178 subnexo
671 4121 899 4179 inferius
931 4123 1123 4178 ordine
1152 4122 1480 4178 tentabimus
1509 4123 1730 4179 adoriri.
1756 4126 1815 4178 In
1848 4124 1999 4193 cujus

398 4211 539 4267 serie
568 4211 713 4267 nulla
745 4211 963 4283 penitus
995 4220 1243 4268 retexere
1273 4213 1638 4279 decrevimus,
1671 4212 1778 4267 nisi
1808 4229 1873 4268 ea
1904 4229 1999 4268 so-

394 4299 693 4370 lummodo,
728 4301 926 4372 quibus
970 4302 1387 4373 praesentialiter
1416 4301 1776 4371 interfuimus,
1812 4310 1903 4356 aut
1933 4317 1999 4357 ea

395 4406 630 4462 quoque,
683 4407 806 4462 quae
850 4406 977 4446 mox
1024 4400 1183 4461 gesta
1228 4407 1330 4462 per
1374 4408 1519 4455 eum,
1560 4391 1719 4446 nobis
1750 4391 1999 4446 intimata

394 4478 564 4535 fuisse
593 4479 879 4535 evidenter
908 4479 1200 4536 recolimus
1231 4481 1400 4552 (167).
1436 4480 1534 4538 Hic
1556 4496 1688 4536 vero
1718 4480 1998 4535 narratio-

396 4568 481 4623 nis
512 4576 758 4624 sumetur
785 4568 995 4623 initium
1022 4587 1053 4623 a
1082 4568 1350 4642 singulari
1371 4569 1679 4635 devotione,
1714 4586 1819 4642 qua
1848 4586 1996 4640 prae-

396 4657 541 4713 ditus
570 4658 669 4713 fuit
695 4675 827 4731 erga
874 4658 1114 4714 studium
1155 4658 1450 4728 sepulturae
1489 4667 1825 4714 mortuorum
1860 4676 1875 4711 :
1910 4658 1998 4713 cui

397 4746 621 4803 demum
669 4746 1039 4804 conclusionis
1065 4762 1230 4803 causa
1268 4747 1525 4803 succedet
1550 4755 1887 4817 postremum
1927 4746 1996 4801 de

391 4835 809 4908 incomparabili
852 4836 1140 4907 sepultura:
1181 4835 1343 4890 simul
1391 4843 1445 4890 et
1484 4836 1861 4907 exsequiarum
1890 4834 1996 4889 ho-

392 4941 530 4982 nore
560 4933 613 4981 et
650 4924 871 4991 decore,
920 4924 1115 4996 quibus
1144 4924 1356 4980 caelitus
1389 4923 1578 4979 donari
1606 4923 1827 4989 meruit,
1862 4939 1995 4994 per-

395 5022 517 5071 acto
562 5013 852 5085 praesentis
898 5013 1023 5069 vitae
1066 5028 1267 5085 agone.
1316 5011 1497 5068 Media
1550 5012 1692 5068 inter
1737 5012 1857 5068 haec
1902 5011 1998 5066 illa

2102 3859 2386 3925 chardum,
2438 3875 2603 3930 quam
2651 3868 2845 3916 contra
2874 3861 2991 3929 ejus
3016 3860 3363 3930 justitiarium
3393 3858 3706 3931 proprium-
3753 3875 3765 3886 ο

2103 3964 2206 4020 que
2262 3964 2423 4003 suum
2470 3948 2639 4020 ipsius
2687 3950 3180 4021 metropolitanum,
3233 3948 3462 4005 viriliter
3508 3949 3707 4004 decer-

2102 4037 2264 4092 tando
2310 4037 2647 4109 feliciterque
2694 4039 2811 4093 Deo
2858 4047 3178 4110 protegente
3209 4038 3540 4109 superando,
3572 4036 3706 4108 plu—

2100 4126 2298 4181 rimum
2342 4127 2663 4193 desudasse,
2714 4136 2879 4200 atque
2926 4128 2995 4183 ad
3042 4135 3382 4199 postremum
3432 4126 3535 4197 ipsi
3581 4126 3703 4196 regi

2100 4230 2308 4287 suoque
2353 4216 2714 4287 persecutori,
2768 4217 3058 4287 sepultura;
3103 4216 3495 4271 humanitatem
3553 4214 3710 4270 exhi-

2101 4305 2282 4360 bendo
2312 4304 2603 4378 insigniter
2631 4306 3016 4377 triumphasse.
3052 4306 3148 4361 His
3171 4321 3389 4378 quoque
3406 4304 3527 4373 alia,
3562 4304 3705 4359 scitu

2099 4394 2265 4467 digna
2309 4394 2380 4449 de
2428 4394 2655 4450 exordio
2700 4396 2854 4467 regni
2897 4396 3120 4451 Joannis
3179 4397 3348 4464 (168),
3398 4409 3542 4449 nunc
3586 4393 3705 4461 jam

2099 4499 2243 4539 anno
2273 4482 2445 4555 ipsius
2476 4493 2668 4555 quarto
2700 4485 2916 4541 decimo
2948 4486 3117 4557 (169),
3140 4500 3330 4539 mense
3362 4483 3540 4547 tertio,
3572 4482 3703 4553 plu-

2098 4573 2295 4628 rimum
2361 4572 2681 4640 fatiscentis,
2741 4574 3075 4646 sensimque,
3122 4582 3179 4629 ut
3230 4573 3322 4627 ille
3368 4572 3702 4643 praedixerat

2099 4662 2361 4729 futurum,
2424 4661 2726 4718 deficientis
2767 4664 3023 4719 videntur
3088 4662 3445 4732 subjicienda.
3494 4661 3703 4716 Conse-

2098 4758 2330 4823 quenter
2371 4766 2521 4815 vero,
2575 4751 2651 4805 uti
2681 4752 2798 4823 ipse
2828 4752 3191 4818 Carthusiam,
3225 4759 3278 4806 et
3307 4750 3411 4805 alia
3449 4748 3571 4804 loca
3601 4765 3700 4804 re-

2096 4839 2302 4911 ligione
2329 4839 2691 4895 celeberrima
2717 4841 2929 4909 adierit,
2963 4857 3222 4897 reversus
3255 4854 3473 4911 quoque
3504 4838 3557 4892 in
3587 4839 3703 4893 An-

2098 4936 2263 5009 gliam
2294 4937 2441 5008 apud
2486 4937 2817 5006 Londonias,
2866 4940 2935 4993 ad
2966 4939 3167 5013 gaudia
3196 4952 3442 5009 supernae
3472 4936 3699 4990 Jerusa-

2099 5026 2205 5083 lem
2235 5026 2379 5082 felici
2407 5025 2602 5083 beatus
2652 5044 2880 5086 excessu
2921 5028 3187 5103 migrarit,
3235 5025 3565 5084 tentabimus
3596 5041 3699 5081 ex-

392 5102 705 5173 prmsertim
751 5100 1128 5169 continebunt,
1181 5100 1377 5173 quibus
1407 5101 1636 5156 docetur
1663 5116 1765 5173 pro
1796 5100 1993 5174 Angli—
2022 5132 2075 5193 D
2098 5115 2325 5187 plicare,

463 5280 601 5347 (167)
626 5281 682 5332 In
705 5281 800 5331 hoc
833 5280 981 5344 igitur
1002 5280 1127 5333 libro
1150 5294 1202 5343 v,
1230 5280 1384 5331 refert
1407 5282 1578 5332 auctor
1600 5280 1823 5343 quaedam
1841 5321 1857 5346 ,
1895 5281 1995 5345 qui-

392 5348 484 5401 bus
504 5350 606 5413 ipse
629 5348 883 5411 interfuit,
911 5352 962 5399 et
986 5348 1082 5399 alia
1102 5361 1208 5412 qua:
1233 5348 1295 5398 ab
1320 5348 1431 5398 aliis
1454 5347 1657 5399 audivit.

462 5416 605 5482 (168)
631 5417 843 5467 Joannes
868 5428 952 5466 rex
978 5416 1165 5479 Anglia:
1181 5415 1391 5467 Londini
1412 5418 1672 5465 coronatur
1692 5427 1818 5465 anno
1843 5414 1992 5477 H99,

393 5484 444 5534 in
468 5484 583 5548 die,
627 5485 711 5535 aut
737 5483 987 5535 Dominica
1026 5482 1156 5535 intra
1194 5485 1395 5534 octavas
1430 5482 1743 5537 Ascensionis
1779 5482 1992 5547 Domini,

2094 5292 2221 5357 apud
2244 5293 2767 5346 Westmonasterium.

2163 5360 2302 5425 (169)
2327 5364 2466 5412 Anno
2490 5361 2715 5412 videlicet
2737 5361 2921 5412 Christi
2949 5359 3078 5412 1212
3093 5398 3108 5427 ,
3133 5357 3342 5411 durante
3367 5357 3527 5410 adhuc
3551 5356 3699 5409 exilio

2095 5427 2522 5481 Cantuariensium
2549 5431 2598 5480 et
2622 5429 2850 5480 aliorum.

1752 5671 2010 5745 Explicit
2043 5672 2329 5744 prologus.
