3938 6414
195 340 331 395 1029

1561 339 1741 396 VITA.
1794 371 1863 384 -
1910 341 2037 397 LIB.
2085 343 2148 397 V.

3365 355 3504 409 1030

2286 580 3496 606 _____________

1230 729 1668 824 LIBER
1787 726 2471 842 QUINTUS.

731 1116 956 1173 CAPUT
995 1117 1283 1173 PRIMUM.

207 1205 279 1255 De
301 1206 629 1258 immensitate
652 1207 837 1259 divina
877 1209 944 1258 ad
975 1209 1192 1259 homines
1234 1207 1510 1258 dilectionis
1539 1245 1552 1268 ,
1603 1220 1713 1268 qua:
1757 1208 1812 1258 in

279 1274 548 1336 sepultura,-
593 1276 818 1324 humana:
877 1276 1030 1338 ofﬁcio
1081 1275 1365 1326 notabiliter
1431 1276 1808 1336 demonstratur,

273 1346 323 1420 et
365 1342 425 1390 de
465 1343 619 1391 nostri
662 1342 882 1404 Hugonis
930 1342 1060 1393 circa
1105 1344 1256 1404 hujus
1302 1341 1508 1406 o/ﬁcium
1554 1343 1812 1404 affectione

273 1424 289 1458 1
295 1421 506 1458 mmensa
514 1444 526 1456 .

278 1491 599 1546 Memoriam
655 1491 1002 1547 abundantiae
1089 1492 1366 1547 suavitatis
1439 1493 1636 1548 divinae
1661 1501 1812 1563 (erga

204 1598 379 1653 genus
408 1581 702 1634 humanum
734 1580 974 1636 suaviter
1022 1590 1294 1648 eructans,
1328 1581 1530 1636 intimis
1562 1598 1594 1636 a
1624 1598 1812 1637 secre-

205 1671 273 1724 tis
300 1668 509 1740 Deique
537 1669 744 1725 amicus
777 1670 952 1741 Hugo,
974 1671 1091 1725 hanc
1122 1679 1173 1724 et
1200 1671 1284 1724 his
1308 1671 1520 1737 similia,
1546 1687 1666 1742 qua:
1688 1671 1816 1724 sub-

201 1758 504 1822 inferimus,
539 1758 650 1812 suis
694 1759 994 1830 saepissime
1024 1759 1077 1812 in
1135 1760 1358 1814 odorem
1417 1760 1697 1815 suavitatis
1728 1760 1815 1813 in-

205 1848 431 1921 gerebat
479 1847 830 1902 auditoribus.
885 1847 1038 1913 Cum,
1082 1848 1218 1903 sicut
1273 1848 1471 1914 aiebat,
1530 1849 1818 1902 innumera

204 1953 325 2008 quae
356 1936 555 1991 divina:
597 1936 663 1990 ad
714 1936 989 1991 hominem
1047 1937 1352 1992 dilectionis
1406 1937 1682 1992 declarant
1709 1938 1816 1991 im-

205 2026 570 2090 mensitatem,
605 2041 670 2079 ea
717 2041 882 2096 quam
921 2026 1156 2080 maxime
1202 2026 1345 2081 inter
1390 2035 1585 2082 caetera
1615 2042 1817 2097 praero-

201 2114 442 2186 gativam
474 2113 766 2186 singularis
827 2113 1157 2169 excellentia)
1211 2123 1508 2170 noscuntur
1560 2115 1818 2186 praeferre

205 2219 327 2274 qua:
357 2202 442 2257 vel
471 2209 596 2257 ante
627 2202 862 2258 hominis
891 2212 1091 2270 ortum,
1123 2204 1210 2259 vel
1266 2212 1390 2274 post
1445 2205 1615 2275 ipsius
1655 2221 1814 2260 occa-

205 2308 326 2346 sum
355 2291 562 2346 homini
594 2307 704 2346 non
735 2291 934 2346 desinit
963 2292 1232 2348 conferre.
1272 2295 1339 2348 Ut
1371 2293 1515 2348 enim
1547 2294 1614 2348 de
1647 2293 1821 2349 homi-

199 2380 379 2447 nibus,
413 2380 505 2451 qui
537 2381 702 2434 modo
732 2381 975 2435 oriuntur
1004 2389 1055 2436 et
1085 2382 1338 2437 occidunt
1370 2399 1542 2454 pauca
1580 2383 1821 2455 attinga-

1833 1119 1886 1176 A
1918 1120 2114 1183 cernis,
2149 1121 2526 1177 assistentibus
2580 1124 2998 1198 obsequentium
3029 1129 3284 1198 catervis,
3329 1147 3514 1202 quam-

1911 1212 1992 1267 vis
2017 1213 2308 1282 jacentem,
2367 1215 2584 1272 ambite.
2653 1218 2844 1271 Iterata
2895 1227 3158 1288 prmterea
3242 1220 3359 1275 Filii
3414 1222 3523 1278 mei

1914 1305 2096 1359 votiva
2125 1304 2492 1360 immolatione
2523 1307 2829 1362 convivium
2851 1307 3271 1380 pinguissimum
3301 1310 3524 1366 instrui-

1912 1403 1984 1453 te.
2021 1411 2128 1466 quo
2160 1404 2214 1450 et
2244 1395 2465 1466 spiritus
2493 1396 2739 1461 anhelus,
2760 1413 2823 1452 ac
2851 1397 2918 1452 de
2947 1399 3346 1454 concertatione
3373 1415 3522 1455 mor-

1913 1485 2132 1540 talitatis
2159 1484 2379 1550 inolitm,
2414 1486 2511 1540 sed
2536 1487 2650 1554 jam
2683 1485 2962 1556 depositas,
2997 1488 3172 1543 adhuc
3201 1489 3524 1560 irrequietus

1915 1584 1966 1630 et
1997 1575 2176 1630 fessus
2207 1575 2262 1629 in
2285 1576 2454 1630 robur
2485 1576 2752 1646 respiret;
2785 1591 2916 1631 caro
2973 1593 3188 1649 quoque
3218 1579 3520 1634 habitatore

1913 1665 2144 1736 pristino
2175 1665 2386 1720 interim
2419 1673 2670 1731 vacuata,
2704 1672 2866 1736 atque
2905 1665 3091 1720 matris
3121 1673 3283 1722 terrae
3311 1667 3523 1738 gremio

1917 1756 2144 1810 subinde
2193 1754 2550 1826 confovenda,
2583 1753 3006 1810 sanctificatione
3035 1755 3292 1828 irrigetur
3323 1757 3523 1829 gratis-

1917 1848 2071 1912 sima,
2105 1853 2374 1917 quatenus
2431 1846 2530 1899 sub
2587 1843 2674 1898 die
2730 1843 2936 1908 ultima,
2971 1845 3365 1914 contubernali,
3398 1846 3527 1901 olim

1916 1935 2272 2008 praecognito,
2332 1933 2727 1989 delectabiliter
2775 1933 3062 1998 socianda,
3095 1933 3346 1990 alacriter
3370 1935 3524 1991 reﬂo‘

1918 2034 2050 2092 reat,
2083 2025 2356 2079 viriditate
2383 2033 2586 2079 azterna
2623 2022 2854 2078 feliciter
2882 2021 3172 2077 induenda.
3213 2047 3234 2072 ιι

1988 2113 2310 2184 Hujusmodi
2355 2113 2676 2168 sententiam
2732 2128 2833 2183 per
2887 2113 3100 2184 singula
3145 2112 3310 2184 plena
3363 2113 3527 2168 verba

1919 2205 1987 2259 de
2017 2203 2239 2276 benigni
2269 2202 2578 2258 Conditoris
2608 2202 2752 2258 circa
2781 2201 3066 2258 defunctos
3097 2201 3386 2257 clementia
3407 2217 3530 2273 pro-

1918 2293 2116 2361 ferens,
2158 2293 2244 2349 hic
2277 2293 2394 2362 ejus
2425 2292 2847 2362 dispensationis
2876 2291 2932 2346 in
2960 2291 3146 2346 multis
3192 2291 3443 2347 conscius
3471 2299 3524 2346 et

1920 2384 2095 2439 fidelis
2125 2384 2408 2453 interpres,
2430 2381 2711 2437 evidenter
2738 2381 2869 2436 satis
2893 2380 3246 2452 prudentibus
3266 2379 3524 2435 innuebat

203 2485 343 2535 mus,
378 2477 503 2523 ante
534 2469 795 2539 cujusque
823 2477 998 2524 ortum
1018 2513 1030 2535 ,
1064 2487 1176 2525 sum
1207 2487 1307 2541 pro
1339 2487 1402 2526 eo
1433 2472 1621 2526 mortis
1677 2488 1802 2542 pre-
1822 2481 1874 2539 B
1906 2489 2140 2548 quonam
2171 2471 2382 2537 affectu,
2417 2487 2592 2542 quove
2623 2479 2894 2541 respectu,
2928 2476 2984 2524 ut
3017 2478 3221 2525 tantam
3251 2469 3526 2540 sepelien-

203 2558 336 2612 tium
355 2559 501 2612 Deus
529 2558 627 2612 Dei
647 2558 812 2612 Filius
833 2559 999 2627 dedit,
1024 2560 1169 2614 Deus
1198 2561 1359 2614 Pater
1379 2561 1629 2615 eumdem
1652 2577 1808 2615 suum

205 2647 397 2700 Filium
430 2646 485 2700 in
508 2647 791 2713 mundum,
828 2656 883 2702 ut
914 2664 1012 2718 pro
1042 2649 1261 2703 homine
1293 2659 1616 2715 moreretur,
1640 2650 1803 2712 misit.

209 2736 356 2790 Deus
388 2735 622 2806 Spiritus
661 2736 902 2807 seipsum
934 2736 1095 2792 etiam
1126 2739 1182 2791 in
1209 2738 1407 2810 pignus
1436 2737 1640 2794 effudit.
1675 2741 1809 2794 Tota

204 2825 368 2879 etiam
401 2825 562 2878 simul
600 2825 854 2891 Trinitas,
917 2843 1054 2880 unus
1087 2828 1253 2893 Deus,
1291 2836 1650 2894 sacramenta,
1685 2828 1808 2899 qui-

206 2913 309 2968 bus
338 2929 464 2968 mox
493 2921 650 2968 natus
681 2923 733 2969 et
760 2915 1049 2969 mundetur
1108 2923 1161 2970 et
1189 2917 1463 2970 muniatur
1493 2925 1545 2971 et
1578 2917 1808 2972 robore-

205 3011 316 3068 tur,
372 3002 601 3056 instituit
634 3019 646 3056 :
678 3018 741 3058 ac
770 3003 912 3076 legis
943 3020 1054 3058 suae
1084 3005 1450 3071 adminicula,
1487 3005 1684 3078 quibus
1715 3023 1809 3061 re-

205 3099 365 3163 gatur
393 3100 446 3146 et
478 3091 769 3157 erudiatur,
796 3095 1088 3160 concessit,
1123 3093 1338 3167 aliaque
1370 3095 1500 3149 satis
1522 3095 1813 3166 inexplica-

208 3180 358 3250 bilia,
393 3180 610 3236 utilitati
641 3180 808 3252 ipsius
839 3182 1074 3238 hominis
1103 3183 1474 3254 multipliciter
1501 3183 1806 3256 profutura,

208 3269 450 3325 indulsit.
484 3269 658 3338 Quem
707 3279 832 3342 post
871 3271 994 3326 vitae
1022 3272 1289 3326 instabilis
1338 3289 1579 3340 cursum,
1614 3289 1810 3330 occasu

206 3368 546 3430 praeventum
597 3360 745 3431 (cum
775 3375 808 3415 a
837 3360 967 3427 suis,
1004 3361 1135 3416 olim
1165 3362 1521 3430 charissimis,
1554 3379 1664 3418 non
1694 3363 1812 3417 sine

205 3448 367 3504 taedio
397 3449 635 3520 quodam
693 3448 956 3520 recipitur
988 3494 1000 3516 ,
1061 3451 1190 3505 dum
1241 3453 1478 3523 propriis
1536 3452 1812 3525 quondam

206 3537 417 3593 aedibus
448 3537 608 3592 anxia
639 3538 871 3609 quadam
915 3547 1202 3609 parentum
1234 3549 1286 3594 et
1315 3540 1551 3596 ﬁliorum
1581 3541 1812 3596 festina—

208 3625 354 3681 tione
411 3626 756 3698 propellitur)
828 3627 1138 3698 gratissima
1205 3628 1305 3684 Dei
1363 3629 1446 3684 sui
1505 3630 1812 3702 benignitas

203 3715 344 3781 sola,
376 3730 409 3769 a
438 3715 654 3770 caeteris
684 3716 1023 3787 despectum,
1057 3733 1169 3772 non
1198 3726 1547 3790 aspernatur.
1581 3719 1810 3774 Extem-

201 3804 297 3875 plo
325 3819 580 3876 namque,
611 3821 723 3860 non
754 3805 929 3860 solum
962 3806 1184 3877 spiritus
1215 3807 1495 3879 angelicos
1525 3807 1580 3862 in
1610 3808 1806 3879 praesi-
1829 3848 1875 3908 Ο

203 3892 351 3947 dium
382 3893 595 3961 animae,
629 3895 696 3949 ad
727 3911 885 3949 suum
917 3895 1207 3952 Factorem
1237 3897 1534 3952 remeantis
1591 3897 1800 3970 dirigit,

199 3998 392 4037 verum
431 3982 596 4038 etiam
653 3984 860 4054 primos
918 3999 981 4040 ac
1030 3985 1357 4056 przecipuos,
1391 4002 1531 4058 quos
1560 3986 1614 4039 in
1649 3986 1805 4040 terris

200 4071 388 4141 habet,
433 4071 731 4139 ministros,
795 4073 1108 4129 sacerdotes
1164 4073 1417 4130 videlicet
1477 4082 1528 4129 et
1558 4075 1717 4144 alios,
1750 4074 1805 4130 in

205 4161 383 4216 sacris
405 4161 690 4216 ordinibus
717 4162 946 4232 positos,
974 4163 1029 4217 in
1049 4163 1372 4236 obsequium
1394 4163 1602 4219 funeris
1625 4165 1803 4218 mittit.

202 4249 302 4304 Eis
350 4250 513 4304 etiam
573 4251 976 4322 quodammodo
1035 4252 1216 4309 dicit:
1254 4277 1275 4300 «
1313 4253 1567 4323 Cernitis,
1613 4253 1806 4326 inquit,

200 4356 238 4394 ο
271 4340 585 4395 sacerdotes
613 4341 740 4406 mei,
772 4349 826 4396 et
876 4357 1125 4397 meorum
1147 4383 1163 4410 ,
1197 4359 1317 4414 quae
1344 4343 1401 4397 in
1429 4343 1633 4398 mundo
1663 4352 1806 4409 sunt,

200 4429 528 4499 palatiorum
581 4429 784 4496 azditui,
846 4432 1068 4486 cernitis
1119 4431 1385 4487 facturam
1416 4449 1613 4502 meam,
1647 4448 1811 4504 quam

199 4534 424 4589 semper
455 4519 653 4586 amavi,
689 4535 784 4590 pro
816 4536 922 4592 qua
953 4520 1088 4575 Filio
1116 4538 1240 4577 meo
1262 4521 1553 4593 Unigenito
1584 4538 1694 4576 non
1724 4539 1815 4593 pe-

202 4608 376 4679 perci,
409 4608 506 4663 sed
538 4623 659 4663 eam
687 4608 1104 4665 immortalitatis
1134 4611 1306 4681 ipsius
1337 4619 1391 4666 et
1439 4611 1629 4666 mortis
1677 4628 1810 4683 par-

205 4697 426 4766 ticipem
460 4696 606 4753 feci?
662 4698 903 4765 cernitis,
937 4699 1190 4771 inquam,
1254 4701 1367 4754 suis
1424 4702 1562 4756 hanc
1621 4701 1814 4757 amicis

200 4786 477 4857 quondam
511 4794 563 4840 et
607 4787 931 4843 necessariis
953 4787 1204 4844 effectum
1225 4789 1396 4858 oneri,
1421 4790 1566 4845 hanc
1597 4806 1815 4862 quoque

203 4875 275 4929 ab
306 4875 386 4930 eis
417 4874 573 4947 quasi
603 4876 968 4932 turbulentam
998 4878 1120 4947 ejici
1151 4886 1204 4934 et
1243 4878 1492 4950 expelli?
1521 4880 1619 4934 Eia
1649 4879 1814 4935 festi-

198 4973 400 5020 nanter
429 4965 649 5034 currite,
683 4974 737 5021 et
765 4967 1034 5022 occurrite
1065 4967 1134 5022 ad
1166 4985 1255 5024 me
1284 4968 1642 5042 confugienti,
1676 4969 1817 5024 ima-

200 5052 391 5125 ginem
422 5053 516 5108 filii
545 5054 673 5120 mei,
705 5071 808 5126 pro
838 5071 901 5110 ea
953 5055 1217 5123 crucifixi,
1251 5074 1375 5113 cum
1431 5058 1818 5130 thymiamate-

194 5141 298 5198 riis
328 5151 380 5199 et
410 5143 587 5199 cereis
620 5144 900 5212 assumite,
935 5145 1199 5202 Ecclesiae
1241 5162 1376 5202 mete
1408 5147 1568 5221 signa
1621 5147 1678 5202 in
1724 5163 1820 5204 so-

1909 2566 1993 2621 dis
2023 2578 2208 2618 curam
2239 2561 2536 2628 exhiberet,
2588 2559 2892 2615 duceretur.
2941 2559 3196 2614 Generali
3253 2558 3522 2630 siquidem

1909 2653 2228 2709 inhibitione
2259 2657 2523 2704 statuerat
2553 2665 2621 2703 ne
2679 2649 2735 2702 in
2789 2647 2950 2713 villis,
2984 2648 3077 2702 ubi
3105 2648 3223 2720 ipse
3280 2664 3523 2719 praesens

1910 2743 2132 2810 fuisset,
2173 2739 2432 2795 sacerdos
2479 2737 2808 2810 parochialis
2849 2736 3145 2808 quemlibet
3183 2736 3518 2803 defunctum,

1911 2831 2214 2904 praesertim
2269 2828 2438 2882 aetatis
2480 2828 2590 2896 jam
2646 2827 2858 2894 adultae,
2901 2826 3133 2881 traderet
3205 2825 3519 2897 sepultura,

1910 2921 2015 2975 nisi
2045 2919 2204 2985 forte,
2238 2917 2422 2988 aliquo
2451 2916 2698 2971 obstante
2750 2914 3117 2980 incommodo,
3153 2913 3246 2970 illo
3275 2915 3331 2969 id
3367 2931 3526 2970 exse-

1911 3010 2001 3082 qui
2033 3024 2140 3063 non
2172 3007 2405 3072 valente,
2433 3006 2501 3060 de
2532 3021 2627 3059 sua
2645 3005 2748 3059 hoc
2771 3004 2948 3074 ipsum
2971 3003 3332 3074 permissione
3352 3003 3525 3058 adim-

1909 3099 2103 3171 pleret.
2131 3099 2210 3152 De
2239 3095 2438 3150 adultis
2468 3110 2598 3149 vero
2628 3093 2900 3165 pracipue
2944 3093 3163 3148 volebat
3217 3093 3519 3158 observari,

1913 3188 2042 3260 quia
2098 3187 2219 3254 his,
2277 3185 2322 3240 si
2379 3181 2723 3239 laudabiliter
2767 3182 3048 3251 vixissent,
3106 3181 3524 3254 propensiorem

1913 3277 2116 3333 sciebat
2172 3273 2363 3329 deberi
2431 3271 2937 3338 honorificentiam;
2989 3272 3072 3326 sin
3125 3279 3306 3327 autem
3361 3271 3524 3326 vitam

1913 3365 2195 3420 duxissent
2226 3362 2572 3434 culpabilem,
2596 3368 2826 3417 noverat
2871 3377 2968 3417 eos
3016 3360 3325 3417 uberiorem
3378 3359 3527 3416 desi-

1913 3455 2106 3510 derare
2136 3451 2548 3508 interventionis
2578 3449 2912 3506 instantiam.

1984 3545 2101 3599 Ibat
2131 3542 2297 3616 igitur
2351 3541 2558 3612 passim
2606 3541 2678 3595 ad
2723 3539 3033 3605 universos,
3077 3539 3285 3611 eisque,
3317 3546 3376 3594 ut
3403 3554 3524 3594 mos

1913 3634 2082 3706 exigit
2112 3631 2549 3697 ecclesiasticus,
2584 3645 2708 3686 cum
2758 3644 2972 3684 summa
3019 3628 3298 3684 alacritate
3355 3629 3524 3684 obse~

1914 3723 2102 3796 quium
2131 3720 2416 3789 exhibens,
2464 3719 2796 3792 pauperibus
2845 3717 3135 3774 luminaria
3180 3716 3269 3774 vel
3327 3725 3525 3773 caetera

1912 3813 1969 3866 in
2009 3811 2288 3866 funeribus
2320 3809 2629 3865 desiderata
2674 3825 2775 3880 per
2823 3807 3311 3878 eleemosynarium
3365 3823 3525 3862 suum

1907 3901 2250 3957 abundanter
2292 3898 2696 3954 subministrari
2750 3897 3108 3970 procurabat.
3170 3897 3225 3951 Si
3283 3897 3521 3968 quando,

1909 3992 2038 4046 dum
2073 3990 2178 4044 iter
2210 3997 2418 4061 ageret,
2456 3996 2509 4043 et
2539 3987 2704 4042 funus
2730 3987 2785 4041 in
2817 3987 3099 4058 quodlibet
3129 3986 3523 4046 cmmeterium.

1910 4088 1967 4134 ut
1998 4077 2210 4134 humari
2239 4078 2484 4146 deberet,
2521 4076 2792 4148 perlatum
2822 4076 3204 4148 conspiceret,
3239 4075 3528 4132 confestim

1912 4182 2052 4239 equo
2083 4165 2477 4232 descendebat,
2511 4172 2565 4220 et
2623 4164 2694 4219 ad
2744 4164 3005 4220 feretrum
3036 4164 3328 4230 accedens,
3364 4179 3429 4219 ac
3459 4163 3529 4218 ali

1914 4255 2232 4328 quantisper
2263 4271 2445 4322 orans,
2482 4253 2527 4308 si
2569 4253 2766 4308 librum
2788 4269 2900 4308 non
2949 4253 3175 4308 haberet
3205 4260 3528 4323 competen-

1915 4354 2042 4411 tem,
2079 4344 2134 4398 in
2165 4360 2272 4415 quo
2330 4341 2638 4398 innoffense
2667 4341 2879 4415 legeret
2910 4343 3054 4409 (cum
3080 4342 3196 4410 jam
3228 4341 3372 4397 circa
3404 4341 3527 4397 die-

1915 4451 2034 4489 rum
2059 4434 2175 4502 ejus
2194 4440 2431 4487 extrema
2458 4431 2666 4502 aliquid
2689 4430 2832 4485 soliti
2855 4430 3122 4485 acuminis
3144 4430 3318 4486 oculis
3355 4430 3526 4501 ipsius

1917 4523 2270 4594 deperiisset)
2313 4521 2516 4590 junctis
2550 4520 2872 4592 presbytero
2901 4519 3176 4590 exsequiis
3206 4519 3524 4585 celebranti,

1917 4613 2162 4685 psalmos
2195 4627 2317 4667 cum
2349 4626 2416 4667 eo
2473 4609 2791 4666 decantabat
2848 4617 2901 4664 et
2959 4608 3219 4664 collectas
3249 4608 3526 4664 inchoanti

1916 4702 2004 4757 vel
2052 4700 2368 4772 complenti,
2421 4716 2578 4754 amen
2637 4707 2688 4754 et
2744 4697 2846 4752 alia
2912 4697 3320 4768 respondendo,
3354 4697 3530 4752 vicem

1918 4791 2149 4857 clerici,
2193 4806 2262 4845 ne
2322 4789 2641 4857 dixerimus,
2704 4787 2904 4854 idiotaa,
2947 4786 3293 4857 adimplebat.
3333 4786 3388 4842 Si
3417 4802 3528 4841 non

1920 4879 2184 4935 defuisset
2213 4878 2387 4935 codex
2419 4877 2668 4944 idoneus,
2702 4877 2840 4948 ipse,
2889 4875 3036 4948 quod
3058 4875 3358 4931 sacerdotis
3387 4883 3523 4943 erat,

1921 4969 2376 5041 prosequebatur,
2409 4967 2684 5023 orationes
2713 4965 3093 5038 pronuntians,
3125 4980 3321 5037 aquam
3351 4964 3526 5022 bene-

1923 5057 2122 5113 dictam
2164 5073 2487 5128 aspergens,
2519 5055 2857 5112 thuribulum
2884 5053 3293 5121 circumferens,
3327 5061 3526 5110 terram

1925 5163 2089 5218 super
2112 5146 2322 5216 jaciens
2355 5189 2368 5216 ,
2402 5161 2467 5203 ac
2507 5145 2716 5218 reliqua
2746 5145 2892 5200 illius
2921 5143 3080 5200 ofﬁcii
3106 5143 3336 5200 sollicite
3366 5159 3525 5200 com-

194 5232 381 5289 lemne
411 5233 706 5290 classicum
737 5236 1030 5304 concutite,
1065 5236 1292 5292 vocibus
1341 5211 1668 5308 hymvnidicis
1701 5237 1819 5294 cla-
1840 5211 1894 5273 D
1922 5236 2081 5308 plens
2145 5243 2196 5291 et
2243 5243 2367 5308 post
2421 5234 2821 5291 absolutionem
2863 5249 2988 5290 cum
3017 5233 3397 5290 benedictione
3426 5233 3530 5290 iter

196 5321 317 5377 rius
337 5331 681 5394 concrepate,
707 5323 944 5381 basilicae
959 5341 1098 5381 meae
1115 5325 1260 5382 fores
1283 5335 1336 5382 et
1354 5327 1539 5382 abdita
1561 5327 1824 5383 interiora

197 5412 447 5482 pandite,
463 5412 796 5484 neclongius
815 5413 882 5468 ab
897 5430 991 5469 ara
1009 5414 1128 5470 Filii
1148 5415 1468 5487 meicorpus
1487 5417 1818 5487 continente,

194 5517 302 5557 nec
361 5501 579 5572 longius
637 5501 707 5556 ab
757 5517 856 5558 ara
900 5503 1019 5558 Filii
1074 5503 1182 5559 mei
1237 5520 1435 5576 corpus
1489 5507 1821 5581 continente,

189 5589 382 5646 fratris
412 5590 558 5644 illius
587 5597 677 5644 aut
705 5592 913 5646 sororis
929 5593 1139 5663 lipsana
1156 5593 1438 5664 deponite;
1471 5594 1652 5665 palliis
1682 5612 1817 5666 quo-

192 5696 304 5753 que
333 5679 576 5751 denique
602 5679 857 5750 pretiosis
914 5681 1153 5736 laetitiam
1211 5681 1354 5736 illius
1408 5699 1553 5738 nunc
1595 5683 1814 5738 demum

187 5767 583 5842 triumphantis
616 5767 896 5837 redimite,
931 5769 1126 5842 stipate
1155 5770 1500 5843 lampadibus
1528 5779 1688 5844 atque
1722 5771 1811 5827 lu-

1924 5334 2161 5397 cteptum
2202 5332 2524 5397 peracturus
2567 5324 2770 5380 adibat.

1997 5415 2326 5486 Plerumque
2376 5421 2556 5470 autem
2587 5414 2644 5468 in
2688 5413 2904 5486 magnis
2936 5411 3243 5469 consistens
3273 5413 3522 5482 urbibus,

1925 5505 2054 5559 dum
2084 5503 2155 5558 ad
2185 5519 2353 5558 unum
2395 5503 2690 5575 quemlibet
2717 5501 3094 5573 sepeliendum
3138 5502 3521 5572 processisset,

1920 5593 2311 5648 nuntiabantur
2339 5591 2387 5648 ei
2417 5592 2504 5646 alii
2534 5600 2694 5664 atque
2748 5591 2860 5658 alii,
2892 5590 3096 5662 passim
3125 5606 3222 5662 per
3276 5590 3526 5646 diversas

1919 5682 2180 5738 ecclesias
2210 5681 2547 5752 sepeliendi;
2580 5681 2671 5752 qui
2717 5695 2918 5753 magna
2948 5695 3071 5736 cum
3099 5678 3379 5735 alacritate
3407 5679 3528 5734 uni-

1915 5786 2105 5829 versos
2161 5769 2362 5841 adibat,
2393 5769 2666 5826 universis
2723 5767 3038 5842 singiliatim
3065 5766 3306 5825 debitum
3357 5782 3523 5838 sepe-
