3938 6438
488 349 620 403 1031

1375 351 1431 407 S.
1466 351 1784 409 HUGONIS
1826 350 2046 408 EPISC.
2078 351 2402 410 LINCOLN.
2437 352 2602 411 0RD.
2637 355 2894 412 CARTH.

3645 363 3770 418 1032

486 473 655 529 liendi
683 473 919 530 officium
948 474 1142 531 devote
1169 475 1513 547 impendens.
1546 478 1662 534 Nec
1710 477 1882 549 prius,
1918 486 2085 550 quot-
2112 479 2168 539 Α
2188 495 2378 534 recens
2410 479 2607 551 sepulti
2635 480 2879 547 humani,
2913 488 2971 535 ut
3000 479 3303 549 videbatur,
3327 482 3614 539 cadaveris
3642 482 3775 541 circa

489 562 622 617 libet
661 562 750 617 isti
784 563 1031 627 fuissent,
1065 579 1099 619 a
1128 572 1290 620 tantae
1339 566 1692 621 humanitatis
1721 583 1945 622 munere
1990 569 2095 622 de-

488 650 639 721 stitit,
674 668 836 723 quam
865 652 1074 707 nullum
1105 670 1393 725 superesse
1424 655 1515 727 qui
1545 656 1870 727 sepeliretur
1889 673 2094 729 cogno-

2197 568 2474 639 publicum
2504 585 2771 641 aggerem
2816 569 3061 626 cominus
3107 571 3476 641 prospexisse.
3511 570 3635 640 Quo
3663 572 3774 627 dili-

2193 657 2410 727 gentius
2441 666 2644 726 notato,
2674 658 2961 713 confestim
2990 658 3245 725 substitit,
3271 659 3599 732 mittensque
3657 678 3770 731 pro-

490 740 582 795 vit.
616 739 1000 808 Querebantur
1028 758 1441 815 nonnunquam,
1475 752 1529 799 et
1558 745 1962 800 murmurabaut
1991 762 2096 816 po-
2194 746 2336 800 tinus
2364 747 2432 800 ad
2466 747 2750 813 ruricolas,
2797 747 3008 802 eminus
3036 756 3217 803 aratro
3266 749 3490 803 humum
3538 750 3770 820 proscin-

486 837 661 884 tentes
691 830 917 902 quilibet
946 830 1068 901 viri,
1102 848 1224 888 cum
1254 848 1321 888 eo
1342 833 1549 899 pariter
1577 834 1892 901 comesturi,
1926 835 2091 906 quod,

485 918 616 973 dum
645 919 764 974 haec
792 919 994 974 diutius
1034 928 1243 994 ageret,
1273 922 1409 977 hora
1457 922 1670 993 prandii
1722 924 1838 993 jam
1884 923 2092 978 dudum

483 1007 816 1078 praeteriret.
858 1008 1064 1063 Verum
1094 1010 1183 1065 ille
1208 1027 1506 1083 nunquam,
1540 1029 1636 1067 seu
1676 1012 1827 1083 ipsos
1854 1012 1972 1083 ipse
2002 1012 2091 1067 in-

482 1096 724 1164 vitasset,
759 1113 857 1152 seu
888 1098 958 1151 ab
991 1098 1070 1153 eis
1099 1098 1191 1154 ille
1220 1108 1367 1155 esset
1396 1100 1467 1155 ad
1497 1101 1783 1172 prandium
1812 1101 2086 1168 invitatus,

483 1186 600 1242 sive
628 1185 789 1254 hujus
820 1186 897 1241 rei
928 1186 1043 1242 sive
1073 1187 1299 1243 alterius
1355 1190 1723 1262 cujuscunque
1750 1191 1955 1262 negotii
1984 1191 2088 1247 ob-

483 1281 654 1340 tentu,
674 1274 834 1343 hujus
855 1274 1141 1331 omittebat
1169 1276 1383 1347 pietatis
1407 1293 1546 1348 opus
1595 1295 1854 1335 exercere
1874 1321 1888 1346 ,
1934 1279 2083 1346 dum,

478 1363 571 1418 ubi
601 1372 885 1419 exerceret
915 1365 1160 1435 reperire
1205 1375 1389 1437 posset
1439 1367 1615 1439 (170).

553 1453 663 1508 Sed
694 1468 888 1524 parum
920 1462 1004 1509 est
1034 1455 1181 1526 quod
1210 1456 1325 1510 hac
1356 1456 1423 1510 de
1472 1456 1773 1511 minoribus
1801 1456 2087 1512 referimus

480 1542 750 1612 personis.
785 1543 1008 1599 Constat
1038 1543 1186 1599 enim
1220 1544 1345 1615 quia
1378 1553 1432 1600 et
1482 1561 1515 1600 a
1572 1546 1799 1619 regibus
1830 1546 2085 1603 invitatus

479 1630 548 1685 ad
571 1647 820 1686 mensam
848 1630 994 1686 idem
1056 1631 1319 1688 effecerit.
1352 1634 1495 1689 Nam
1524 1642 1575 1689 et
1634 1635 1907 1705 posterius
1938 1636 2084 1706 apud

478 1720 877 1791 Rothomagum
905 1737 940 1776 a
968 1738 1098 1791 rege
1151 1722 1419 1778 Richardo
1452 1725 1622 1793 (171),
1678 1731 1731 1779 et
1771 1723 1934 1793 prius
1953 1725 2082 1779 olim

474 1809 543 1863 ab
577 1809 693 1899 ejus
722 1810 971 1899 genitore
1000 1811 1174 1881 (172),
1226 1819 1449 1882 rogatus
1506 1813 1576 1867 ad
1620 1813 2078 1880 convescendum,
2101 1840 2152 1899 Β

474 1898 665 1952 tandiu
698 1898 770 1953 ad
801 1898 1065 1968 palatium
1085 1899 1293 1954 distulit
1323 1901 1531 1967 venire,
1594 1901 1831 1973 quandiu
1860 1901 1916 1956 in
1948 1903 2079 1958 urbe

476 1986 702 2057 reperit,
736 2003 871 2058 quos
891 1988 1159 2059 potuisset
1178 1989 1433 2059 sepelire.
1467 1990 1621 2045 Unde
1654 2006 1843 2062 regem
1872 1999 2080 2045 utrum-

475 2092 583 2148 que
611 2091 732 2131 cum
763 2076 1133 2147 optimatibus,
1166 2078 1253 2134 vel
1279 2086 1389 2133 tota
1418 2078 1580 2133 simul
1610 2077 1833 2148 familia,
1865 2080 1921 2133 in
1953 2080 2076 2135 lon-

472 2181 604 2238 gum
627 2165 889 2236 compulit
914 2166 1118 2235 jejunia
1149 2166 1447 2237 protelare,
1469 2167 1597 2222 dum
1625 2167 1940 2239 religiosum
1970 2167 2081 2224 otii-

470 2253 617 2309 cium
674 2270 775 2310 nec
829 2270 929 2325 per
968 2254 1177 2310 aulicos
1224 2256 1522 2311 accersitus
1545 2297 1559 2323 ,
1622 2257 2077 2328 contemplatione

466 2342 748 2415 dignitatis
778 2359 876 2398 seu
896 2343 1187 2400 voluntatis
1216 2345 1487 2410 humanae,
1523 2345 1830 2401 nullatenus
1850 2347 2075 2418 acquie-

471 2431 546 2486 vit
575 2432 847 2487 omittere.
909 2432 1247 2505 Urgentibus
1308 2449 1434 2489 vero
1488 2433 1748 2488 ministris
1802 2435 1985 2502 curiae,
2017 2444 2076 2491 ut

466 2519 804 2576 acceleraret
836 2520 908 2576 ad
931 2537 1125 2593 regem
1155 2530 1555 2593 expectantem,
1587 2531 1641 2578 et
1694 2540 1879 2579 moras
1925 2541 2074 2598 agre

464 2607 765 2676 ferentem,
796 2610 1114 2681 quantocius
1171 2611 1357 2667 venire
1410 2612 1500 2667 ille
1556 2612 1690 2667 nihil
1736 2611 2073 2670 festinantius

465 2714 657 2769 agens,
710 2698 891 2754 aiebat
923 2717 937 2753 :
973 2721 995 2749 ι
1030 2700 1153 2755 Non
1206 2716 1345 2772 opus
1373 2709 1475 2765 est,
1508 2701 1701 2773 inquit,
1735 2710 1793 2757 ut
1850 2719 1951 2757 nos
1980 2720 2073 2759 rex

468 2795 763 2858 exspectet,
797 2796 1049 2844 vescatur
1077 2789 1132 2842 in
1176 2789 1394 2845 nomine
1436 2790 1675 2845 Domini.
1717 2814 1737 2838 ιι
1773 2791 1900 2846 Suis
1929 2807 2071 2862 quo-

468 2892 573 2948 que
602 2876 968 2932 familiaribus
1017 2877 1236 2933 dicebat
1270 2894 1282 2932 :
1319 2900 1340 2929 α
1375 2879 1611 2949 Expedit
1655 2879 1832 2952 magis
1870 2888 1929 2934 ut
1975 2898 2072 2936 rex

462 2972 715 3020 terrenus
757 2966 964 3037 absque
1021 2967 1181 3021 nobis
1230 2968 1496 3037 prandeat
1551 2984 1713 3039 quam
1756 2969 2071 3024 mandatum

464 3054 652 3109 aeterni
666 3053 833 3126 Regis
856 3061 1048 3109 nostra
1062 3055 1339 3110 humilitas
1361 3055 1694 3125 inexpletum
1714 3065 2016 3128 praetereat.
2042 3080 2065 3108 ν

465 3142 603 3198 Hinc
631 3142 877 3197 fortassis
908 3142 1265 3199 animadverti
1294 3144 1422 3200 licet
1461 3145 1718 3201 divinitus
1749 3146 1799 3201 ei
1828 3164 1939 3203 non
1968 3148 2068 3202 im-

2192 835 2400 900 dentes,
2436 835 2621 891 didicit
2652 836 2934 905 cujusdam
2965 836 3275 891 homunculi
3305 838 3544 892 ostiatim
3572 838 3772 909 pridem

2190 924 2549 993 mendicantis
2581 924 2890 979 alimoniam
2920 925 3123 980 ibidem
3166 925 3326 981 busta
3354 925 3639 981 contineri.
3674 928 3772 983 De-

2189 1005 2404 1063 functus
2432 1023 2671 1079 namque
2700 1008 2845 1063 idem
2879 1026 3089 1079 egenus
3124 1009 3181 1063 in
3211 1009 3471 1081 pauperis
3501 1010 3771 1079 cujusdam

2188 1113 2282 1150 rus
2310 1098 2622 1168 proximum
2663 1097 2951 1153 incolentis
2989 1099 3173 1165 domo,
3208 1107 3260 1153 et
3290 1115 3323 1153 a
3368 1099 3693 1170 presbytero
3711 1100 3771 1155 il-

2187 1184 2293 1239 lius
2330 1186 2607 1257 parochias
2633 1186 2702 1241 ob
2731 1186 2972 1242 inediam
3006 1187 3310 1259 neglectus,
3347 1204 3413 1243 eo
3444 1188 3566 1244 loco
3597 1188 3771 1259 sepul-

2187 1282 2366 1329 turam
2397 1276 2627 1346 accepit,
2679 1276 2829 1341 dum,
2863 1292 2897 1331 a
2926 1293 3034 1348 quo
3090 1284 3400 1347 portaretur
3428 1277 3499 1332 ad
3528 1287 3770 1334 caemete-

2187 1363 2348 1431 rium,
2380 1381 2489 1419 non
2519 1365 2729 1419 habuit.
2782 1364 2905 1434 Quo
2951 1365 3032 1420 vir
3059 1365 3338 1437 piissimus
3395 1367 3578 1422 audito
3620 1366 3770 1421 altius

2182 1452 2463 1526 ingemuit,
2488 1470 2724 1525 moxque
2755 1454 2810 1507 in
2842 1455 3011 1525 pedes
3043 1455 3112 1509 ab
3144 1471 3285 1527 equo
3317 1455 3657 1510 descendens
3680 1472 3765 1512 ac-

2184 1550 2344 1612 cepto
2372 1542 2560 1614 (quem
2616 1542 2730 1597 fere
2789 1559 3004 1614 semper
3051 1559 3236 1599 secum
3269 1544 3526 1612 habebat)
3581 1544 3761 1599 codice

2183 1630 2458 1685 orationes
2489 1646 2613 1687 cum
2645 1631 2887 1701 psalmis,
2925 1648 3061 1704 quos
3114 1632 3331 1689 recitari
3384 1649 3514 1687 usus
3553 1631 3770 1688 instituit

2183 1719 2492 1790 sepulturae,
2528 1719 2823 1792 diligenter
2854 1736 2951 1791 pro
2998 1737 3064 1776 eo
3121 1737 3185 1776 ac
3242 1721 3437 1777 devote
3488 1721 3767 1792 percurrit.

2183 1808 2374 1863 Postea
2405 1824 2535 1864 vero
2561 1809 2665 1864 loci
2696 1809 2955 1880 episcopo
2989 1809 3242 1865 attentius
3287 1810 3492 1865 orando
3541 1827 3769 1884 sugges-

2182 1896 2268 1962 sit,
2303 1904 2572 1968 quatenus
2594 1898 2646 1951 in
2678 1898 3019 1953 sacerdotem
3051 1898 3203 1953 illum
3233 1898 3420 1953 durius
3445 1898 3767 1965 adverteret,

2181 1986 2273 2057 qui
2303 1984 2509 2041 homini
2541 1986 2865 2053 Christiano,
2898 1995 3123 2058 propter
3152 1986 3292 2042 illius
3314 1987 3575 2059 inepiam,
3604 1987 3770 2060 sepul-

2180 2081 2357 2129 turam
2391 2083 2692 2147 negaverat
2733 2075 3126 2130 Christianam.

2250 2162 2497 2219 Vidimus
2515 2163 2620 2218 alio
2652 2172 2897 2235 tempore
2931 2166 3101 2237 (177),
3131 2180 3254 2221 cum
3274 2166 3415 2237 apud
3442 2165 3769 2222 Lincolniam

2178 2251 2234 2305 in
2266 2252 2507 2307 crastino
2538 2252 2747 2307 Natalis
2770 2253 2986 2308 Domini
3016 2253 3084 2308 de
3117 2254 3360 2326 glorioso
3379 2254 3771 2325 Cbristiproto-

2176 2349 2416 2412 martyre
2450 2342 2726 2412 Stephano
2757 2342 2980 2397 missam
3024 2342 3373 2399 devotissime
3420 2343 3767 2409 celebrasset,

2175 2437 2233 2484 ut
2261 2438 2554 2502 rogaretur
2583 2447 2613 2484 a
2646 2431 2882 2502 quodam
2926 2432 3306 2497 carmentario,
3364 2431 3456 2504 qui
3486 2432 3539 2486 in
3567 2431 3770 2488 fabrica

2177 2519 2423 2574 ecclesiae
2452 2520 2775 2589 desudabat,
2828 2528 3091 2592 quatenus
3149 2520 3335 2576 fratris
3384 2521 3466 2576 sui
3513 2521 3766 2587 animam,

2174 2608 2511 2678 prmcedenti
2535 2616 2692 2663 nocte
2725 2610 2887 2663 rebus
2912 2609 3163 2664 humanis
3194 2609 3769 2680 exemptam,auctori-

2176 2703 2282 2750 tate
2315 2695 2610 2767 pontificali
2638 2713 2671 2752 a
2694 2698 2932 2768 peccatis
2960 2699 3270 2755 absolveret
3300 2698 3642 2770 Dominoque
3671 2698 3768 2754 de-

2178 2785 2398 2840 votione
2427 2786 2692 2856 peculiari
2722 2788 3154 2843 commendaret.
3187 2786 3346 2857 Quod
3377 2787 3557 2842 statim
3601 2787 3769 2842 adim-

2174 2874 2351 2944 plens,
2385 2859 2669 2946 inquirere.
2692 2876 2859 2946 cmpit
2906 2884 3086 2930 utrum
3121 2877 3237 2945 ejus
3264 2876 3440 2932 adhuc
3469 2892 3768 2948 corpuscu-

2175 2961 2289 3017 lum
2319 2964 2599 3019 humatum
2658 2963 2870 3019 fuisset.
2917 2963 3075 3033 Quod
3104 2966 3160 3020 in
3207 2965 3484 3021 remotiori
3538 2966 3772 3022 ecclesia

2172 3053 2406 3107 necdum
2429 3052 2700 3124 sepultum
2730 3053 2958 3108 audiens
2990 3054 3216 3121 servari,
3261 3054 3423 3124 jussit
3446 3069 3573 3110 mox
3601 3070 3767 3109 unum

2174 3140 2296 3206 sibi,
2330 3141 2493 3196 alium
2552 3158 2650 3196 suo
2709 3143 2992 3213 capellano
3060 3152 3113 3199 et
3166 3143 3382 3199 tertium
3423 3142 3645 3209 famulo,
3680 3143 3770 3215 qui

463 3230 662 3287 merito
690 3230 858 3287 fuisse
888 3232 1230 3300 retributnm,
1263 3241 1341 3301 ut,
1375 3233 1467 3306 qui
1498 3234 1634 3290 duos
1658 3251 1818 3308 reges
1839 3236 1911 3292 ob
1931 3253 2065 3308 pau-
2089 3200 2136 3262 Ο
2166 3239 2292 3286 ante
2323 3247 2448 3286 eum
2498 3231 2741 3302 equitare
2800 3240 3184 3299 consueverat,
3220 3232 3486 3289 caballum
3547 3233 3769 3289 adduci.

459 3336 655 3391 perum
686 3320 1019 3392 sepulturam
1049 3322 1385 3393 neglexerat,
1421 3322 1539 3394 ipse
1562 3324 1780 3379 demum
1801 3325 1856 3380 in
1902 3326 2064 3383 fune-

463 3409 541 3464 ris
574 3408 658 3464 sui
688 3409 1033 3481 obsequium,
1067 3425 1194 3467 cum
1222 3410 1357 3468 viris
1388 3412 1713 3468 sublimibus
1733 3413 1935 3484 multis,
1968 3433 2062 3472 re-

459 3514 560 3571 ges
590 3498 729 3554 duos
760 3499 909 3571 (173)
942 3500 1167 3556 haberet
1210 3500 1500 3557 adunatos.
1552 3504 1755 3559 Verum
1811 3504 1929 3559 bmc
1962 3519 2062 3559 suo

460 3586 688 3645 inferius
716 3587 838 3645 loco
866 3589 1085 3657 dicturi,
1119 3589 1332 3646 interim
1361 3599 1541 3662 coepta
1567 3608 1985 3664 prosequamur.

1143 3733 1370 3790 CAPUT
1407 3735 1454 3788 ll
1466 3775 1479 3789 .

457 3859 529 3909 De
570 3859 822 3920 cujusdam
858 3860 1100 3926 pauperis
1145 3860 1401 3922 sepultura
1444 3861 1499 3912 in
1542 3861 1900 3914 Northmanm’a
1924 3903 1941 3925 ,
2013 3868 2066 3913 et

517 3926 792 3987 plurimum
860 3926 915 3975 in
980 3927 1239 3978 Lincolnia
1260 3967 1277 3990 ,
1347 3932 1397 3977 et
1453 3930 1653 3991 prcrlati
1710 3931 1961 3991 cujusdam
2005 3931 2061 3981 in

526 3992 891 4044 Bcrmuudesia.

530 4110 803 4180 Quoniam
859 4112 1005 4183 apud
1051 4113 1454 4187 Rothomagum
1483 4157 1498 4182 ,
1558 4116 2057 4172 Northmannorum

454 4200 662 4256 scilicet
691 4201 1051 4273 metropolim,
1102 4219 1207 4258 nec
1262 4211 1444 4259 tamen
1474 4219 1507 4258 a
1537 4204 1696 4259 nobis
1728 4205 1847 4260 visa
1878 4206 2048 4276 (174),

457 4290 556 4345 sed
609 4290 879 4347 veraciter
906 4291 1107 4359 audita,
1158 4292 1463 4363 retulimus,
1496 4292 1661 4361 libet,
1694 4302 1751 4348 ut
1800 4294 1854 4349 in
1876 4312 1934 4351 re
1975 4295 2053 4350 si-

449 4378 585 4444 mili,
618 4379 765 4451 quod
789 4378 843 4434 in
872 4380 1062 4436 eadem
1093 4381 1376 4452 provincia
1405 4382 1509 4454 ipsi
1553 4383 1623 4438 ab
1645 4383 1839 4439 eodem
1875 4392 2055 4441 actum

451 4467 685 4524 vidimus
716 4469 884 4541 (175),
917 4469 1158 4527 breviter
1185 4471 1555 4528 absolvemus.
1590 4473 1691 4528 Die
1722 4473 1887 4543 igitur
1919 4489 2054 4545 qua-

2165 3321 2497 3376 Decreverat
2524 3320 2669 3375 enim
2702 3336 2824 3377 cum
2853 3321 2938 3376 his
2974 3330 3180 3377 tantum
3238 3322 3409 3376 tribus
3460 3322 3532 3376 ad
3602 3320 3767 3376 funus

2161 3409 2485 3480 procedere.
2520 3410 2629 3465 Sed
2659 3426 2783 3465 cum
2814 3410 3075 3465 defuisset
3104 3428 3280 3483 equus
3309 3426 3431 3467 cum
3454 3410 3764 3481 capellano,

2162 3498 2435 3554 caballum
2483 3498 2774 3553 servientis
2831 3515 2953 3555 eum
2997 3500 3257 3571 praecepit
3310 3500 3684 3555 conscendere
3717 3508 3769 3553 et

2160 3587 2311 3642 illum
2354 3588 2652 3658 praeeundo
2684 3587 2754 3642 ad
2812 3588 3141 3644 destinatum
3200 3589 3380 3645 locum
3442 3588 3766 3660 quantocius

2161 3691 2480 3747 properare.
2508 3675 2706 3747 Sicque
2735 3676 2950 3731 duobus
3005 3684 3210 3731 tantum
3268 3685 3551 3732 contentus
3583 3676 3763 3748 equis,

2161 3764 2501 3820 solummodo
2528 3781 2636 3820 uno
2670 3767 2939 3822 monacho
2970 3773 3023 3821 et
3069 3766 3282 3821 duobus
3313 3766 3496 3837 pueris
3527 3766 3765 3821 comita-

2158 3861 2267 3919 tus,
2297 3854 2542 3924 pervenit
2572 3854 2639 3909 ad
2665 3871 2865 3926 corpus
2895 3854 3157 3911 defuncti.
3192 3854 3313 3923 Quo
3357 3863 3511 3909 terrae
3566 3854 3765 3909 matris

2159 3942 2374 4015 gremio
2406 3950 2635 4014 paterna
2668 3943 3031 3999 sollicitudine
3062 3943 3460 4011 commendato,
3521 3943 3764 4015 quinque

2157 4031 2418 4101 deinceps
2447 4031 2567 4102 ipsa
2598 4032 2685 4087 die
2718 4032 2787 4102 (si
2808 4048 2909 4087 nos
2957 4024 3222 4088 memoria
3246 4049 3354 4088 non
3384 4031 3540 4101 fallit)
3569 4032 3623 4086 in
3672 4032 3764 4086 di-

2161 4115 2336 4169 versis
2369 4116 2686 4172 successive
2743 4117 3067 4172 caameteriis
3123 4117 3371 4188 sepelivit
3407 4116 3618 4184 funera,
3659 4132 3765 4188 per

2156 4204 2403 4275 ipsorum
2455 4205 2663 4261 amicos
2702 4205 2805 4259 sibi
2863 4206 3164 4278 assignata.
3204 4206 3334 4262 Cum
3366 4220 3497 4261 vero
3536 4205 3649 4274 jam
3702 4221 3763 4259 se

2155 4293 2286 4348 hora
2314 4293 2523 4349 tardior
2554 4295 2927 4365 protraheret,
2990 4295 3219 4367 ipseque
3275 4310 3399 4367 cum
3429 4293 3558 4349 cieri
3606 4301 3762 4364 parte

2154 4397 2265 4437 non
2294 4382 2507 4438 modica
2540 4383 2609 4437 ab
2637 4382 3022 4439 archidiacono
3068 4382 3457 4439 Bedefordensi
3484 4383 3634 4453 (178)
3667 4383 3760 4437 in-

2154 4470 2370 4539 vitatus,
2403 4472 2476 4526 ad
2495 4471 2685 4542 epulas
2727 4472 3003 4527 solemnes
3027 4472 3215 4528 venire
3236 4470 3496 4538 differret,
3524 4479 3761 4542 rogatur

448 4555 596 4624 dam,
628 4557 733 4613 iter
752 4566 948 4632 agente
969 4576 1126 4616 servo
1148 4560 1277 4627 Dei,
1313 4561 1539 4634 contigit
1567 4561 1717 4616 illum
1747 4579 1857 4618 non
1887 4562 2053 4636 longe
2074 4567 2126 4627 D
2154 4575 2187 4614 a
2216 4559 2422 4625 multis,
2456 4568 2510 4615 et
2538 4560 2605 4614 ab
2637 4560 2759 4631 ipso
2791 4561 3011 4616 tandem
3055 4561 3146 4632 qui
3202 4576 3358 4615 suum
3392 4560 3441 4614 ei
3477 4566 3761 4615 mortuum

446 4661 480 4702 a
508 4655 708 4717 castro,
766 4648 911 4720 quod
957 4650 1261 4721 Argentum
1314 4650 1465 4723 (176)
1494 4658 1740 4720 vocatur,
1788 4651 2050 4708 tumulum

515 4825 659 4892 (170)
702 4825 860 4889 Hujus
904 4827 977 4893 rei
1019 4827 1292 4891 exemplum
1339 4829 1551 4891 praebuit
1595 4830 1734 4893 Hugo
1776 4834 1943 4883 noster
1987 4833 2050 4883 ab

446 4894 794 5011 arlcbitdiacono
817 4892 1169 4945 Bedefordensi
1217 4895 1470 4958 invitatus,
1509 4896 1580 4947 uti
1623 4899 1844 4961 sequenti
1888 4900 2047 4965 capite

447 4973 499 5011 re
522 4974 576 5011 er
602 4974 680 5011 ur.

513 5043 658 5115 (171)
685 5047 825 5097 Anno
851 5042 1001 5115 1197,
1027 5049 1113 5115 aut
1141 5047 1290 5097 1198.
1325 5047 1539 5108 Utroque
1563 5049 1695 5099 enim
1740 5062 1867 5101 anno
1908 5053 2048 5115 Hugo

447 5123 617 5182 regem
646 5112 696 5162 in
720 5111 1066 5163 transmarinis
1089 5115 1330 5177 accessit,
1357 5114 1430 5165 uti
1453 5118 1647 5166 constat
1670 5128 1731 5167 ex
1750 5130 1798 5168 c.
1826 5118 1877 5182 8,
1900 5111 2047 5181 hujus

444 5176 576 5227 libri.

515 5259 660 5329 (172)
686 5263 833 5315 Forte
861 5265 910 5318 id
936 5266 1115 5317 accidit
1147 5265 1306 5331 primo
1330 5268 1414 5317 aut
1438 5266 1592 5317 altero
1617 5268 1923 5331 episcopatus
1968 5272 2045 5321 sui

443 5340 589 5445 anns),
629 5343 724 5394 quo
767 5333 893 5396 apud
931 5333 1195 5386 Henricum
1237 5347 1406 5399 regem
1449 5335 1598 5386 fuisse
1621 5335 1801 5398 legitur
1826 5336 1912 5388 lib.
1942 5351 2041 5401 ιιι,

446 5479 868 5612 cal$172.3?)Anglia:
915 5488 967 5537 et
1003 5487 1200 5552 Scotiae,
1238 5488 1310 5539 uti
1356 5486 1565 5539 habetur
1587 5487 1718 5540 infra
1758 5489 1852 5540 hoc
1895 5489 2040 5554 libro,

511 5632 654 5703 (174)
679 5635 804 5689 Hinc
829 5637 1056 5703 colligere
1095 5638 1211 5693 licet
1248 5640 1401 5693 relata
1442 5640 1601 5705 capite
1642 5640 1938 5706 praecedenti
1978 5641 2040 5694 de

2151 4648 2579 4715 denuntiaverat,
2615 4656 2881 4721 quatenus
2911 4665 3013 4721 pro
3042 4648 3284 4705 defuncti
3341 4648 3523 4703 anima
3553 4648 3757 4703 tantis-

2145 4829 2395 4882 Bichardo
2416 4844 2529 4894 rege
2552 4830 2789 4882 accidisse
2822 4843 2948 4881 anno
2994 4830 3142 4892 1197,
3190 4843 3284 4894 quo
3322 4832 3490 4881 auctor
3532 4828 3756 4879 nondum

2146 4898 2308 4949 fuerat
2327 4900 2454 4962 apud
2478 4900 2749 4963 nugonem,
2775 4898 2994 4961 exceptis
3016 4898 3199 4948 ultimis
3222 4897 3335 4947 anni
3361 4896 3628 4948 mensibus.

2217 4984 2350 5044 (175)
2377 4985 2554 5034 Narrat
2576 4987 2749 5034 auctor
2772 4983 2865 5033 hoc
2884 4997 2995 5047 cap.
3013 4995 3118 5045 quae
3144 4982 3328 5033 ultimis
3349 4981 3566 5045 Hugonis
3582 4982 3752 5042 annis,

2147 5051 2322 5115 quibus
2345 5051 2450 5114 ipse
2474 5052 2700 5115 episcopo
2724 5050 2951 5113 adhaesit,
2980 5050 3309 5114 contigerunt.

2214 5136 2503 5197 (176)1dem
2547 5149 2656 5187 cum
2706 5151 2727 5183 α
2770 5138 3126 5198 Argentomago
3170 5150 3190 5183 ι
3238 5147 3324 5185 seu
3378 5149 3401 5182 ι
3444 5135 3754 5196 Argentono,

2144 5204 2507 5276 Argentomove
2526 5244 2539 5265 ,
2567 5217 2593 5251 ι
2623 5203 2753 5276 circa
2779 5202 2905 5276 quod
2934 5215 3078 5276 casus
3113 5200 3197 5276 hic
3231 5202 3414 5276 accidit
3447 5212 3575 5276 anno

2144 5280 2255 5332 qeo,
2292 5270 2494 5320 ntinfra
2517 5282 2626 5333 cap.
2672 5271 2721 5327 7,
2770 5270 2980 5334 dicetur,
3006 5271 3143 5332 [iugo
3186 5269 3235 5319 in
3259 5269 3337 5319 die
3385 5270 3437 5319 S.
3487 5267 3752 5331 Augustini

2144 5338 2351 5387 accessit
2376 5337 2671 5388 Richardum
2699 5349 2884 5399 regem.

2214 5419 2350 5483 (177)
2379 5425 2518 5471 Anno
2542 5421 2766 5472 videlicet
2792 5422 3073 5485 praemisso,
3112 5432 3206 5483 quo
3242 5420 3385 5483 juxta
3426 5433 3537 5483 cap.
3577 5419 3633 5481 9,
3663 5432 3755 5470 rex

2142 5488 2204 5537 ab
2229 5489 2429 5550 Hugone
2450 5488 2703 5539 duodecim
2744 5488 2837 5539 sibi
2886 5489 3013 5540 mitti
3060 5487 3203 5552 petiit
3243 5486 3449 5539 ditiores
3485 5500 3513 5539 e
3559 5486 3755 5548 gremio

2142 5554 2375 5605 Ecclesia:
2399 5567 2515 5605 suae.

2212 5637 2357 5705 (178)
2394 5638 2485 5703 Qui
2511 5650 2623 5704 cap.
2646 5640 2700 5704 4,
2721 5638 3001 5705 appellatur
3022 5639 3335 5692 Laurentius.
