3938 6402
197 403 337 454 1033

1563 393 1748 447 VlTA.
1798 421 1866 431 —
1904 392 2029 446 LIB.
2079 393 2140 447 V.

3375 397 3508 448 1034

200 540 302 594 per
331 523 540 577 orando
588 531 638 576 et
687 520 1040 576 absolutionis
1090 519 1406 590 suffragium
1449 516 1804 589 porrigendo,
1838 515 2233 574 Ainferemus.
2274 519 2334 572 In
2362 534 2462 573 nos
2491 519 2650 573 etiam
2680 517 2992 588 aliquorum
3022 517 3160 572 forte
3207 517 3511 589 indignatio

201 628 329 666 eam
361 610 606 666 Creatori
637 610 1046 666 commendaret
1075 615 1132 662 ut
1161 608 1229 663 ad
1263 607 1516 678 fatigatos
1542 607 1649 674 jam
1698 619 1812 674 pra:

202 701 414 754 diutina
448 698 854 770 exspectatione
887 697 1080 752 saltem
1102 705 1223 766 post
1248 712 1433 750 moras
1461 692 1812 764 longissimas

168 847 175 851 _
204 788 397 843 venire
428 788 651 842 ulterius
674 803 780 841 non
805 785 1068 840 tardaret.
1102 784 1207 852 Qui
1241 784 1342 837 sibi
1374 783 1476 836 ista
1509 797 1812 853 suggeren-

204 877 352 930 tibus
391 891 498 930 non
539 875 656 930 sine
695 874 976 942 cujusdam
1024 871 1466 942 reprehensionis
1515 869 1812 940 asperitate

204 964 528 1034 respondit,
585 973 636 1018 et
666 978 850 1033 quare,
883 961 1093 1032 inquit,
1145 975 1253 1014 non
1282 957 1566 1014 advertitis
1619 972 1813 1011 vocem

210 1051 426 1108 Domini
475 1051 646 1105 nostri
696 1067 793 1105 ore
843 1064 1002 1105 sacro
1050 1045 1324 1118 loquentis
1355 1062 1369 1101 :
1406 1069 1427 1090 ιε
1463 1046 1616 1100 Meus
1658 1045 1813 1099 cibus

212 1148 297 1194 est
323 1183 336 1205 ,
385 1148 439 1194 ut
481 1139 677 1195 faciam
724 1138 1058 1194 voluntatem
1091 1135 1259 1191 Patris
1287 1134 1421 1200 mei,
1458 1133 1549 1205 qui
1577 1133 1631 1187 in
1663 1131 1814 1188 caelis

211 1228 337 1282 est?
377 1230 560 1298 (Joan.
607 1243 663 1282 IV
688 1270 700 1293 ,
737 1227 850 1296 34.)
882 1226 996 1280 Nec
1054 1224 1213 1296 plura
1242 1222 1472 1288 locutus,
1505 1219 1813 1275 intermisso

213 1317 386 1371 instar
433 1315 607 1371 sancti
635 1314 820 1370 Tobiae
852 1313 1115 1384 prandio,
1151 1309 1364 1378 maluit,
1407 1317 1466 1364 ut
1494 1315 1678 1364 monet
1709 1308 1814 1363 Sa-

218 1406 395 1476 piens,
420 1427 439 1449 α
468 1403 548 1458 ire
573 1403 640 1457 ad
671 1403 889 1457 domum
922 1401 1119 1470 luctus,
1144 1415 1306 1471 quam
1330 1398 1394 1452 ad
1426 1397 1648 1452 domum
1677 1411 1812 1451 eon-

213 1493 344 1548 vivii
389 1493 593 1556 (Eccle.
639 1506 736 1559 vn,
770 1490 844 1560 3).
884 1511 904 1538 ν
943 1489 1042 1544 [vit
1072 1488 1258 1560 igitur,
1297 1486 1704 1557 plurimumque
1747 1500 1812 1539 ex

216 1580 518 1636 sanctitatis
561 1595 673 1634 suae
725 1577 1016 1649 praesentia
1047 1577 1297 1647 lugentes
1327 1573 1655 1638 consolatus,
1690 1587 1813 1627 eum

216 1669 508 1740 sepeliens,
542 1668 633 1739 qui
664 1667 988 1739 lugebatur,
1020 1682 1049 1720 a
1080 1666 1225 1720 luctu
1253 1707 1265 1730 ,
1315 1672 1372 1718 ut
1417 1662 1506 1734 pie
1553 1659 1810 1725 creditur,

215 1758 429 1813 Christo
462 1757 778 1822 miserante,
808 1755 1016 1810 orando
1063 1752 1314 1808 absolvit.

1912 605 2292 672 concitabitur,
2319 606 2675 661 assercntium
2713 606 2860 677 quod
2890 606 3180 660 inhumane
3202 605 3374 660 cladis
3417 606 3512 660 hu-

1913 710 2105 761 mane,
2156 695 2321 749 sortis
2365 694 2736 759 moribundae,
2791 710 3135 749 communem
3181 699 3506 762 aerumnam,

1915 800 2075 854 quam
2124 783 2542 854 conspeximus,
2610 783 2844 854 publicis
2891 783 3113 838 auribus
3170 782 3506 854 ingeramus.

1915 872 2202 937 Caeterum,
2237 871 2361 943 quia
2392 889 2455 926 ex
2479 872 2563 925 his
2585 880 2852 941 suscepta:
2883 870 3162 927 relationis
3178 871 3356 942 portio
3387 889 3509 928 ma-

1913 975 2024 1031 gna
2053 960 2358 1030 dependet,
2407 967 2760 1030 nostramque
2790 959 2844 1013 in
2888 959 2971 1014 his
3021 960 3202 1030 potius
3247 960 3511 1017 deﬂemus

1912 1049 2192 1104 miseriam
2208 1063 2372 1120 quam
2393 1047 2585 1104 alienas
2607 1047 2922 1113 calamitati,
2945 1048 3090 1119 quod
3111 1049 3258 1103 Deus
3278 1057 3506 1117 avertat,

1914 1136 2266 1204 insultamus,
2301 1136 2550 1192 audiatur
2573 1178 2586 1203 ,
2620 1135 2688 1191 ad
2717 1135 2958 1191 omnium
2987 1135 3272 1192 utilitatem
3297 1179 3311 1204 ,
3365 1138 3512 1209 quod

1914 1225 2165 1281 dicimus.
2201 1224 2280 1280 Sit
2307 1232 2496 1280 notum
2524 1223 2850 1289 viventibus,
2883 1223 2953 1279 ad
2981 1223 3298 1280 humilitatis
3326 1226 3510 1296 profe-

1915 1322 2094 1380 ctum,
2131 1313 2276 1385 quod
2303 1313 2537 1369 innotuit
2562 1313 2618 1367 in
2644 1313 2899 1368 defuncto
2930 1312 3001 1368 ad
3044 1313 3288 1369 horroris
3313 1328 3510 1370 cumu-

1914 1402 2047 1458 lum.
2079 1403 2158 1457 Sit
2187 1402 2513 1474 quandoque
2543 1401 2706 1458 etiam
2734 1401 3148 1474 exstinguendis
3197 1402 3268 1458 ad
3299 1402 3511 1459 virtutis

1914 1491 2317 1548 mmulationem
2345 1491 2400 1546 id
2425 1533 2439 1558 ,
2487 1491 2634 1563 quod
2679 1489 2816 1546 vivis
2862 1489 3008 1546 circa
3037 1490 3353 1547 defunctum
3375 1533 3391 1559 ,
3425 1492 3513 1548 cui

1916 1580 2234 1652 propitietur
2259 1581 2408 1636 Deus
2431 1622 2444 1645 ,
2478 1577 2549 1634 ad
2580 1579 2900 1634 intuendum
2929 1578 3172 1635 exhibuit
3208 1587 3507 1652 stuporem.

1988 1669 2177 1724 Visum
2225 1675 2309 1724 est
2329 1668 2524 1738 jacens
2561 1666 2616 1722 in
2663 1666 2866 1722 feretro
2897 1666 3134 1723 cadaver
3161 1667 3506 1725 exstinctum.

1917 1771 2067 1813 more
2098 1757 2318 1828 quidem
2337 1755 2697 1828 quorumdam
2727 1753 2878 1811 vultu
2907 1755 3193 1823 nudatum,
3227 1757 3324 1813 sed
3347 1773 3512 1828 super

288 1845 537 1914 Quodam
567 1844 759 1900 iterum
791 1851 1034 1914 tempore
1054 1843 1203 1913 (176)
1227 1837 1510 1895 Londonia
1541 1837 1613 1926 ad
1645 1852 1814 1910 gene-
1834 1865 1888 1926 Β
1916 1847 2215 1902 carbonem
2261 1845 2636 1916 denigratum.
2691 1844 2824 1899 Erat
2850 1859 2984 1899 sane
3013 1859 3215 1916 corpus
3243 1845 3513 1917 reliquum

217 1934 333 1988 rale
363 1931 693 2003 colloquium
725 1930 1005 1987 accersitis
1023 1928 1257 2000 praelatis
1281 1934 1335 1982 et
1354 1925 1674 1997 proceribus
1706 1926 1815 1980 An-

219 2023 364 2093 glize,
391 2020 784 2077 Lincolniensis
806 2019 1095 2090 episcopus
1113 2032 1178 2072 eo
1197 2015 1396 2087 pariter
1415 2013 1654 2069 advenit.
1678 2015 1818 2085 Age-

221 2111 350 2164 bant
380 2126 596 2182 quoque
626 2108 775 2162 illum
797 2105 1182 2179 urgentissima
1213 2121 1325 2159 suae
1353 2102 1616 2159 Ecclesia)
1645 2116 1817 2173 nego-

219 2199 316 2264 tia,
351 2215 512 2268 super
555 2197 751 2268 quibus
781 2195 1097 2251 necessario
1144 2201 1262 2248 erat
1309 2207 1432 2248 cum
1463 2189 1650 2245 amicis
1681 2189 1811 2255 suis,

221 2288 314 2359 qui
344 2287 411 2342 ad
432 2286 610 2342 locum
633 2284 1026 2351 conﬂuxerant,
1055 2289 1394 2338 tractaturus.
1428 2279 1665 2350 Contigit
1685 2293 1818 2333 vero

219 2375 470 2446 proxima
501 2375 588 2429 die
617 2391 740 2445 qua:
770 2380 1023 2428 statutum
1046 2377 1345 2427 conventus
1375 2367 1516 2423 illius
1538 2365 1819 2438 prmcessit

221 2464 367 2519 diem
389 2507 402 2530 ,
435 2463 723 2535 quemdam
755 2478 821 2516 ex
868 2459 1107 2531 praelatis
1131 2502 1143 2525 ,
1187 2457 1276 2530 qui
1305 2462 1690 2520 convenerant,
1723 2470 1818 2508 su-

226 2553 338 2608 bita
387 2551 679 2623 prreveniri
725 2549 1079 2622 aegritudine,
1133 2562 1295 2618 quam
1334 2562 1459 2600 mox
1499 2545 1659 2600 citato
1699 2543 1819 2597 vitae

225 2640 535 2696 terminavit
566 2639 689 2694 fine.
721 2640 799 2693 De
832 2653 940 2708 quo
962 2652 994 2691 a
1023 2635 1204 2690 multis
1234 2634 1513 2689 ferebatur
1544 2632 1666 2703 quia
1698 2630 1824 2685 fuis-

227 2738 310 2785 set
340 2729 482 2801 gulte
521 2727 792 2783 illecebris
841 2727 962 2797 plus
1010 2741 1174 2796 quam
1220 2722 1350 2777 satis
1380 2722 1645 2776 obnoxius
1685 2719 1820 2774 etin

224 2818 499 2889 potatione
552 2818 821 2886 superﬂua
852 2814 1013 2868 nimis
1042 2812 1312 2868 assiduus.
1367 2811 1529 2879 Cujus
1573 2809 1820 2863 discessu

226 2907 429 2972 audito,
462 2905 586 2960 licet
633 2905 682 2959 ei
709 2920 898 2974 parum
929 2911 1086 2957 notus
1118 2900 1438 2964 exstitisset,
1473 2896 1821 2951 nihilominus

227 2995 430 3050 intimm
458 2993 674 3064 pietatis
721 2991 1024 3048 visceribus
1073 2989 1250 3046 eidem
1293 2985 1588 3052 condoluit,
1622 2991 1674 3040 et
1721 2999 1821 3055 pro

229 3099 295 3139 eo
329 3083 472 3154 apud
499 3081 791 3137 Dominum
835 3079 1152 3150 suppliciter
1197 3074 1525 3131 intercessit.
1572 3073 1823 3128 Protinus

231 3183 412 3228 tamen
464 3169 737 3241 explorari
777 3167 937 3237 jussit
986 3181 1225 3238 quonam
1271 3164 1416 3231 loci,
1450 3162 1599 3218 vela
1629 3160 1823 3234 quibus

229 3260 478 3332 personis
501 3260 647 3314 idem
668 3257 893 3313 deberet
913 3254 1182 3322 tumulari,
1199 3261 1252 3309 et
1270 3251 1609 3307 renuntiatur
1629 3250 1678 3304 ei
1696 3249 1825 3321 quia

228 3350 282 3404 in
321 3347 569 3404 Ecclesia
616 3345 834 3401 Domini
879 3352 930 3400 et
977 3342 1270 3399 Salvatoris
1312 3340 1486 3396 nostri
1515 3339 1658 3410 apud
1687 3339 1824 3392 Ber-

228 3435 566 3492 mundesiam
586 3435 733 3504 (180)
758 3433 897 3488 foret
923 3431 1252 3497 humandus,
1275 3429 1372 3484 sed
1402 3427 1581 3483 nullus
1612 3426 1824 3497 episco-

228 3541 422 3597 porum
443 3525 556 3580 sive
586 3523 846 3577 abbatum
879 3521 994 3590 ejus
1012 3519 1325 3575 crederetur
1355 3515 1644 3587 exsequias
1675 3514 1823 3570 cele-

231 3615 505 3668 braturus.
556 3611 748 3666 Nullus
793 3609 1095 3666 vicinorum
1145 3607 1308 3663 etiam
1351 3613 1439 3659 aut
1484 3602 1824 3658 familiarium

233 3719 328 3757 seu
359 3703 645 3757 charorum
693 3697 771 3753 illi
821 3697 1094 3769 quondam
1124 3695 1343 3765 praelato
1374 3693 1571 3748 abesse
1610 3691 1826 3747 volebat

231 3791 343 3846 sive
389 3789 624 3843 audebat
655 3786 883 3842 solemni
913 3784 1205 3841 conventui
1225 3827 1237 3849 ,
1290 3782 1381 3853 qui
1417 3781 1503 3836 die
1535 3780 1825 3852 sepulturze

231 3879 372 3933 illius
404 3877 547 3948 apud
575 3873 1125 3931 Westmonasterium
1158 3870 1345 3927 debuit
1383 3868 1620 3924 aduniri.
1667 3866 1826 3935 Quod

231 3967 520 4038 episcopus
551 3964 807 4032 audiens,
847 3987 866 4009 α
906 3961 1075 4017 noluit
1104 3961 1268 4025 Deus,
1294 3957 1486 4029 inquit,
1531 3956 1675 4028 quod
1705 3955 1827 4010 talis

228 4069 483 4125 persona,
515 4061 592 4108 tot
636 4052 798 4108 modo
827 4051 883 4106 in
911 4051 1018 4106 hac
1065 4049 1267 4121 pariter
1304 4046 1437 4100 urbe
1467 4047 1617 4115 (181)
1648 4043 1828 4099 consi-

231 4143 494 4198 stentibus
523 4140 783 4212 prtelatis,
810 4140 864 4194 in
895 4139 997 4194 hac
1028 4152 1283 4207 suprema
1312 4133 1639 4189 necessitate
1669 4131 1827 4186 dese-

230 4239 379 4286 ratur
407 4231 476 4286 ab
505 4229 758 4284 omnibus
787 4227 965 4282 nobis.
996 4227 1119 4281 Non
1167 4225 1238 4280 ita
1273 4223 1536 4278 faciemus
1576 4219 1828 4291 proximo

231 4327 435 4386 nostro,
468 4333 570 4374 nec
599 4317 742 4373 enim
771 4317 874 4372 hoc
901 4315 1003 4369 sibi
1037 4314 1157 4386 quis
1188 4311 1304 4367 fieri
1333 4310 1493 4366 vellet
1527 4309 1596 4364 ab
1627 4308 1753 4364 alio.
1805 4333 1824 4355 η

301 4407 572 4478 Disposito
603 4405 802 4478 igitur,
856 4412 908 4459 ut
936 4402 1199 4475 quosdam
1228 4417 1294 4454 ex
1326 4399 1439 4454 suis
1469 4398 1706 4452 mitteret
1761 4395 1830 4450 ad

234 4497 456 4561 curiam,
493 4495 584 4566 qui
615 4503 669 4550 et
713 4509 864 4548 suam
894 4490 1107 4546 interim
1138 4494 1463 4544 excusarent
1505 4485 1826 4550 absentiam,

1854 3221 1901 3282 Ο

1919 1933 2044 1988 alba
2071 1933 2413 1999 sacerdotali,
2447 1932 2545 1988 sed
2571 1939 2626 1988 et
2651 1931 2834 1989 casula
2863 1931 3132 1998 indutum,
3165 1931 3265 1989 sed
3294 1949 3405 2004 prae
3435 1941 3514 1990 tu-

1918 2038 2069 2078 more
2099 2022 2266 2078 nimio
2297 2021 2386 2077 vix
2415 2019 2623 2076 eisdem
2653 2019 2942 2077 inclusum.
2973 2021 3137 2088 Nam,
3171 2037 3294 2077 cum
3333 2023 3512 2080 adhuc

1918 2111 2123 2166 dudum
2144 2110 2505 2183 vegetebatur
2523 2108 2712 2181 spiritu
2732 2152 2750 2177 ,
2773 2109 2846 2164 ita
2865 2109 3123 2182 grossitie
3140 2110 3513 2169 vehementior

1918 2199 2162 2254 tumebat
2207 2206 2264 2254 ut
2304 2197 2393 2254 vix
2441 2197 2652 2270 spirare
2679 2197 2970 2268 potuisset.
3007 2198 3129 2253 Jam
3157 2215 3307 2267 vero,
3356 2209 3513 2272 post-

1921 2303 2086 2360 quam
2131 2286 2522 2358 exspiraverat,
2570 2285 2710 2342 adeo
2738 2284 2952 2341 interna
2975 2286 3158 2342 sanies
3207 2295 3262 2343 et
3287 2290 3512 2346 torrida:

1920 2375 2124 2432 aestatis
2151 2374 2314 2446 ignea
2343 2373 2696 2444 intemperies
2727 2373 3068 2430 distendebat
3095 2374 3421 2446 exanimem,
3453 2386 3512 2434 ut

1920 2463 2267 2521 cernentibus
2296 2463 2666 2535 prodigiosum
2694 2461 2988 2519 videretur.
3019 2463 3223 2518 Verum
3253 2465 3400 2536 quod
3438 2466 3514 2522 ita

1919 2552 1994 2606 ibi
2023 2551 2316 2607 luminibus
2336 2550 2575 2621 patebat,
2598 2549 2877 2606 tolerabile
2907 2549 3117 2618 fuisset,
3142 2551 3189 2606 si
3219 2568 3318 2607 suo
3347 2569 3512 2610 nares

1922 2640 2185 2710 supplicio
2215 2656 2400 2696 carere
2428 2638 2756 2710 potuissent.
2786 2638 3000 2708 Caeteri,
3033 2656 3170 2710 quos
3200 2641 3400 2697 feretro
3429 2643 3513 2698 ina

1921 2729 2132 2783 terdum
2161 2727 2540 2798 approximare
2568 2727 2649 2782 rei
2678 2727 2814 2782 ordo
2843 2727 3123 2796 poscebat,
3147 2745 3329 2796 nares,
3354 2731 3512 2787 thure

1920 2817 2184 2885 immisso,
2215 2815 2404 2871 aliisve
2432 2815 2766 2870 aromatibus
2795 2815 2897 2870 sibi
2926 2815 3360 2886 praeludebant,
3391 2836 3510 2875 ma-

1921 2906 2082 2960 nibus
2125 2920 2341 2976 quoque
2371 2919 2538 2959 suave
2579 2902 2879 2975 fragrantia
2913 2905 3161 2975 quaedam
3199 2906 3284 2963 ori
3311 2908 3510 2978 saepius

1920 2993 2247 3065 apponenda
2291 2993 2568 3048 tenebant.
2602 2991 2761 3048 Solus
2789 2992 3080 3064 episcOpus
3107 3036 3120 3061 ,
3173 3011 3280 3066 quo
3328 3004 3513 3055 tamen

1921 3081 2121 3137 nullius
2140 3081 2470 3137 inveniretur
2489 3096 2623 3136 nare
2645 3080 2915 3152 sagacior,
2939 3089 2990 3136 et
3009 3081 3192 3138 nullus
3212 3084 3336 3139 tetri
3357 3085 3515 3142 nido-

1923 3170 2000 3225 ris
2014 3168 2370 3240 aspernatior,
2388 3169 2463 3224 ita
2481 3176 2664 3224 tamen
2673 3168 2871 3225 horum
2887 3168 3021 3225 nihil
3037 3170 3182 3242 (quae
3198 3171 3381 3230 levare
3396 3181 3514 3232 arte

1922 3259 2098 3314 solent
2125 3257 2267 3314 aeris
2295 3257 2689 3329 corruptelam)
2707 3257 3018 3326 admittens,
3045 3259 3251 3328 jacenti
3278 3261 3512 3332 astabat,

1922 3355 1976 3404 et
2002 3345 2420 3416 obambulabat,
2454 3360 2520 3402 ac
2549 3345 2596 3400 si
2627 3361 2737 3402 non
2765 3344 2822 3400 in
2850 3345 3085 3413 feretro,
3137 3347 3236 3404 sed
3277 3349 3336 3405 in
3361 3351 3516 3407 cunis

1922 3443 2179 3508 agentem
2224 3442 2400 3490 mater
2427 3433 2714 3505 parvulum
2762 3450 2921 3489 suum
2967 3434 3204 3492 fovendo
3239 3436 3514 3494 circuiret.

1923 3521 2050 3575 Post
2098 3520 2215 3574 haec
2238 3558 2252 3587 ,
2302 3533 2427 3573 cum
2475 3517 2545 3572 ad
2574 3533 2730 3572 suum
2761 3533 2822 3573 se
2849 3517 3168 3575 contulisset
3196 3520 3514 3591 hospitium,

1925 3607 2148 3679 quidam
2196 3622 2262 3661 ex
2307 3606 2421 3662 suis
2448 3605 2803 3661 formidantes
2824 3648 2837 3671 ,
2889 3621 2958 3661 ne
2989 3605 3127 3662 forte
3157 3622 3223 3662 ex
3253 3606 3516 3679 inspirato

1922 3696 2065 3751 aeris
2081 3694 2336 3768 contagio
2358 3694 2486 3766 quid
2515 3693 2659 3749 illius
2680 3695 2998 3765 praecordiis
3027 3695 3331 3763 indidisset,
3355 3713 3518 3769 super

1924 3786 2027 3840 hoc
2059 3784 2398 3854 interrogare
2429 3791 2727 3853 coeperunt.
2776 3782 2929 3851 Quos
2957 3783 3075 3854 ipse
3105 3785 3392 3855 reputabat
3421 3803 3517 3843 er-

1926 3889 2070 3940 rare,
2122 3888 2223 3928 nec
2251 3871 2548 3943 quidquam
2577 3886 2674 3926 eos
2704 3871 2927 3930 insuave
2983 3871 3186 3928 ibidem
3242 3874 3514 3943 hausisse,

1927 3960 2020 4016 ubi
2067 3961 2298 4031 ipsemet
2342 3960 2474 4031 (quo
2522 3959 2704 4014 nullus
2750 3975 2940 4014 eorum
2982 3961 3266 4017 subtiliore
3296 3962 3522 4035 vigebat

1927 4049 2178 4117 odoratu)
2207 4048 2284 4103 nil
2303 4048 2452 4102 triste
2481 4047 2698 4118 spirans
2725 4047 2922 4104 inloco
2950 4049 3233 4106 sensisset.
3253 4050 3522 4108 Nimirum

1928 4135 2125 4192 Christi
2153 4134 2331 4192 bonus
2351 4136 2506 4201 odor,
2535 4134 2628 4205 qui
2657 4135 2762 4190 sibi
2791 4152 2984 4192 revera
3013 4137 3111 4192 fuit
3137 4138 3276 4194 odor
3300 4138 3439 4206 vitae,
3465 4139 3522 4196 in

1928 4225 2039 4280 vita
2066 4223 2246 4296 ipsum
2277 4222 2512 4280 faciebat
2537 4222 2724 4278 mortis
2743 4231 2992 4294 putorem
3021 4225 3236 4296 penitus
3265 4242 3378 4284 non
3403 4242 3524 4286 sen-

1930 4312 2055 4368 tire.

2533 4400 2756 4456 CAPUT
2786 4401 2878 4456 III.

1934 4507 2008 4563 De
2029 4507 2388 4563 contentione
2408 4506 2563 4578 inter
2589 4507 2779 4578 ipsum
2816 4509 2874 4561 et
2902 4507 3166 4562 comitem
3194 4507 3524 4578 Leycestrie

228 4599 388 4638 mane
419 4583 558 4639 facto
587 4582 827 4654 perrexit
857 4580 927 4636 ad
955 4578 1320 4635 exhibendam
1349 4574 1604 4631 defuncto
1637 4571 1830 4644 sepul-
1859 4575 1912 4636 D
2003 4593 2173 4654 super
2196 4593 2338 4654 pago
2379 4571 3010 4654 quodatnuLeyccstrice
3044 4571 3326 4654 contigua.
3345 4608 3426 4654 _—-
3455 4582 3526 4636 Et

234 4681 427 4728 turam.
453 4672 556 4728 Ubi
585 4672 673 4727 die
701 4671 835 4742 ipsa,
862 4670 907 4724 si
937 4685 1000 4724 ea
1032 4684 1153 4740 qua:
1170 4671 1308 4732 visu,
1334 4663 1421 4719 vel
1442 4679 1563 4734 quae
1592 4661 1662 4718 de
1693 4659 1830 4716 olfa-

235 4770 341 4828 ctu,
375 4761 654 4816 hausimus
683 4760 739 4815 in
767 4758 1005 4815 medium
1036 4755 1407 4828 proferremus
1438 4751 1613 4824 [Cod.,
1645 4748 1826 4821 profe-

239 4850 470 4922 ramus],
533 4851 818 4906 horrorem
860 4862 994 4904 sane
1051 4851 1104 4902 et
1157 4851 1438 4914 stuporem
1483 4838 1829 4894 audientibus

305 5027 446 5094 (179)
474 5029 526 5080 in
551 5027 716 5078 annal.
744 5025 976 5094 Ecclesia:
998 5023 1224 5094 Winton.
1244 5017 1382 5094 apud
1396 5019 1668 5094 )Vharton,
1694 5017 1826 5094 part:

240 5113 275 5160 ι,
304 5081 446 5160 λειειί
473 5098 585 5146 Sac.
631 5108 681 5156 ρ.
717 5095 837 5155 305,
874 5093 934 5142 ad
975 5081 1352 5160 annum_1t98,
1393 5086 1614 5160 legitur:
1651 5102 1671 5124 σ
1700 5081 1831 5160 Qbiit

239 5148 411 5216 Simon
460 5148 715 5212 abbas-de
754 5148 959 5210 Persora
998 5156 1124 5219 apud
1166 5151 1686 5219 Bermundeseiamuiv
1720 5148 1832 5198 Idus

238 5232 367 5283 Maii.
398 5248 415 5276 θ
459 5232 519 5280 Et
541 5230 716 5278 iterum
744 5228 804 5276 ad
843 5216 1065 5275 eumdem
1108 5234 1288 5272 annum
1315 5223 1362 5268 in
1387 5218 1552 5269 annal.
1580 5216 1825 5283 Wigorn.,

243 5282 291 5362 p.
314 5297 438 5346 478:
473 5311 491 5342 α
508 5296 672 5345 Simon
691 5294 840 5362 abbas
855 5295 1074 5362 Persorzr
1097 5289 1233 5362 obiit.
1246 5286 1510 5362 hAnsr-lmus
1523 5282 1758 5362 succedit,
1782 5283 1832 5330 et

239 5351 537 5416 benedicitur
573 5361 836 5422 Wigorniaa
877 5359 954 5408 die
980 5358 1207 5406 Omnium
1242 5356 1552 5422 Sanctorum.
1587 5369 1607 5390 ι
1639 5351 1723 5422 ΕΞ
1739 5359 1830 5422 quo

242 5415 397 5492 colligi
422 5432 568 5480 datur
592 5415 681 5476 hic
708 5427 860 5477 relata
888 5423 1104 5474 evenisse
1143 5434 1272 5472 anno
1301 5420 1446 5481 1198,
1490 5428 1654 5467 mense
1679 5415 1829 5464 Maio.

303 5512 449 5580 (180)
473 5511 752 5564 C(enobium
773 5509 823 5580 in
843 5506 1302 5580 agro_Surregiensi,
1326 5505 1454 5578 circa
1475 5512 1658 5580 annum

241 5566 686 5641 fundari'cmptum,
714 5566 902 5627 ordinis
925 5566 1295 5641 Cluniacensis,
1317 5569 1454 5630 cujus
1493 5566 1830 5641 benefaftores

239 5630 464 5700 iﬁi’eum
512 5630 701 5696 chartis
735 5642 1020 5705 quibusdam
1054 5640 1114 5690 ad
1140 5630 1320 5689 annum
1341 5647 1507 5705 usque
1550 5630 1684 5705 1:117
1709 5643 1832 5705 enu-

245 5699 498 5768 inerantur
540 5713 590 5762 in
613 5699 877 5762 Monastico
898 5709 1167 5772 Anglicano
1188 5709 1308 5756 tom.
1339 5704 1378 5765 1,
1409 5714 1521 5764 pag.
1543 5699 1644 5749 659
1675 5701 1723 5749 et
1749 5709 1831 5748 se-

241 5781 462 5847 quentib.

451 5871 690 5925 ΡΑτιιοι..
733 5867 912 5923 CLIII.

2003 4647 2086 4704 est
2117 4647 2214 4703 hoc
2245 4650 2307 4702 in
2336 4647 2545 4717 magna
2587 4647 2704 4702 Vita
2731 4647 2832 4702 sub
2859 4647 3110 4719 capitulo
3147 4648 3412 4705 secundo.

2002 4753 2102 4810 Die
2133 4753 2382 4825 sequenti
2407 4753 2555 4822 (182)
2584 4767 2710 4809 cum
2731 4753 2971 4809 venisset
2999 4753 3070 4808 ad
3099 4752 3330 4821 curiam,
3363 4757 3523 4826 gravi

1932 4843 2096 4914 cmpit
2115 4841 2318 4914 pulsari
2337 4841 2609 4897 calumnia
2627 4857 2726 4913 per
2741 4841 2994 4897 comitem
3009 4842 3156 4913 (183)
3174 4842 3520 4915 Leycestriae,
3619 4849 3622 4852 ’

2001 5016 2134 5081 (181)
2177 5015 2472 5068 Londinensi
2496 5054 2510 5077 ,
2551 5027 2579 5063 a
2617 5027 2712 5077 qua
2759 5014 3146 5080 Bermundseia,
3186 5018 3290 5080 aut,
3339 5019 3393 5068 ut
3443 5017 3526 5068 hic

1930 5085 2178 5146 scribitur,
2205 5083 2553 5135 Bermundesia
2576 5093 2674 5132 non
2699 5081 2842 5144 longe
2865 5081 3102 5132 distabat.

2001 5231 2142 5294 (182)
2176 5232 2287 5281 Post
2330 5229 2517 5293 przelati
2560 5229 2676 5279 dicti
2715 5230 3034 5294 sepulturam.
3086 5230 3220 5280 Unde
3263 5231 3526 5294 conjicitur

1931 5299 2076 5349 etiam
2106 5299 2219 5347 illud
2245 5297 2470 5360 generale
2499 5296 2785 5358 colloquium
2820 5297 3133 5359 praelatorum
3173 5301 3223 5346 et
3262 5311 3525 5360 procerum

1931 5378 2057 5415 anno
2104 5365 2248 5424 1198,
2297 5365 2343 5413 iu
2391 5363 2512 5412 Maio
2560 5362 2708 5414 fuisse
2743 5363 2984 5427 habitum,
3029 5376 3122 5426 quo
3162 5363 3337 5430 soluto,
3389 5366 3526 5430 Hugo

1933 5431 2274 5482 transfretavit
2298 5429 2354 5480 ad
2385 5443 2570 5492 regem.

2001 5559 2144 5624 (183)
2170 5559 2318 5621 Cujus
2360 5560 2696 5622 progenitores
2740 5558 3063 5610 fundaverant
3110 5559 3361 5612 abbatiam
3403 5561 3532 5625 apud

1931 5629 2154 5679 Etouiam
2179 5627 2228 5675 in
2254 5639 2372 5686 agro
2408 5625 2748 5685 Warwicensi,
2775 5629 2824 5675 et
2851 5627 3120 5677 cmnobium
3144 5627 3450 5679 Luﬂ‘cldense
3477 5630 3527 5678 in

1932 5694 2521 5811 igigzlgorthamtonensi,
2546 5695 2670 5743 teste
2696 5693 2902 5744 Monast.
2930 5694 3118 5755 Anglic.
3141 5697 3262 5744 tom.
3289 5696 3328 5758 l,
3355 5708 3404 5758 p.
3432 5696 3533 5745 518

3258 5853 3324 5904 33
