3938 6406
431 333 566 384 1035

1302 330 1357 383 8.
1402 329 1712 384 HUGONIS
1751 327 1973 384 EPISC.
2023 324 2344 381 LlNCOLN.
2389 325 2553 382 0RD.
2597 326 2844 383 CARTH.

3590 332 3729 383 1036

425 453 517 525 qui
548 468 748 526 pagum
778 453 1060 523 Optimum,
1086 454 1261 507 eidem
1291 453 1408 506 urbi
1442 453 1777 526 contiguum,
1803 453 1904 523 ipsi
1935 450 2017 504 ni-
2045 451 2100 510 A
2121 450 2542 506 salutari—Et
2560 455 2644 506 est
2669 453 2904 506 tertium
2921 449 3241 522 capitulum
3261 449 3324 504 in
3347 465 3559 520 magna
3580 453 3724 507 Vita.

423 541 642 595 tebatur
686 539 922 595 auferre.
959 541 1336 612 Suggerebant
1381 541 1541 595 etiam
1574 541 1832 610 episcopo
1861 539 2022 594 amici

425 636 479 683 et
523 627 820 684 consiliarii
864 628 1033 698 ipsius
1065 637 1332 699 quatenus
1380 644 1505 684 cum
1553 628 1872 683 adversario
1919 627 2021 681 sub

424 716 572 788 pacis
611 716 787 770 forma
834 715 1200 788 transigeret,
1233 725 1598 786 proponentes
1626 717 1793 770 multa
1839 731 2022 771 causae

424 820 554 869 suae,
599 803 846 876 quamvis
878 804 1009 858 satis
1035 805 1211 872 justm,
1248 803 1608 859 formidanda.
1645 804 1750 872 Qui
1777 803 2020 874 pertina-

425 893 564 948 ciam
592 891 804 948 comitis
835 899 996 962 atque
1043 891 1389 946 insolentiam
1422 891 1644 946 nimiam
1677 898 2015 961 aspernatus,

421 979 674 1034 omnibus
723 978 1052 1034 consiliariis
1099 978 1212 1033 suis
1261 994 1381 1034 cum
1446 995 1662 1051 magna:
1704 977 2020 1034 assertionis

421 1067 616 1122 ﬁducia
645 1065 777 1121 dixit
811 1081 824 1120 :
861 1087 884 1116 ι
920 1066 1111 1122 Sciatis
1138 1081 1234 1136 pro
1264 1075 1416 1122 certo
1445 1067 1574 1139 quia
1601 1083 1688 1121 me
1717 1065 1770 1121 in
1800 1067 1901 1121 hac
1930 1065 2018 1119 lu-

421 1170 484 1211 ce
531 1154 823 1225 superstite
867 1154 967 1208 iste
1015 1153 1318 1209 nullatenus
1365 1155 1522 1223 hujus
1567 1171 1678 1210 sum
1707 1153 2019 1210 intentionis

418 1258 605 1313 prava:
635 1242 888 1296 sortietur
918 1240 1189 1296 effectum.
1242 1243 1448 1296 Habeat
1477 1257 1613 1312 ergo
1644 1242 1711 1296 ad
1745 1258 1855 1296 suae
1886 1257 2017 1296 suo-

420 1347 647 1402 rumque
667 1329 1028 1384 damnationis
1051 1329 1323 1384 cumulum
1349 1346 1561 1400 gnerrze
1590 1331 1861 1401 quondam
1883 1338 2018 1384 tem-

420 1434 555 1489 pore
586 1425 793 1473 extorta
838 1418 1104 1471 violenter
1152 1417 1506 1471 instrumenta
1538 1418 1884 1483 chartarum;
1917 1433 2017 1472 nos

421 1515 602 1562 autem
648 1505 1031 1576 patrimonium
1070 1505 1304 1560 dominre
1333 1514 1548 1570 nostrae,
1575 1506 1785 1561 tuitioni
1817 1513 2017 1561 nostra:

422 1595 717 1657 creditum,
767 1594 883 1664 ipsa
932 1594 1264 1662 adjuvante,
1296 1594 1424 1647 dum
1457 1593 1842 1659 advixcrimus,
1874 1593 2016 1648 inte-

419 1699 580 1753 grum
627 1681 1018 1745 retinebimus,
1071 1688 1122 1735 et
1171 1681 1222 1734 in
1252 1681 1400 1736 nullo
1431 1682 1642 1751 penitus
1673 1682 2012 1736 diminutum.

419 1770 732 1840 Cujusmodi
758 1769 992 1824 assertio
1024 1769 1297 1839 plerisque
1345 1777 1471 1825 tunc
1501 1769 1628 1824 viris
1657 1769 2014 1839 prudentibus
2035 1793 2088 1854 Β

417 1860 598 1914 minus
627 1856 969 1913 considerate
1000 1856 1289 1910 videbatur
1341 1857 1537 1911 emissa
1559 1901 1571 1921 ,
1625 1872 1748 1912 cum
1779 1865 1831 1911 et
1859 1856 2014 1912 colo-

420 1963 534 2002 rem
580 1944 849 2016 aaquitatis
896 1943 1179 2014 praeferret
1227 1944 1365 1999 actio
1413 1945 1759 2015 impetentis,
1809 1952 1862 1999 et
1907 1953 2016 1999 tam

418 2035 566 2107 regis
588 2048 752 2105 quam
781 2048 921 2102 pene
951 2032 1112 2086 totius
1136 2032 1300 2087 curia:
1331 2031 1482 2087 favor
1512 2033 1566 2086 in
1587 2032 1802 2087 comitis
1830 2033 2015 2088 crede-

419 2131 571 2179 retur
617 2129 739 2178 vota
792 2135 1141 2177 concurrere.
1174 2120 1460 2175 Praevaluit
1502 2129 1684 2175 tamen
1713 2120 1812 2174 viri
1843 2120 2016 2175 sancti

418 2226 617 2276 sermo,
652 2209 946 2282 cogitatum
986 2225 1144 2264 suum
1193 2208 1508 2280 plenissime
1531 2209 1784 2277 jactantis
1815 2209 1869 2263 in
1899 2209 2014 2264 Do-

419 2299 588 2354 mino.

488 2389 569 2442 De
618 2402 726 2458 quo
773 2386 933 2442 etiam
983 2385 1228 2456 pluribus
1277 2385 1411 2440 illud
1460 2385 1654 2440 mirum
1703 2384 2010 2449 videbatur,

419 2476 545 2548 quia
591 2489 868 2546 nunquam
916 2489 1071 2528 more
1118 2474 1470 2529 celeberrimo
1515 2472 1618 2527 fori
1648 2472 1886 2538 laicalis,
1923 2471 2014 2526 ubi

420 2565 539 2619 lites
569 2563 673 2617 illae
702 2562 1063 2634 agitabantur,
1086 2578 1144 2616 se
1175 2577 1275 2632 per
1303 2561 1693 2616 internuntium
1715 2561 1782 2614 de
1812 2561 2016 2631 impos-

419 2651 672 2708 sibilitate
733 2651 786 2704 in
847 2649 1052 2718 judicio
1103 2649 1457 2720 comparendi
1509 2648 1677 2704 voluit
1734 2664 2011 2716 excusare,

417 2746 835 2812 quantocunque
885 2746 1173 2810 urgeretur
1217 2737 1530 2792 discrimine
1577 2753 1642 2792 ex
1690 2736 2014 2809 litigantium

417 2827 784 2900 improbitate,
817 2842 886 2882 ne
916 2825 1000 2880 vel
1033 2826 1274 2896 speciem
1305 2825 1578 2881 mendacii
1620 2824 1897 2880 videretur
1925 2825 2013 2879 in-

421 2915 687 2973 currisse.
724 2916 852 2970 Post
881 2913 998 2983 ejus
1020 2929 1150 2969 vero
1173 2913 1460 2968 decessum
1493 2915 1640 2981 (184)
1671 2928 1856 2967 comes
1887 2913 2013 2983 qui-

414 3005 538 3061 dem
566 3019 770 3076 pagum
795 3044 808 3069 ,
860 3017 1023 3074 quem
1051 3001 1298 3072 petebat,
1330 3000 1591 3070 obtinuit,
1625 2999 1722 3054 sed
1751 3001 1802 3054 in
1835 3001 2013 3056 couti-

414 3093 563 3148 nenti
593 3091 763 3162 lepra:
791 3089 1119 3160 contagione
1151 3103 1465 3160 percussus,
1490 3103 1614 3142 mox
1643 3088 1889 3158 corporis
1917 3102 2014 3143 va-

414 3180 670 3248 letudine,
705 3186 759 3234 et
804 3178 953 3233 brevi
985 3185 1109 3248 post
1137 3177 1301 3231 etiam
1333 3175 1437 3231 vita
1468 3191 1685 3243 carens,
1721 3176 1929 3247 absque
1957 3175 2017 3230 li-

415 3268 563 3324 beris
581 3266 836 3324 decessit.
862 3269 1000 3320 Ante
1021 3265 1174 3334 cujus
1201 3265 1408 3320 obitum
1430 3281 1553 3320 cum
1577 3265 1796 3319 fratrem
1820 3264 2011 3334 ipsius,

415 3357 730 3429 episcOpum
777 3353 1029 3410 videlicet
1073 3353 1130 3408 S.
1176 3354 1410 3408 Andreae
1440 3352 1509 3407 de
1540 3352 1722 3408 Scotia
1744 3395 1758 3417 ,
1795 3351 2014 3422 plurimi

416 3451 746 3502 conarentur
791 3443 846 3497 in
875 3441 1188 3498 cathedram
1217 3441 1317 3498 viri
1353 3441 1450 3496 Dei
1475 3483 1489 3506 ,
1544 3440 1634 3512 qui
1657 3440 1768 3508 jam
1799 3439 2013 3510 pridem

415 3534 487 3590 ad
514 3531 804 3588 Dominum
833 3530 1185 3603 migraverat,
1221 3529 1555 3600 subrogare,
1589 3529 1764 3583 visum
1798 3535 1881 3581 est
1908 3542 2014 3581 no-

414 3628 501 3678 cte
543 3620 773 3692 quadam
817 3635 919 3690 per
963 3632 1216 3687 soporem
1263 3617 1430 3671 nobili
1473 3615 1685 3670 cuidam
1743 3615 2014 3686 religiosa:

413 3716 698 3774 matrona,
751 3706 899 3778 quod
949 3712 1197 3760 cerneret
1241 3704 1558 3775 praedictum
1589 3702 1688 3758 Dei
1728 3702 2008 3770 famulum,

411 3795 722 3869 pontiﬁcem
749 3801 1130 3857 memoratum,
1162 3791 1472 3846 ambitionis
1501 3799 1636 3846 testu
1665 3806 2008 3857 succensum,

415 3885 546 3940 dum
590 3899 747 3938 suum
796 3881 1059 3936 niteretur
1107 3879 1476 3936 conscendere
1524 3881 1775 3934 thronum
1801 3923 1813 3945 ,
1855 3879 2013 3950 virga

415 3970 677 4044 pastorali
707 3969 895 4034 durius
920 3967 1262 4040 percussisse.
1307 3967 1408 4022 sub
1456 3974 1676 4038 pectore
1696 4008 1711 4034 ,
1745 3967 1816 4021 ita
1846 3973 1906 4022 ut
1933 3967 2012 4020 vi-

414 4061 672 4128 deretur,
721 4056 812 4130 qui
859 4057 1020 4112 ictum
1050 4063 1364 4126 receperat,
1411 4055 1697 4126 resupinus
1729 4055 1780 4108 in
1812 4061 2010 4109 terram

415 4146 686 4204 corruisse
733 4146 900 4216 (185).
969 4145 1132 4200 Facto
1178 4160 1371 4210 mane,
1422 4160 1542 4199 cum
1594 4143 1686 4198 illa
1739 4143 2011 4197 somnium

415 4236 530 4293 suis
560 4241 872 4291 enarrasset
893 4277 907 4300 ,
959 4249 1087 4288 ecce
1114 4240 1301 4286 assunt
1329 4231 1544 4303 quidam
1572 4238 1798 4286 mortem
1831 4230 2010 4285 homi-

412 4324 500 4380 nis
529 4323 693 4392 illius,
725 4338 834 4377 non
865 4321 982 4376 sine
1011 4329 1232 4392 stupore
1263 4320 1614 4386 audientium,
1649 4318 1825 4390 palam
1865 4334 2010 4372 nun-

413 4414 627 4468 tiantes.
679 4412 885 4466 Horum
927 4409 1094 4482 igitur
1140 4409 1278 4464 adeo
1315 4407 1633 4472 illustrium,
1667 4408 1805 4461 adeo
1851 4407 2011 4474 hujus

414 4500 602 4556 mundi
630 4499 857 4554 tioribus
884 4497 1245 4565 vernantinm,
1279 4504 1390 4551 tam
1421 4496 1666 4565 abjectus
1695 4503 1747 4550 et
1777 4503 1882 4549 tam
1913 4509 2007 4549 re-
2029 4489 2081 4549 D

413 4588 669 4661 pentinus
714 4586 983 4652 interitus,
1034 4585 1164 4658 quid
1192 4584 1338 4638 aliud
1368 4585 1484 4639 haec
1515 4583 1811 4638 scientibus
1839 4580 2012 4636 innuit

413 4692 578 4748 quam
621 4677 744 4746 jura
791 4673 1162 4730 Ecclesiarum
1193 4679 1443 4728 evertere
1472 4686 1766 4742 servosque
1797 4668 2012 4726 Domini

413 4763 609 4834 injuste
639 4764 911 4820 lacessere
938 4777 1104 4832 supra
1132 4761 1356 4816 modum
1384 4760 1672 4815 exitiosum
1704 4758 1869 4815 esse?

1051 4902 1275 4957 CAPUT
1315 4903 1403 4956 IV.

413 5004 490 5061 De
521 5002 866 5059 reuelatione
915 5001 1118 5054 clerico
1150 4999 1468 5062 insinuata,
1501 4999 1595 5068 qui
1618 4999 2010 5068 intei'gmanus

485 5074 728 5145 episcopi
749 5071 1087 5126 celebrantis
1103 5073 1342 5138 formam
1369 5066 1691 5139 vidit'pueri
1708 5066 1808 5121 sub
1828 5067 2010 5122 hostia

484 5249 626 5317 (184)
652 5249 706 5300 ld
743 5253 816 5302 est
840 5251 945 5312 post
966 5249 1017 5299 S.
1043 5248 1255 5309 Hugonis
1279 5250 1507 5297 mortem.

481 5334 624 5399 (185)
648 5336 888 5386 Corruere
913 5337 995 5382 aut
1014 5333 1133 5383 mori
1158 5332 1321 5399 debuit
1345 5331 1425 5380 hic
1450 5333 1503 5380 S.
1532 5329 1738 5379 Andreae
1759 5328 1819 5378 de
1845 5329 2009 5399 scotia

416 5395 668 5465 episcopus
693 5412 820 5451 anno
866 5400 1014 5461 1201,
1043 5403 1124 5449 aut
1167 5397 1330 5465 1202,Δ
1366 5409 1492 5465 cum
1519 5407 1648 5465 anno
1693 5395 1911 5458 sequenti
1959 5395 2006 5445 in

412 5461 689 5532 episcopatu
716 5466 1042 5518 Lincolniensi
1067 5462 1358 5515 successerit
1381 5461 1671 5524 Willclmus,
1701 5474 1758 5512 ex
1782 5474 2007 5526 praecen-

412 5539 518 5586 tore
569 5535 766 5586 electus.

2195 581 2293 636 Die
2323 582 2551 652 quadam
2575 584 2724 653 (186)
2747 583 3079 639 consistente
3112 581 3372 653 episcopo
3402 582 3457 636 in
3476 583 3726 638 manerio

2115 669 2255 736 juris
2287 671 2390 735 sui,
2425 671 2569 741 quod
2602 671 2932 726 Bukkedena
2963 677 3325 740 nuncupatur,
3355 677 3625 724 venerunt
3655 669 3726 724 ad

2120 756 2268 810 illum
2318 758 2541 828 quidam
2571 759 2818 814 monachi
2843 801 2857 824 ,
2892 766 3282 828 praesentantes
3311 757 3360 813 ei
3390 759 3457 812 ad
3487 757 3720 814 benedi-

2121 845 2357 900 cendum
2387 854 2570 901 vestes
2599 846 2999 913 sacerdotales,
3032 854 3086 901 et
3113 845 3339 902 calicem
3369 862 3532 900 unum
3564 845 3723 902 valde

2121 933 2450 1003 speciosum.
2501 935 2806 1005 Episcopus
2845 943 2972 989 tunc
3027 949 3057 988 a
3115 934 3391 1004 sepultura
3439 934 3721 1003 cujusdam

2121 1021 2406 1076 servientis
2462 1023 2739 1077 Laurentii
2768 1021 3191 1077 Bedefordensis
3239 1021 3611 1078 archidiaconi
3668 1023 3724 1076 in

2121 1108 2411 1164 ecclesiam
2441 1118 2664 1165 venerat
2683 1127 2835 1166 sacra
2865 1110 3158 1166 missarum
3180 1110 3443 1164 solemnia
3473 1109 3722 1166 celebra-

2119 1204 2288 1251 turus.
2324 1197 2454 1251 Erat
2482 1214 2615 1253 vero
2645 1198 2958 1263 Sabbatum,
2993 1213 3101 1268 quo
3133 1214 3353 1268 semper
3382 1197 3471 1252 die
3497 1240 3510 1263 ,
3545 1197 3591 1252 si
3615 1213 3720 1252 va-

2119 1293 2296 1349 caret,
2349 1285 2418 1340 de
2468 1286 2625 1341 beata
2672 1287 2770 1340 Dei
2814 1286 3078 1357 genitrice
3126 1285 3292 1340 Maria
3332 1295 3439 1340 tam
3470 1286 3721 1340 diurnum

2120 1388 2283 1444 quam
2306 1383 2631 1429 nocturnum
2660 1374 2894 1429 ofﬁcium
2917 1374 3125 1428 solebat
3147 1374 3448 1428 celebrare.
3480 1374 3562 1428 Ad
3593 1390 3717 1428 eum

2119 1476 2337 1532 quoque
2383 1462 2486 1516 sub
2528 1462 2617 1516 die
2671 1462 2765 1516 illo
2821 1461 3010 1532 plures
3057 1462 3294 1533 undique
3343 1461 3719 1516 confluxerant

2119 1549 2323 1614 clerici,
2355 1549 2737 1605 ecclesiasticis
2755 1550 3052 1604 redditibus
3082 1550 3377 1604 admodum
3408 1551 3578 1604 dilati.
3605 1550 3718 1604 Illis

2115 1652 2248 1691 vero
2278 1637 2331 1691 in
2357 1637 2603 1693 Ecclesia
2628 1639 2744 1706 jam
2774 1639 3134 1708 pragsentibus
3168 1638 3459 1708 episcOpus
3485 1638 3713 1693 calicem

2118 1725 2368 1794 superius
2415 1735 2777 1780 memoratum
2835 1726 2887 1780 in
2945 1725 3234 1794 manibus,
3287 1733 3343 1779 ut
3371 1733 3719 1780 consecraret

2118 1828 2262 1879 eum,
2294 1812 2512 1868 tenebat
2539 1814 2818 1867 nudatum.
2861 1813 3035 1882 Quem
3065 1829 3300 1869 cernens
3329 1814 3562 1880 metallo,
3597 1829 3718 1867 am-

2116 1899 2380 1971 plitudinc
2409 1908 2463 1956 et
2491 1900 2876 1956 artificiositate
2905 1901 3256 1971 conspicuum
3278 1943 3292 1971 ,
3324 1901 3500 1972 ipsum
3531 1901 3599 1955 ab
3629 1901 3718 1955 al-

2115 1987 2214 2042 tari
2242 1987 2297 2042 in
2327 1989 2554 2042 chorum
2582 1989 2791 2054 detulit,
2826 1988 3186 2060 omnibusque
3218 1989 3428 2045 clericis
3477 1988 3718 2059 praefatis

2115 2091 2240 2130 eum
2270 2076 2533 2130 exhibens
2565 2076 3044 2142 considerandum,
3079 2077 3329 2131 devotam
3355 2077 3596 2132 virorum
3628 2093 3718 2130 re-

2115 2163 2432 2235 ligiosorum
2481 2164 2626 2219 circa
2681 2163 2850 2218 divini
2905 2163 3192 2219 ministerii
3250 2165 3456 2220 cultum
3508 2172 3560 2219 et
3589 2180 3717 2218 vasa

2115 2250 2459 2306 collaudabat
2499 2251 2811 2319 solertiam,
2859 2251 2966 2306 illis
2987 2252 3294 2308 econtrario
3336 2252 3715 2323 improperans

2113 2339 2258 2410 quod
2305 2339 2486 2393 multis
2518 2339 2873 2395 ecclesiarum
2901 2339 3198 2394 redditibus
3245 2339 3518 2410 Opulenti,
3569 2340 3717 2410 ipsas

2113 2441 2217 2482 nec
2245 2426 2398 2481 libris
2429 2442 2530 2483 nec
2562 2427 2729 2496 vasis,
2760 2428 2858 2482 sed
2878 2443 2980 2483 nec
3009 2427 3132 2482 aliis
3162 2428 3490 2483 necessariis
3520 2427 3707 2492 rebus,

2115 2515 2503 2570 convenienter
2557 2516 2900 2582 excolerent,
2961 2515 3058 2570 sed
3115 2516 3200 2570 his
3229 2515 3482 2570 omnibus
3511 2531 3716 2586 egenas

2115 2603 2313 2658 Christi
2363 2603 2618 2660 basilicas
2667 2603 2900 2674 spoliare
2930 2604 3107 2675 potius
3139 2619 3303 2676 quam
3332 2619 3534 2660 ornare
3564 2612 3714 2658 sata-

2115 2699 2329 2762 gerent.

2188 2780 2314 2834 Post
2342 2779 2458 2835 hmc
2483 2779 2769 2851 ingressus
2798 2779 2866 2834 ad
2894 2778 3085 2846 altare,
3110 2779 3335 2836 missam
3364 2780 3715 2837 devotissime

2116 2874 2200 2922 est
2227 2882 2386 2922 orsus
2414 2867 2718 2923 celebrare.
2753 2869 2995 2940 Cumque
3025 2869 3238 2924 steteris
3253 2869 3366 2937 jam
3398 2870 3498 2923 rite
3546 2885 3712 2940 pera-

2115 2955 2216 3010 ctis
2246 2955 2314 3010 ad
2344 2971 2469 3009 eum
2497 2956 2839 3026 pervenisset
2869 2956 3070 3021 locum,
3103 2956 3196 3010 ubi
3243 2956 3505 3012 elevatam
3536 2957 3592 3011 in
3624 2957 3713 3012 al-

2115 3049 2228 3096 tum
2292 3043 2522 3098 hostiam
2577 3043 2903 3099 benedicere
2933 3043 3100 3099 moris
3135 3051 3236 3109 est,
3271 3060 3396 3099 mox
3435 3045 3492 3099 in
3520 3061 3712 3100 verum

2037 3137 2084 3200 ο
2115 3130 2309 3186 Christi
2364 3146 2559 3202 corpus
2610 3131 2838 3202 mystica
2894 3132 3320 3188 sanctiﬁcatione
3378 3141 3711 3188 converten-

2113 3218 2260 3285 dam,
2296 3219 2574 3288 cujusdam
2595 3219 2783 3276 clerici
2811 3235 3049 3291 superna
3077 3220 3367 3276 clementia
3385 3221 3603 3291 dignata
3624 3229 3717 3277 est

2111 3305 2302 3363 oculos
2329 3307 2566 3377 aperire,
2599 3308 2756 3379 eique
2786 3308 2888 3362 sub
2919 3307 3102 3378 specie
3145 3307 3366 3363 infantis
3395 3309 3543 3379 (187)
3575 3324 3716 3378 par-

2112 3394 2222 3449 vuli
2253 3395 2525 3450 Christum
2557 3411 2714 3450 suum
2743 3395 3137 3452 demonstravit
3165 3396 3536 3451 mundissimis
3567 3397 3720 3452 sacri

2111 3483 2361 3553 praesulis
2380 3483 2565 3556 digitis
2586 3484 3020 3540 reverentissime
3051 3485 3397 3540 contrectari.
3425 3485 3556 3539 Erat
3578 3501 3716 3541 vero

2110 3571 2256 3625 idem
2305 3587 2440 3642 puer
2485 3571 2658 3626 forma
2706 3572 2925 3643 quidem
2955 3572 3337 3643 permodicus,
3397 3573 3494 3628 sed
3525 3572 3714 3628 divino

2112 3659 2347 3730 quodam
2377 3660 2552 3714 nitore
2595 3668 2758 3730 atque
2787 3660 3026 3716 candore
3075 3677 3241 3730 super
3295 3661 3714 3716 aestimationem

2111 3746 2346 3802 hominis
2374 3747 2594 3802 nimium
2627 3749 2877 3804 decorus.
2912 3749 3174 3814 Clericus,
3210 3749 3302 3821 qui
3329 3750 3446 3805 haec
3475 3749 3715 3818 viderat,

2111 3835 2251 3890 mira
2295 3835 2580 3890 devotione
2609 3836 2735 3906 (nec
2763 3837 2981 3907 mirum)
3013 3852 3342 3904 succensus,
3389 3837 3718 3908 plurimum-

2112 3939 2215 3994 que
2264 3931 2654 3994 compunctus,
2706 3932 2922 3995 tempus
2969 3940 3130 3980 omne
3170 3925 3519 3981 continuabat
3549 3925 3602 3979 in
3632 3925 3720 3981 la-

2111 4009 2313 4082 crymis
2344 4011 2490 4082 quod
2519 4011 2827 4067 intercessit
2854 4013 2925 4068 ab
2954 4012 3048 4068 illa
3077 4013 3396 4084 elevatione,
3426 4029 3718 4085 usquequo

2111 4098 2308 4154 iterum
2351 4114 2471 4154 eam
2514 4099 2687 4155 levari
2716 4109 2964 4157 cerneret
2993 4099 3367 4173 frangendam,
3393 4102 3503 4170 jam
3533 4109 3585 4157 et
3613 4117 3716 4156 su-

2110 4187 2366 4242 mendam
2398 4187 2500 4242 sub
2547 4188 2682 4242 trina
2740 4189 2825 4244 sui
2876 4189 3188 4260 partitione.
3241 4191 3303 4244 In
3357 4205 3465 4262 qua
3494 4206 3716 4245 rursum

2111 4275 2414 4330 elevatione
2444 4275 2546 4330 sub
2577 4277 2786 4342 eadem,
2813 4292 2922 4349 qua
2950 4277 3122 4348 prius,
3147 4277 3386 4351 imagine
3415 4286 3597 4334 natum
3629 4279 3717 4334 in-

2111 4371 2287 4418 tuetur
2312 4363 2381 4418 de
2411 4363 2632 4436 Virgine
2662 4365 2856 4420 Filium
2884 4365 3165 4432 Altissimi,
3198 4367 3440 4438 seipsum
3468 4365 3713 4423 offeren-

2110 4459 2218 4506 tem
2249 4451 2388 4506 Patri
2417 4467 2518 4522 pro
2546 4454 2786 4508 humana
2814 4453 3007 4510 salute.
3038 4455 3166 4509 Post
3195 4455 3332 4521 haec,
3359 4455 3472 4524 jam
3518 4455 3712 4526 exple-

2111 4539 2180 4594 tis
2211 4539 2460 4595 omnibus
2492 4556 2614 4611 quae
2641 4540 2697 4595 in
2727 4541 2961 4598 ecclesia
2987 4542 3202 4597 fuerant
3232 4543 3569 4616 peragenda,
3602 4543 3718 4600 cle-

2112 4627 2278 4698 ricus,
2309 4627 2400 4699 qui
2430 4629 2532 4682 ista
2563 4637 2947 4700 conspexerat,
2980 4630 3250 4687 accedens
3280 4632 3352 4687 ad
3383 4648 3567 4689 verum
3594 4633 3716 4689 Do-

2111 4715 2244 4770 mini
2275 4716 2651 4783 sacerdotem,
2704 4718 2882 4773 taliter
2937 4718 2988 4774 ei
3046 4718 3310 4774 secretius
3340 4728 3422 4776 est
3450 4721 3662 4776 locutus
3698 4736 3712 4775 :

2117 4825 2139 4852 ι
2171 4803 2403 4859 Domine
2434 4805 2614 4871 Pater,
2647 4805 2822 4873 vobis,
2856 4805 3046 4878 inquit,
3066 4807 3244 4863 habeo
3273 4808 3453 4882 aliqua
3481 4809 3711 4876 referre,

2113 4907 2235 4961 quae
2261 4900 2520 4957 vestram,
2546 4892 2592 4946 si
2623 4893 2815 4963 placet,
2843 4895 3185 4951 sanctitatem
3207 4895 3520 4968 diligentius
3548 4912 3714 4968 opor-

2111 4985 2222 5033 teat
2249 4979 2458 5035 audire.
2490 5000 2512 5030 »
2565 4981 2810 5052 Cumque
2853 4981 3007 5038 ﬂexis
3043 4984 3273 5056 genibus
3302 4985 3401 5040 ista
3432 5000 3615 5042 coram
3647 5001 3714 5044 eo

2111 5074 2227 5121 erat
2247 5076 2584 5138 prosecutus,
2611 5069 2691 5124 vir
2712 5070 2928 5126 Domini
2955 5087 3076 5127 cum
3099 5088 3164 5128 eo
3193 5073 3458 5130 secedens
3475 5090 3505 5128 a
3526 5073 3708 5144 turba,

2179 5244 2320 5317 (186)
2350 5250 2486 5317 Anno
2519 5249 2664 5311 1194,
2704 5254 2788 5300 aut
2810 5253 3053 5314 sequenti,
3081 5265 3176 5315 quo
3217 5253 3342 5303 visio
3369 5255 3474 5304 hec
3510 5255 3710 5317 accidit,

2109 5311 2469 5383 Habertojam
2518 5317 2759 5383 existente
2808 5311 3198 5383 archiepiscopo,
3243 5325 3296 5371 at
3335 5325 3535 5372 auctore
3585 5311 3713 5372 me

2109 5379 2322 5430 nondum
2349 5381 2536 5444 Hugoni
2559 5383 2819 5434 existente.

2180 5460 2324 5540 (187.)
2348 5465 2462 5516 Inde
2486 5464 2600 5516 data
2626 5468 2828 5540 occasio
2854 5471 2908 5522 S.
2933 5471 3186 5536 nugonem
3225 5483 3334 5524 cum
3379 5473 3578 5535 parvulo
3619 5485 3708 5525 su-

2109 5540 2198 5592 pra
2218 5530 2422 5583 calicem
2442 5534 2850 5596 repraesentandi.
