  <div class='ocr_page' id='page_1' title='image "/cluster/home/n/w/nwhite01/storage/ocr_20150623/153-154/uc1.31175019678096/524.png"; bbox 0 0 3938 6404; ppageno 0'>
   <div class='ocr_carea' id='block_1_1' title="bbox 170 347 306 399">
    <p class='ocr_par' dir='ltr' id='par_1_1' title="bbox 170 347 306 399">
     <span class='ocr_line' id='line_1_1' title="bbox 170 347 306 399; baseline -0.007 -1"><span class='ocrx_word' id='word_1_1' title='bbox 170 347 306 399; x_wconf 82' lang='grc'>1037</span> 
     </span>
    </p>
   </div>
   <div class='ocr_carea' id='block_1_2' title="bbox 1563 345 2124 402">
    <p class='ocr_par' dir='ltr' id='par_1_2' title="bbox 1563 345 2124 402">
     <span class='ocr_line' id='line_1_2' title="bbox 1563 345 2124 402; baseline -0.007 0"><span class='ocrx_word' id='word_1_2' title='bbox 1563 348 1740 402; x_wconf 83' lang='lat' dir='ltr'><strong>VlTA.</strong></span> <span class='ocrx_word' id='word_1_3' title='bbox 1783 376 1850 386; x_wconf 96' lang='lat'><strong>—</strong></span> <span class='ocrx_word' id='word_1_4' title='bbox 1889 346 2016 400; x_wconf 86' lang='lat' dir='ltr'>LIB.</span> <span class='ocrx_word' id='word_1_5' title='bbox 2060 345 2124 399; x_wconf 87' lang='lat' dir='ltr'>V.</span> 
     </span>
    </p>
   </div>
   <div class='ocr_carea' id='block_1_3' title="bbox 3331 345 3466 396">
    <p class='ocr_par' dir='ltr' id='par_1_3' title="bbox 3331 345 3466 396">
     <span class='ocr_line' id='line_1_3' title="bbox 3331 345 3466 396; baseline 0 -2"><span class='ocrx_word' id='word_1_6' title='bbox 3331 345 3466 396; x_wconf 84' lang='grc'>1038</span> 
     </span>
    </p>
   </div>
   <div class='ocr_carea' id='block_1_4' title="bbox 165 466 3471 540">
    <p class='ocr_par' dir='ltr' id='par_1_4' title="bbox 165 466 3471 540">
     <span class='ocr_line' id='line_1_4' title="bbox 165 466 3471 540; baseline 0.002 -19"><span class='ocrx_word' id='word_1_7' title='bbox 165 484 420 523; x_wconf 85' lang='lat' dir='ltr'>seorsum</span> <span class='ocrx_word' id='word_1_8' title='bbox 453 483 613 522; x_wconf 90' lang='lat' dir='ltr'>secus</span> <span class='ocrx_word' id='word_1_9' title='bbox 642 466 814 521; x_wconf 89' lang='lat' dir='ltr'>altare</span> <span class='ocrx_word' id='word_1_10' title='bbox 832 466 1054 532; x_wconf 82' lang='lat' dir='ltr'>resedit,</span> <span class='ocrx_word' id='word_1_11' title='bbox 1075 467 1231 538; x_wconf 84' lang='lat' dir='ltr'>eique</span> <span class='ocrx_word' id='word_1_12' title='bbox 1252 468 1498 539; x_wconf 88' lang='lat' dir='ltr'>proferre</span> <span class='ocrx_word' id='word_1_13' title='bbox 1521 486 1642 540; x_wconf 67' lang='lat' dir='ltr'>quae</span> <span class='ocrx_word' id='word_1_14' title='bbox 1672 486 1772 526; x_wconf 91' lang='lat' dir='ltr'>vo-</span> <span class='ocrx_word' id='word_1_15' title='bbox 1794 473 1850 531; x_wconf 79' lang='grc' dir='ltr'><strong>Α</strong></span> <span class='ocrx_word' id='word_1_16' title='bbox 1879 477 2024 523; x_wconf 81' lang='lat' dir='ltr'><strong>esset</strong></span> <span class='ocrx_word' id='word_1_17' title='bbox 2054 467 2439 538; x_wconf 89' lang='lat' dir='ltr'>prosequendo</span> <span class='ocrx_word' id='word_1_18' title='bbox 2469 466 2698 522; x_wconf 90' lang='lat' dir='ltr'>locutus.</span> <span class='ocrx_word' id='word_1_19' title='bbox 2730 467 2980 522; x_wconf 82' lang='lat' dir='ltr'>Sciebam</span> <span class='ocrx_word' id='word_1_20' title='bbox 3023 467 3168 522; x_wconf 90' lang='lat' dir='ltr'>enim</span> <span class='ocrx_word' id='word_1_21' title='bbox 3197 469 3471 526; x_wconf 90' lang='lat' dir='ltr'>neminem</span> 
     </span>
    </p>
   </div>
   <div class='ocr_carea' id='block_1_5' title="bbox 165 556 1769 628">
    <p class='ocr_par' dir='ltr' id='par_1_5' title="bbox 165 556 1769 628">
     <span class='ocr_line' id='line_1_5' title="bbox 165 556 1769 628; baseline 0.002 -18"><span class='ocrx_word' id='word_1_22' title='bbox 165 557 359 611; x_wconf 89' lang='lat' dir='ltr'>luisset</span> <span class='ocrx_word' id='word_1_23' title='bbox 391 557 588 611; x_wconf 77' lang='lat' dir='ltr'>leniter</span> <span class='ocrx_word' id='word_1_24' title='bbox 617 556 921 625; x_wconf 75' lang='lat' dir='ltr'>imperavit.</span> <span class='ocrx_word' id='word_1_25' title='bbox 947 557 1082 610; x_wconf 91' lang='lat' dir='ltr'>Tum</span> <span class='ocrx_word' id='word_1_26' title='bbox 1112 556 1201 610; x_wconf 91' lang='lat' dir='ltr'>ille</span> <span class='ocrx_word' id='word_1_27' title='bbox 1236 571 1247 609; x_wconf 90' lang='lat'><strong>:</strong></span> <span class='ocrx_word' id='word_1_28' title='bbox 1286 579 1306 607; x_wconf 82' lang='grc'><strong>«</strong></span> <span class='ocrx_word' id='word_1_29' title='bbox 1346 559 1403 611; x_wconf 92' lang='lat' dir='ltr'>In</span> <span class='ocrx_word' id='word_1_30' title='bbox 1433 559 1671 612; x_wconf 84' lang='lat' dir='ltr'>crastino</span> <span class='ocrx_word' id='word_1_31' title='bbox 1695 559 1769 628; x_wconf 90' lang='lat' dir='ltr'>(id</span> 
     </span>
    </p>
   </div>
   <div class='ocr_carea' id='block_1_6' title="bbox 165 642 1766 715">
    <p class='ocr_par' dir='ltr' id='par_1_6' title="bbox 165 642 1766 715">
     <span class='ocr_line' id='line_1_6' title="bbox 165 642 1766 715; baseline 0.002 -17"><span class='ocrx_word' id='word_1_32' title='bbox 165 653 249 698; x_wconf 88' lang='lat' dir='ltr'>est</span> <span class='ocrx_word' id='word_1_33' title='bbox 273 645 575 714; x_wconf 77' lang='lat' dir='ltr'>postridie),</span> <span class='ocrx_word' id='word_1_34' title='bbox 602 643 792 713; x_wconf 79' lang='lat' dir='ltr'>inquit,</span> <span class='ocrx_word' id='word_1_35' title='bbox 819 642 1123 698; x_wconf 77' lang='lat' dir='ltr'>festivitatis</span> <span class='ocrx_word' id='word_1_36' title='bbox 1145 643 1400 699; x_wconf 87' lang='lat' dir='ltr'>Omnium</span> <span class='ocrx_word' id='word_1_37' title='bbox 1422 646 1766 715; x_wconf 89' lang='lat' dir='ltr'>Sanctorum,</span> 
     </span>
    </p>
   </div>
   <div class='ocr_carea' id='block_1_7' title="bbox 167 731 1770 803">
    <p class='ocr_par' dir='ltr' id='par_1_7' title="bbox 167 731 1770 803">
     <span class='ocr_line' id='line_1_7' title="bbox 167 731 1770 803; baseline 0.002 -18"><span class='ocrx_word' id='word_1_38' title='bbox 167 749 291 803; x_wconf 72' lang='lat' dir='ltr'>quae</span> <span class='ocrx_word' id='word_1_39' title='bbox 321 733 425 787; x_wconf 89' lang='lat' dir='ltr'>hac</span> <span class='ocrx_word' id='word_1_40' title='bbox 457 733 575 801; x_wconf 85' lang='lat' dir='ltr'>ipsa</span> <span class='ocrx_word' id='word_1_41' title='bbox 604 731 903 801; x_wconf 84' lang='lat' dir='ltr'>septimana</span> <span class='ocrx_word' id='word_1_42' title='bbox 933 731 1208 786; x_wconf 87' lang='lat' dir='ltr'>celebrata</span> <span class='ocrx_word' id='word_1_43' title='bbox 1256 741 1356 803; x_wconf 88' lang='lat' dir='ltr'>est,</span> <span class='ocrx_word' id='word_1_44' title='bbox 1406 749 1526 789; x_wconf 91' lang='lat' dir='ltr'>cum</span> <span class='ocrx_word' id='word_1_45' title='bbox 1559 735 1770 789; x_wconf 88' lang='lat' dir='ltr'>Psalte-</span> 
     </span>
    </p>
   </div>
   <div class='ocr_carea' id='block_1_8' title="bbox 168 819 1771 892">
    <p class='ocr_par' dir='ltr' id='par_1_8' title="bbox 168 819 1771 892">
     <span class='ocr_line' id='line_1_8' title="bbox 168 819 1771 892; baseline 0.001 -18"><span class='ocrx_word' id='word_1_46' title='bbox 168 821 308 874; x_wconf 85' lang='lat' dir='ltr'>rium</span> <span class='ocrx_word' id='word_1_47' title='bbox 339 819 395 873; x_wconf 91' lang='lat' dir='ltr'>in</span> <span class='ocrx_word' id='word_1_48' title='bbox 427 821 662 890; x_wconf 88' lang='lat' dir='ltr'>quadam</span> <span class='ocrx_word' id='word_1_49' title='bbox 702 819 938 874; x_wconf 86' lang='lat' dir='ltr'>ecclesia</span> <span class='ocrx_word' id='word_1_50' title='bbox 967 819 1315 875; x_wconf 89' lang='lat' dir='ltr'>decantarem</span> <span class='ocrx_word' id='word_1_51' title='bbox 1344 838 1446 892; x_wconf 92' lang='lat' dir='ltr'>pro</span> <span class='ocrx_word' id='word_1_52' title='bbox 1487 823 1771 876; x_wconf 84' lang='lat' dir='ltr'>animabus</span> 
     </span>
    </p>
   </div>
   <div class='ocr_carea' id='block_1_9' title="bbox 168 907 1772 978">
    <p class='ocr_par' dir='ltr' id='par_1_9' title="bbox 168 907 1772 978">
     <span class='ocr_line' id='line_1_9' title="bbox 168 907 1772 978; baseline 0.002 -17"><span class='ocrx_word' id='word_1_53' title='bbox 168 908 410 962; x_wconf 87' lang='lat' dir='ltr'>fidelium</span> <span class='ocrx_word' id='word_1_54' title='bbox 441 907 817 962; x_wconf 81' lang='lat' dir='ltr'>defunctorum</span> <span class='ocrx_word' id='word_1_55' title='bbox 848 907 1010 978; x_wconf 90' lang='lat' dir='ltr'>(sicut</span> <span class='ocrx_word' id='word_1_56' title='bbox 1040 907 1160 978; x_wconf 89' lang='lat' dir='ltr'>ipsa</span> <span class='ocrx_word' id='word_1_57' title='bbox 1188 908 1277 962; x_wconf 91' lang='lat' dir='ltr'>die</span> <span class='ocrx_word' id='word_1_58' title='bbox 1329 909 1588 964; x_wconf 88' lang='lat' dir='ltr'>solemnis</span> <span class='ocrx_word' id='word_1_59' title='bbox 1616 911 1772 966; x_wconf 82' lang='lat' dir='ltr'>exhi-</span> 
     </span>
    </p>
   </div>
   <div class='ocr_carea' id='block_1_10' title="bbox 165 995 1772 1066">
    <p class='ocr_par' dir='ltr' id='par_1_10' title="bbox 165 995 1772 1066">
     <span class='ocr_line' id='line_1_10' title="bbox 165 995 1772 1066; baseline 0.002 -17"><span class='ocrx_word' id='word_1_60' title='bbox 165 995 288 1050; x_wconf 83' lang='lat' dir='ltr'>beri</span> <span class='ocrx_word' id='word_1_61' title='bbox 317 1012 506 1050; x_wconf 87' lang='lat' dir='ltr'>earum</span> <span class='ocrx_word' id='word_1_62' title='bbox 529 996 791 1050; x_wconf 82' lang='lat' dir='ltr'>memoria</span> <span class='ocrx_word' id='word_1_63' title='bbox 824 995 984 1066; x_wconf 90' lang='lat' dir='ltr'>solet)</span> <span class='ocrx_word' id='word_1_64' title='bbox 1011 1011 1113 1050; x_wconf 90' lang='lat' dir='ltr'>vox</span> <span class='ocrx_word' id='word_1_65' title='bbox 1154 997 1401 1066; x_wconf 70' lang='lat' dir='ltr'>quaedam</span> <span class='ocrx_word' id='word_1_66' title='bbox 1447 997 1626 1053; x_wconf 92' lang='lat' dir='ltr'>subito</span> <span class='ocrx_word' id='word_1_67' title='bbox 1671 1015 1772 1053; x_wconf 89' lang='lat' dir='ltr'>au-</span> 
     </span>
    </p>
   </div>
   <div class='ocr_carea' id='block_1_11' title="bbox 164 1083 1772 1155">
    <p class='ocr_par' dir='ltr' id='par_1_11' title="bbox 164 1083 1772 1155">
     <span class='ocr_line' id='line_1_11' title="bbox 164 1083 1772 1155; baseline 0.001 -17"><span class='ocrx_word' id='word_1_68' title='bbox 164 1084 317 1138; x_wconf 83' lang='lat' dir='ltr'>ribus</span> <span class='ocrx_word' id='word_1_69' title='bbox 344 1083 482 1138; x_wconf 87' lang='lat' dir='ltr'>meis</span> <span class='ocrx_word' id='word_1_70' title='bbox 512 1085 704 1154; x_wconf 91' lang='lat' dir='ltr'>illapsa</span> <span class='ocrx_word' id='word_1_71' title='bbox 735 1091 836 1152; x_wconf 89' lang='lat' dir='ltr'>est,</span> <span class='ocrx_word' id='word_1_72' title='bbox 871 1100 991 1155; x_wconf 77' lang='lat' dir='ltr'>quae</span> <span class='ocrx_word' id='word_1_73' title='bbox 1018 1083 1202 1139; x_wconf 85' lang='lat' dir='ltr'>verbis</span> <span class='ocrx_word' id='word_1_74' title='bbox 1232 1083 1654 1140; x_wconf 87' lang='lat' dir='ltr'>absolutissimis</span> <span class='ocrx_word' id='word_1_75' title='bbox 1683 1086 1772 1141; x_wconf 89' lang='lat' dir='ltr'>di-</span> 
     </span>
    </p>
   </div>
   <div class='ocr_carea' id='block_1_12' title="bbox 167 1169 1772 1245">
    <p class='ocr_par' dir='ltr' id='par_1_12' title="bbox 167 1169 1772 1245">
     <span class='ocr_line' id='line_1_12' title="bbox 167 1169 1772 1245; baseline 0 -17"><span class='ocrx_word' id='word_1_76' title='bbox 167 1181 316 1228; x_wconf 88' lang='lat' dir='ltr'>ceret</span> <span class='ocrx_word' id='word_1_77' title='bbox 351 1191 364 1226; x_wconf 90' lang='lat'><strong>:</strong></span> <span class='ocrx_word' id='word_1_78' title='bbox 397 1173 594 1245; x_wconf 81' lang='lat' dir='ltr'>Surge,</span> <span class='ocrx_word' id='word_1_79' title='bbox 628 1171 901 1244; x_wconf 89' lang='lat' dir='ltr'>inquiens,</span> <span class='ocrx_word' id='word_1_80' title='bbox 933 1169 1027 1237; x_wconf 83' lang='lat' dir='ltr'>fili,</span> <span class='ocrx_word' id='word_1_81' title='bbox 1062 1179 1115 1227; x_wconf 87' lang='lat' dir='ltr'>et</span> <span class='ocrx_word' id='word_1_82' title='bbox 1136 1187 1308 1244; x_wconf 85' lang='lat' dir='ltr'>perge</span> <span class='ocrx_word' id='word_1_83' title='bbox 1339 1173 1446 1228; x_wconf 91' lang='lat' dir='ltr'>cito</span> <span class='ocrx_word' id='word_1_84' title='bbox 1468 1174 1539 1228; x_wconf 89' lang='lat' dir='ltr'>ad</span> <span class='ocrx_word' id='word_1_85' title='bbox 1561 1174 1772 1230; x_wconf 88' lang='lat' dir='ltr'>Lincol-</span> 
     </span>
    </p>
   </div>
   <div class='ocr_carea' id='block_1_13' title="bbox 164 1259 1773 1334">
    <p class='ocr_par' dir='ltr' id='par_1_13' title="bbox 164 1259 1773 1334">
     <span class='ocr_line' id='line_1_13' title="bbox 164 1259 1773 1334; baseline 0.002 -20"><span class='ocrx_word' id='word_1_86' title='bbox 164 1261 414 1316; x_wconf 91' lang='lat' dir='ltr'>niensem</span> <span class='ocrx_word' id='word_1_87' title='bbox 444 1261 778 1332; x_wconf 89' lang='lat' dir='ltr'>episcopum,</span> <span class='ocrx_word' id='word_1_88' title='bbox 804 1260 1062 1331; x_wconf 80' lang='lat' dir='ltr'>dicasque</span> <span class='ocrx_word' id='word_1_89' title='bbox 1083 1259 1134 1315; x_wconf 91' lang='lat' dir='ltr'>ei</span> <span class='ocrx_word' id='word_1_90' title='bbox 1165 1276 1228 1315; x_wconf 89' lang='lat' dir='ltr'>ex</span> <span class='ocrx_word' id='word_1_91' title='bbox 1249 1269 1405 1331; x_wconf 90' lang='lat' dir='ltr'>parte</span> <span class='ocrx_word' id='word_1_92' title='bbox 1434 1263 1553 1328; x_wconf 90' lang='lat' dir='ltr'>Dei,</span> <span class='ocrx_word' id='word_1_93' title='bbox 1585 1271 1773 1334; x_wconf 91' lang='lat' dir='ltr'>quate-</span> 
     </span>
    </p>
   </div>
   <div class='ocr_carea' id='block_1_14' title="bbox 165 1348 1773 1422">
    <p class='ocr_par' dir='ltr' id='par_1_14' title="bbox 165 1348 1773 1422">
     <span class='ocr_line' id='line_1_14' title="bbox 165 1348 1773 1422; baseline 0.001 -18"><span class='ocrx_word' id='word_1_94' title='bbox 165 1366 268 1404; x_wconf 89' lang='lat' dir='ltr'>nus</span> <span class='ocrx_word' id='word_1_95' title='bbox 327 1358 548 1404; x_wconf 89' lang='lat' dir='ltr'>moneat</span> <span class='ocrx_word' id='word_1_96' title='bbox 611 1348 929 1421; x_wconf 89' lang='lat' dir='ltr'>diligentius</span> <span class='ocrx_word' id='word_1_97' title='bbox 987 1348 1434 1405; x_wconf 89' lang='lat' dir='ltr'>Cantuariensem</span> <span class='ocrx_word' id='word_1_98' title='bbox 1496 1350 1773 1422; x_wconf 89' lang='lat' dir='ltr'>archiepi-</span> 
     </span>
    </p>
   </div>
   <div class='ocr_carea' id='block_1_15' title="bbox 166 1436 1775 1511">
    <p class='ocr_par' dir='ltr' id='par_1_15' title="bbox 166 1436 1775 1511">
     <span class='ocr_line' id='line_1_15' title="bbox 166 1436 1775 1511; baseline 0.001 -18"><span class='ocrx_word' id='word_1_99' title='bbox 166 1453 397 1509; x_wconf 84' lang='lat' dir='ltr'>scopum</span> <span class='ocrx_word' id='word_1_100' title='bbox 429 1439 599 1507; x_wconf 83' lang='grc'>(188),</span> <span class='ocrx_word' id='word_1_101' title='bbox 644 1444 701 1491; x_wconf 92' lang='lat' dir='ltr'>ut</span> <span class='ocrx_word' id='word_1_102' title='bbox 747 1436 952 1506; x_wconf 88' lang='lat' dir='ltr'>pariter</span> <span class='ocrx_word' id='word_1_103' title='bbox 1000 1452 1188 1492; x_wconf 89' lang='lat' dir='ltr'>secum</span> <span class='ocrx_word' id='word_1_104' title='bbox 1238 1437 1415 1493; x_wconf 90' lang='lat' dir='ltr'>subito</span> <span class='ocrx_word' id='word_1_105' title='bbox 1462 1438 1775 1511; x_wconf 82' lang='lat' dir='ltr'>vigilantius</span> 
     </span>
    </p>
   </div>
   <div class='ocr_carea' id='block_1_16' title="bbox 166 1525 1772 1597">
    <p class='ocr_par' dir='ltr' id='par_1_16' title="bbox 166 1525 1772 1597">
     <span class='ocr_line' id='line_1_16' title="bbox 166 1525 1772 1597; baseline 0.001 -17"><span class='ocrx_word' id='word_1_106' title='bbox 166 1526 413 1581; x_wconf 86' lang='lat' dir='ltr'>intendat</span> <span class='ocrx_word' id='word_1_107' title='bbox 444 1526 513 1581; x_wconf 89' lang='lat' dir='ltr'>ad</span> <span class='ocrx_word' id='word_1_108' title='bbox 534 1525 922 1597; x_wconf 83' lang='lat' dir='ltr'>corrigendum</span> <span class='ocrx_word' id='word_1_109' title='bbox 944 1532 1145 1580; x_wconf 90' lang='lat' dir='ltr'>statum</span> <span class='ocrx_word' id='word_1_110' title='bbox 1163 1526 1294 1580; x_wconf 91' lang='lat' dir='ltr'>cleri</span> <span class='ocrx_word' id='word_1_111' title='bbox 1313 1535 1363 1580; x_wconf 92' lang='lat' dir='ltr'>et</span> <span class='ocrx_word' id='word_1_112' title='bbox 1383 1526 1772 1582; x_wconf 89' lang='lat' dir='ltr'>Ecclesiarum.</span> 
     </span>
    </p>
   </div>
   <div class='ocr_carea' id='block_1_17' title="bbox 165 1613 1777 1688">
    <p class='ocr_par' dir='ltr' id='par_1_17' title="bbox 165 1613 1777 1688">
     <span class='ocr_line' id='line_1_17' title="bbox 165 1613 1777 1688; baseline 0.002 -19"><span class='ocrx_word' id='word_1_113' title='bbox 165 1615 341 1669; x_wconf 91' lang='lat' dir='ltr'>Nimis</span> <span class='ocrx_word' id='word_1_114' title='bbox 373 1615 517 1669; x_wconf 91' lang='lat' dir='ltr'>enim</span> <span class='ocrx_word' id='word_1_115' title='bbox 549 1613 841 1670; x_wconf 80' lang='lat' dir='ltr'>offenditur</span> <span class='ocrx_word' id='word_1_116' title='bbox 871 1613 1056 1668; x_wconf 90' lang='lat' dir='ltr'>divina</span> <span class='ocrx_word' id='word_1_117' title='bbox 1102 1614 1358 1682; x_wconf 85' lang='lat' dir='ltr'>majestas</span> <span class='ocrx_word' id='word_1_118' title='bbox 1404 1631 1507 1685; x_wconf 91' lang='lat' dir='ltr'>per</span> <span class='ocrx_word' id='word_1_119' title='bbox 1549 1631 1615 1671; x_wconf 89' lang='lat' dir='ltr'>ea</span> <span class='ocrx_word' id='word_1_120' title='bbox 1657 1630 1777 1688; x_wconf 70' lang='lat' dir='ltr'>quae</span> 
     </span>
    </p>
   </div>
   <div class='ocr_carea' id='block_1_18' title="bbox 167 1696 1774 1760">
    <p class='ocr_par' dir='ltr' id='par_1_18' title="bbox 167 1696 1774 1760">
     <span class='ocr_line' id='line_1_18' title="bbox 167 1696 1774 1760; baseline 0.002 -3"><span class='ocrx_word' id='word_1_121' title='bbox 167 1703 546 1758; x_wconf 87' lang='lat' dir='ltr'>indesinenter</span> <span class='ocrx_word' id='word_1_122' title='bbox 574 1701 704 1756; x_wconf 83' lang='lat' dir='ltr'>fiunt</span> <span class='ocrx_word' id='word_1_123' title='bbox 733 1717 766 1756; x_wconf 91' lang='lat' dir='ltr'>a</span> <span class='ocrx_word' id='word_1_124' title='bbox 815 1701 1122 1757; x_wconf 90' lang='lat' dir='ltr'>rectoribus</span> <span class='ocrx_word' id='word_1_125' title='bbox 1168 1696 1540 1758; x_wconf 83' lang='lat' dir='ltr'>Ecclesiarum</span> <span class='ocrx_word' id='word_1_126' title='bbox 1593 1713 1645 1758; x_wconf 91' lang='lat' dir='ltr'>et</span> <span class='ocrx_word' id='word_1_127' title='bbox 1675 1721 1774 1760; x_wconf 90' lang='lat' dir='ltr'>ea-</span> 
     </span>
    </p>
   </div>
   <div class='ocr_carea' id='block_1_19' title="bbox 1873 555 3468 626">
    <p class='ocr_par' dir='ltr' id='par_1_19' title="bbox 1873 555 3468 626">
     <span class='ocr_line' id='line_1_19' title="bbox 1873 555 3468 626; baseline 0.003 -17"><span class='ocrx_word' id='word_1_128' title='bbox 1873 566 2070 626; x_wconf 85' lang='lat' dir='ltr'>praeter</span> <span class='ocrx_word' id='word_1_129' title='bbox 2099 573 2186 610; x_wconf 88' lang='lat' dir='ltr'>me</span> <span class='ocrx_word' id='word_1_130' title='bbox 2218 557 2464 611; x_wconf 87' lang='lat' dir='ltr'>cominus</span> <span class='ocrx_word' id='word_1_131' title='bbox 2512 555 2654 609; x_wconf 91' lang='lat' dir='ltr'>circa</span> <span class='ocrx_word' id='word_1_132' title='bbox 2698 555 2874 609; x_wconf 89' lang='lat' dir='ltr'>locum</span> <span class='ocrx_word' id='word_1_133' title='bbox 2918 556 3095 625; x_wconf 92' lang='lat' dir='ltr'>ipsum</span> <span class='ocrx_word' id='word_1_134' title='bbox 3140 558 3468 613; x_wconf 88' lang='lat' dir='ltr'>constitisse.</span> 
     </span>
    </p>
   </div>
   <div class='ocr_carea' id='block_1_20' title="bbox 1874 642 3471 715">
    <p class='ocr_par' dir='ltr' id='par_1_20' title="bbox 1874 642 3471 715">
     <span class='ocr_line' id='line_1_20' title="bbox 1874 642 3471 715; baseline 0.003 -18"><span class='ocrx_word' id='word_1_135' title='bbox 1874 645 2041 715; x_wconf 79' lang='lat' dir='ltr'>Igitur</span> <span class='ocrx_word' id='word_1_136' title='bbox 2069 661 2193 700; x_wconf 92' lang='lat' dir='ltr'>cum</span> <span class='ocrx_word' id='word_1_137' title='bbox 2225 653 2344 714; x_wconf 88' lang='lat' dir='ltr'>post</span> <span class='ocrx_word' id='word_1_138' title='bbox 2373 644 2539 714; x_wconf 87' lang='lat' dir='ltr'>longa</span> <span class='ocrx_word' id='word_1_139' title='bbox 2572 642 2780 713; x_wconf 68' lang='lat' dir='ltr'>pavida:</span> <span class='ocrx_word' id='word_1_140' title='bbox 2828 644 3169 714; x_wconf 82' lang='lat' dir='ltr'>cogitationis</span> <span class='ocrx_word' id='word_1_141' title='bbox 3199 646 3471 702; x_wconf 85' lang='lat' dir='ltr'>volumina</span> 
     </span>
    </p>
   </div>
   <div class='ocr_carea' id='block_1_21' title="bbox 1872 732 3474 803">
    <p class='ocr_par' dir='ltr' id='par_1_21' title="bbox 1872 732 3474 803">
     <span class='ocr_line' id='line_1_21' title="bbox 1872 732 3474 803; baseline 0.002 -16"><span class='ocrx_word' id='word_1_142' title='bbox 1872 732 2024 788; x_wconf 90' lang='lat' dir='ltr'>vocis</span> <span class='ocrx_word' id='word_1_143' title='bbox 2052 741 2325 788; x_wconf 86' lang='lat' dir='ltr'>auctorem</span> <span class='ocrx_word' id='word_1_144' title='bbox 2358 732 2721 802; x_wconf 89' lang='lat' dir='ltr'>nequivissem</span> <span class='ocrx_word' id='word_1_145' title='bbox 2752 732 3022 786; x_wconf 89' lang='lat' dir='ltr'>ullatenus</span> <span class='ocrx_word' id='word_1_146' title='bbox 3064 733 3474 803; x_wconf 87' lang='lat' dir='ltr'>deprehendere</span> 
     </span>
    </p>
   </div>
   <div class='ocr_carea' id='block_1_22' title="bbox 1872 820 3474 894">
    <p class='ocr_par' dir='ltr' id='par_1_22' title="bbox 1872 820 3474 894">
     <span class='ocr_line' id='line_1_22' title="bbox 1872 820 3474 894; baseline 0.002 -20"><span class='ocrx_word' id='word_1_147' title='bbox 1872 821 2202 891; x_wconf 89' lang='lat' dir='ltr'>consignans</span> <span class='ocrx_word' id='word_1_148' title='bbox 2248 820 2516 890; x_wconf 88' lang='lat' dir='ltr'>meipsum</span> <span class='ocrx_word' id='word_1_149' title='bbox 2568 820 2793 874; x_wconf 88' lang='lat' dir='ltr'>salutari</span> <span class='ocrx_word' id='word_1_150' title='bbox 2856 821 3032 876; x_wconf 90' lang='lat' dir='ltr'>crucis</span> <span class='ocrx_word' id='word_1_151' title='bbox 3079 821 3258 894; x_wconf 88' lang='lat' dir='ltr'>signo,</span> <span class='ocrx_word' id='word_1_152' title='bbox 3300 823 3474 878; x_wconf 91' lang='lat' dir='ltr'>inter-</span> 
     </span>
    </p>
   </div>
   <div class='ocr_carea' id='block_1_23' title="bbox 1871 907 3471 982">
    <p class='ocr_par' dir='ltr' id='par_1_23' title="bbox 1871 907 3471 982">
     <span class='ocr_line' id='line_1_23' title="bbox 1871 907 3471 982; baseline 0.002 -19"><span class='ocrx_word' id='word_1_153' title='bbox 1871 908 2055 963; x_wconf 77' lang='lat' dir='ltr'>missze</span> <span class='ocrx_word' id='word_1_154' title='bbox 2084 908 2346 964; x_wconf 87' lang='lat' dir='ltr'>orationis</span> <span class='ocrx_word' id='word_1_155' title='bbox 2376 908 2613 962; x_wconf 90' lang='lat' dir='ltr'>studium</span> <span class='ocrx_word' id='word_1_156' title='bbox 2660 907 3072 975; x_wconf 81' lang='lat' dir='ltr'>vehementiori,</span> <span class='ocrx_word' id='word_1_157' title='bbox 3105 925 3268 980; x_wconf 90' lang='lat' dir='ltr'>quam</span> <span class='ocrx_word' id='word_1_158' title='bbox 3298 911 3471 982; x_wconf 90' lang='lat' dir='ltr'>prius,</span> 
     </span>
    </p>
   </div>
   <div class='ocr_carea' id='block_1_24' title="bbox 1873 995 3480 1068">
    <p class='ocr_par' dir='ltr' id='par_1_24' title="bbox 1873 995 3480 1068">
     <span class='ocr_line' id='line_1_24' title="bbox 1873 995 3480 1068; baseline 0.002 -17"><span class='ocrx_word' id='word_1_159' title='bbox 1873 997 2147 1052; x_wconf 88' lang='lat' dir='ltr'>desiderio</span> <span class='ocrx_word' id='word_1_160' title='bbox 2179 1005 2424 1068; x_wconf 88' lang='lat' dir='ltr'>repetere</span> <span class='ocrx_word' id='word_1_161' title='bbox 2453 995 2614 1067; x_wconf 85' lang='lat' dir='ltr'>coepi.</span> <span class='ocrx_word' id='word_1_162' title='bbox 2645 997 2761 1052; x_wconf 91' lang='lat' dir='ltr'>Nec</span> <span class='ocrx_word' id='word_1_163' title='bbox 2791 1011 2983 1062; x_wconf 89' lang='lat' dir='ltr'>mora;</span> <span class='ocrx_word' id='word_1_164' title='bbox 3015 1005 3069 1052; x_wconf 90' lang='lat' dir='ltr'>et</span> <span class='ocrx_word' id='word_1_165' title='bbox 3092 997 3285 1054; x_wconf 87' lang='lat' dir='ltr'>iterum</span> <span class='ocrx_word' id='word_1_166' title='bbox 3315 1000 3480 1055; x_wconf 90' lang='lat' dir='ltr'>audio</span> 
     </span>
    </p>
   </div>
   <div class='ocr_carea' id='block_1_25' title="bbox 1874 1083 3475 1156">
    <p class='ocr_par' dir='ltr' id='par_1_25' title="bbox 1874 1083 3475 1156">
     <span class='ocr_line' id='line_1_25' title="bbox 1874 1083 3475 1156; baseline 0.002 -16"><span class='ocrx_word' id='word_1_167' title='bbox 1874 1099 2068 1140; x_wconf 90' lang='lat' dir='ltr'>vocem</span> <span class='ocrx_word' id='word_1_168' title='bbox 2135 1085 2328 1140; x_wconf 90' lang='lat' dir='ltr'>eodem</span> <span class='ocrx_word' id='word_1_169' title='bbox 2375 1099 2511 1140; x_wconf 92' lang='lat' dir='ltr'>sono</span> <span class='ocrx_word' id='word_1_170' title='bbox 2573 1083 2890 1156; x_wconf 88' lang='lat' dir='ltr'>eisdemque</span> <span class='ocrx_word' id='word_1_171' title='bbox 2939 1085 3161 1156; x_wconf 77' lang='lat' dir='ltr'>syllabis</span> <span class='ocrx_word' id='word_1_172' title='bbox 3224 1087 3475 1144; x_wconf 88' lang='lat' dir='ltr'>eamdem</span> 
     </span>
    </p>
   </div>
   <div class='ocr_carea' id='block_1_26' title="bbox 1875 1172 3476 1247">
    <p class='ocr_par' dir='ltr' id='par_1_26' title="bbox 1875 1172 3476 1247">
     <span class='ocr_line' id='line_1_26' title="bbox 1875 1172 3476 1247; baseline 0.002 -20"><span class='ocrx_word' id='word_1_173' title='bbox 1875 1189 2037 1244; x_wconf 91' lang='lat' dir='ltr'>quam</span> <span class='ocrx_word' id='word_1_174' title='bbox 2067 1173 2220 1244; x_wconf 89' lang='lat' dir='ltr'>prius</span> <span class='ocrx_word' id='word_1_175' title='bbox 2245 1172 2554 1244; x_wconf 84' lang='lat' dir='ltr'>exprimere</span> <span class='ocrx_word' id='word_1_176' title='bbox 2603 1173 2947 1228; x_wconf 88' lang='lat' dir='ltr'>sententiam.</span> <span class='ocrx_word' id='word_1_177' title='bbox 2995 1174 3147 1230; x_wconf 87' lang='lat' dir='ltr'>Tunc</span> <span class='ocrx_word' id='word_1_178' title='bbox 3192 1190 3318 1247; x_wconf 88' lang='lat' dir='ltr'>ego,</span> <span class='ocrx_word' id='word_1_179' title='bbox 3349 1191 3476 1232; x_wconf 90' lang='lat' dir='ltr'>cum</span> 
     </span>
    </p>
   </div>
   <div class='ocr_carea' id='block_1_27' title="bbox 1876 1260 3479 1332">
    <p class='ocr_par' dir='ltr' id='par_1_27' title="bbox 1876 1260 3479 1332">
     <span class='ocr_line' id='line_1_27' title="bbox 1876 1260 3479 1332; baseline 0.004 -18"><span class='ocrx_word' id='word_1_180' title='bbox 1876 1276 1977 1316; x_wconf 91' lang='lat' dir='ltr'>nec</span> <span class='ocrx_word' id='word_1_181' title='bbox 1999 1261 2192 1316; x_wconf 86' lang='lat' dir='ltr'>stantis</span> <span class='ocrx_word' id='word_1_182' title='bbox 2220 1275 2536 1332; x_wconf 89' lang='lat' dir='ltr'>personam,</span> <span class='ocrx_word' id='word_1_183' title='bbox 2588 1275 2691 1316; x_wconf 91' lang='lat' dir='ltr'>nec</span> <span class='ocrx_word' id='word_1_184' title='bbox 2738 1260 2903 1327; x_wconf 90' lang='lat' dir='ltr'>illius,</span> <span class='ocrx_word' id='word_1_185' title='bbox 2953 1261 3040 1317; x_wconf 90' lang='lat' dir='ltr'>cui</span> <span class='ocrx_word' id='word_1_186' title='bbox 3088 1278 3271 1319; x_wconf 87' lang='lat' dir='ltr'>sermo</span> <span class='ocrx_word' id='word_1_187' title='bbox 3317 1263 3479 1320; x_wconf 86' lang='lat' dir='ltr'>fiebat</span> 
     </span>
    </p>
   </div>
   <div class='ocr_carea' id='block_1_28' title="bbox 1875 1349 3477 1420">
    <p class='ocr_par' dir='ltr' id='par_1_28' title="bbox 1875 1349 3477 1420">
     <span class='ocr_line' id='line_1_28' title="bbox 1875 1349 3477 1420; baseline 0.002 -16"><span class='ocrx_word' id='word_1_188' title='bbox 1875 1349 1998 1416; x_wconf 88' lang='lat' dir='ltr'>iste,</span> <span class='ocrx_word' id='word_1_189' title='bbox 2031 1349 2329 1420; x_wconf 89' lang='lat' dir='ltr'>potuissem</span> <span class='ocrx_word' id='word_1_190' title='bbox 2351 1349 2656 1417; x_wconf 86' lang='lat' dir='ltr'>advertere,</span> <span class='ocrx_word' id='word_1_191' title='bbox 2681 1349 2984 1406; x_wconf 88' lang='lat' dir='ltr'>cedendum</span> <span class='ocrx_word' id='word_1_192' title='bbox 3015 1349 3136 1406; x_wconf 91' lang='lat' dir='ltr'>loco</span> <span class='ocrx_word' id='word_1_193' title='bbox 3156 1350 3477 1418; x_wconf 81' lang='lat' dir='ltr'>existimavi,</span> 
     </span>
    </p>
   </div>
   <div class='ocr_carea' id='block_1_29' title="bbox 1877 1436 3479 1509">
    <p class='ocr_par' dir='ltr' id='par_1_29' title="bbox 1877 1436 3479 1509">
     <span class='ocr_line' id='line_1_29' title="bbox 1877 1436 3479 1509; baseline 0.003 -19"><span class='ocrx_word' id='word_1_194' title='bbox 1877 1437 1933 1493; x_wconf 88' lang='lat' dir='ltr'>id</span> <span class='ocrx_word' id='word_1_195' title='bbox 1961 1444 2166 1492; x_wconf 90' lang='lat' dir='ltr'>tantum</span> <span class='ocrx_word' id='word_1_196' title='bbox 2196 1451 2413 1494; x_wconf 89' lang='lat' dir='ltr'>mecum</span> <span class='ocrx_word' id='word_1_197' title='bbox 2444 1444 2720 1508; x_wconf 89' lang='lat' dir='ltr'>reputans,</span> <span class='ocrx_word' id='word_1_198' title='bbox 2753 1436 2878 1509; x_wconf 89' lang='lat' dir='ltr'>quia</span> <span class='ocrx_word' id='word_1_199' title='bbox 2925 1437 3128 1509; x_wconf 90' lang='lat' dir='ltr'>aliquid</span> <span class='ocrx_word' id='word_1_200' title='bbox 3170 1440 3479 1496; x_wconf 87' lang='lat' dir='ltr'>sacratioris</span> 
     </span>
    </p>
   </div>
   <div class='ocr_carea' id='block_1_30' title="bbox 1877 1525 3481 1601">
    <p class='ocr_par' dir='ltr' id='par_1_30' title="bbox 1877 1525 3481 1601">
     <span class='ocr_line' id='line_1_30' title="bbox 1877 1525 3481 1601; baseline 0.002 -21"><span class='ocrx_word' id='word_1_201' title='bbox 1877 1525 2125 1595; x_wconf 84' lang='lat' dir='ltr'>mysterii</span> <span class='ocrx_word' id='word_1_202' title='bbox 2153 1525 2358 1582; x_wconf 89' lang='lat' dir='ltr'>ibidem</span> <span class='ocrx_word' id='word_1_203' title='bbox 2386 1526 2688 1596; x_wconf 86' lang='lat' dir='ltr'>agitaretur</span> <span class='ocrx_word' id='word_1_204' title='bbox 2717 1525 2787 1580; x_wconf 90' lang='lat' dir='ltr'>ab</span> <span class='ocrx_word' id='word_1_205' title='bbox 2809 1525 3099 1597; x_wconf 86' lang='lat' dir='ltr'>aliquibus,</span> <span class='ocrx_word' id='word_1_206' title='bbox 3124 1543 3354 1599; x_wconf 90' lang='lat' dir='ltr'>quorum</span> <span class='ocrx_word' id='word_1_207' title='bbox 3375 1543 3481 1601; x_wconf 88' lang='lat' dir='ltr'>ego</span> 
     </span>
    </p>
   </div>
   <div class='ocr_carea' id='block_1_31' title="bbox 1875 1613 3482 1688">
    <p class='ocr_par' dir='ltr' id='par_1_31' title="bbox 1875 1613 3482 1688">
     <span class='ocr_line' id='line_1_31' title="bbox 1875 1613 3482 1688; baseline 0.002 -20"><span class='ocrx_word' id='word_1_208' title='bbox 1875 1614 2134 1686; x_wconf 87' lang='lat' dir='ltr'>indignus</span> <span class='ocrx_word' id='word_1_209' title='bbox 2163 1614 2455 1670; x_wconf 89' lang='lat' dir='ltr'>existerem</span> <span class='ocrx_word' id='word_1_210' title='bbox 2483 1613 2701 1670; x_wconf 89' lang='lat' dir='ltr'>arcanis</span> <span class='ocrx_word' id='word_1_211' title='bbox 2723 1613 3014 1670; x_wconf 89' lang='lat' dir='ltr'>interesse.</span> <span class='ocrx_word' id='word_1_212' title='bbox 3039 1616 3279 1672; x_wconf 78' lang='lat' dir='ltr'>Adorato</span> <span class='ocrx_word' id='word_1_213' title='bbox 3299 1616 3482 1688; x_wconf 90' lang='lat' dir='ltr'>itaque</span> 
     </span>
    </p>
   </div>
   <div class='ocr_carea' id='block_1_32' title="bbox 1877 1701 3321 1774">
    <p class='ocr_par' dir='ltr' id='par_1_32' title="bbox 1877 1701 3321 1774">
     <span class='ocr_line' id='line_1_32' title="bbox 1877 1701 3321 1774; baseline 0.001 -17"><span class='ocrx_word' id='word_1_214' title='bbox 1877 1701 2134 1771; x_wconf 91' lang='lat' dir='ltr'>Domino,</span> <span class='ocrx_word' id='word_1_215' title='bbox 2168 1701 2396 1774; x_wconf 81' lang='lat' dir='ltr'>signans</span> <span class='ocrx_word' id='word_1_216' title='bbox 2423 1702 2559 1757; x_wconf 88' lang='lat' dir='ltr'>mihi</span> <span class='ocrx_word' id='word_1_217' title='bbox 2587 1703 2823 1757; x_wconf 83' lang='lat' dir='ltr'>frontem</span> <span class='ocrx_word' id='word_1_218' title='bbox 2850 1717 2882 1756; x_wconf 89' lang='lat' dir='ltr'>a</span> <span class='ocrx_word' id='word_1_219' title='bbox 2911 1702 3033 1759; x_wconf 93' lang='lat' dir='ltr'>loco</span> <span class='ocrx_word' id='word_1_220' title='bbox 3072 1703 3321 1760; x_wconf 88' lang='lat' dir='ltr'>discessi.</span> 
     </span>
    </p>
   </div>
   <div class='ocr_carea' id='block_1_33' title="bbox 164 1789 3483 1883">
    <p class='ocr_par' dir='ltr' id='par_1_33' title="bbox 164 1789 3483 1883">
     <span class='ocr_line' id='line_1_33' title="bbox 164 1789 3483 1883; baseline 0.001 -38"><span class='ocrx_word' id='word_1_221' title='bbox 164 1807 289 1845; x_wconf 92' lang='lat' dir='ltr'>rum</span> <span class='ocrx_word' id='word_1_222' title='bbox 321 1791 605 1845; x_wconf 89' lang='lat' dir='ltr'>ministris.</span> <span class='ocrx_word' id='word_1_223' title='bbox 639 1789 964 1846; x_wconf 85' lang='lat' dir='ltr'>Sacerdotes</span> <span class='ocrx_word' id='word_1_224' title='bbox 993 1790 1136 1844; x_wconf 89' lang='lat' dir='ltr'>enim</span> <span class='ocrx_word' id='word_1_225' title='bbox 1167 1799 1218 1846; x_wconf 89' lang='lat' dir='ltr'>et</span> <span class='ocrx_word' id='word_1_226' title='bbox 1239 1791 1470 1846; x_wconf 92' lang='lat' dir='ltr'>aliorum</span> <span class='ocrx_word' id='word_1_227' title='bbox 1501 1792 1773 1864; x_wconf 87' lang='lat' dir='ltr'>graduum</span> <span class='ocrx_word' id='word_1_228' title='bbox 1797 1821 1850 1883; x_wconf 80' lang='grc' dir='ltr'>Β</span> <span class='ocrx_word' id='word_1_229' title='bbox 1951 1791 2194 1862; x_wconf 89' lang='lat' dir='ltr'>Cumque</span> <span class='ocrx_word' id='word_1_230' title='bbox 2225 1789 2599 1861; x_wconf 89' lang='lat' dir='ltr'>pervenissem</span> <span class='ocrx_word' id='word_1_231' title='bbox 2628 1791 2700 1846; x_wconf 90' lang='lat' dir='ltr'>ad</span> <span class='ocrx_word' id='word_1_232' title='bbox 2729 1789 2915 1846; x_wconf 87' lang='lat' dir='ltr'>valvas</span> <span class='ocrx_word' id='word_1_233' title='bbox 2945 1791 3211 1857; x_wconf 65' lang='lat' dir='ltr'>ecclesiae,</span> <span class='ocrx_word' id='word_1_234' title='bbox 3244 1792 3483 1848; x_wconf 89' lang='lat' dir='ltr'>occurrit</span> 
     </span>
    </p>
   </div>
   <div class='ocr_carea' id='block_1_34' title="bbox 160 1877 1774 1950">
    <p class='ocr_par' dir='ltr' id='par_1_34' title="bbox 160 1877 1774 1950">
     <span class='ocr_line' id='line_1_34' title="bbox 160 1877 1774 1950; baseline 0.001 -16"><span class='ocrx_word' id='word_1_235' title='bbox 160 1895 437 1950; x_wconf 64' lang='lat' dir='ltr'>personae,</span> <span class='ocrx_word' id='word_1_236' title='bbox 469 1878 782 1933; x_wconf 91' lang='lat' dir='ltr'>omnimodo</span> <span class='ocrx_word' id='word_1_237' title='bbox 812 1877 1068 1933; x_wconf 91' lang='lat' dir='ltr'>vitiorum</span> <span class='ocrx_word' id='word_1_238' title='bbox 1099 1894 1321 1949; x_wconf 85' lang='lat' dir='ltr'>genere,</span> <span class='ocrx_word' id='word_1_239' title='bbox 1354 1880 1587 1936; x_wconf 85' lang='lat' dir='ltr'>maxime</span> <span class='ocrx_word' id='word_1_240' title='bbox 1609 1881 1774 1936; x_wconf 87' lang='lat' dir='ltr'>luxu-</span> 
     </span>
    </p>
   </div>
   <div class='ocr_carea' id='block_1_35' title="bbox 164 1966 1780 2042">
    <p class='ocr_par' dir='ltr' id='par_1_35' title="bbox 164 1966 1780 2042">
     <span class='ocr_line' id='line_1_35' title="bbox 164 1966 1780 2042; baseline 0.002 -22"><span class='ocrx_word' id='word_1_241' title='bbox 164 1968 261 2022; x_wconf 68' lang='lat' dir='ltr'>riae</span> <span class='ocrx_word' id='word_1_242' title='bbox 284 1967 561 2032; x_wconf 88' lang='lat' dir='ltr'>sordibus,</span> <span class='ocrx_word' id='word_1_243' title='bbox 595 1966 801 2033; x_wconf 79' lang='lat' dir='ltr'>fmdati,</span> <span class='ocrx_word' id='word_1_244' title='bbox 837 1966 1192 2021; x_wconf 89' lang='lat' dir='ltr'>sacramentis</span> <span class='ocrx_word' id='word_1_245' title='bbox 1230 1967 1428 2022; x_wconf 90' lang='lat' dir='ltr'>divinis</span> <span class='ocrx_word' id='word_1_246' title='bbox 1458 1985 1524 2022; x_wconf 88' lang='lat' dir='ltr'>ex</span> <span class='ocrx_word' id='word_1_247' title='bbox 1555 1968 1780 2042; x_wconf 85' lang='lat' dir='ltr'>indigno</span> 
     </span>
    </p>
   </div>
   <div class='ocr_carea' id='block_1_36' title="bbox 165 2054 1780 2124">
    <p class='ocr_par' dir='ltr' id='par_1_36' title="bbox 165 2054 1780 2124">
     <span class='ocr_line' id='line_1_36' title="bbox 165 2054 1780 2124; baseline 0.002 -14"><span class='ocrx_word' id='word_1_248' title='bbox 165 2071 396 2112; x_wconf 90' lang='lat' dir='ltr'>accessu</span> <span class='ocrx_word' id='word_1_249' title='bbox 425 2055 672 2124; x_wconf 90' lang='lat' dir='ltr'>injuriosi</span> <span class='ocrx_word' id='word_1_250' title='bbox 694 2054 1005 2123; x_wconf 86' lang='lat' dir='ltr'>existentes,</span> <span class='ocrx_word' id='word_1_251' title='bbox 1032 2071 1095 2111; x_wconf 87' lang='lat' dir='ltr'>ea</span> <span class='ocrx_word' id='word_1_252' title='bbox 1117 2055 1486 2112; x_wconf 88' lang='lat' dir='ltr'>irreverenter</span> <span class='ocrx_word' id='word_1_253' title='bbox 1515 2059 1780 2114; x_wconf 91' lang='lat' dir='ltr'>sumendo</span> 
     </span>
    </p>
   </div>
   <div class='ocr_carea' id='block_1_37' title="bbox 164 2143 1780 2216">
    <p class='ocr_par' dir='ltr' id='par_1_37' title="bbox 164 2143 1780 2216">
     <span class='ocr_line' id='line_1_37' title="bbox 164 2143 1780 2216; baseline 0.002 -18"><span class='ocrx_word' id='word_1_254' title='bbox 164 2153 328 2216; x_wconf 90' lang='lat' dir='ltr'>atque</span> <span class='ocrx_word' id='word_1_255' title='bbox 370 2143 674 2208; x_wconf 89' lang='lat' dir='ltr'>tractando,</span> <span class='ocrx_word' id='word_1_256' title='bbox 727 2151 987 2214; x_wconf 89' lang='lat' dir='ltr'>quantum</span> <span class='ocrx_word' id='word_1_257' title='bbox 1031 2143 1086 2198; x_wconf 92' lang='lat' dir='ltr'>in</span> <span class='ocrx_word' id='word_1_258' title='bbox 1117 2159 1177 2198; x_wconf 91' lang='lat' dir='ltr'>se</span> <span class='ocrx_word' id='word_1_259' title='bbox 1233 2151 1332 2212; x_wconf 85' lang='lat' dir='ltr'>est,</span> <span class='ocrx_word' id='word_1_260' title='bbox 1385 2145 1628 2215; x_wconf 91' lang='lat' dir='ltr'>polluere</span> <span class='ocrx_word' id='word_1_261' title='bbox 1670 2162 1780 2202; x_wconf 89' lang='lat' dir='ltr'>non</span> 
     </span>
    </p>
   </div>
   <div class='ocr_carea' id='block_1_38' title="bbox 161 2231 1778 2304">
    <p class='ocr_par' dir='ltr' id='par_1_38' title="bbox 161 2231 1778 2304">
     <span class='ocr_line' id='line_1_38' title="bbox 161 2231 1778 2304; baseline 0.001 -16"><span class='ocrx_word' id='word_1_262' title='bbox 161 2240 446 2288; x_wconf 90' lang='lat' dir='ltr'>verentur.</span> <span class='ocrx_word' id='word_1_263' title='bbox 482 2233 620 2302; x_wconf 71' lang='lat' dir='ltr'>Ipsae</span> <span class='ocrx_word' id='word_1_264' title='bbox 649 2231 910 2287; x_wconf 67' lang='lat' dir='ltr'>Ecclesia:</span> <span class='ocrx_word' id='word_1_265' title='bbox 940 2231 1179 2304; x_wconf 88' lang='lat' dir='ltr'>indignis</span> <span class='ocrx_word' id='word_1_266' title='bbox 1207 2239 1261 2287; x_wconf 89' lang='lat' dir='ltr'>et</span> <span class='ocrx_word' id='word_1_267' title='bbox 1289 2234 1405 2287; x_wconf 91' lang='lat' dir='ltr'>Deo</span> <span class='ocrx_word' id='word_1_268' title='bbox 1432 2233 1504 2288; x_wconf 91' lang='lat' dir='ltr'>ob</span> <span class='ocrx_word' id='word_1_269' title='bbox 1534 2234 1778 2304; x_wconf 89' lang='lat' dir='ltr'>perditos</span> 
     </span>
    </p>
   </div>
   <div class='ocr_carea' id='block_1_39' title="bbox 165 2320 1779 2392">
    <p class='ocr_par' dir='ltr' id='par_1_39' title="bbox 165 2320 1779 2392">
     <span class='ocr_line' id='line_1_39' title="bbox 165 2320 1779 2392; baseline 0.001 -16"><span class='ocrx_word' id='word_1_270' title='bbox 165 2336 345 2376; x_wconf 90' lang='lat' dir='ltr'>mores</span> <span class='ocrx_word' id='word_1_271' title='bbox 377 2320 569 2375; x_wconf 90' lang='lat' dir='ltr'>invisis</span> <span class='ocrx_word' id='word_1_272' title='bbox 597 2320 804 2390; x_wconf 88' lang='lat' dir='ltr'>passim</span> <span class='ocrx_word' id='word_1_273' title='bbox 832 2320 900 2374; x_wconf 90' lang='lat' dir='ltr'>ad</span> <span class='ocrx_word' id='word_1_274' title='bbox 931 2321 1230 2392; x_wconf 90' lang='lat' dir='ltr'>regendum</span> <span class='ocrx_word' id='word_1_275' title='bbox 1285 2321 1567 2376; x_wconf 87' lang='lat' dir='ltr'>traduntur</span> <span class='ocrx_word' id='word_1_276' title='bbox 1594 2337 1779 2392; x_wconf 91' lang='lat' dir='ltr'>perso-</span> 
     </span>
    </p>
   </div>
   <div class='ocr_carea' id='block_1_40' title="bbox 163 2407 1778 2480">
    <p class='ocr_par' dir='ltr' id='par_1_40' title="bbox 163 2407 1778 2480">
     <span class='ocr_line' id='line_1_40' title="bbox 163 2407 1778 2480; baseline 0.001 -16"><span class='ocrx_word' id='word_1_277' title='bbox 163 2410 269 2476; x_wconf 86' lang='lat' dir='ltr'>nis,</span> <span class='ocrx_word' id='word_1_278' title='bbox 302 2425 334 2462; x_wconf 90' lang='lat' dir='ltr'>a</span> <span class='ocrx_word' id='word_1_279' title='bbox 372 2409 562 2480; x_wconf 77' lang='lat' dir='ltr'>quibus</span> <span class='ocrx_word' id='word_1_280' title='bbox 581 2425 725 2478; x_wconf 66' lang='lat' dir='ltr'>saepe</span> <span class='ocrx_word' id='word_1_281' title='bbox 747 2424 902 2463; x_wconf 89' lang='lat' dir='ltr'>more</span> <span class='ocrx_word' id='word_1_282' title='bbox 925 2407 1271 2464; x_wconf 69' lang='lat' dir='ltr'>saecularium</span> <span class='ocrx_word' id='word_1_283' title='bbox 1296 2410 1627 2480; x_wconf 65' lang='lat' dir='ltr'>praediorum</span> <span class='ocrx_word' id='word_1_284' title='bbox 1656 2410 1778 2466; x_wconf 88' lang='lat' dir='ltr'>aliis</span> 
     </span>
    </p>
   </div>
   <div class='ocr_carea' id='block_1_41' title="bbox 165 2497 1780 2570">
    <p class='ocr_par' dir='ltr' id='par_1_41' title="bbox 165 2497 1780 2570">
     <span class='ocr_line' id='line_1_41' title="bbox 165 2497 1780 2570; baseline 0.001 -18"><span class='ocrx_word' id='word_1_285' title='bbox 165 2506 327 2568; x_wconf 91' lang='lat' dir='ltr'>atque</span> <span class='ocrx_word' id='word_1_286' title='bbox 346 2497 470 2552; x_wconf 89' lang='lat' dir='ltr'>aliis</span> <span class='ocrx_word' id='word_1_287' title='bbox 492 2497 870 2568; x_wconf 90' lang='lat' dir='ltr'>relinquuntur</span> <span class='ocrx_word' id='word_1_288' title='bbox 899 2497 970 2551; x_wconf 85' lang='lat' dir='ltr'>ad</span> <span class='ocrx_word' id='word_1_289' title='bbox 996 2497 1230 2565; x_wconf 85' lang='lat' dir='ltr'>firmam,</span> <span class='ocrx_word' id='word_1_290' title='bbox 1252 2514 1414 2568; x_wconf 88' lang='lat' dir='ltr'>quam</span> <span class='ocrx_word' id='word_1_291' title='bbox 1447 2499 1780 2570; x_wconf 83' lang='lat' dir='ltr'>emphitheo-</span> 
     </span>
    </p>
   </div>
   <div class='ocr_carea' id='block_1_42' title="bbox 166 2585 1774 2656">
    <p class='ocr_par' dir='ltr' id='par_1_42' title="bbox 166 2585 1774 2656">
     <span class='ocr_line' id='line_1_42' title="bbox 166 2585 1774 2656; baseline 0.001 -16"><span class='ocrx_word' id='word_1_292' title='bbox 166 2587 267 2640; x_wconf 92' lang='lat' dir='ltr'>sim</span> <span class='ocrx_word' id='word_1_293' title='bbox 288 2586 384 2641; x_wconf 90' lang='lat' dir='ltr'>alii</span> <span class='ocrx_word' id='word_1_294' title='bbox 405 2594 736 2656; x_wconf 88' lang='lat' dir='ltr'>nuncupant,</span> <span class='ocrx_word' id='word_1_295' title='bbox 761 2593 924 2656; x_wconf 89' lang='lat' dir='ltr'>utque</span> <span class='ocrx_word' id='word_1_296' title='bbox 939 2585 1075 2641; x_wconf 91' lang='lat' dir='ltr'>viles</span> <span class='ocrx_word' id='word_1_297' title='bbox 1102 2586 1366 2651; x_wconf 75' lang='lat' dir='ltr'>tabernae,</span> <span class='ocrx_word' id='word_1_298' title='bbox 1398 2587 1476 2642; x_wconf 92' lang='lat' dir='ltr'>sic</span> <span class='ocrx_word' id='word_1_299' title='bbox 1507 2587 1774 2654; x_wconf 84' lang='lat' dir='ltr'>ecclesiae,</span> 
     </span>
    </p>
   </div>
   <div class='ocr_carea' id='block_1_43' title="bbox 166 2673 1776 2744">
    <p class='ocr_par' dir='ltr' id='par_1_43' title="bbox 166 2673 1776 2744">
     <span class='ocr_line' id='line_1_43' title="bbox 166 2673 1776 2744; baseline 0.001 -16"><span class='ocrx_word' id='word_1_300' title='bbox 166 2675 340 2744; x_wconf 90' lang='lat' dir='ltr'>turpis</span> <span class='ocrx_word' id='word_1_301' title='bbox 381 2673 518 2730; x_wconf 86' lang='lat' dir='ltr'>lucri</span> <span class='ocrx_word' id='word_1_302' title='bbox 571 2673 748 2744; x_wconf 86' lang='lat' dir='ltr'>gratia</span> <span class='ocrx_word' id='word_1_303' title='bbox 807 2673 908 2727; x_wconf 86' lang='lat' dir='ltr'>sub</span> <span class='ocrx_word' id='word_1_304' title='bbox 950 2689 1129 2728; x_wconf 89' lang='lat' dir='ltr'>annuo</span> <span class='ocrx_word' id='word_1_305' title='bbox 1195 2690 1362 2730; x_wconf 88' lang='lat' dir='ltr'>censu</span> <span class='ocrx_word' id='word_1_306' title='bbox 1409 2675 1661 2730; x_wconf 89' lang='lat' dir='ltr'>locantur</span> <span class='ocrx_word' id='word_1_307' title='bbox 1707 2676 1776 2730; x_wconf 91' lang='lat' dir='ltr'>ad</span> 
     </span>
    </p>
   </div>
   <div class='ocr_carea' id='block_1_44' title="bbox 164 2762 1776 2834">
    <p class='ocr_par' dir='ltr' id='par_1_44' title="bbox 164 2762 1776 2834">
     <span class='ocr_line' id='line_1_44' title="bbox 164 2762 1776 2834; baseline 0.001 -18"><span class='ocrx_word' id='word_1_308' title='bbox 164 2773 454 2833; x_wconf 65' lang='lat' dir='ltr'>quaestum.</span> <span class='ocrx_word' id='word_1_309' title='bbox 487 2763 555 2816; x_wconf 86' lang='lat' dir='ltr'>Et</span> <span class='ocrx_word' id='word_1_310' title='bbox 585 2762 669 2816; x_wconf 86' lang='lat' dir='ltr'>his</span> <span class='ocrx_word' id='word_1_311' title='bbox 700 2762 767 2816; x_wconf 90' lang='lat' dir='ltr'>de</span> <span class='ocrx_word' id='word_1_312' title='bbox 798 2777 929 2818; x_wconf 91' lang='lat' dir='ltr'>cura</span> <span class='ocrx_word' id='word_1_313' title='bbox 959 2762 1283 2828; x_wconf 90' lang='lat' dir='ltr'>animarum,</span> <span class='ocrx_word' id='word_1_314' title='bbox 1319 2771 1370 2817; x_wconf 91' lang='lat' dir='ltr'>et</span> <span class='ocrx_word' id='word_1_315' title='bbox 1391 2764 1457 2818; x_wconf 91' lang='lat' dir='ltr'>de</span> <span class='ocrx_word' id='word_1_316' title='bbox 1486 2764 1776 2834; x_wconf 89' lang='lat' dir='ltr'>indigenti-</span> 
     </span>
    </p>
   </div>
   <div class='ocr_carea' id='block_1_45' title="bbox 164 2850 1776 2919">
    <p class='ocr_par' dir='ltr' id='par_1_45' title="bbox 164 2850 1776 2919">
     <span class='ocr_line' id='line_1_45' title="bbox 164 2850 1776 2919; baseline 0.002 -15"><span class='ocrx_word' id='word_1_317' title='bbox 164 2851 266 2906; x_wconf 87' lang='lat' dir='ltr'>bus</span> <span class='ocrx_word' id='word_1_318' title='bbox 296 2851 666 2906; x_wconf 88' lang='lat' dir='ltr'>sustentandis</span> <span class='ocrx_word' id='word_1_319' title='bbox 697 2868 762 2905; x_wconf 89' lang='lat' dir='ltr'>ex</span> <span class='ocrx_word' id='word_1_320' title='bbox 793 2850 1050 2906; x_wconf 89' lang='lat' dir='ltr'>fructibus</span> <span class='ocrx_word' id='word_1_321' title='bbox 1081 2851 1262 2906; x_wconf 89' lang='lat' dir='ltr'>nullus</span> <span class='ocrx_word' id='word_1_322' title='bbox 1309 2859 1394 2906; x_wconf 81' lang='lat' dir='ltr'>est</span> <span class='ocrx_word' id='word_1_323' title='bbox 1442 2868 1644 2919; x_wconf 89' lang='lat' dir='ltr'>sermo,</span> <span class='ocrx_word' id='word_1_324' title='bbox 1679 2853 1776 2909; x_wconf 89' lang='lat' dir='ltr'>sed</span> 
     </span>
    </p>
   </div>
   <div class='ocr_carea' id='block_1_46' title="bbox 168 2939 1778 3009">
    <p class='ocr_par' dir='ltr' id='par_1_46' title="bbox 168 2939 1778 3009">
     <span class='ocr_line' id='line_1_46' title="bbox 168 2939 1778 3009; baseline 0.002 -17"><span class='ocrx_word' id='word_1_325' title='bbox 168 2940 470 2995; x_wconf 85' lang='lat' dir='ltr'>sarciendis</span> <span class='ocrx_word' id='word_1_326' title='bbox 519 2939 814 3008; x_wconf 89' lang='lat' dir='ltr'>crumenis,</span> <span class='ocrx_word' id='word_1_327' title='bbox 868 2955 1002 3009; x_wconf 89' lang='lat' dir='ltr'>quas</span> <span class='ocrx_word' id='word_1_328' title='bbox 1053 2939 1140 2994; x_wconf 89' lang='lat' dir='ltr'>vel</span> <span class='ocrx_word' id='word_1_329' title='bbox 1188 2939 1345 2993; x_wconf 88' lang='lat' dir='ltr'>luxus</span> <span class='ocrx_word' id='word_1_330' title='bbox 1391 2948 1637 3006; x_wconf 88' lang='lat' dir='ltr'>evacuet,</span> <span class='ocrx_word' id='word_1_331' title='bbox 1691 2941 1778 2996; x_wconf 88' lang='lat' dir='ltr'>vel</span> 
     </span>
    </p>
   </div>
   <div class='ocr_carea' id='block_1_47' title="bbox 167 3026 1773 3098">
    <p class='ocr_par' dir='ltr' id='par_1_47' title="bbox 167 3026 1773 3098">
     <span class='ocr_line' id='line_1_47' title="bbox 167 3026 1773 3098; baseline 0.001 -18"><span class='ocrx_word' id='word_1_332' title='bbox 167 3028 395 3082; x_wconf 88' lang='lat' dir='ltr'>avaritia</span> <span class='ocrx_word' id='word_1_333' title='bbox 427 3027 770 3082; x_wconf 89' lang='lat' dir='ltr'>solummodo</span> <span class='ocrx_word' id='word_1_334' title='bbox 807 3026 1039 3098; x_wconf 66' lang='lat' dir='ltr'>mrugini</span> <span class='ocrx_word' id='word_1_335' title='bbox 1087 3027 1481 3097; x_wconf 89' lang='lat' dir='ltr'>contingendas</span> <span class='ocrx_word' id='word_1_336' title='bbox 1513 3028 1773 3098; x_wconf 88' lang='lat' dir='ltr'>includat,</span> 
     </span>
    </p>
   </div>
   <div class='ocr_carea' id='block_1_48' title="bbox 167 3115 1774 3173">
    <p class='ocr_par' dir='ltr' id='par_1_48' title="bbox 167 3115 1774 3173">
     <span class='ocr_line' id='line_1_48' title="bbox 167 3115 1774 3173; baseline 0.002 -4"><span class='ocrx_word' id='word_1_337' title='bbox 167 3123 277 3170; x_wconf 91' lang='lat' dir='ltr'>tota</span> <span class='ocrx_word' id='word_1_338' title='bbox 304 3115 682 3172; x_wconf 89' lang='lat' dir='ltr'>indesinenter</span> <span class='ocrx_word' id='word_1_339' title='bbox 709 3115 965 3171; x_wconf 88' lang='lat' dir='ltr'>aviditate</span> <span class='ocrx_word' id='word_1_340' title='bbox 995 3115 1204 3170; x_wconf 88' lang='lat' dir='ltr'>inhiare</span> <span class='ocrx_word' id='word_1_341' title='bbox 1233 3131 1342 3170; x_wconf 91' lang='lat' dir='ltr'>non</span> <span class='ocrx_word' id='word_1_342' title='bbox 1373 3124 1612 3170; x_wconf 92' lang='lat' dir='ltr'>cessant.</span> <span class='ocrx_word' id='word_1_343' title='bbox 1646 3117 1774 3173; x_wconf 74' lang='lat' dir='ltr'>Haec</span> 
     </span>
    </p>
   </div>
   <div class='ocr_carea' id='block_1_49' title="bbox 168 3203 1774 3276">
    <p class='ocr_par' dir='ltr' id='par_1_49' title="bbox 168 3203 1774 3276">
     <span class='ocr_line' id='line_1_49' title="bbox 168 3203 1774 3276; baseline 0.001 -17"><span class='ocrx_word' id='word_1_344' title='bbox 168 3211 220 3259; x_wconf 88' lang='lat' dir='ltr'>et</span> <span class='ocrx_word' id='word_1_345' title='bbox 263 3204 466 3259; x_wconf 88' lang='lat' dir='ltr'>similia</span> <span class='ocrx_word' id='word_1_346' title='bbox 510 3212 780 3260; x_wconf 90' lang='lat' dir='ltr'>rectorum</span> <span class='ocrx_word' id='word_1_347' title='bbox 828 3204 977 3269; x_wconf 90' lang='lat' dir='ltr'>vitia,</span> <span class='ocrx_word' id='word_1_348' title='bbox 1027 3203 1082 3258; x_wconf 91' lang='lat' dir='ltr'>in</span> <span class='ocrx_word' id='word_1_349' title='bbox 1125 3203 1402 3275; x_wconf 87' lang='lat' dir='ltr'>regendos</span> <span class='ocrx_word' id='word_1_350' title='bbox 1452 3204 1774 3276; x_wconf 88' lang='lat' dir='ltr'>contagiosa</span> 
     </span>
    </p>
   </div>
   <div class='ocr_carea' id='block_1_50' title="bbox 167 3291 1773 3358">
    <p class='ocr_par' dir='ltr' id='par_1_50' title="bbox 167 3291 1773 3358">
     <span class='ocr_line' id='line_1_50' title="bbox 167 3291 1773 3358; baseline 0.001 -11"><span class='ocrx_word' id='word_1_351' title='bbox 167 3292 509 3348; x_wconf 63' lang='lat' dir='ltr'>aemulatione</span> <span class='ocrx_word' id='word_1_352' title='bbox 554 3292 844 3358; x_wconf 90' lang='lat' dir='ltr'>transfusa,</span> <span class='ocrx_word' id='word_1_353' title='bbox 900 3291 1142 3347; x_wconf 89' lang='lat' dir='ltr'>omnium</span> <span class='ocrx_word' id='word_1_354' title='bbox 1190 3291 1302 3346; x_wconf 88' lang='lat' dir='ltr'>fere</span> <span class='ocrx_word' id='word_1_355' title='bbox 1349 3299 1455 3346; x_wconf 86' lang='lat' dir='ltr'>tam</span> <span class='ocrx_word' id='word_1_356' title='bbox 1503 3293 1773 3348; x_wconf 90' lang='lat' dir='ltr'>minorum</span> 
     </span>
    </p>
   </div>
   <div class='ocr_carea' id='block_1_51' title="bbox 169 3379 1772 3453">
    <p class='ocr_par' dir='ltr' id='par_1_51' title="bbox 169 3379 1772 3453">
     <span class='ocr_line' id='line_1_51' title="bbox 169 3379 1772 3453; baseline -0.001 -17"><span class='ocrx_word' id='word_1_357' title='bbox 169 3396 330 3451; x_wconf 89' lang='lat' dir='ltr'>quam</span> <span class='ocrx_word' id='word_1_358' title='bbox 360 3382 631 3449; x_wconf 88' lang='lat' dir='ltr'>majorum</span> <span class='ocrx_word' id='word_1_359' title='bbox 661 3380 984 3452; x_wconf 73' lang='lat' dir='ltr'>prazcordiis</span> <span class='ocrx_word' id='word_1_360' title='bbox 1031 3379 1397 3434; x_wconf 87' lang='lat' dir='ltr'>dominantur.</span> <span class='ocrx_word' id='word_1_361' title='bbox 1431 3380 1570 3436; x_wconf 86' lang='lat' dir='ltr'>Hinc</span> <span class='ocrx_word' id='word_1_362' title='bbox 1601 3397 1772 3453; x_wconf 87' lang='lat' dir='ltr'>gran-</span> 
     </span>
    </p>
   </div>
   <div class='ocr_carea' id='block_1_52' title="bbox 169 3468 1772 3539">
    <p class='ocr_par' dir='ltr' id='par_1_52' title="bbox 169 3468 1772 3539">
     <span class='ocr_line' id='line_1_52' title="bbox 169 3468 1772 3539; baseline 0 -15"><span class='ocrx_word' id='word_1_363' title='bbox 169 3469 250 3524; x_wconf 90' lang='lat' dir='ltr'>dis</span> <span class='ocrx_word' id='word_1_364' title='bbox 283 3469 438 3526; x_wconf 90' lang='lat' dir='ltr'>furor</span> <span class='ocrx_word' id='word_1_365' title='bbox 470 3478 522 3525; x_wconf 90' lang='lat' dir='ltr'>et</span> <span class='ocrx_word' id='word_1_366' title='bbox 547 3469 628 3524; x_wconf 91' lang='lat' dir='ltr'>ira</span> <span class='ocrx_word' id='word_1_367' title='bbox 656 3469 757 3525; x_wconf 88' lang='lat' dir='ltr'>Dei</span> <span class='ocrx_word' id='word_1_368' title='bbox 780 3469 1026 3524; x_wconf 91' lang='lat' dir='ltr'>imminet</span> <span class='ocrx_word' id='word_1_369' title='bbox 1067 3477 1179 3523; x_wconf 90' lang='lat' dir='ltr'>tam</span> <span class='ocrx_word' id='word_1_370' title='bbox 1223 3468 1424 3538; x_wconf 86' lang='lat' dir='ltr'>pOpulo</span> <span class='ocrx_word' id='word_1_371' title='bbox 1455 3485 1620 3539; x_wconf 89' lang='lat' dir='ltr'>quam</span> <span class='ocrx_word' id='word_1_372' title='bbox 1649 3469 1772 3524; x_wconf 91' lang='lat' dir='ltr'>uni-</span> 
     </span>
    </p>
   </div>
   <div class='ocr_carea' id='block_1_53' title="bbox 167 3556 1773 3630">
    <p class='ocr_par' dir='ltr' id='par_1_53' title="bbox 167 3556 1773 3630">
     <span class='ocr_line' id='line_1_53' title="bbox 167 3556 1773 3630; baseline 0.001 -19"><span class='ocrx_word' id='word_1_373' title='bbox 167 3559 339 3613; x_wconf 88' lang='lat' dir='ltr'>versis</span> <span class='ocrx_word' id='word_1_374' title='bbox 359 3558 568 3630; x_wconf 87' lang='lat' dir='ltr'>pariter</span> <span class='ocrx_word' id='word_1_375' title='bbox 587 3567 745 3614; x_wconf 74' lang='lat' dir='ltr'>terra:</span> <span class='ocrx_word' id='word_1_376' title='bbox 765 3558 925 3626; x_wconf 87' lang='lat' dir='ltr'>hujus</span> <span class='ocrx_word' id='word_1_377' title='bbox 945 3557 1360 3612; x_wconf 88' lang='lat' dir='ltr'>habitatoribus.</span> <span class='ocrx_word' id='word_1_378' title='bbox 1387 3557 1483 3611; x_wconf 85' lang='lat' dir='ltr'>His</span> <span class='ocrx_word' id='word_1_379' title='bbox 1514 3556 1773 3613; x_wconf 81' lang='lat' dir='ltr'>festiuum</span> 
     </span>
    </p>
   </div>
   <div class='ocr_carea' id='block_1_54' title="bbox 167 3645 1771 3717">
    <p class='ocr_par' dir='ltr' id='par_1_54' title="bbox 167 3645 1771 3717">
     <span class='ocr_line' id='line_1_54' title="bbox 167 3645 1771 3717; baseline 0 -17"><span class='ocrx_word' id='word_1_380' title='bbox 167 3645 427 3701; x_wconf 87' lang='lat' dir='ltr'>inferetur</span> <span class='ocrx_word' id='word_1_381' title='bbox 458 3646 698 3712; x_wconf 87' lang='lat' dir='ltr'>exitium,</span> <span class='ocrx_word' id='word_1_382' title='bbox 730 3655 781 3700; x_wconf 92' lang='lat' dir='ltr'>et</span> <span class='ocrx_word' id='word_1_383' title='bbox 811 3646 961 3717; x_wconf 85' lang='lat' dir='ltr'>genti</span> <span class='ocrx_word' id='word_1_384' title='bbox 999 3645 1124 3701; x_wconf 88' lang='lat' dir='ltr'>huic</span> <span class='ocrx_word' id='word_1_385' title='bbox 1181 3645 1417 3712; x_wconf 65' lang='lat' dir='ltr'>miserae,</span> <span class='ocrx_word' id='word_1_386' title='bbox 1452 3645 1498 3699; x_wconf 91' lang='lat' dir='ltr'>si</span> <span class='ocrx_word' id='word_1_387' title='bbox 1528 3662 1638 3701; x_wconf 90' lang='lat' dir='ltr'>non</span> <span class='ocrx_word' id='word_1_388' title='bbox 1668 3661 1771 3700; x_wconf 92' lang='lat' dir='ltr'>an-</span> 
     </span>
    </p>
   </div>
   <div class='ocr_carea' id='block_1_55' title="bbox 167 3734 1774 3805">
    <p class='ocr_par' dir='ltr' id='par_1_55' title="bbox 167 3734 1774 3805">
     <span class='ocr_line' id='line_1_55' title="bbox 167 3734 1774 3805; baseline 0.001 -18"><span class='ocrx_word' id='word_1_389' title='bbox 167 3735 348 3805; x_wconf 89' lang='lat' dir='ltr'>ticipet</span> <span class='ocrx_word' id='word_1_390' title='bbox 395 3735 723 3790; x_wconf 85' lang='lat' dir='ltr'>acceleratio</span> <span class='ocrx_word' id='word_1_391' title='bbox 769 3742 820 3790; x_wconf 90' lang='lat' dir='ltr'>et</span> <span class='ocrx_word' id='word_1_392' title='bbox 869 3734 1173 3790; x_wconf 89' lang='lat' dir='ltr'>accelerata</span> <span class='ocrx_word' id='word_1_393' title='bbox 1220 3734 1507 3798; x_wconf 89' lang='lat' dir='ltr'>correctio,</span> <span class='ocrx_word' id='word_1_394' title='bbox 1551 3734 1774 3804; x_wconf 89' lang='lat' dir='ltr'>jamjam</span> 
     </span>
    </p>
   </div>
   <div class='ocr_carea' id='block_1_56' title="bbox 171 3821 1768 3893">
    <p class='ocr_par' dir='ltr' id='par_1_56' title="bbox 171 3821 1768 3893">
     <span class='ocr_line' id='line_1_56' title="bbox 171 3821 1768 3893; baseline 0 -17"><span class='ocrx_word' id='word_1_395' title='bbox 171 3822 446 3892; x_wconf 87' lang='lat' dir='ltr'>impendet</span> <span class='ocrx_word' id='word_1_396' title='bbox 477 3823 754 3893; x_wconf 81' lang='lat' dir='ltr'>flagellum</span> <span class='ocrx_word' id='word_1_397' title='bbox 802 3822 1041 3878; x_wconf 73' lang='lat' dir='ltr'>cmlestis</span> <span class='ocrx_word' id='word_1_398' title='bbox 1087 3821 1358 3877; x_wconf 64' lang='lat' dir='ltr'>vindictae.</span> <span class='ocrx_word' id='word_1_399' title='bbox 1397 3845 1418 3870; x_wconf 78' lang='grc' dir='ltr'>ιι</span> <span class='ocrx_word' id='word_1_400' title='bbox 1451 3822 1548 3877; x_wconf 86' lang='lat' dir='ltr'>His</span> <span class='ocrx_word' id='word_1_401' title='bbox 1591 3821 1768 3889; x_wconf 90' lang='lat' dir='ltr'>dictis,</span> 
     </span>
    </p>
   </div>
   <div class='ocr_carea' id='block_1_57' title="bbox 169 3911 990 3982">
    <p class='ocr_par' dir='ltr' id='par_1_57' title="bbox 169 3911 990 3982">
     <span class='ocr_line' id='line_1_57' title="bbox 169 3911 990 3982; baseline -0.001 -17"><span class='ocrx_word' id='word_1_402' title='bbox 169 3926 270 3965; x_wconf 81' lang='lat' dir='ltr'>vox</span> <span class='ocrx_word' id='word_1_403' title='bbox 301 3929 422 3982; x_wconf 77' lang='lat' dir='ltr'>quae</span> <span class='ocrx_word' id='word_1_404' title='bbox 454 3911 777 3966; x_wconf 89' lang='lat' dir='ltr'>audiebatur</span> <span class='ocrx_word' id='word_1_405' title='bbox 824 3911 990 3966; x_wconf 89' lang='lat' dir='ltr'>siluit.</span> 
     </span>
    </p>
   </div>
   <div class='ocr_carea' id='block_1_58' title="bbox 239 3998 1772 4071">
    <p class='ocr_par' dir='ltr' id='par_1_58' title="bbox 239 3998 1772 4071">
     <span class='ocr_line' id='line_1_58' title="bbox 239 3998 1772 4071; baseline 0.001 -19"><span class='ocrx_word' id='word_1_406' title='bbox 239 4000 358 4071; x_wconf 86' lang='lat' dir='ltr'>Ego</span> <span class='ocrx_word' id='word_1_407' title='bbox 388 3999 678 4070; x_wconf 88' lang='lat' dir='ltr'>siquidem,</span> <span class='ocrx_word' id='word_1_408' title='bbox 709 3999 1026 4070; x_wconf 87' lang='lat' dir='ltr'>priusquam</span> <span class='ocrx_word' id='word_1_409' title='bbox 1053 3999 1170 4054; x_wconf 66' lang='lat' dir='ltr'>haec</span> <span class='ocrx_word' id='word_1_410' title='bbox 1211 3998 1478 4067; x_wconf 89' lang='lat' dir='ltr'>audirem,</span> <span class='ocrx_word' id='word_1_411' title='bbox 1510 3998 1772 4069; x_wconf 89' lang='lat' dir='ltr'>psalterio</span> 
     </span>
    </p>
   </div>
   <div class='ocr_carea' id='block_1_59' title="bbox 165 4085 1772 4158">
    <p class='ocr_par' dir='ltr' id='par_1_59' title="bbox 165 4085 1772 4158">
     <span class='ocr_line' id='line_1_59' title="bbox 165 4085 1772 4158; baseline 0.001 -19"><span class='ocrx_word' id='word_1_412' title='bbox 165 4085 276 4152; x_wconf 88' lang='lat' dir='ltr'>jam</span> <span class='ocrx_word' id='word_1_413' title='bbox 298 4103 530 4143; x_wconf 87' lang='lat' dir='ltr'>excurso</span> <span class='ocrx_word' id='word_1_414' title='bbox 553 4103 724 4158; x_wconf 90' lang='lat' dir='ltr'>usque</span> <span class='ocrx_word' id='word_1_415' title='bbox 753 4087 823 4141; x_wconf 90' lang='lat' dir='ltr'>ad</span> <span class='ocrx_word' id='word_1_416' title='bbox 855 4087 1210 4142; x_wconf 89' lang='lat' dir='ltr'>centesimum</span> <span class='ocrx_word' id='word_1_417' title='bbox 1241 4087 1473 4157; x_wconf 90' lang='lat' dir='ltr'>primum</span> <span class='ocrx_word' id='word_1_418' title='bbox 1501 4087 1772 4156; x_wconf 90' lang='lat' dir='ltr'>psalmum</span> 
     </span>
    </p>
   </div>
   <div class='ocr_carea' id='block_1_60' title="bbox 176 4175 1773 4247">
    <p class='ocr_par' dir='ltr' id='par_1_60' title="bbox 176 4175 1773 4247">
     <span class='ocr_line' id='line_1_60' title="bbox 176 4175 1773 4247; baseline 0.002 -21"><span class='ocrx_word' id='word_1_419' title='bbox 176 4175 325 4230; x_wconf 85' lang='lat' dir='ltr'>tlexis</span> <span class='ocrx_word' id='word_1_420' title='bbox 354 4176 589 4247; x_wconf 87' lang='lat' dir='ltr'>genibus</span> <span class='ocrx_word' id='word_1_421' title='bbox 622 4191 808 4231; x_wconf 90' lang='lat' dir='ltr'>coram</span> <span class='ocrx_word' id='word_1_422' title='bbox 837 4175 988 4230; x_wconf 88' lang='lat' dir='ltr'>altari</span> <span class='ocrx_word' id='word_1_423' title='bbox 1038 4184 1239 4230; x_wconf 70' lang='lat' dir='ltr'>sancta:</span> <span class='ocrx_word' id='word_1_424' title='bbox 1269 4176 1367 4229; x_wconf 89' lang='lat' dir='ltr'>Dei</span> <span class='ocrx_word' id='word_1_425' title='bbox 1393 4175 1681 4229; x_wconf 89' lang='lat' dir='ltr'>Genitricis</span> <span class='ocrx_word' id='word_1_426' title='bbox 1719 4175 1773 4229; x_wconf 94' lang='lat' dir='ltr'>in</span> 
     </span>
    </p>
   </div>
   <div class='ocr_carea' id='block_1_61' title="bbox 171 4263 1773 4320">
    <p class='ocr_par' dir='ltr' id='par_1_61' title="bbox 171 4263 1773 4320">
     <span class='ocr_line' id='line_1_61' title="bbox 171 4263 1773 4320; baseline 0 -4"><span class='ocrx_word' id='word_1_427' title='bbox 171 4263 410 4320; x_wconf 88' lang='lat' dir='ltr'>oratione</span> <span class='ocrx_word' id='word_1_428' title='bbox 461 4264 697 4318; x_wconf 89' lang='lat' dir='ltr'>animum</span> <span class='ocrx_word' id='word_1_429' title='bbox 761 4265 1114 4320; x_wconf 86' lang='lat' dir='ltr'>vehementer</span> <span class='ocrx_word' id='word_1_430' title='bbox 1159 4263 1519 4318; x_wconf 88' lang='lat' dir='ltr'>intenderam.</span> <span class='ocrx_word' id='word_1_431' title='bbox 1572 4263 1773 4318; x_wconf 90' lang='lat' dir='ltr'>Oborta</span> 
     </span>
    </p>
   </div>
   <div class='ocr_carea' id='block_1_62' title="bbox 172 4350 1772 4422">
    <p class='ocr_par' dir='ltr' id='par_1_62' title="bbox 172 4350 1772 4422">
     <span class='ocr_line' id='line_1_62' title="bbox 172 4350 1772 4422; baseline 0.003 -20"><span class='ocrx_word' id='word_1_432' title='bbox 172 4365 401 4422; x_wconf 88' lang='lat' dir='ltr'>namque</span> <span class='ocrx_word' id='word_1_433' title='bbox 435 4352 611 4407; x_wconf 87' lang='lat' dir='ltr'>fuerat</span> <span class='ocrx_word' id='word_1_434' title='bbox 641 4352 697 4406; x_wconf 90' lang='lat' dir='ltr'>in</span> <span class='ocrx_word' id='word_1_435' title='bbox 717 4359 894 4407; x_wconf 89' lang='lat' dir='ltr'>mente</span> <span class='ocrx_word' id='word_1_436' title='bbox 925 4368 1050 4407; x_wconf 88' lang='lat' dir='ltr'>mea</span> <span class='ocrx_word' id='word_1_437' title='bbox 1093 4359 1314 4422; x_wconf 91' lang='lat' dir='ltr'>repente</span> <span class='ocrx_word' id='word_1_438' title='bbox 1362 4350 1625 4406; x_wconf 88' lang='lat' dir='ltr'>memoria</span> <span class='ocrx_word' id='word_1_439' title='bbox 1668 4367 1772 4422; x_wconf 91' lang='lat' dir='ltr'>pa-</span> 
     </span>
    </p>
   </div>
   <div class='ocr_carea' id='block_1_63' title="bbox 171 4438 1774 4510">
    <p class='ocr_par' dir='ltr' id='par_1_63' title="bbox 171 4438 1774 4510">
     <span class='ocr_line' id='line_1_63' title="bbox 171 4438 1774 4510; baseline 0.002 -20"><span class='ocrx_word' id='word_1_440' title='bbox 171 4438 266 4491; x_wconf 87' lang='lat' dir='ltr'>tris</span> <span class='ocrx_word' id='word_1_441' title='bbox 297 4441 558 4495; x_wconf 83' lang='lat' dir='ltr'>meiante</span> <span class='ocrx_word' id='word_1_442' title='bbox 590 4456 699 4496; x_wconf 90' lang='lat' dir='ltr'>non</span> <span class='ocrx_word' id='word_1_443' title='bbox 727 4441 928 4495; x_wconf 89' lang='lat' dir='ltr'>multos</span> <span class='ocrx_word' id='word_1_444' title='bbox 959 4456 1131 4495; x_wconf 86' lang='lat' dir='ltr'>annos</span> <span class='ocrx_word' id='word_1_445' title='bbox 1161 4440 1215 4494; x_wconf 92' lang='lat' dir='ltr'>in</span> <span class='ocrx_word' id='word_1_446' title='bbox 1257 4449 1400 4494; x_wconf 90' lang='lat' dir='ltr'>terra</span> <span class='ocrx_word' id='word_1_447' title='bbox 1429 4439 1774 4510; x_wconf 74' lang='lat' dir='ltr'>Jerosolymi-</span> 
     </span>
    </p>
   </div>
   <div class='ocr_carea' id='block_1_64' title="bbox 1880 1877 3486 1951">
    <p class='ocr_par' dir='ltr' id='par_1_64' title="bbox 1880 1877 3486 1951">
     <span class='ocr_line' id='line_1_64' title="bbox 1880 1877 3486 1951; baseline 0.001 -18"><span class='ocrx_word' id='word_1_448' title='bbox 1880 1878 2014 1933; x_wconf 90' lang='lat' dir='ltr'>mihi</span> <span class='ocrx_word' id='word_1_449' title='bbox 2043 1878 2196 1950; x_wconf 90' lang='lat' dir='ltr'>virgo</span> <span class='ocrx_word' id='word_1_450' title='bbox 2227 1878 2498 1950; x_wconf 63' lang='lat' dir='ltr'>quaedam,</span> <span class='ocrx_word' id='word_1_451' title='bbox 2531 1877 2791 1951; x_wconf 89' lang='lat' dir='ltr'>religiosa</span> <span class='ocrx_word' id='word_1_452' title='bbox 2810 1878 2990 1945; x_wconf 89' lang='lat' dir='ltr'>valde,</span> <span class='ocrx_word' id='word_1_453' title='bbox 3026 1896 3146 1951; x_wconf 61' lang='lat' dir='ltr'>quae</span> <span class='ocrx_word' id='word_1_454' title='bbox 3174 1881 3408 1936; x_wconf 90' lang='lat' dir='ltr'>Domino</span> <span class='ocrx_word' id='word_1_455' title='bbox 3429 1881 3486 1934; x_wconf 90' lang='lat' dir='ltr'>in</span> 
     </span>
    </p>
   </div>
   <div class='ocr_carea' id='block_1_65' title="bbox 1875 1967 3486 2038">
    <p class='ocr_par' dir='ltr' id='par_1_65' title="bbox 1875 1967 3486 2038">
     <span class='ocr_line' id='line_1_65' title="bbox 1875 1967 3486 2038; baseline 0.002 -17"><span class='ocrx_word' id='word_1_456' title='bbox 1875 1967 2096 2036; x_wconf 90' lang='lat' dir='ltr'>jejuniis</span> <span class='ocrx_word' id='word_1_457' title='bbox 2125 1975 2180 2022; x_wconf 90' lang='lat' dir='ltr'>et</span> <span class='ocrx_word' id='word_1_458' title='bbox 2225 1967 2579 2034; x_wconf 90' lang='lat' dir='ltr'>orationibus,</span> <span class='ocrx_word' id='word_1_459' title='bbox 2631 1967 2688 2021; x_wconf 91' lang='lat' dir='ltr'>in</span> <span class='ocrx_word' id='word_1_460' title='bbox 2734 1967 2938 2038; x_wconf 85' lang='lat' dir='ltr'>frigore</span> <span class='ocrx_word' id='word_1_461' title='bbox 2986 1975 3040 2024; x_wconf 90' lang='lat' dir='ltr'>et</span> <span class='ocrx_word' id='word_1_462' title='bbox 3084 1969 3348 2038; x_wconf 89' lang='lat' dir='ltr'>nuditate,</span> <span class='ocrx_word' id='word_1_463' title='bbox 3395 1968 3486 2025; x_wconf 90' lang='lat' dir='ltr'>die</span> 
     </span>
    </p>
   </div>
   <div class='ocr_carea' id='block_1_66' title="bbox 1879 2053 3482 2126">
    <p class='ocr_par' dir='ltr' id='par_1_66' title="bbox 1879 2053 3482 2126">
     <span class='ocr_line' id='line_1_66' title="bbox 1879 2053 3482 2126; baseline 0.001 -15"><span class='ocrx_word' id='word_1_464' title='bbox 1879 2063 2150 2126; x_wconf 88' lang='lat' dir='ltr'>noctuque</span> <span class='ocrx_word' id='word_1_465' title='bbox 2170 2055 2508 2122; x_wconf 88' lang='lat' dir='ltr'>deserviens,</span> <span class='ocrx_word' id='word_1_466' title='bbox 2549 2055 2618 2110; x_wconf 89' lang='lat' dir='ltr'>ab</span> <span class='ocrx_word' id='word_1_467' title='bbox 2666 2053 2902 2112; x_wconf 89' lang='lat' dir='ltr'>ecclesia</span> <span class='ocrx_word' id='word_1_468' title='bbox 2943 2056 3136 2112; x_wconf 91' lang='lat' dir='ltr'>eadem</span> <span class='ocrx_word' id='word_1_469' title='bbox 3179 2057 3482 2126; x_wconf 90' lang='lat' dir='ltr'>rarissime,</span> 
     </span>
    </p>
   </div>
   <div class='ocr_carea' id='block_1_67' title="bbox 1880 2143 3477 2216">
    <p class='ocr_par' dir='ltr' id='par_1_67' title="bbox 1880 2143 3477 2216">
     <span class='ocr_line' id='line_1_67' title="bbox 1880 2143 3477 2216; baseline 0.003 -18"><span class='ocrx_word' id='word_1_470' title='bbox 1880 2144 1950 2198; x_wconf 90' lang='lat' dir='ltr'>ab</span> <span class='ocrx_word' id='word_1_471' title='bbox 1982 2144 2100 2213; x_wconf 87' lang='lat' dir='ltr'>ejus</span> <span class='ocrx_word' id='word_1_472' title='bbox 2129 2160 2259 2200; x_wconf 87' lang='lat' dir='ltr'>vero</span> <span class='ocrx_word' id='word_1_473' title='bbox 2287 2143 2440 2200; x_wconf 88' lang='lat' dir='ltr'>atriis</span> <span class='ocrx_word' id='word_1_474' title='bbox 2481 2159 2763 2216; x_wconf 86' lang='lat' dir='ltr'>nunquam</span> <span class='ocrx_word' id='word_1_475' title='bbox 2790 2160 2933 2216; x_wconf 89' lang='lat' dir='ltr'>pene</span> <span class='ocrx_word' id='word_1_476' title='bbox 2983 2145 3293 2202; x_wconf 85' lang='lat' dir='ltr'>recedebat.</span> <span class='ocrx_word' id='word_1_477' title='bbox 3328 2146 3477 2212; x_wconf 67' lang='lat' dir='ltr'>Haec,</span> 
     </span>
    </p>
   </div>
   <div class='ocr_carea' id='block_1_68' title="bbox 1879 2232 3485 2322">
    <p class='ocr_par' dir='ltr' id='par_1_68' title="bbox 1879 2232 3485 2322">
     <span class='ocr_line' id='line_1_68' title="bbox 1879 2232 3485 2322; baseline 0.001 -34"><span class='ocrx_word' id='word_1_478' title='bbox 1879 2247 2003 2288; x_wconf 91' lang='lat' dir='ltr'>cum</span> <span class='ocrx_word' id='word_1_479' title='bbox 2034 2232 2352 2290; x_wconf 87' lang='lat' dir='ltr'>audirentur</span> <span class='ocrx_word' id='word_1_480' title='bbox 2375 2233 2655 2304; x_wconf 70' lang='lat' dir='ltr'>praedicta,</span> <span class='ocrx_word' id='word_1_481' title='bbox 2678 2233 2736 2288; x_wconf 88' lang='lat' dir='ltr'>in</span> <span class='ocrx_word' id='word_1_482' title='bbox 2763 2239 2978 2322; x_wconf 60' lang='lat' dir='ltr'>re‘noto</span> <span class='ocrx_word' id='word_1_483' title='bbox 3003 2233 3252 2290; x_wconf 83' lang='lat' dir='ltr'>ecclesiae</span> <span class='ocrx_word' id='word_1_484' title='bbox 3280 2233 3485 2305; x_wconf 86' lang='lat' dir='ltr'>angulo</span> 
     </span>
    </p>
   </div>
   <div class='ocr_carea' id='block_1_69' title="bbox 1879 2319 3483 2394">
    <p class='ocr_par' dir='ltr' id='par_1_69' title="bbox 1879 2319 3483 2394">
     <span class='ocr_line' id='line_1_69' title="bbox 1879 2319 3483 2394; baseline 0.001 -18"><span class='ocrx_word' id='word_1_485' title='bbox 1879 2320 2051 2376; x_wconf 90' lang='lat' dir='ltr'>solitis</span> <span class='ocrx_word' id='word_1_486' title='bbox 2082 2329 2372 2378; x_wconf 87' lang='lat' dir='ltr'>vacaverat</span> <span class='ocrx_word' id='word_1_487' title='bbox 2398 2319 2752 2376; x_wconf 91' lang='lat' dir='ltr'>orationibus.</span> <span class='ocrx_word' id='word_1_488' title='bbox 2786 2319 2921 2390; x_wconf 75' lang='lat' dir='ltr'>Quae</span> <span class='ocrx_word' id='word_1_489' title='bbox 2948 2321 3182 2394; x_wconf 88' lang='lat' dir='ltr'>genibus</span> <span class='ocrx_word' id='word_1_490' title='bbox 3210 2322 3349 2377; x_wconf 90' lang='lat' dir='ltr'>meis</span> <span class='ocrx_word' id='word_1_491' title='bbox 3378 2322 3483 2378; x_wconf 88' lang='lat' dir='ltr'>ad-</span> 
     </span>
    </p>
   </div>
   <div class='ocr_carea' id='block_1_70' title="bbox 1878 2408 3481 2482">
    <p class='ocr_par' dir='ltr' id='par_1_70' title="bbox 1878 2408 3481 2482">
     <span class='ocr_line' id='line_1_70' title="bbox 1878 2408 3481 2482; baseline 0 -18"><span class='ocrx_word' id='word_1_492' title='bbox 1878 2409 2064 2465; x_wconf 87' lang='lat' dir='ltr'>voluta</span> <span class='ocrx_word' id='word_1_493' title='bbox 2092 2409 2324 2480; x_wconf 88' lang='lat' dir='ltr'>rogabat</span> <span class='ocrx_word' id='word_1_494' title='bbox 2353 2408 2662 2478; x_wconf 89' lang='lat' dir='ltr'>instantius,</span> <span class='ocrx_word' id='word_1_495' title='bbox 2715 2417 2999 2480; x_wconf 84' lang='lat' dir='ltr'>quatenus,</span> <span class='ocrx_word' id='word_1_496' title='bbox 3050 2410 3096 2464; x_wconf 89' lang='lat' dir='ltr'>si</span> <span class='ocrx_word' id='word_1_497' title='bbox 3126 2409 3246 2466; x_wconf 85' lang='lat' dir='ltr'>ﬁeri</span> <span class='ocrx_word' id='word_1_498' title='bbox 3273 2418 3481 2482; x_wconf 88' lang='lat' dir='ltr'>posset,</span> 
     </span>
    </p>
   </div>
   <div class='ocr_carea' id='block_1_71' title="bbox 1879 2497 3485 2569">
    <p class='ocr_par' dir='ltr' id='par_1_71' title="bbox 1879 2497 3485 2569">
     <span class='ocr_line' id='line_1_71' title="bbox 1879 2497 3485 2569; baseline 0.002 -19"><span class='ocrx_word' id='word_1_499' title='bbox 1879 2497 2061 2568; x_wconf 90' lang='lat' dir='ltr'>aliqua</span> <span class='ocrx_word' id='word_1_500' title='bbox 2090 2497 2194 2552; x_wconf 91' lang='lat' dir='ltr'>sibi</span> <span class='ocrx_word' id='word_1_501' title='bbox 2225 2513 2290 2552; x_wconf 83' lang='lat' dir='ltr'>ex</span> <span class='ocrx_word' id='word_1_502' title='bbox 2313 2497 2397 2552; x_wconf 88' lang='lat' dir='ltr'>his</span> <span class='ocrx_word' id='word_1_503' title='bbox 2453 2513 2575 2569; x_wconf 66' lang='lat' dir='ltr'>quae</span> <span class='ocrx_word' id='word_1_504' title='bbox 2620 2497 2864 2563; x_wconf 89' lang='lat' dir='ltr'>interius,</span> <span class='ocrx_word' id='word_1_505' title='bbox 2913 2505 2972 2552; x_wconf 91' lang='lat' dir='ltr'>ut</span> <span class='ocrx_word' id='word_1_506' title='bbox 3010 2497 3310 2567; x_wconf 87' lang='lat' dir='ltr'>asserebat,</span> <span class='ocrx_word' id='word_1_507' title='bbox 3351 2497 3485 2554; x_wconf 83' lang='lat' dir='ltr'>mihi</span> 
     </span>
    </p>
   </div>
   <div class='ocr_carea' id='block_1_72' title="bbox 1877 2585 3480 2656">
    <p class='ocr_par' dir='ltr' id='par_1_72' title="bbox 1877 2585 3480 2656">
     <span class='ocr_line' id='line_1_72' title="bbox 1877 2585 3480 2656; baseline 0.002 -16"><span class='ocrx_word' id='word_1_508' title='bbox 1877 2585 2021 2641; x_wconf 89' lang='lat' dir='ltr'>dicta</span> <span class='ocrx_word' id='word_1_509' title='bbox 2089 2593 2437 2656; x_wconf 89' lang='lat' dir='ltr'>cognoverat,</span> <span class='ocrx_word' id='word_1_510' title='bbox 2501 2586 2906 2642; x_wconf 88' lang='lat' dir='ltr'>communicare</span> <span class='ocrx_word' id='word_1_511' title='bbox 2948 2587 3299 2643; x_wconf 89' lang='lat' dir='ltr'>studuissem.</span> <span class='ocrx_word' id='word_1_512' title='bbox 3350 2587 3480 2654; x_wconf 88' lang='lat' dir='ltr'>Sed,</span> 
     </span>
    </p>
   </div>
   <div class='ocr_carea' id='block_1_73' title="bbox 1878 2673 3484 2746">
    <p class='ocr_par' dir='ltr' id='par_1_73' title="bbox 1878 2673 3484 2746">
     <span class='ocr_line' id='line_1_73' title="bbox 1878 2673 3484 2746; baseline 0.002 -18"><span class='ocrx_word' id='word_1_513' title='bbox 1878 2673 2006 2744; x_wconf 91' lang='lat' dir='ltr'>quia</span> <span class='ocrx_word' id='word_1_514' title='bbox 2031 2674 2250 2729; x_wconf 89' lang='lat' dir='ltr'>nescius</span> <span class='ocrx_word' id='word_1_515' title='bbox 2281 2689 2432 2728; x_wconf 88' lang='lat' dir='ltr'>eram</span> <span class='ocrx_word' id='word_1_516' title='bbox 2454 2674 2633 2729; x_wconf 87' lang='lat' dir='ltr'>adhuc</span> <span class='ocrx_word' id='word_1_517' title='bbox 2661 2674 2878 2730; x_wconf 88' lang='lat' dir='ltr'>cuinam</span> <span class='ocrx_word' id='word_1_518' title='bbox 2900 2673 3045 2729; x_wconf 89' lang='lat' dir='ltr'>dicta</span> <span class='ocrx_word' id='word_1_519' title='bbox 3066 2683 3250 2730; x_wconf 87' lang='lat' dir='ltr'>essent</span> <span class='ocrx_word' id='word_1_520' title='bbox 3277 2691 3340 2730; x_wconf 88' lang='lat' dir='ltr'>ea</span> <span class='ocrx_word' id='word_1_521' title='bbox 3362 2691 3484 2746; x_wconf 75' lang='lat' dir='ltr'>quae</span> 
     </span>
    </p>
   </div>
   <div class='ocr_carea' id='block_1_74' title="bbox 1877 2762 3479 2832">
    <p class='ocr_par' dir='ltr' id='par_1_74' title="bbox 1877 2762 3479 2832">
     <span class='ocr_line' id='line_1_74' title="bbox 1877 2762 3479 2832; baseline 0.001 -15"><span class='ocrx_word' id='word_1_522' title='bbox 1877 2762 2178 2827; x_wconf 89' lang='lat' dir='ltr'>audieram,</span> <span class='ocrx_word' id='word_1_523' title='bbox 2211 2763 2360 2816; x_wconf 88' lang='lat' dir='ltr'>illam</span> <span class='ocrx_word' id='word_1_524' title='bbox 2399 2762 2515 2817; x_wconf 91' lang='lat' dir='ltr'>vice</span> <span class='ocrx_word' id='word_1_525' title='bbox 2546 2777 2706 2816; x_wconf 90' lang='lat' dir='ltr'>versa</span> <span class='ocrx_word' id='word_1_526' title='bbox 2747 2762 2928 2832; x_wconf 88' lang='lat' dir='ltr'>potius</span> <span class='ocrx_word' id='word_1_527' title='bbox 2965 2763 3095 2816; x_wconf 89' lang='lat' dir='ltr'>duxi</span> <span class='ocrx_word' id='word_1_528' title='bbox 3127 2764 3479 2829; x_wconf 87' lang='lat' dir='ltr'>exorandam,</span> 
     </span>
    </p>
   </div>
   <div class='ocr_carea' id='block_1_75' title="bbox 1877 2850 3484 2922">
    <p class='ocr_par' dir='ltr' id='par_1_75' title="bbox 1877 2850 3484 2922">
     <span class='ocr_line' id='line_1_75' title="bbox 1877 2850 3484 2922; baseline 0.004 -20"><span class='ocrx_word' id='word_1_529' title='bbox 1877 2856 2137 2919; x_wconf 88' lang='lat' dir='ltr'>quatenus</span> <span class='ocrx_word' id='word_1_530' title='bbox 2166 2851 2302 2920; x_wconf 89' lang='lat' dir='ltr'>ipsa,</span> <span class='ocrx_word' id='word_1_531' title='bbox 2337 2867 2458 2921; x_wconf 70' lang='lat' dir='ltr'>qua:</span> <span class='ocrx_word' id='word_1_532' title='bbox 2487 2850 2705 2922; x_wconf 89' lang='lat' dir='ltr'>dignior</span> <span class='ocrx_word' id='word_1_533' title='bbox 2728 2866 2816 2905; x_wconf 90' lang='lat' dir='ltr'>me</span> <span class='ocrx_word' id='word_1_534' title='bbox 2846 2859 2992 2906; x_wconf 91' lang='lat' dir='ltr'>esset</span> <span class='ocrx_word' id='word_1_535' title='bbox 3020 2851 3208 2906; x_wconf 90' lang='lat' dir='ltr'>audire</span> <span class='ocrx_word' id='word_1_536' title='bbox 3239 2860 3292 2906; x_wconf 91' lang='lat' dir='ltr'>et</span> <span class='ocrx_word' id='word_1_537' title='bbox 3321 2867 3484 2908; x_wconf 88' lang='lat' dir='ltr'>nosse</span> 
     </span>
    </p>
   </div>
   <div class='ocr_carea' id='block_1_76' title="bbox 1875 2938 3485 3011">
    <p class='ocr_par' dir='ltr' id='par_1_76' title="bbox 1875 2938 3485 3011">
     <span class='ocr_line' id='line_1_76' title="bbox 1875 2938 3485 3011; baseline 0.002 -20"><span class='ocrx_word' id='word_1_538' title='bbox 1875 2938 2134 3008; x_wconf 87' lang='lat' dir='ltr'>mysteria</span> <span class='ocrx_word' id='word_1_539' title='bbox 2161 2939 2392 3003; x_wconf 90' lang='lat' dir='ltr'>interna,</span> <span class='ocrx_word' id='word_1_540' title='bbox 2425 2938 2557 2992; x_wconf 89' lang='lat' dir='ltr'>mihi</span> <span class='ocrx_word' id='word_1_541' title='bbox 2587 2938 2829 2994; x_wconf 90' lang='lat' dir='ltr'>revelare</span> <span class='ocrx_word' id='word_1_542' title='bbox 2873 2939 3208 3011; x_wconf 87' lang='lat' dir='ltr'>dignaretur,</span> <span class='ocrx_word' id='word_1_543' title='bbox 3241 2939 3386 3010; x_wconf 91' lang='lat' dir='ltr'>quod</span> <span class='ocrx_word' id='word_1_544' title='bbox 3415 2939 3485 2994; x_wconf 89' lang='lat' dir='ltr'>de</span> 
     </span>
    </p>
   </div>
   <div class='ocr_carea' id='block_1_77' title="bbox 1877 3025 3486 3098">
    <p class='ocr_par' dir='ltr' id='par_1_77' title="bbox 1877 3025 3486 3098">
     <span class='ocr_line' id='line_1_77' title="bbox 1877 3025 3486 3098; baseline 0.001 -17"><span class='ocrx_word' id='word_1_545' title='bbox 1877 3025 2028 3081; x_wconf 89' lang='lat' dir='ltr'>vocis</span> <span class='ocrx_word' id='word_1_546' title='bbox 2059 3027 2294 3093; x_wconf 77' lang='lat' dir='ltr'>ccelitus,</span> <span class='ocrx_word' id='word_1_547' title='bbox 2318 3034 2374 3080; x_wconf 93' lang='lat' dir='ltr'>ut</span> <span class='ocrx_word' id='word_1_548' title='bbox 2403 3025 2671 3081; x_wconf 85' lang='lat' dir='ltr'>fatebatur</span> <span class='ocrx_word' id='word_1_549' title='bbox 2699 3027 2839 3096; x_wconf 91' lang='lat' dir='ltr'>ipsa,</span> <span class='ocrx_word' id='word_1_550' title='bbox 2864 3026 3063 3081; x_wconf 89' lang='lat' dir='ltr'>emissa</span> <span class='ocrx_word' id='word_1_551' title='bbox 3090 3027 3359 3082; x_wconf 89' lang='lat' dir='ltr'>sententia</span> <span class='ocrx_word' id='word_1_552' title='bbox 3378 3042 3486 3098; x_wconf 90' lang='lat' dir='ltr'>ego</span> 
     </span>
    </p>
   </div>
   <div class='ocr_carea' id='block_1_78' title="bbox 1874 3114 3485 3187">
    <p class='ocr_par' dir='ltr' id='par_1_78' title="bbox 1874 3114 3485 3187">
     <span class='ocr_line' id='line_1_78' title="bbox 1874 3114 3485 3187; baseline 0.001 -19"><span class='ocrx_word' id='word_1_553' title='bbox 1874 3114 2098 3169; x_wconf 88' lang='lat' dir='ltr'>minime</span> <span class='ocrx_word' id='word_1_554' title='bbox 2129 3114 2506 3170; x_wconf 90' lang='lat' dir='ltr'>advertissem.</span> <span class='ocrx_word' id='word_1_555' title='bbox 2539 3114 2622 3170; x_wconf 80' lang='lat' dir='ltr'>Ad</span> <span class='ocrx_word' id='word_1_556' title='bbox 2671 3115 2787 3170; x_wconf 68' lang='lat' dir='ltr'>haec</span> <span class='ocrx_word' id='word_1_557' title='bbox 2823 3115 2912 3169; x_wconf 90' lang='lat' dir='ltr'>illa</span> <span class='ocrx_word' id='word_1_558' title='bbox 2944 3132 2958 3169; x_wconf 91' lang='lat'>:</span> <span class='ocrx_word' id='word_1_559' title='bbox 2997 3138 3018 3163; x_wconf 79' lang='grc' dir='ltr'><strong>α</strong></span> <span class='ocrx_word' id='word_1_560' title='bbox 3056 3115 3182 3172; x_wconf 88' lang='lat' dir='ltr'>Scio</span> <span class='ocrx_word' id='word_1_561' title='bbox 3230 3115 3485 3187; x_wconf 91' lang='lat' dir='ltr'>equidem</span> 
     </span>
    </p>
   </div>
   <div class='ocr_carea' id='block_1_79' title="bbox 1798 3172 3486 3275">
    <p class='ocr_par' dir='ltr' id='par_1_79' title="bbox 1798 3172 3486 3275">
     <span class='ocr_line' id='line_1_79' title="bbox 1798 3172 3486 3275; baseline 0.003 -20"><span class='ocrx_word' id='word_1_562' title='bbox 1798 3172 1844 3234; x_wconf 73' lang='grc' dir='ltr'>Ο</span> <span class='ocrx_word' id='word_1_563' title='bbox 1873 3201 1957 3256; x_wconf 92' lang='lat' dir='ltr'>bis</span> <span class='ocrx_word' id='word_1_564' title='bbox 1986 3201 2188 3258; x_wconf 87' lang='lat' dir='ltr'>factum</span> <span class='ocrx_word' id='word_1_565' title='bbox 2232 3218 2540 3258; x_wconf 88' lang='lat' dir='ltr'>sermonem</span> <span class='ocrx_word' id='word_1_566' title='bbox 2571 3219 2603 3256; x_wconf 94' lang='lat' dir='ltr'>a</span> <span class='ocrx_word' id='word_1_567' title='bbox 2649 3202 2882 3259; x_wconf 89' lang='lat' dir='ltr'>Domino</span> <span class='ocrx_word' id='word_1_568' title='bbox 2928 3203 3026 3258; x_wconf 89' lang='lat' dir='ltr'>tibi</span> <span class='ocrx_word' id='word_1_569' title='bbox 3074 3203 3258 3275; x_wconf 88' lang='lat' dir='ltr'>aliqua</span> <span class='ocrx_word' id='word_1_570' title='bbox 3283 3172 3486 3274; x_wconf 57' lang='lat' dir='ltr'>praeci-</span> 
     </span>
    </p>
   </div>
   <div class='ocr_carea' id='block_1_80' title="bbox 1874 3289 3488 3363">
    <p class='ocr_par' dir='ltr' id='par_1_80' title="bbox 1874 3289 3488 3363">
     <span class='ocr_line' id='line_1_80' title="bbox 1874 3289 3488 3363; baseline 0.001 -19"><span class='ocrx_word' id='word_1_571' title='bbox 1874 3289 2134 3360; x_wconf 89' lang='lat' dir='ltr'>pientem,</span> <span class='ocrx_word' id='word_1_572' title='bbox 2169 3307 2290 3362; x_wconf 67' lang='lat' dir='ltr'>qua:</span> <span class='ocrx_word' id='word_1_573' title='bbox 2321 3306 2426 3362; x_wconf 87' lang='lat' dir='ltr'>ego</span> <span class='ocrx_word' id='word_1_574' title='bbox 2458 3291 2679 3362; x_wconf 92' lang='lat' dir='ltr'>quidem</span> <span class='ocrx_word' id='word_1_575' title='bbox 2721 3291 2902 3349; x_wconf 85' lang='lat' dir='ltr'>minus</span> <span class='ocrx_word' id='word_1_576' title='bbox 2943 3291 3175 3360; x_wconf 90' lang='lat' dir='ltr'>adverti,</span> <span class='ocrx_word' id='word_1_577' title='bbox 3209 3291 3327 3359; x_wconf 88' lang='lat' dir='ltr'>sed,</span> <span class='ocrx_word' id='word_1_578' title='bbox 3363 3293 3488 3363; x_wconf 90' lang='lat' dir='ltr'>quia</span> 
     </span>
    </p>
   </div>
   <div class='ocr_carea' id='block_1_81' title="bbox 1873 3378 3488 3451">
    <p class='ocr_par' dir='ltr' id='par_1_81' title="bbox 1873 3378 3488 3451">
     <span class='ocr_line' id='line_1_81' title="bbox 1873 3378 3488 3451; baseline 0.002 -19"><span class='ocrx_word' id='word_1_579' title='bbox 1873 3378 1970 3433; x_wconf 90' lang='lat' dir='ltr'>tibi</span> <span class='ocrx_word' id='word_1_580' title='bbox 1991 3379 2396 3450; x_wconf 85' lang='lat' dir='ltr'>praeciperetur,</span> <span class='ocrx_word' id='word_1_581' title='bbox 2423 3386 2573 3434; x_wconf 90' lang='lat' dir='ltr'>certo</span> <span class='ocrx_word' id='word_1_582' title='bbox 2594 3379 2796 3434; x_wconf 91' lang='lat' dir='ltr'>certius</span> <span class='ocrx_word' id='word_1_583' title='bbox 2825 3379 3083 3435; x_wconf 86' lang='lat' dir='ltr'>intellexi.</span> <span class='ocrx_word' id='word_1_584' title='bbox 3121 3403 3144 3429; x_wconf 75' lang='grc' dir='ltr'><strong><em>η</em></strong></span> <span class='ocrx_word' id='word_1_585' title='bbox 3169 3380 3322 3436; x_wconf 89' lang='lat' dir='ltr'>Tunc</span> <span class='ocrx_word' id='word_1_586' title='bbox 3342 3395 3446 3451; x_wconf 87' lang='lat' dir='ltr'>ego</span> <span class='ocrx_word' id='word_1_587' title='bbox 3474 3395 3488 3435; x_wconf 91' lang='lat'><strong>:</strong></span> 
     </span>
    </p>
   </div>
   <div class='ocr_carea' id='block_1_82' title="bbox 1879 3467 3487 3539">
    <p class='ocr_par' dir='ltr' id='par_1_82' title="bbox 1879 3467 3487 3539">
     <span class='ocr_line' id='line_1_82' title="bbox 1879 3467 3487 3539; baseline 0.002 -19"><span class='ocrx_word' id='word_1_588' title='bbox 1879 3488 1900 3518; x_wconf 74' lang='grc' dir='ltr'>ι</span> <span class='ocrx_word' id='word_1_589' title='bbox 1937 3467 2064 3532; x_wconf 87' lang='lat' dir='ltr'>Ora,</span> <span class='ocrx_word' id='word_1_590' title='bbox 2107 3467 2362 3538; x_wconf 88' lang='lat' dir='ltr'>inquam,</span> <span class='ocrx_word' id='word_1_591' title='bbox 2413 3482 2572 3522; x_wconf 90' lang='lat' dir='ltr'>soror</span> <span class='ocrx_word' id='word_1_592' title='bbox 2613 3467 2829 3534; x_wconf 90' lang='lat' dir='ltr'>dilecta,</span> <span class='ocrx_word' id='word_1_593' title='bbox 2881 3475 3146 3539; x_wconf 74' lang='lat' dir='ltr'>quatenus</span> <span class='ocrx_word' id='word_1_594' title='bbox 3193 3469 3336 3524; x_wconf 89' lang='lat' dir='ltr'>circa</span> <span class='ocrx_word' id='word_1_595' title='bbox 3385 3483 3487 3524; x_wconf 89' lang='lat' dir='ltr'>nos</span> 
     </span>
    </p>
   </div>
   <div class='ocr_carea' id='block_1_83' title="bbox 1874 3555 3481 3627">
    <p class='ocr_par' dir='ltr' id='par_1_83' title="bbox 1874 3555 3481 3627">
     <span class='ocr_line' id='line_1_83' title="bbox 1874 3555 3481 3627; baseline 0.002 -19"><span class='ocrx_word' id='word_1_596' title='bbox 1874 3555 2275 3626; x_wconf 90' lang='lat' dir='ltr'>beneplacitum</span> <span class='ocrx_word' id='word_1_597' title='bbox 2328 3571 2486 3610; x_wconf 91' lang='lat' dir='ltr'>suum</span> <span class='ocrx_word' id='word_1_598' title='bbox 2537 3555 2801 3610; x_wconf 91' lang='lat' dir='ltr'>Dominus</span> <span class='ocrx_word' id='word_1_599' title='bbox 2851 3556 3154 3627; x_wconf 88' lang='lat' dir='ltr'>adimplere</span> <span class='ocrx_word' id='word_1_600' title='bbox 3202 3556 3481 3627; x_wconf 89' lang='lat' dir='ltr'>dignetur.</span> 
     </span>
    </p>
   </div>
   <div class='ocr_carea' id='block_1_84' title="bbox 1875 3643 3483 3716">
    <p class='ocr_par' dir='ltr' id='par_1_84' title="bbox 1875 3643 3483 3716">
     <span class='ocr_line' id='line_1_84' title="bbox 1875 3643 3483 3716; baseline -0.001 -17"><span class='ocrx_word' id='word_1_601' title='bbox 1875 3644 2052 3714; x_wconf 90' lang='lat' dir='ltr'>Super</span> <span class='ocrx_word' id='word_1_602' title='bbox 2082 3643 2276 3698; x_wconf 89' lang='lat' dir='ltr'>talibus</span> <span class='ocrx_word' id='word_1_603' title='bbox 2308 3659 2459 3709; x_wconf 90' lang='lat' dir='ltr'>vero,</span> <span class='ocrx_word' id='word_1_604' title='bbox 2489 3659 2608 3714; x_wconf 70' lang='lat' dir='ltr'>quae</span> <span class='ocrx_word' id='word_1_605' title='bbox 2638 3644 2801 3698; x_wconf 91' lang='lat' dir='ltr'>modo</span> <span class='ocrx_word' id='word_1_606' title='bbox 2830 3644 3203 3715; x_wconf 91' lang='lat' dir='ltr'>prosequeris,</span> <span class='ocrx_word' id='word_1_607' title='bbox 3237 3660 3341 3716; x_wconf 85' lang='lat' dir='ltr'>ego</span> <span class='ocrx_word' id='word_1_608' title='bbox 3371 3661 3483 3700; x_wconf 89' lang='lat' dir='ltr'>cer-</span> 
     </span>
    </p>
   </div>
   <div class='ocr_carea' id='block_1_85' title="bbox 1873 3732 3482 3803">
    <p class='ocr_par' dir='ltr' id='par_1_85' title="bbox 1873 3732 3482 3803">
     <span class='ocr_line' id='line_1_85' title="bbox 1873 3732 3482 3803; baseline 0.002 -18"><span class='ocrx_word' id='word_1_609' title='bbox 1873 3732 2157 3787; x_wconf 89' lang='lat' dir='ltr'>titudinem</span> <span class='ocrx_word' id='word_1_610' title='bbox 2187 3732 2390 3786; x_wconf 91' lang='lat' dir='ltr'>nullam</span> <span class='ocrx_word' id='word_1_611' title='bbox 2435 3732 2678 3803; x_wconf 89' lang='lat' dir='ltr'>percepi.</span> <span class='ocrx_word' id='word_1_612' title='bbox 2720 3756 2740 3780; x_wconf 75' lang='grc' dir='ltr'><strong><em>η</em></strong></span> <span class='ocrx_word' id='word_1_613' title='bbox 2776 3732 2870 3788; x_wconf 82' lang='lat' dir='ltr'>llis</span> <span class='ocrx_word' id='word_1_614' title='bbox 2900 3749 2930 3786; x_wconf 89' lang='lat' dir='ltr'>a</span> <span class='ocrx_word' id='word_1_615' title='bbox 2958 3749 3046 3788; x_wconf 90' lang='lat' dir='ltr'>me</span> <span class='ocrx_word' id='word_1_616' title='bbox 3093 3733 3251 3788; x_wconf 91' lang='lat' dir='ltr'>dictis</span> <span class='ocrx_word' id='word_1_617' title='bbox 3299 3733 3482 3788; x_wconf 91' lang='lat' dir='ltr'>eccle-</span> 
     </span>
    </p>
   </div>
   <div class='ocr_carea' id='block_1_86' title="bbox 1873 3820 3481 3891">
    <p class='ocr_par' dir='ltr' id='par_1_86' title="bbox 1873 3820 3481 3891">
     <span class='ocr_line' id='line_1_86' title="bbox 1873 3820 3481 3891; baseline 0.001 -16"><span class='ocrx_word' id='word_1_618' title='bbox 1873 3820 2007 3875; x_wconf 89' lang='lat' dir='ltr'>siam</span> <span class='ocrx_word' id='word_1_619' title='bbox 2039 3821 2157 3890; x_wconf 90' lang='lat' dir='ltr'>ipse</span> <span class='ocrx_word' id='word_1_620' title='bbox 2189 3821 2484 3891; x_wconf 86' lang='lat' dir='ltr'>egredior;</span> <span class='ocrx_word' id='word_1_621' title='bbox 2517 3821 2610 3876; x_wconf 90' lang='lat' dir='ltr'>illa</span> <span class='ocrx_word' id='word_1_622' title='bbox 2631 3820 2701 3875; x_wconf 92' lang='lat' dir='ltr'>ad</span> <span class='ocrx_word' id='word_1_623' title='bbox 2723 3829 2986 3877; x_wconf 88' lang='lat' dir='ltr'>consueta</span> <span class='ocrx_word' id='word_1_624' title='bbox 3011 3821 3317 3877; x_wconf 86' lang='lat' dir='ltr'>orationum</span> <span class='ocrx_word' id='word_1_625' title='bbox 3346 3836 3481 3878; x_wconf 82' lang='lat' dir='ltr'>sua-</span> 
     </span>
    </p>
   </div>
   <div class='ocr_carea' id='block_1_87' title="bbox 1873 3908 2953 3982">
    <p class='ocr_par' dir='ltr' id='par_1_87' title="bbox 1873 3908 2953 3982">
     <span class='ocr_line' id='line_1_87' title="bbox 1873 3908 2953 3982; baseline 0.002 -20"><span class='ocrx_word' id='word_1_626' title='bbox 1873 3925 1997 3963; x_wconf 89' lang='lat' dir='ltr'>rum</span> <span class='ocrx_word' id='word_1_627' title='bbox 2027 3908 2255 3963; x_wconf 85' lang='lat' dir='ltr'>latibula</span> <span class='ocrx_word' id='word_1_628' title='bbox 2285 3909 2583 3964; x_wconf 90' lang='lat' dir='ltr'>introrsum</span> <span class='ocrx_word' id='word_1_629' title='bbox 2622 3909 2953 3982; x_wconf 89' lang='lat' dir='ltr'>regreditur.</span> 
     </span>
    </p>
   </div>
   <div class='ocr_carea' id='block_1_88' title="bbox 1945 3997 3484 4071">
    <p class='ocr_par' dir='ltr' id='par_1_88' title="bbox 1945 3997 3484 4071">
     <span class='ocr_line' id='line_1_88' title="bbox 1945 3997 3484 4071; baseline 0.002 -20"><span class='ocrx_word' id='word_1_630' title='bbox 1945 3997 2072 4052; x_wconf 92' lang='lat' dir='ltr'>Post</span> <span class='ocrx_word' id='word_1_631' title='bbox 2098 3998 2220 4062; x_wconf 93' lang='lat' dir='ltr'>hoc,</span> <span class='ocrx_word' id='word_1_632' title='bbox 2251 3997 2559 4053; x_wconf 89' lang='lat' dir='ltr'>cubiculum</span> <span class='ocrx_word' id='word_1_633' title='bbox 2589 3998 2807 4068; x_wconf 91' lang='lat' dir='ltr'>hospitii</span> <span class='ocrx_word' id='word_1_634' title='bbox 2837 3998 2944 4054; x_wconf 91' lang='lat' dir='ltr'>mei</span> <span class='ocrx_word' id='word_1_635' title='bbox 2964 3999 3250 4071; x_wconf 88' lang='lat' dir='ltr'>ingressus</span> <span class='ocrx_word' id='word_1_636' title='bbox 3278 3998 3484 4055; x_wconf 90' lang='lat' dir='ltr'>ibidem</span> 
     </span>
    </p>
   </div>
   <div class='ocr_carea' id='block_1_89' title="bbox 1873 4084 3478 4161">
    <p class='ocr_par' dir='ltr' id='par_1_89' title="bbox 1873 4084 3478 4161">
     <span class='ocr_line' id='line_1_89' title="bbox 1873 4084 3478 4161; baseline 0.002 -21"><span class='ocrx_word' id='word_1_637' title='bbox 1873 4100 2043 4156; x_wconf 90' lang='lat' dir='ltr'>usque</span> <span class='ocrx_word' id='word_1_638' title='bbox 2065 4084 2132 4138; x_wconf 90' lang='lat' dir='ltr'>ad</span> <span class='ocrx_word' id='word_1_639' title='bbox 2153 4101 2439 4156; x_wconf 91' lang='lat' dir='ltr'>vesperam</span> <span class='ocrx_word' id='word_1_640' title='bbox 2459 4086 2602 4140; x_wconf 91' lang='lat' dir='ltr'>diem</span> <span class='ocrx_word' id='word_1_641' title='bbox 2625 4087 2680 4141; x_wconf 89' lang='lat' dir='ltr'>in</span> <span class='ocrx_word' id='word_1_642' title='bbox 2701 4087 3038 4143; x_wconf 88' lang='lat' dir='ltr'>orationibus</span> <span class='ocrx_word' id='word_1_643' title='bbox 3058 4088 3278 4157; x_wconf 90' lang='lat' dir='ltr'>jejunus</span> <span class='ocrx_word' id='word_1_644' title='bbox 3298 4089 3478 4161; x_wconf 85' lang='lat' dir='ltr'>exegi.</span> 
     </span>
    </p>
   </div>
   <div class='ocr_carea' id='block_1_90' title="bbox 1873 4172 3482 4246">
    <p class='ocr_par' dir='ltr' id='par_1_90' title="bbox 1873 4172 3482 4246">
     <span class='ocr_line' id='line_1_90' title="bbox 1873 4172 3482 4246; baseline 0.004 -20"><span class='ocrx_word' id='word_1_645' title='bbox 1873 4172 1978 4240; x_wconf 89' lang='lat' dir='ltr'>Qui</span> <span class='ocrx_word' id='word_1_646' title='bbox 2008 4179 2212 4227; x_wconf 90' lang='lat' dir='ltr'>tantum</span> <span class='ocrx_word' id='word_1_647' title='bbox 2256 4173 2456 4229; x_wconf 91' lang='lat' dir='ltr'>lectulo</span> <span class='ocrx_word' id='word_1_648' title='bbox 2505 4182 2784 4246; x_wconf 91' lang='lat' dir='ltr'>exceptus,</span> <span class='ocrx_word' id='word_1_649' title='bbox 2835 4175 2967 4230; x_wconf 91' lang='lat' dir='ltr'>dum</span> <span class='ocrx_word' id='word_1_650' title='bbox 3014 4175 3183 4230; x_wconf 88' lang='lat' dir='ltr'>variis</span> <span class='ocrx_word' id='word_1_651' title='bbox 3228 4183 3482 4232; x_wconf 87' lang='lat' dir='ltr'>aestuaret</span> 
     </span>
    </p>
   </div>
   <div class='ocr_carea' id='block_1_91' title="bbox 1873 4260 3481 4336">
    <p class='ocr_par' dir='ltr' id='par_1_91' title="bbox 1873 4260 3481 4336">
     <span class='ocr_line' id='line_1_91' title="bbox 1873 4260 3481 4336; baseline 0.004 -22"><span class='ocrx_word' id='word_1_652' title='bbox 1873 4260 2084 4314; x_wconf 87' lang='lat' dir='ltr'>animus</span> <span class='ocrx_word' id='word_1_653' title='bbox 2126 4261 2318 4316; x_wconf 86' lang='lat' dir='ltr'>horum</span> <span class='ocrx_word' id='word_1_654' title='bbox 2369 4261 2565 4334; x_wconf 88' lang='lat' dir='ltr'>gratia,</span> <span class='ocrx_word' id='word_1_655' title='bbox 2614 4279 2734 4332; x_wconf 72' lang='lat' dir='ltr'>qua:</span> <span class='ocrx_word' id='word_1_656' title='bbox 2781 4263 3036 4332; x_wconf 59' lang='lat' dir='ltr'>praemisi,</span> <span class='ocrx_word' id='word_1_657' title='bbox 3087 4264 3481 4336; x_wconf 87' lang='lat' dir='ltr'>cogitationum</span> 
     </span>
    </p>
   </div>
   <div class='ocr_carea' id='block_1_92' title="bbox 1874 4348 3477 4420">
    <p class='ocr_par' dir='ltr' id='par_1_92' title="bbox 1874 4348 3477 4420">
     <span class='ocr_line' id='line_1_92' title="bbox 1874 4348 3477 4420; baseline 0.004 -19"><span class='ocrx_word' id='word_1_658' title='bbox 1874 4348 2144 4413; x_wconf 80' lang='lat' dir='ltr'>fluctibus,</span> <span class='ocrx_word' id='word_1_659' title='bbox 2178 4363 2368 4404; x_wconf 88' lang='lat' dir='ltr'>vocem</span> <span class='ocrx_word' id='word_1_660' title='bbox 2395 4357 2621 4419; x_wconf 89' lang='lat' dir='ltr'>repente</span> <span class='ocrx_word' id='word_1_661' title='bbox 2665 4350 2847 4404; x_wconf 88' lang='lat' dir='ltr'>audivi</span> <span class='ocrx_word' id='word_1_662' title='bbox 2892 4351 3127 4420; x_wconf 90' lang='lat' dir='ltr'>idipsum</span> <span class='ocrx_word' id='word_1_663' title='bbox 3151 4352 3265 4419; x_wconf 89' lang='lat' dir='ltr'>jam</span> <span class='ocrx_word' id='word_1_664' title='bbox 3297 4352 3477 4419; x_wconf 88' lang='lat' dir='ltr'>tertio,</span> 
     </span>
    </p>
   </div>
   <div class='ocr_carea' id='block_1_93' title="bbox 1874 4436 3482 4509">
    <p class='ocr_par' dir='ltr' id='par_1_93' title="bbox 1874 4436 3482 4509">
     <span class='ocr_line' id='line_1_93' title="bbox 1874 4436 3482 4509; baseline 0.004 -19"><span class='ocrx_word' id='word_1_665' title='bbox 1874 4436 2020 4506; x_wconf 93' lang='lat' dir='ltr'>quod</span> <span class='ocrx_word' id='word_1_666' title='bbox 2048 4436 2224 4506; x_wconf 93' lang='lat' dir='ltr'>primo</span> <span class='ocrx_word' id='word_1_667' title='bbox 2255 4444 2308 4490; x_wconf 91' lang='lat' dir='ltr'>et</span> <span class='ocrx_word' id='word_1_668' title='bbox 2337 4437 2580 4492; x_wconf 88' lang='lat' dir='ltr'>secundo</span> <span class='ocrx_word' id='word_1_669' title='bbox 2628 4437 2904 4498; x_wconf 86' lang='lat' dir='ltr'>intulerat,</span> <span class='ocrx_word' id='word_1_670' title='bbox 2955 4439 3326 4509; x_wconf 86' lang='lat' dir='ltr'>replicantem,</span> <span class='ocrx_word' id='word_1_671' title='bbox 3379 4440 3482 4496; x_wconf 88' lang='lat' dir='ltr'>hac</span> 
     </span>
    </p>
   </div>
   <div class='ocr_carea' id='block_1_94' title="bbox 169 4523 3478 4601">
    <p class='ocr_par' dir='ltr' id='par_1_94' title="bbox 169 4523 3478 4601">
     <span class='ocr_line' id='line_1_94' title="bbox 169 4523 3478 4601; baseline 0.002 -24"><span class='ocrx_word' id='word_1_672' title='bbox 169 4533 310 4594; x_wconf 89' lang='lat' dir='ltr'>tana,</span> <span class='ocrx_word' id='word_1_673' title='bbox 332 4545 439 4600; x_wconf 90' lang='lat' dir='ltr'>quo</span> <span class='ocrx_word' id='word_1_674' title='bbox 458 4529 740 4601; x_wconf 89' lang='lat' dir='ltr'>religionis</span> <span class='ocrx_word' id='word_1_675' title='bbox 765 4529 944 4584; x_wconf 91' lang='lat' dir='ltr'>studio</span> <span class='ocrx_word' id='word_1_676' title='bbox 963 4535 1302 4599; x_wconf 89' lang='lat' dir='ltr'>perrexerat,</span> <span class='ocrx_word' id='word_1_677' title='bbox 1327 4526 1566 4582; x_wconf 89' lang='lat' dir='ltr'>defuncti</span> <span class='ocrx_word' id='word_1_678' title='bbox 1589 4529 1770 4598; x_wconf 76' lang='lat'>(189);</span> <span class='ocrx_word' id='word_1_679' title='bbox 1805 4523 1858 4582; x_wconf 93' lang='lat' dir='ltr'>D</span> <span class='ocrx_word' id='word_1_680' title='bbox 1879 4533 2059 4580; x_wconf 89' lang='lat' dir='ltr'>tamen</span> <span class='ocrx_word' id='word_1_681' title='bbox 2090 4524 2372 4596; x_wconf 69' lang='lat' dir='ltr'>praemissa</span> <span class='ocrx_word' id='word_1_682' title='bbox 2401 4525 2783 4592; x_wconf 88' lang='lat' dir='ltr'>insinuatione,</span> <span class='ocrx_word' id='word_1_683' title='bbox 2817 4527 2960 4582; x_wconf 90' lang='lat' dir='ltr'>unde</span> <span class='ocrx_word' id='word_1_684' title='bbox 3013 4527 3143 4581; x_wconf 90' lang='lat' dir='ltr'>mihi</span> <span class='ocrx_word' id='word_1_685' title='bbox 3183 4534 3478 4596; x_wconf 89' lang='lat' dir='ltr'>constaret,</span> 
     </span>
    </p>
   </div>
   <div class='ocr_carea' id='block_1_95' title="bbox 169 4612 1773 4688">
    <p class='ocr_par' dir='ltr' id='par_1_95' title="bbox 169 4612 1773 4688">
     <span class='ocr_line' id='line_1_95' title="bbox 169 4612 1773 4688; baseline 0.002 -22"><span class='ocrx_word' id='word_1_686' title='bbox 169 4612 400 4686; x_wconf 76' lang='lat' dir='ltr'>indeque</span> <span class='ocrx_word' id='word_1_687' title='bbox 428 4626 610 4673; x_wconf 88' lang='lat' dir='ltr'>tantus</span> <span class='ocrx_word' id='word_1_688' title='bbox 640 4617 822 4673; x_wconf 90' lang='lat' dir='ltr'>subito</span> <span class='ocrx_word' id='word_1_689' title='bbox 851 4615 1284 4688; x_wconf 89' lang='lat' dir='ltr'>compunctionis</span> <span class='ocrx_word' id='word_1_690' title='bbox 1314 4615 1498 4672; x_wconf 87' lang='lat' dir='ltr'>fervor</span> <span class='ocrx_word' id='word_1_691' title='bbox 1525 4615 1773 4686; x_wconf 87' lang='lat' dir='ltr'>spiritum</span> 
     </span>
    </p>
   </div>
   <div class='ocr_carea' id='block_1_96' title="bbox 171 4703 1772 4776">
    <p class='ocr_par' dir='ltr' id='par_1_96' title="bbox 171 4703 1772 4776">
     <span class='ocr_line' id='line_1_96' title="bbox 171 4703 1772 4776; baseline 0.002 -22"><span class='ocrx_word' id='word_1_692' title='bbox 171 4718 347 4759; x_wconf 88' lang='lat' dir='ltr'>meum</span> <span class='ocrx_word' id='word_1_693' title='bbox 377 4706 679 4772; x_wconf 88' lang='lat' dir='ltr'>absorbuit,</span> <span class='ocrx_word' id='word_1_694' title='bbox 713 4714 770 4761; x_wconf 91' lang='lat' dir='ltr'>ut</span> <span class='ocrx_word' id='word_1_695' title='bbox 798 4705 1002 4761; x_wconf 89' lang='lat' dir='ltr'>omissa</span> <span class='ocrx_word' id='word_1_696' title='bbox 1029 4705 1241 4776; x_wconf 89' lang='lat' dir='ltr'>penitus</span> <span class='ocrx_word' id='word_1_697' title='bbox 1272 4703 1576 4774; x_wconf 87' lang='lat' dir='ltr'>psalmodia</span> <span class='ocrx_word' id='word_1_698' title='bbox 1606 4703 1772 4759; x_wconf 91' lang='lat' dir='ltr'>omni-</span> 
     </span>
    </p>
   </div>
   <div class='ocr_carea' id='block_1_97' title="bbox 173 4793 1771 4866">
    <p class='ocr_par' dir='ltr' id='par_1_97' title="bbox 173 4793 1771 4866">
     <span class='ocr_line' id='line_1_97' title="bbox 173 4793 1771 4866; baseline 0.002 -22"><span class='ocrx_word' id='word_1_699' title='bbox 173 4807 272 4860; x_wconf 93' lang='lat' dir='ltr'>que</span> <span class='ocrx_word' id='word_1_700' title='bbox 302 4795 528 4866; x_wconf 89' lang='lat' dir='ltr'>strepitu</span> <span class='ocrx_word' id='word_1_701' title='bbox 559 4794 824 4850; x_wconf 87' lang='lat' dir='ltr'>labiorum</span> <span class='ocrx_word' id='word_1_702' title='bbox 856 4809 1169 4866; x_wconf 85' lang='lat' dir='ltr'>suppresso,</span> <span class='ocrx_word' id='word_1_703' title='bbox 1221 4793 1461 4848; x_wconf 88' lang='lat' dir='ltr'>undatim</span> <span class='ocrx_word' id='word_1_704' title='bbox 1492 4793 1771 4848; x_wconf 89' lang='lat' dir='ltr'>ruentibus</span> 
     </span>
    </p>
   </div>
   <div class='ocr_carea' id='block_1_98' title="bbox 171 4881 1771 4954">
    <p class='ocr_par' dir='ltr' id='par_1_98' title="bbox 171 4881 1771 4954">
     <span class='ocr_line' id='line_1_98' title="bbox 171 4881 1771 4954; baseline 0.002 -22"><span class='ocrx_word' id='word_1_705' title='bbox 171 4896 233 4933; x_wconf 88' lang='lat' dir='ltr'>ex</span> <span class='ocrx_word' id='word_1_706' title='bbox 261 4883 825 4954; x_wconf 76' lang='lat' dir='ltr'>oculislacrymarum</span> <span class='ocrx_word' id='word_1_707' title='bbox 873 4883 1024 4950; x_wconf 88' lang='lat' dir='ltr'>rivis,</span> <span class='ocrx_word' id='word_1_708' title='bbox 1070 4881 1517 4953; x_wconf 75' lang='lat' dir='ltr'>przecordialibus</span> <span class='ocrx_word' id='word_1_709' title='bbox 1564 4890 1771 4936; x_wconf 90' lang='lat' dir='ltr'>tantum</span> 
     </span>
    </p>
   </div>
   <div class='ocr_carea' id='block_1_99' title="bbox 170 4967 1772 5041">
    <p class='ocr_par' dir='ltr' id='par_1_99' title="bbox 170 4967 1772 5041">
     <span class='ocr_line' id='line_1_99' title="bbox 170 4967 1772 5041; baseline 0.004 -23"><span class='ocrx_word' id='word_1_710' title='bbox 170 4967 302 5024; x_wconf 89' lang='lat' dir='ltr'>votis</span> <span class='ocrx_word' id='word_1_711' title='bbox 333 4971 566 5028; x_wconf 90' lang='lat' dir='ltr'>Domino</span> <span class='ocrx_word' id='word_1_712' title='bbox 595 4970 931 5027; x_wconf 71' lang='lat' dir='ltr'>effunderem</span> <span class='ocrx_word' id='word_1_713' title='bbox 968 4986 1178 5041; x_wconf 87' lang='lat' dir='ltr'>preces.</span> <span class='ocrx_word' id='word_1_714' title='bbox 1212 4970 1409 5025; x_wconf 85' lang='lat' dir='ltr'>Audita</span> <span class='ocrx_word' id='word_1_715' title='bbox 1456 4969 1620 5041; x_wconf 91' lang='lat' dir='ltr'>igitur</span> <span class='ocrx_word' id='word_1_716' title='bbox 1669 4970 1772 5024; x_wconf 85' lang='lat' dir='ltr'>hac</span> 
     </span>
    </p>
   </div>
   <div class='ocr_carea' id='block_1_100' title="bbox 172 5057 1769 5132">
    <p class='ocr_par' dir='ltr' id='par_1_100' title="bbox 172 5057 1769 5132">
     <span class='ocr_line' id='line_1_100' title="bbox 172 5057 1769 5132; baseline 0.003 -26"><span class='ocrx_word' id='word_1_717' title='bbox 172 5069 317 5123; x_wconf 90' lang='lat' dir='ltr'>voce,</span> <span class='ocrx_word' id='word_1_718' title='bbox 351 5077 471 5130; x_wconf 71' lang='lat' dir='ltr'>qua:</span> <span class='ocrx_word' id='word_1_719' title='bbox 496 5076 530 5115; x_wconf 93' lang='lat' dir='ltr'>a</span> <span class='ocrx_word' id='word_1_720' title='bbox 568 5060 814 5132; x_wconf 88' lang='lat' dir='ltr'>proximo</span> <span class='ocrx_word' id='word_1_721' title='bbox 863 5059 1020 5114; x_wconf 89' lang='lat' dir='ltr'>altari</span> <span class='ocrx_word' id='word_1_722' title='bbox 1067 5059 1357 5114; x_wconf 87' lang='lat' dir='ltr'>videbatur</span> <span class='ocrx_word' id='word_1_723' title='bbox 1403 5057 1624 5126; x_wconf 88' lang='lat' dir='ltr'>emissa,</span> <span class='ocrx_word' id='word_1_724' title='bbox 1660 5057 1769 5112; x_wconf 89' lang='lat' dir='ltr'>vim</span> 
     </span>
    </p>
   </div>
   <div class='ocr_carea' id='block_1_101' title="bbox 169 5146 1763 5220">
    <p class='ocr_par' dir='ltr' id='par_1_101' title="bbox 169 5146 1763 5220">
     <span class='ocr_line' id='line_1_101' title="bbox 169 5146 1763 5220; baseline 0.003 -25"><span class='ocrx_word' id='word_1_725' title='bbox 169 5149 626 5217; x_wconf 89' lang='lat' dir='ltr'>compunctionis,</span> <span class='ocrx_word' id='word_1_726' title='bbox 685 5167 806 5220; x_wconf 66' lang='lat' dir='ltr'>quae</span> <span class='ocrx_word' id='word_1_727' title='bbox 871 5165 958 5202; x_wconf 89' lang='lat' dir='ltr'>me</span> <span class='ocrx_word' id='word_1_728' title='bbox 1008 5148 1113 5202; x_wconf 86' lang='lat' dir='ltr'>sibi</span> <span class='ocrx_word' id='word_1_729' title='bbox 1159 5155 1326 5202; x_wconf 92' lang='lat' dir='ltr'>totum</span> <span class='ocrx_word' id='word_1_730' title='bbox 1370 5146 1763 5211; x_wconf 86' lang='lat' dir='ltr'>vindicaverat,</span> 
     </span>
    </p>
   </div>
   <div class='ocr_carea' id='block_1_102' title="bbox 166 5228 1764 5308">
    <p class='ocr_par' dir='ltr' id='par_1_102' title="bbox 166 5228 1764 5308">
     <span class='ocr_line' id='line_1_102' title="bbox 166 5228 1764 5308; baseline 0.003 -24"><span class='ocrx_word' id='word_1_731' title='bbox 166 5228 357 5289; x_wconf 87' lang='lat' dir='ltr'>horror</span> <span class='ocrx_word' id='word_1_732' title='bbox 388 5238 608 5308; x_wconf 91' lang='lat' dir='ltr'>quidam</span> <span class='ocrx_word' id='word_1_733' title='bbox 648 5245 866 5307; x_wconf 88' lang='lat' dir='ltr'>stupore</span> <span class='ocrx_word' id='word_1_734' title='bbox 913 5237 1105 5290; x_wconf 85' lang='lat' dir='ltr'>mistus</span> <span class='ocrx_word' id='word_1_735' title='bbox 1155 5235 1440 5291; x_wconf 89' lang='lat' dir='ltr'>confestim</span> <span class='ocrx_word' id='word_1_736' title='bbox 1471 5234 1764 5300; x_wconf 90' lang='lat' dir='ltr'>interdicit,</span> 
     </span>
    </p>
   </div>
   <div class='ocr_carea' id='block_1_103' title="bbox 167 5322 1768 5396">
    <p class='ocr_par' dir='ltr' id='par_1_103' title="bbox 167 5322 1768 5396">
     <span class='ocr_line' id='line_1_103' title="bbox 167 5322 1768 5396; baseline 0.002 -22"><span class='ocrx_word' id='word_1_737' title='bbox 167 5322 410 5394; x_wconf 75' lang='lat' dir='ltr'>C(Bpique</span> <span class='ocrx_word' id='word_1_738' title='bbox 442 5326 698 5381; x_wconf 90' lang='lat' dir='ltr'>attonitus</span> <span class='ocrx_word' id='word_1_739' title='bbox 727 5341 941 5381; x_wconf 90' lang='lat' dir='ltr'>mecum</span> <span class='ocrx_word' id='word_1_740' title='bbox 981 5324 1243 5380; x_wconf 90' lang='lat' dir='ltr'>admirari</span> <span class='ocrx_word' id='word_1_741' title='bbox 1291 5324 1410 5396; x_wconf 88' lang='lat' dir='ltr'>quis</span> <span class='ocrx_word' id='word_1_742' title='bbox 1441 5331 1491 5378; x_wconf 89' lang='lat' dir='ltr'>et</span> <span class='ocrx_word' id='word_1_743' title='bbox 1523 5323 1609 5378; x_wconf 91' lang='lat' dir='ltr'>cui</span> <span class='ocrx_word' id='word_1_744' title='bbox 1639 5323 1768 5378; x_wconf 88' lang='lat' dir='ltr'>talia</span> 
     </span>
    </p>
   </div>
   <div class='ocr_carea' id='block_1_104' title="bbox 234 5497 1766 5568">
    <p class='ocr_par' dir='ltr' id='par_1_104' title="bbox 234 5497 1766 5568">
     <span class='ocr_line' id='line_1_104' title="bbox 234 5497 1766 5568; baseline -0.007 -8"><span class='ocrx_word' id='word_1_745' title='bbox 234 5497 371 5566; x_wconf 70' lang='grc'>(188)</span> <span class='ocrx_word' id='word_1_746' title='bbox 400 5505 692 5567; x_wconf 81' lang='lat' dir='ltr'>Hubertum,</span> <span class='ocrx_word' id='word_1_747' title='bbox 721 5506 801 5568; x_wconf 89' lang='lat' dir='ltr'>qui</span> <span class='ocrx_word' id='word_1_748' title='bbox 828 5517 956 5554; x_wconf 87' lang='lat' dir='ltr'>anno</span> <span class='ocrx_word' id='word_1_749' title='bbox 985 5504 1132 5565; x_wconf 82' lang='grc'>1195,</span> <span class='ocrx_word' id='word_1_750' title='bbox 1161 5517 1211 5551; x_wconf 85' lang='lat' dir='ltr'>tu</span> <span class='ocrx_word' id='word_1_751' title='bbox 1239 5504 1344 5552; x_wconf 85' lang='lat' dir='ltr'>Kal.</span> <span class='ocrx_word' id='word_1_752' title='bbox 1373 5501 1556 5568; x_wconf 60' lang='lat' dir='ltr'>Junii,</span> <span class='ocrx_word' id='word_1_753' title='bbox 1582 5501 1766 5551; x_wconf 89' lang='lat' dir='ltr'>electus</span> 
     </span>
    </p>
   </div>
   <div class='ocr_carea' id='block_1_105' title="bbox 169 5560 1767 5635">
    <p class='ocr_par' dir='ltr' id='par_1_105' title="bbox 169 5560 1767 5635">
     <span class='ocr_line' id='line_1_105' title="bbox 169 5560 1767 5635; baseline 0.004 -23"><span class='ocrx_word' id='word_1_754' title='bbox 169 5560 216 5635; x_wconf 72' lang='lat' dir='ltr'>in</span> <span class='ocrx_word' id='word_1_755' title='bbox 241 5560 690 5635; x_wconf 67' lang='lat' dir='ltr'>archiepiscopum,</span> <span class='ocrx_word' id='word_1_756' title='bbox 711 5560 759 5622; x_wconf 80' lang='lat' dir='ltr'>et</span> <span class='ocrx_word' id='word_1_757' title='bbox 783 5582 908 5622; x_wconf 87' lang='lat' dir='ltr'>anno</span> <span class='ocrx_word' id='word_1_758' title='bbox 933 5560 1198 5621; x_wconf 57' lang='lat' dir='ltr'>eodem&#39;vn</span> <span class='ocrx_word' id='word_1_759' title='bbox 1224 5569 1333 5619; x_wconf 90' lang='lat' dir='ltr'>ldus</span> <span class='ocrx_word' id='word_1_760' title='bbox 1360 5560 1645 5618; x_wconf 68' lang='lat' dir='ltr'>Novembris</span> <span class='ocrx_word' id='word_1_761' title='bbox 1690 5568 1767 5618; x_wconf 89' lang='lat' dir='ltr'>in-</span> 
     </span>
    </p>
   </div>
   <div class='ocr_carea' id='block_1_106' title="bbox 169 5628 1395 5701">
    <p class='ocr_par' dir='ltr' id='par_1_106' title="bbox 169 5628 1395 5701">
     <span class='ocr_line' id='line_1_106' title="bbox 169 5628 1395 5701; baseline 0.003 -23"><span class='ocrx_word' id='word_1_762' title='bbox 169 5628 464 5688; x_wconf 79' lang='lat' dir='ltr'>thronizatus</span> <span class='ocrx_word' id='word_1_763' title='bbox 484 5628 595 5701; x_wconf 77' lang='lat' dir='ltr'>fuit,</span> <span class='ocrx_word' id='word_1_764' title='bbox 623 5628 753 5701; x_wconf 78' lang='lat' dir='ltr'>part.</span> <span class='ocrx_word' id='word_1_765' title='bbox 783 5650 797 5686; x_wconf 83' lang='grc' dir='ltr'>ι</span> <span class='ocrx_word' id='word_1_766' title='bbox 824 5637 967 5700; x_wconf 75' lang='lat' dir='ltr'>Angl.</span> <span class='ocrx_word' id='word_1_767' title='bbox 995 5639 1156 5699; x_wconf 88' lang='lat' dir='ltr'>Sacr.,</span> <span class='ocrx_word' id='word_1_768' title='bbox 1185 5648 1241 5700; x_wconf 85' lang='lat' dir='ltr'>p.</span> <span class='ocrx_word' id='word_1_769' title='bbox 1281 5635 1395 5685; x_wconf 74' lang='lat' dir='ltr'>tu.</span> 
     </span>
    </p>
   </div>
   <div class='ocr_carea' id='block_1_107' title="bbox 1873 4613 3482 4686">
    <p class='ocr_par' dir='ltr' id='par_1_107' title="bbox 1873 4613 3482 4686">
     <span class='ocr_line' id='line_1_107' title="bbox 1873 4613 3482 4686; baseline 0.002 -19"><span class='ocrx_word' id='word_1_770' title='bbox 1873 4613 2004 4684; x_wconf 91' lang='lat' dir='ltr'>quia</span> <span class='ocrx_word' id='word_1_771' title='bbox 2031 4613 2101 4668; x_wconf 89' lang='lat' dir='ltr'>ad</span> <span class='ocrx_word' id='word_1_772' title='bbox 2133 4630 2221 4668; x_wconf 90' lang='lat' dir='ltr'>me</span> <span class='ocrx_word' id='word_1_773' title='bbox 2252 4629 2559 4669; x_wconf 90' lang='lat' dir='ltr'>sermonem</span> <span class='ocrx_word' id='word_1_774' title='bbox 2590 4614 2838 4669; x_wconf 89' lang='lat' dir='ltr'>haberet.</span> <span class='ocrx_word' id='word_1_775' title='bbox 2873 4615 2960 4669; x_wconf 83' lang='lat' dir='ltr'>Ait</span> <span class='ocrx_word' id='word_1_776' title='bbox 2989 4629 3226 4686; x_wconf 88' lang='lat' dir='ltr'>namque</span> <span class='ocrx_word' id='word_1_777' title='bbox 3257 4635 3275 4671; x_wconf 92' lang='lat'><strong><em>:</em></strong></span> <span class='ocrx_word' id='word_1_778' title='bbox 3313 4639 3334 4662; x_wconf 81' lang='grc' dir='ltr'>α</span> <span class='ocrx_word' id='word_1_779' title='bbox 3359 4616 3482 4672; x_wconf 90' lang='lat' dir='ltr'>Tibi</span> 
     </span>
    </p>
   </div>
   <div class='ocr_carea' id='block_1_108' title="bbox 1872 4700 3481 4774">
    <p class='ocr_par' dir='ltr' id='par_1_108' title="bbox 1872 4700 3481 4774">
     <span class='ocr_line' id='line_1_108' title="bbox 1872 4700 3481 4774; baseline 0.004 -19"><span class='ocrx_word' id='word_1_780' title='bbox 1872 4701 2014 4768; x_wconf 91' lang='lat' dir='ltr'>dico,</span> <span class='ocrx_word' id='word_1_781' title='bbox 2048 4700 2142 4768; x_wconf 85' lang='lat' dir='ltr'>fili,</span> <span class='ocrx_word' id='word_1_782' title='bbox 2175 4701 2266 4773; x_wconf 90' lang='lat' dir='ltr'>qui</span> <span class='ocrx_word' id='word_1_783' title='bbox 2296 4702 2368 4756; x_wconf 90' lang='lat' dir='ltr'>ibi</span> <span class='ocrx_word' id='word_1_784' title='bbox 2384 4718 2628 4773; x_wconf 74' lang='lat' dir='ltr'>praesens</span> <span class='ocrx_word' id='word_1_785' title='bbox 2666 4703 2922 4774; x_wconf 90' lang='lat' dir='ltr'>quiescis,</span> <span class='ocrx_word' id='word_1_786' title='bbox 2955 4718 3126 4774; x_wconf 89' lang='lat' dir='ltr'>perge</span> <span class='ocrx_word' id='word_1_787' title='bbox 3170 4718 3333 4774; x_wconf 89' lang='lat' dir='ltr'>quam</span> <span class='ocrx_word' id='word_1_788' title='bbox 3382 4719 3481 4761; x_wconf 85' lang='lat' dir='ltr'>ce-</span> 
     </span>
    </p>
   </div>
   <div class='ocr_carea' id='block_1_109' title="bbox 1870 4789 3479 4864">
    <p class='ocr_par' dir='ltr' id='par_1_109' title="bbox 1870 4789 3479 4864">
     <span class='ocr_line' id='line_1_109' title="bbox 1870 4789 3479 4864; baseline 0.002 -21"><span class='ocrx_word' id='word_1_789' title='bbox 1870 4789 2093 4846; x_wconf 90' lang='lat' dir='ltr'>lerrime</span> <span class='ocrx_word' id='word_1_790' title='bbox 2123 4790 2192 4844; x_wconf 89' lang='lat' dir='ltr'>ad</span> <span class='ocrx_word' id='word_1_791' title='bbox 2224 4791 2400 4846; x_wconf 91' lang='lat' dir='ltr'>virum</span> <span class='ocrx_word' id='word_1_792' title='bbox 2431 4791 2823 4857; x_wconf 89' lang='lat' dir='ltr'>venerabilem,</span> <span class='ocrx_word' id='word_1_793' title='bbox 2876 4792 3315 4848; x_wconf 89' lang='lat' dir='ltr'>Lincolniensem</span> <span class='ocrx_word' id='word_1_794' title='bbox 3363 4793 3479 4864; x_wconf 90' lang='lat' dir='ltr'>epi-</span> 
     </span>
    </p>
   </div>
   <div class='ocr_carea' id='block_1_110' title="bbox 1872 4878 3483 4951">
    <p class='ocr_par' dir='ltr' id='par_1_110' title="bbox 1872 4878 3483 4951">
     <span class='ocr_line' id='line_1_110' title="bbox 1872 4878 3483 4951; baseline 0.002 -17"><span class='ocrx_word' id='word_1_795' title='bbox 1872 4895 2118 4949; x_wconf 87' lang='lat' dir='ltr'>scOpum,</span> <span class='ocrx_word' id='word_1_796' title='bbox 2154 4878 2312 4951; x_wconf 90' lang='lat' dir='ltr'>eique</span> <span class='ocrx_word' id='word_1_797' title='bbox 2346 4880 2525 4934; x_wconf 90' lang='lat' dir='ltr'>omnia</span> <span class='ocrx_word' id='word_1_798' title='bbox 2556 4880 2670 4936; x_wconf 72' lang='lat' dir='ltr'>haec</span> <span class='ocrx_word' id='word_1_799' title='bbox 2721 4897 2841 4951; x_wconf 70' lang='lat' dir='ltr'>qua:</span> <span class='ocrx_word' id='word_1_800' title='bbox 2887 4879 2985 4935; x_wconf 92' lang='lat' dir='ltr'>tibi</span> <span class='ocrx_word' id='word_1_801' title='bbox 3027 4881 3083 4936; x_wconf 93' lang='lat' dir='ltr'>in</span> <span class='ocrx_word' id='word_1_802' title='bbox 3125 4880 3357 4936; x_wconf 91' lang='lat' dir='ltr'>ecclesia</span> <span class='ocrx_word' id='word_1_803' title='bbox 3400 4897 3483 4937; x_wconf 89' lang='lat' dir='ltr'>se-</span> 
     </span>
    </p>
   </div>
   <div class='ocr_carea' id='block_1_111' title="bbox 1869 4968 3477 5040">
    <p class='ocr_par' dir='ltr' id='par_1_111' title="bbox 1869 4968 3477 5040">
     <span class='ocr_line' id='line_1_111' title="bbox 1869 4968 3477 5040; baseline 0.002 -19"><span class='ocrx_word' id='word_1_804' title='bbox 1869 4968 2048 5022; x_wconf 91' lang='lat' dir='ltr'>cundo</span> <span class='ocrx_word' id='word_1_805' title='bbox 2076 4968 2331 5038; x_wconf 66' lang='lat' dir='ltr'>praecepi,</span> <span class='ocrx_word' id='word_1_806' title='bbox 2368 4984 2433 5022; x_wconf 89' lang='lat' dir='ltr'>ex</span> <span class='ocrx_word' id='word_1_807' title='bbox 2465 4977 2620 5038; x_wconf 90' lang='lat' dir='ltr'>parte</span> <span class='ocrx_word' id='word_1_808' title='bbox 2654 4968 3052 5040; x_wconf 89' lang='lat' dir='ltr'>Omnipotentis</span> <span class='ocrx_word' id='word_1_809' title='bbox 3083 4969 3335 5032; x_wconf 87' lang='lat' dir='ltr'>nuntiare</span> <span class='ocrx_word' id='word_1_810' title='bbox 3365 4984 3477 5026; x_wconf 92' lang='lat' dir='ltr'>non</span> 
     </span>
    </p>
   </div>
   <div class='ocr_carea' id='block_1_112' title="bbox 1869 5055 3478 5129">
    <p class='ocr_par' dir='ltr' id='par_1_112' title="bbox 1869 5055 3478 5129">
     <span class='ocr_line' id='line_1_112' title="bbox 1869 5055 3478 5129; baseline 0.002 -19"><span class='ocrx_word' id='word_1_811' title='bbox 1869 5055 2112 5110; x_wconf 74' lang='lat' dir='ltr'>differas.</span> <span class='ocrx_word' id='word_1_812' title='bbox 2154 5079 2175 5103; x_wconf 83' lang='lat'><em>»</em></span> <span class='ocrx_word' id='word_1_813' title='bbox 2211 5056 2307 5111; x_wconf 90' lang='lat' dir='ltr'>Cui</span> <span class='ocrx_word' id='word_1_814' title='bbox 2339 5055 2517 5110; x_wconf 89' lang='lat' dir='ltr'>statim</span> <span class='ocrx_word' id='word_1_815' title='bbox 2537 5056 2610 5110; x_wconf 90' lang='lat' dir='ltr'>ita</span> <span class='ocrx_word' id='word_1_816' title='bbox 2631 5057 2920 5126; x_wconf 81' lang='lat' dir='ltr'>reSpondi:</span> <span class='ocrx_word' id='word_1_817' title='bbox 2945 5080 2966 5108; x_wconf 77' lang='grc' dir='ltr'>ι</span> <span class='ocrx_word' id='word_1_818' title='bbox 3002 5059 3070 5113; x_wconf 85' lang='grc' dir='ltr'>Ει</span> <span class='ocrx_word' id='word_1_819' title='bbox 3100 5058 3374 5129; x_wconf 88' lang='lat' dir='ltr'>quomodo</span> <span class='ocrx_word' id='word_1_820' title='bbox 3390 5058 3478 5115; x_wconf 92' lang='lat' dir='ltr'>vir</span> 
     </span>
    </p>
   </div>
   <div class='ocr_carea' id='block_1_113' title="bbox 1867 5144 3474 5213">
    <p class='ocr_par' dir='ltr' id='par_1_113' title="bbox 1867 5144 3474 5213">
     <span class='ocr_line' id='line_1_113' title="bbox 1867 5144 3474 5213; baseline 0.002 -15"><span class='ocrx_word' id='word_1_821' title='bbox 1867 5152 2030 5198; x_wconf 70' lang='lat' dir='ltr'>tantae</span> <span class='ocrx_word' id='word_1_822' title='bbox 2059 5144 2392 5200; x_wconf 90' lang='lat' dir='ltr'>auctoritatis</span> <span class='ocrx_word' id='word_1_823' title='bbox 2441 5144 2603 5199; x_wconf 83' lang='lat' dir='ltr'>fidem</span> <span class='ocrx_word' id='word_1_824' title='bbox 2651 5146 2870 5200; x_wconf 88' lang='lat' dir='ltr'>habebit</span> <span class='ocrx_word' id='word_1_825' title='bbox 2916 5146 3098 5202; x_wconf 90' lang='lat' dir='ltr'>verbis</span> <span class='ocrx_word' id='word_1_826' title='bbox 3142 5148 3298 5213; x_wconf 92' lang='lat' dir='ltr'>meis,</span> <span class='ocrx_word' id='word_1_827' title='bbox 3349 5163 3474 5203; x_wconf 90' lang='lat' dir='ltr'>cum</span> 
     </span>
    </p>
   </div>
   <div class='ocr_carea' id='block_1_114' title="bbox 1868 5233 3471 5307">
    <p class='ocr_par' dir='ltr' id='par_1_114' title="bbox 1868 5233 3471 5307">
     <span class='ocr_line' id='line_1_114' title="bbox 1868 5233 3471 5307; baseline 0.003 -21"><span class='ocrx_word' id='word_1_828' title='bbox 1868 5247 1972 5304; x_wconf 89' lang='lat' dir='ltr'>ego</span> <span class='ocrx_word' id='word_1_829' title='bbox 2003 5239 2054 5286; x_wconf 86' lang='lat' dir='ltr'>et</span> <span class='ocrx_word' id='word_1_830' title='bbox 2099 5241 2256 5287; x_wconf 62' lang='lat' dir='ltr'>aetate</span> <span class='ocrx_word' id='word_1_831' title='bbox 2302 5241 2353 5287; x_wconf 87' lang='lat' dir='ltr'>et</span> <span class='ocrx_word' id='word_1_832' title='bbox 2403 5233 2608 5288; x_wconf 89' lang='lat' dir='ltr'>ratione</span> <span class='ocrx_word' id='word_1_833' title='bbox 2655 5233 2920 5289; x_wconf 81' lang='lat' dir='ltr'>infirmior</span> <span class='ocrx_word' id='word_1_834' title='bbox 2957 5235 3046 5290; x_wconf 91' lang='lat' dir='ltr'>vix</span> <span class='ocrx_word' id='word_1_835' title='bbox 3101 5235 3398 5307; x_wconf 91' lang='lat' dir='ltr'>quidquam</span> <span class='ocrx_word' id='word_1_836' title='bbox 3419 5237 3471 5290; x_wconf 89' lang='lat' dir='ltr'>ei</span> 
     </span>
    </p>
   </div>
   <div class='ocr_carea' id='block_1_115' title="bbox 1867 5319 3471 5394">
    <p class='ocr_par' dir='ltr' id='par_1_115' title="bbox 1867 5319 3471 5394">
     <span class='ocr_line' id='line_1_115' title="bbox 1867 5319 3471 5394; baseline 0.004 -20"><span class='ocrx_word' id='word_1_837' title='bbox 1867 5320 2013 5392; x_wconf 91' lang='lat' dir='ltr'>loqui</span> <span class='ocrx_word' id='word_1_838' title='bbox 2042 5321 2259 5376; x_wconf 74' lang='lat' dir='ltr'>sciam?</span> <span class='ocrx_word' id='word_1_839' title='bbox 2295 5346 2315 5368; x_wconf 81' lang='grc' dir='ltr'><strong><em>η</em></strong></span> <span class='ocrx_word' id='word_1_840' title='bbox 2347 5322 2494 5376; x_wconf 91' lang='lat' dir='ltr'>Tunc</span> <span class='ocrx_word' id='word_1_841' title='bbox 2526 5321 2572 5376; x_wconf 91' lang='lat' dir='ltr'>is</span> <span class='ocrx_word' id='word_1_842' title='bbox 2605 5328 2695 5392; x_wconf 87' lang='lat' dir='ltr'>qui</span> <span class='ocrx_word' id='word_1_843' title='bbox 2740 5319 3065 5394; x_wconf 90' lang='lat' dir='ltr'>loquebatur</span> <span class='ocrx_word' id='word_1_844' title='bbox 3109 5324 3180 5379; x_wconf 90' lang='lat' dir='ltr'>ad</span> <span class='ocrx_word' id='word_1_845' title='bbox 3225 5325 3328 5380; x_wconf 91' lang='lat' dir='ltr'>hoc</span> <span class='ocrx_word' id='word_1_846' title='bbox 3376 5340 3471 5380; x_wconf 87' lang='lat' dir='ltr'>re-</span> 
     </span>
    </p>
   </div>
   <div class='ocr_carea' id='block_1_116' title="bbox 1935 5494 3475 5570">
    <p class='ocr_par' dir='ltr' id='par_1_116' title="bbox 1935 5494 3475 5570">
     <span class='ocr_line' id='line_1_116' title="bbox 1935 5494 3475 5570; baseline 0.008 -26"><span class='ocrx_word' id='word_1_847' title='bbox 1935 5494 2077 5560; x_wconf 84' lang='lat' dir='ltr'>(t89)</span> <span class='ocrx_word' id='word_1_848' title='bbox 2120 5499 2265 5570; x_wconf 52' lang='lat' dir='ltr'>annp</span> <span class='ocrx_word' id='word_1_849' title='bbox 2286 5497 2470 5550; x_wconf 88' lang='lat' dir='ltr'>scilicet</span> <span class='ocrx_word' id='word_1_850' title='bbox 2499 5499 2626 5570; x_wconf 65' lang='lat'>1190</span> <span class='ocrx_word' id='word_1_851' title='bbox 2651 5513 2664 5570; x_wconf 62' lang='grc' dir='ltr'>ξ</span> <span class='ocrx_word' id='word_1_852' title='bbox 2689 5513 2949 5570; x_wconf 75' lang='lat' dir='ltr'>quocruce</span> <span class='ocrx_word' id='word_1_853' title='bbox 2985 5503 3165 5567; x_wconf 76' lang='lat' dir='ltr'>signati</span> <span class='ocrx_word' id='word_1_854' title='bbox 3196 5503 3247 5556; x_wconf 91' lang='lat' dir='ltr'>in</span> <span class='ocrx_word' id='word_1_855' title='bbox 3273 5504 3475 5570; x_wconf 82' lang='lat' dir='ltr'>expedi-</span> 
     </span>
    </p>
   </div>
   <div class='ocr_carea' id='block_1_117' title="bbox 1865 5561 3002 5628">
    <p class='ocr_par' dir='ltr' id='par_1_117' title="bbox 1865 5561 3002 5628">
     <span class='ocr_line' id='line_1_117' title="bbox 1865 5561 3002 5628; baseline 0.007 -18"><span class='ocrx_word' id='word_1_856' title='bbox 1865 5561 1996 5612; x_wconf 87' lang='lat' dir='ltr'>tione</span> <span class='ocrx_word' id='word_1_857' title='bbox 2021 5567 2190 5614; x_wconf 83' lang='lat' dir='ltr'>contra</span> <span class='ocrx_word' id='word_1_858' title='bbox 2219 5566 2515 5616; x_wconf 85' lang='lat' dir='ltr'>Sarracenos</span> <span class='ocrx_word' id='word_1_859' title='bbox 2539 5561 2733 5628; x_wconf 82' lang='lat' dir='ltr'>plurimi</span> <span class='ocrx_word' id='word_1_860' title='bbox 2759 5567 3002 5618; x_wconf 84' lang='lat' dir='ltr'>obierunt.</span> 
     </span>
    </p>
   </div>
  </div>
