3938 6394
496 336 631 388 1039

1363 326 1417 379 S.
1495 322 1811 380 HUGONIS
1849 321 2062 377 EPISC.
2105 316 2425 373 LlNCOLN.
2469 315 2633 372 0RD.
2676 316 2923 372 CARTH.

3680 319 3813 372 1040

500 455 779 527 spondens
808 453 911 507 ista
954 451 1182 518 subjecit
1215 467 1229 502 :
1265 472 1286 496 ιι
1327 449 1512 504 Fidem
1543 449 1725 504 verbis
1747 448 1848 502 tuis
1876 445 2096 501 indubi-
2127 447 2182 503 Α
2275 442 2530 527 damnet
2561 441 2631 527 de
2645 442 2941 527 sententia
2967 439 3423 527 iniraoitiono‘stri
3449 441 3699 527 [lagonis

501 551 667 600 tatam
701 542 845 596 idem
873 539 958 595 vir
983 538 1225 602 habebit,
1261 553 1383 593 cum
1431 538 1480 592 ei
1528 553 1629 608 pro
1673 535 1988 606 intersignis
2032 550 2099 589 ea

497 628 860 686 insinuaveris
890 643 1010 699 qua
1039 642 1203 696 super
1228 625 1402 680 altare
1424 640 1610 680 coram
1633 640 1698 679 eo
1725 623 1955 689 videbis,
1989 638 2098 693 qua

499 719 735 790 primum
762 716 851 771 die
871 715 940 770 ad
960 714 1110 768 illum
1138 713 1465 784 perveniens
1485 713 1664 782 ipsum
1693 713 1984 765 missarum
2015 725 2098 764 so-

496 805 699 863 lemnia
744 803 1114 860 celebrantem
1170 801 1486 856 intueberis.
1533 801 1615 855 Ne
1661 799 1828 872 igitur
1873 797 2096 853 differas

500 910 697 967 parere
727 891 957 963 eloquiis
985 890 1139 955 meis,
1174 889 1293 955 sed,
1326 905 1447 960 qua
1493 889 1749 959 pracipio
1779 887 1896 952 tibi,
1927 887 2096 941 devo-

497 991 585 1038 tus
615 995 936 1052 exsequere.
969 979 1065 1033 llis
1107 977 1266 1032 dictis
1315 992 1420 1032 vox
1463 977 1734 1049 loquentis
1781 975 1959 1030 ablata
1987 982 2091 1029 est.

497 1074 566 1127 At
595 1085 701 1143 ego
733 1068 803 1124 ad
830 1066 1237 1138 exsequendum
1266 1065 1532 1135 imperata
1561 1064 1855 1135 plurimum
1885 1063 2096 1118 anima-

497 1168 606 1228 tus,
657 1157 874 1212 modico
925 1155 1205 1226 pralibato
1261 1168 1491 1222 somno,
1543 1153 1612 1207 de
1659 1160 1818 1207 nocte
1860 1152 2089 1217 surrexi,

495 1247 746 1317 clamque
776 1243 939 1299 sociis
968 1243 1106 1296 meis
1137 1242 1239 1296 iter
1253 1241 1321 1295 ad
1354 1256 1450 1295 vos
1479 1240 1857 1312 inquirendum
1889 1240 1962 1293 ita
1992 1256 2092 1310 pe-

492 1335 652 1390 dibus
682 1332 820 1387 meis
849 1323 1120 1401 assumpsi
1149 1332 1320 1399 (190).
1372 1330 1486 1384 Huc
1531 1336 1710 1382 autem
1759 1337 1884 1382 ante
1914 1327 2096 1383 missa

490 1423 771 1478 introitum
817 1421 977 1491 paulo
1023 1427 1147 1474 ante
1198 1419 1340 1484 veni,
1392 1426 1445 1473 et
1497 1413 1866 1472 celebrantem
1910 1415 2095 1471 divina

487 1511 827 1567 sanctitatem
873 1516 1110 1564 vestram
1167 1507 1395 1561 devotus
1441 1506 1750 1560 observavi.
1804 1505 2094 1559 Intendens

488 1615 706 1672 quoque
756 1597 1040 1653 sollicitius
1106 1595 1176 1650 ad
1221 1610 1468 1650 mensam
1530 1594 1871 1648 Dominicam
1909 1608 2092 1647 coram

484 1688 662 1753 vobis,
698 1694 751 1741 et
780 1687 837 1740 in
866 1684 1118 1738 manibus
1167 1683 1364 1738 vestris
1406 1698 1607 1752 corpus
1655 1681 1871 1736 Domini
1920 1680 2093 1735 nostri

2273 512 2565 566 visendum
2586 511 2734 566 illud
2754 511 3099 566 miraculum
3115 512 3442 567 invitati.—
3455 514 3524 567 Et
3540 511 3631 568 est
3646 514 3802 582 capi-

2276 582 2462 636 tulum
2494 585 2763 653 quartum
2785 583 2847 636 in
2867 598 3074 653 magna
3103 583 3242 637 Vita.

2271 705 2350 759 De
2380 703 2595 759 vivifico
2625 712 2805 760 autem
2835 712 3202 760 sacrosancta
3233 704 3588 761 Eucharistia
3617 719 3808 760 sacra-

2195 798 2380 846 mento
2423 792 2602 847 adhuc
2648 791 2856 847 referre
2906 791 3166 864 quiddam
3195 808 3302 848 non
3353 793 3567 848 videtur
3612 793 3801 848 incon-

2196 895 2413 952 gruum,
2449 880 2595 950 quod
2623 879 2677 934 in
2727 879 2906 934 Gallia
2951 879 3220 936 accidisse
3267 881 3450 936 multis
3495 889 3578 936 est
3621 881 3801 935 mani-

2195 967 2392 1022 festum
2424 970 2593 1039 (192).
2626 966 2806 1036 Quod,
2837 968 2964 1024 licet
3003 969 3297 1024 multorum
3342 969 3528 1024 notitia
3557 968 3800 1024 ﬁdelium

2197 1055 2527 1110 aestimemus
2563 1055 2966 1128 dignissimum,
3017 1057 3276 1128 prasenti
3325 1064 3508 1112 tamen
3556 1057 3798 1113 historia

2195 1143 2249 1197 id
2279 1158 2312 1197 a
2339 1144 2497 1199 nobis
2527 1143 2747 1198 minime
2790 1143 2980 1199 fuisset
3028 1144 3311 1210 insertum,
3345 1144 3390 1199 si
3436 1161 3546 1200 non
3593 1145 3662 1200 ad
3692 1147 3800 1202 hoc

2195 1231 2545 1286 inserendum
2576 1231 2718 1286 illius
2747 1247 2846 1286 nos
2890 1240 3108 1302 urgeret
3154 1233 3441 1299 sententia,
3491 1233 3560 1288 de
3588 1249 3648 1288 re
3678 1233 3801 1311 ipsa

2193 1319 2514 1373 mirabiliter
2545 1319 2778 1390 prolata,
2813 1319 2906 1390 qui
2930 1320 3119 1375 horum
3150 1321 3410 1387 omnium,
3434 1337 3554 1393 qua
3581 1322 3799 1392 pagina

2194 1407 2320 1462 huic
2368 1407 2701 1477 inseruntur,
2753 1408 2980 1462 materia
3029 1416 3110 1462 est
3159 1417 3210 1463 et
3257 1424 3445 1463 causa.
3494 1409 3591 1464 Hic
3633 1409 3801 1481 igitur

2195 1495 2433 1566 quodam
2462 1503 2708 1565 tempore
2738 1497 2887 1565 (193)
2917 1511 2947 1548 a
2979 1496 3367 1550 Parisieusium
3410 1496 3690 1568 digressus
3720 1497 3799 1552 ci-

2193 1583 2377 1649 vitate,
2411 1582 2537 1636 dum
2568 1583 2770 1637 Trecas
2799 1590 3029 1653 peteret,
3062 1584 3357 1638 metatione
3397 1584 3573 1654 prima
3601 1585 3796 1655 hospi-

2193 1678 2333 1724 tatus
2363 1678 2446 1725 est
2472 1671 2527 1724 in’
2556 1670 2686 1725 villa
2718 1671 2953 1742 quadam
2984 1671 3068 1726 Joi
3088 1671 3239 1742 (194)
3270 1680 3595 1743 nuncupata.
3628 1673 3800 1727 Moris

484 1776 615 1830 Jesu
644 1773 849 1830 Christi
891 1773 993 1826 sub
1037 1771 1221 1842 specie
1274 1769 1493 1824 infantis
1533 1769 1744 1841 parvuli
1788 1769 1874 1823 bis
1923 1783 2160 1848 supraB
2196 1773 2332 1848 VEI'Q
2358 1757 2435 1811 illi
2464 1758 2590 1825 ίυίῐ.
2622 1758 2934 1848 ubicunque
2962 1759 3255 1829 Ιιοερίιὶυω
3297 1775 3424 1848 $333
3469 1760 3794 1848 ἑξοθρίδεθῐι

487 1863 714 1920 calicem
744 1877 777 1917 a
805 1860 962 1916 vobis
993 1859 1285 1927 elevatum,
1318 1858 1558 1930 indignis
1589 1857 1716 1912 licet
1742 1857 1935 1922 oculis,
1969 1856 2087 1911 evi-

485 1951 677 2006 denter
705 1949 986 2020 conspexi.
1029 1947 1166 2016 Quia
1211 1961 1344 2002 vero
1390 1947 1624 2017 idipsum
1671 1952 1726 2000 et
1772 1961 1870 2002 vos
1915 1945 2087 2000 multo

484 2037 876 2111 perspicacius,
918 2035 1046 2107 quia
1093 2043 1146 2090 et
1188 2034 1390 2089 diutius
1436 2043 1488 2088 et
1518 2034 1745 2089 vicinius
1775 2041 1828 2089 et
1854 2034 1988 2088 satis
2014 2034 2091 2089 di-

484 2127 645 2199 gnius
673 2123 1049 2197 perspexistis,
1085 2139 1195 2179 non
1210 2130 1294 2179 est
1313 2122 1722 2194 ambigendum.
1761 2141 1783 2172 ι
1819 2122 1946 2177 Hac
1976 2121 2086 2177 cle-

481 2216 628 2272 ricus
657 2213 746 2268 ille
774 2212 1067 2268 ﬂuentibus
1093 2227 1195 2284 per
1223 2226 1396 2283 genas
1424 2210 1680 2281 lacrymis
1711 2218 1794 2265 est
1819 2225 2084 2280 prosecu-

484 2311 590 2358 tus.
624 2302 717 2357 Vir
744 2316 961 2374 quoque
990 2300 1206 2356 Domini
1235 2298 1465 2354 ubertim
1495 2299 1634 2354 inter
1653 2300 1770 2354 hac
1799 2297 1984 2353 flebat.

551 2391 795 2461 Cumque
825 2390 1025 2460 pariter
1053 2388 1368 2460 aliquandiu
1392 2387 1585 2442 ﬂentes
1614 2403 1780 2458 super
1809 2387 1894 2441 bis
1914 2386 2084 2441 verba

479 2479 714 2551 plurima
743 2478 1168 2542 conseruissent,
1201 2476 1492 2546 episcopus
1538 2475 1818 2546 utriusque
1846 2491 2014 2547 genas
2031 2483 2085 2530 et

482 2567 692 2635 oculos,
727 2582 857 2621 suos
886 2565 1138 2621 videlicet
1167 2573 1221 2620 et
1249 2564 1434 2619 clerici
1481 2564 1646 2632 illius,
1698 2563 1869 2618 sacris
1897 2571 2080 2618 exter-

480 2671 620 2728 gens
648 2654 853 2727 digitis,
885 2653 1162 2710 osculatus
1210 2659 1293 2707 est
1339 2668 1483 2706 eum.
1531 2652 1663 2706 Erat
1711 2659 1889 2706 autem
1937 2651 2080 2706 idem

478 2743 710 2799 clericus
740 2757 1007 2797 annorum
1036 2741 1254 2796 circiter
1282 2740 1472 2811 viginti
1499 2739 1758 2811 quinque.
1819 2739 2082 2808 Pracepit

477 2848 606 2888 vero
637 2831 687 2887 ei
718 2838 987 2901 quatenus
1016 2830 1133 2884 hac
1162 2836 1479 2884 reverenter
1508 2828 1690 2884 celare
1719 2827 2076 2882 meminisset.

477 2920 748 2976 Praterea
777 2917 1092 2989 diligentius
1122 2932 1243 2972 eum
1293 2915 1569 2970 adhortari
1619 2915 1839 2981 studuit,
1869 2923 1927 2969 ut
1955 2915 2082 2970 reli-

477 3007 658 3080 gionis
689 3005 933 3061 habitum
961 3003 1244 3074 suscipere
1274 3011 1327 3058 et
1373 3003 1646 3075 religiosis
1693 3003 1935 3058 moribus
1963 3002 2080 3058 Do-

475 3095 624 3150 mino
654 3093 863 3149 servire
892 3109 957 3147 ex
986 3093 1196 3164 integro
1238 3098 1554 3146 maturaret.
1604 3090 1896 3146 Asserebat
1935 3089 2079 3145 enim

475 3197 586 3237 non
615 3196 740 3236 esse
769 3179 1102 3236 conveniens
1129 3187 1206 3246 ut,
1252 3179 1344 3250 qui
1372 3177 1501 3233 talia
1547 3179 1774 3234 vidisset
1813 3185 1866 3233 et
1893 3178 2082 3232 audis-

477 3278 578 3335 set,
611 3269 668 3324 in
697 3267 881 3324 saculi
909 3268 1146 3324 vanitate
1186 3267 1414 3322 ulterius
1460 3266 1685 3336 spatiari
1733 3266 1919 3322 vellet.
1976 3264 2082 3334 Qui

477 3357 658 3413 statim
675 3356 760 3411 his
781 3372 840 3411 se
863 3355 1218 3412 libentissime
1239 3354 1458 3410 monitis
1470 3355 1764 3425 pariturum
1777 3353 2076 3424 respondit.

547 3447 675 3501 Post
704 3446 822 3500 hac
849 3444 1028 3499 aulam
1053 3445 1166 3513 jam
1193 3459 1492 3514 pransurus
1538 3443 1840 3514 ingreditur
1866 3442 2081 3512 episco—

471 3550 593 3606 pus.
645 3532 880 3589 Plurima
931 3533 1110 3603 itaque
1157 3532 1388 3602 stipatus
1445 3529 1852 3586 convivantium
1897 3529 2074 3597 turba,

472 3622 663 3678 hilaris
695 3630 746 3676 et
773 3621 930 3677 latus
959 3620 1252 3686 discubuit,
1307 3619 1563 3674 clericum
1613 3618 1772 3672 toties
1800 3633 2077 3674 memora-

470 3718 584 3765 tum
613 3710 670 3764 in
695 3723 825 3765 area
853 3724 967 3762 non
994 3707 1160 3779 longe
1191 3723 1221 3760 a
1249 3707 1372 3762 loco
1415 3706 1678 3760 sessionis
1720 3721 1832 3761 sua
1879 3706 2077 3776 praci-

470 3798 630 3869 piens
657 3796 818 3852 simul
860 3795 1204 3851 recumbere.
1238 3793 1345 3862 Qui
1387 3793 1476 3849 die
1522 3802 1741 3864 postera
1787 3794 1855 3848 ab
1883 3794 2076 3850 eodem

471 3901 595 3940 cum
650 3883 1030 3939 benedictione
1076 3881 1356 3948 dimissus,
1419 3889 1472 3936 et
1519 3882 1588 3936 ad
1635 3882 1926 3953 quemdam
1972 3882 2074 3938 sibi

471 3971 796 4028 familiarem
814 3970 1142 4031 monachum
1162 3970 1532 4037 transmissus,
1556 3971 1856 4024 monachus
1876 3978 1930 4025 et
1958 3971 2076 4041 ipse

472 4060 580 4116 cito
609 4066 796 4131 postea
826 4056 1072 4124 effectus,
1112 4058 1367 4130 religiose
1412 4058 1702 4113 admodum
1733 4065 1816 4113 est
1844 4074 2074 4115 conver-

471 4234 732 4306 mysteria
757 4234 1104 4306 postmodum
1148 4233 1316 4290 fuisse
1364 4234 1604 4291 revelata
1650 4234 1951 4290 certissime
1981 4251 2074 4290 ex-

467 4323 608 4396 perti
639 4339 844 4389 sumus,
880 4339 945 4378 ex
976 4323 1171 4395 quibus
1197 4338 1307 4378 non
1349 4338 1522 4393 pauca
1550 4323 1744 4378 litteris
1772 4322 1972 4378 dudum
2003 4323 2073 4377 de

471 4411 728 4469 mandato
757 4411 932 4468 sancti
960 4411 1206 4483 prasulis
1237 4411 1432 4466 tradita
1459 4412 1630 4482 (191),
1664 4412 1826 4482 longe
1855 4411 2072 4482 lateque

471 4500 694 4573 vulgata
719 4482 1034 4556 noscuntur.
1067 4501 1112 4554 A
1143 4500 1297 4568 cujus
1318 4499 1480 4554 etiam
1511 4515 1607 4554 ore
1637 4501 1753 4554 hac
1782 4499 1919 4570 ipsa,
1955 4515 2074 4572 quae
2093 4482 2145 4542 Ῑ)

471 4589 637 4646 modo
666 4588 966 4654 retulimus,
999 4587 1314 4660 frequenter
1339 4587 1664 4642 audivimus.

1111 4711 1337 4765 CAPUT
1365 4709 1429 4764 V.

473 4817 549 4875 De
567 4817 844 4890 stupenda
874 4817 1033 4890 valde
1055 4817 1330 4890 miraculo
1349 4816 1488 4887 quod
1508 4817 1571 4870 in
1594 4817 1836 4890 Francia
1860 4815 1932 4890 de
1952 4831 2070 4872 cor-

543 4887 678 4960 poré
697 4889 906 4944 Christi
925 4889 1238 4957 contigerat
1259 4889 1317 4941 in
1327 4891 1413 4941 ter
1425 4903 1629 4942 manus
1651 4887 1870 4958 indigni
1887 4902 2071 4942 sacer-

539 5065 682 5130 (190)
705 5066 884 5115 Itinere
909 5065 1049 5114 unius
1075 5069 1158 5114 aut
1183 5066 1382 5115 alterius
1403 5067 1496 5116 diei
1526 5079 1552 5115 a
1578 5066 1698 5125 loco,
1746 5064 1827 5114 ubi
1871 5064 2068 5115 monitio

475 5134 624 5192 facta,
648 5133 708 5183 ad
738 5132 918 5193 locum,
946 5132 994 5180 in
1015 5145 1106 5194 quo
1132 5133 1410 5183 morabatur
1433 5136 1484 5182 S.
1514 5134 1668 5192 Hugo,
1698 5131 1932 5181 distante.

543 5216 686 5278 (191)
713 5217 784 5266 Ex
810 5217 900 5265 hoc
924 5216 1029 5265 loco
1053 5217 1292 5278 colligitur
1317 5217 1552 5266 visionem
1579 5216 1705 5264 hanc
1727 5216 1957 5264 accidisse
1984 5227 2070 5264 au-

478 5286 674 5345 tequam
699 5287 866 5332 auctor
890 5283 1011 5332 Vita
1036 5285 1087 5334 S.
1117 5284 1305 5346 Hugoni
1332 5283 1506 5332 astitit.

2189 1845 2569 1917 presbyterum
2597 1847 2966 1916 parochialem
3013 1861 3134 1902 cum
3180 1847 3444 1903 Ecclesia
3470 1847 3613 1902 illius
3641 1848 3800 1902 mini-

2189 1933 2314 1988 stris
2359 1934 2430 1988 ad
2477 1949 2630 1988 suam
2675 1934 2902 1989 invitare
2945 1950 3212 2003 mensam,
3263 1936 3434 1991 verbo
3479 1935 3797 2007 frequenter

2190 2030 2348 2077 utens
2377 2038 2502 2078 cum
2524 2021 2735 2077 liberali
2757 2023 2990 2094 quadam
3002 2023 3338 2091 jucunditate
3359 2023 3430 2077 ad
3457 2040 3612 2078 suum
3641 2025 3796 2095 dapi-

2187 2109 2381 2176 ferum,
2415 2125 2523 2182 quo
2552 2126 2698 2181 sape
2728 2111 2858 2166 olim
2887 2127 3018 2165 usus
3039 2119 3122 2166 est
3147 2111 3412 2166 Dominus
3441 2111 3511 2166 ad
3541 2112 3797 2168 Hebraeo-

2186 2214 2308 2252 rum
2339 2198 2598 2269 pOpulum
2632 2215 2646 2252 :
2682 2220 2704 2245 ε
2739 2198 2863 2253 Non
2891 2198 3134 2264 deseras,
3158 2199 3430 2270 inquiens,
3453 2198 3662 2266 levitas,
3698 2200 3792 2272 qui

2185 2285 2326 2341 inter
2352 2293 2539 2357 portas
2570 2285 2802 2341 civitatis
2831 2293 2938 2341 tua
2969 2295 3093 2341 sunt
3120 2287 3308 2358 (Deut.
3351 2302 3471 2355 xxv,
3501 2288 3613 2358 27).
3651 2309 3674 2338 ι

2257 2391 2406 2446 Illius
2437 2399 2619 2446 tamen
2643 2391 2749 2446 loci
2779 2392 3068 2463 presbyter
3094 2407 3127 2448 a
3154 2392 3418 2447 ministris
3447 2409 3596 2450 more
3628 2393 3792 2450 solito

2185 2487 2428 2538 vocatus.
2463 2481 2532 2534 ad
2561 2495 2807 2535 mensam
2837 2480 3080 2551 episcopi
3127 2482 3316 2537 venire
3346 2482 3668 2537 obstinatius
3700 2499 3793 2538 re-

2184 2568 2432 2634 cusavit;
2465 2568 2612 2623 venit
2639 2576 2817 2623 autem
2859 2577 2983 2639 post
3023 2568 3311 2640 prandium
3362 2568 3597 2626 invisere
3640 2586 3790 2626 eum.

2185 2655 2342 2710 Venit
2372 2672 2608 2727 quoque,
2642 2672 2752 2711 non
2781 2657 2978 2723 solum,
3010 2665 3069 2712 ut
3114 2657 3371 2728 episcopo
3417 2657 3795 2716 celeberrima

2183 2743 2455 2814 opinionis
2485 2744 2804 2816 obsequium
2834 2745 3115 2800 exhiberet
3162 2745 3521 2812 salutationis,
3563 2748 3661 2802 sed
3685 2764 3795 2819 po-

2181 2831 2306 2897 tius,
2341 2838 2399 2886 ut
2427 2832 2545 2902 ejus
2573 2833 2912 2888 orationibus
2961 2849 3083 2888 sese
3130 2834 3364 2890 Domino
3413 2836 3789 2891 commendari

2182 2919 2468 2975 obtineret.
2503 2921 2660 2976 Venit
2685 2921 2863 2990 etiam,
2897 2929 2954 2976 ut
2983 2921 3033 2977 ei
3063 2937 3177 2977 rem
3224 2922 3386 2978 valde
3433 2923 3785 2994 stupendam,

2183 3024 2305 3078 qua
2333 3007 2437 3062 sibi
2467 3008 2672 3063 dudum
2701 3010 2852 3080 (195)
2881 3009 3200 3081 contigerat,
3232 3011 3302 3066 de
3345 3011 3624 3066 adorando
3653 3026 3790 3068 cor-

2179 3094 2329 3165 poris
2357 3095 2626 3152 Dominici
2673 3106 3018 3152 sacramento
3053 3106 3107 3155 et
3157 3098 3338 3153 verbis
3381 3108 3696 3170 exponeret,
3733 3109 3789 3156 et

2182 3182 2252 3238 ad
2280 3183 2575 3239 videndum
2597 3184 2772 3256 ipsam
2787 3201 2924 3253 rem,
2947 3186 3048 3241 sub
3067 3187 3238 3242 oculis
3258 3187 3436 3244 adhuc
3464 3188 3520 3242 in
3549 3187 3792 3244 ecclesia

2181 3286 2283 3326 sua
2311 3271 2566 3342 positam,
2599 3289 2722 3329 eum
2743 3273 3020 3330 invitaret.
3075 3275 3208 3330 Erat
3237 3275 3380 3331 enim
3425 3275 3568 3331 idem
3597 3291 3793 3332 sacer-

2180 3359 2282 3414 dos
2305 3360 2419 3428 jam
2451 3361 2777 3432 grandavus
2807 3369 2860 3418 et
2902 3370 3124 3434 aspectu
3171 3364 3523 3430 reverendus,
3556 3379 3793 3436 corpore

2179 3448 2343 3502 etiam
2370 3456 2503 3518 toto,
2537 3465 2646 3505 non
2675 3457 2785 3504 tam
2813 3467 2926 3524 pra
2954 3459 3112 3507 atate
3141 3467 3306 3524 quam
3351 3469 3467 3524 pra
3495 3452 3786 3508 abstinen-

2179 3536 2285 3605 tiae,
2317 3543 2375 3592 ut
2403 3537 2705 3606 dicebatur,
2740 3539 2925 3611 rigore
2953 3540 3366 3611 pramarcidus,
3403 3548 3456 3596 et
3482 3548 3603 3596 cute
3630 3543 3786 3597 ossi-

2179 3623 2278 3678 bus
2327 3624 2599 3681 insidente
2659 3626 2966 3698 peraridus.
3031 3627 3135 3696 Qui
3175 3636 3467 3700 postquam
3530 3628 3791 3686 salutavit

2178 3708 2515 3778 episcopum,
2547 3725 2656 3764 non
2686 3710 2860 3781 potuit
2904 3727 3018 3782 pra
3046 3712 3388 3778 verecundia,
3437 3712 3582 3784 quod
3619 3720 3788 3784 opta-

2176 3795 2250 3849 vit
2293 3795 2372 3850 illi
2417 3796 2700 3854 declarare
2746 3814 2846 3868 per
2884 3798 3145 3870 seipsum,
3192 3800 3290 3855 sed
3339 3799 3661 3870 quibusdam
3716 3817 3787 3857 ex

2175 3883 2286 3938 suis
2317 3883 2558 3940 seriatim
2589 3886 2706 3942 hac
2734 3887 2984 3958 exposuit
3011 3887 3069 3942 in
3095 3887 3240 3944 hunc
3268 3887 3489 3944 modum
3523 3903 3537 3943 :

2250 4028 2272 4057 ι
2308 4007 2442 4062 Cum
2470 4024 2651 4064 essem
2675 4009 2913 4078 juvenis,
2945 4009 3138 4081 inquit,
3173 4018 3226 4066 et
3255 4010 3484 4083 gradum
3512 4012 3782 4068 sacerdo-

773 4094 796 4171 ξ’
2172 4094 2250 4162 tii,
2285 4110 2387 4152 nec
2416 4097 2570 4152 annis
2596 4097 2792 4166 adhuc,
2825 4113 2929 4154 nec
2974 4098 3218 4154 moribus
3258 4099 3396 4155 meis
3446 4107 3594 4155 tanto
3639 4101 3785 4171 apici

471 4155 640 4202 satus.
689 4147 788 4202 Cui
829 4145 1064 4218 plurima
1127 4163 1342 4244 quoque
1400 4146 1757 4218 spiritualium
1806 4146 2072 4245 visionum
2170 4145 2800 4254 ἇέὲῐῖέῖῈξρςῐς

2803 4202 2850 4252 s,
2883 4186 3347 4254 conscendissem,
3381 4187 3607 4260 contigit
3633 4187 3778 4244 insi-

2171 4269 2353 4326 diante
2382 4271 2513 4326 mihi
2539 4271 2699 4328 hoste
2727 4273 2968 4346 antiquo,
3005 4282 3062 4330 ut
3089 4275 3296 4331 crimen
3323 4276 3599 4348 quoddam
3628 4291 3781 4332 mor-

2171 4356 2389 4412 tiferum
2415 4359 2788 4430 incurrissem,
2822 4375 2856 4416 a
2901 4362 3056 4431 cujus
3101 4363 3336 4419 necdum
3384 4363 3637 4435 contagio
3684 4372 3782 4419 aut

2175 4446 2440 4512 remedio,
2472 4448 2805 4517 poenitentiae
2833 4457 2924 4504 aut
2970 4449 3331 4506 confessionis
3359 4451 3580 4508 lavacro
3609 4468 3778 4507 mun-

2177 4533 2355 4604 datus,
2387 4534 2477 4601 ita,
2511 4543 2566 4590 ut
2595 4551 2764 4603 eram,
2799 4537 2965 4593 corde
2989 4537 3227 4609 pollutus
3247 4546 3303 4595 et
3321 4553 3568 4610 corpore,
3593 4549 3778 4596 mente

2173 4621 2398 4693 insuper
2427 4638 2605 4679 cacus
2635 4632 2689 4680 et
2717 4623 2824 4681 ﬁde
2853 4625 3097 4681 inﬁrmus
3134 4627 3303 4699 (quod
3346 4626 3494 4683 dictu
3539 4628 3778 4683 horren-

2173 4710 2300 4764 dum
2331 4711 2434 4782 est)
2465 4712 2533 4766 ad
2581 4713 2725 4768 sacri
2769 4713 2954 4769 altaris
3000 4714 3363 4771 ministerium
3408 4715 3694 4786 impudens
3726 4725 3780 4772 et

2173 4799 2499 4854 temerarius
2526 4801 2789 4858 accedere
2819 4803 3097 4859 consuevi.
3140 4803 3384 4875 Cumque
3425 4803 3512 4859 die
3543 4803 3777 4875 quadarn

2173 4887 2342 4943 sacris
2372 4887 2687 4945 assisterem
2732 4890 2916 4948 missa
2962 4891 3215 4958 secretis,
3275 4899 3327 4947 et
3373 4891 3615 4947 criminis
3661 4892 3777 4948 mei

2239 5065 2380 5133 (19.1)
2407 5065 2527 5117 Cum
2553 5067 2666 5117 villa
2691 5069 2795 5118 hac
2833 5068 2960 5120 inter
2985 5070 3193 5120 Parisios
3237 5075 3285 5121 et
3310 5072 3493 5122 Trecas
3515 5070 3629 5133 sita,
3675 5085 3776 5122 una

2168 5133 2282 5202 sive
2296 5132 2452 5202 prinia
2477 5135 2764 5202 metatione,
2793 5136 3003 5198 dicatur,
3030 5137 3242 5188 viderint
3264 5138 3479 5188 locorum
3505 5138 3670 5202 vicini,
3697 5151 3763 5188 an

2170 5199 2286 5248 facti
2321 5200 2466 5261 hujus
2491 5201 2667 5250 ibidem
2694 5202 2852 5252 adhuc
2877 5203 3115 5253 habeatur
3146 5205 3405 5254 memoria.

2237 5282 2380 5346 (195)
2409 5285 2529 5336 Fore
2554 5285 2681 5336 inter
2727 5297 2880 5335 annos
2922 5288 3054 5336 1160
3095 5291 3147 5338 et
3191 5289 3339 5350 1170,
3382 5289 3497 5339 dum
3539 5287 3770 5339 sacerdos

544 5364 684 5430 (192)
712 5365 882 5416 Nescio
917 5379 977 5416 an
1000 5370 1200 5417 eventus
1244 5367 1344 5422 ille.
1374 5366 1453 5426 qui
1479 5365 1557 5416 hic
1584 5364 1760 5416 dicitur
1782 5365 2068 5427 manifestus
2167 5351 2356 5428 ῌυςῡηὶ
2382 5352 3117 5430 Γῆεῐυῐηᾙὲτιζὲηεηξηηάωνυε
3138 5353 3541 5430 αωάεξηβίείῑυτ»
3567 5356 3653 5408 ³θά
3676 5368 3775 5406 ωε·

474 5432 659 5494 multis,
687 5433 729 5482 si
766 5433 826 5482 ab
851 5433 1010 5495 aliquo
1045 5434 1138 5483 alio
1165 5433 1432 5494 evulgatus.

546 5516 690 5581 (195)
713 5520 852 5569 Anno
878 5517 1029 5580 1200,
1055 5529 1146 5580 quo
1172 5516 1371 5567 Parisiis
1397 5518 1446 5568 et
1471 5515 1519 5567 in
1544 5514 1699 5567 Gallia
1727 5516 1874 5569 fuisse
1902 5517 2068 5580 nugo-

473 5595 584 5635 nem
618 5597 680 5636 ex
702 5585 796 5637 hoc
821 5585 980 5648 capite
1007 5586 1215 5634 constat.

2167 5419 2240 5480 gis
2265 5431 2364 5481 pra
2391 5419 2549 5482 rigore
2589 5419 2914 5483 abstinentia,
2943 5433 3087 5485 quam
3113 5433 3214 5485 pra
3239 5423 3405 5472 atate.

3902 851 3906 959 l

3902 1015 3906 1158 Ι

3903 1229 3905 1375 |
