3938 6398
125 390 256 444 1041

1493 387 1673 444 VITA.
1715 414 1784 426 —
1821 386 1946 440 LIB.
1993 386 2059 440 V.

3292 387 3429 442 1042

131 511 515 568 enormitatem
546 509 601 564 in
629 509 749 580 ipsa
775 509 968 565 hostiae
1017 511 1273 567 salutaris
1318 512 1730 569 consecratione
1751 511 1804 570 A
1834 509 1962 575 cuit,
1996 516 2046 564 et
2075 509 2144 564 ad
2165 508 2508 565 excitandum
2536 509 2841 564 devotionis
2887 515 3166 580 aspectum
3216 509 3424 580 pariter

132 609 311 655 mente
333 599 670 654 revolverem
693 597 874 665 tacita,
908 598 1051 653 inter
1071 599 1204 654 alias
1237 601 1510 656 tenebrosi
1537 609 1728 671 pecto-

128 690 204 744 ris
235 687 618 761 cogitationes,
653 687 735 741 ha)
764 701 979 741 mecum
1009 688 1370 743 versabantur
1425 690 1480 743 in
1511 689 1676 744 corde
1713 704 1724 742 :

134 779 385 843 Putasne,
410 776 554 830 illius
573 789 782 845 corpus
813 781 866 828 et
896 775 1120 847 sanguis
1151 777 1238 830 hic
1270 791 1301 830 a
1339 794 1425 831 me
1457 777 1726 832 sordidis-

134 866 271 920 simo
292 871 581 935 peccatore
608 862 880 918 veraciter
901 862 1203 927 conﬁcitur,
1238 872 1291 918 et
1339 873 1614 930 tractatur,
1667 881 1728 920 ac

130 953 377 1018 sumitur,
405 952 496 1024 qui
526 951 734 1006 candor
763 951 898 1005 lucis
919 959 1138 1005 zeterme
1172 968 1294 1006 esse
1325 952 1656 1028 describitur
1676 963 1728 1008 et

127 1040 411 1111 speculum
437 1041 554 1094 sine
582 1039 795 1094 macula
823 1039 851 1092 ?
881 1040 1018 1093 Dum
1047 1041 1163 1094 haec
1189 1049 1242 1094 et
1274 1041 1376 1094 alia
1407 1041 1490 1094 his
1548 1041 1728 1096 minus

131 1128 328 1184 stolida
356 1143 633 1183 versarem
663 1127 717 1181 in
746 1127 948 1191 animo,
995 1137 1318 1198 perventum
1357 1137 1438 1183 est
1494 1129 1564 1183 ad
1599 1131 1724 1196 hoc,

132 1226 187 1272 ut
246 1216 553 1288 frangenda
608 1222 755 1270 esset
803 1215 1069 1269 trifariam
1111 1231 1260 1271 more
1318 1217 1501 1272 debito
1553 1219 1727 1273 hostia

138 1312 508 1361 sacrosancta.
545 1301 718 1370 Quam
741 1310 798 1357 ut
828 1319 928 1373 per
955 1303 1195 1358 medium
1234 1303 1389 1375 fregi,
1421 1320 1546 1360 mox
1568 1322 1729 1361 cruor

132 1391 529 1463 liquidissimus
558 1407 655 1462 per
680 1389 977 1445 fracturam
1009 1389 1230 1446 efﬂuere
1259 1391 1440 1462 cmpit,
1482 1393 1575 1463 qui
1606 1410 1726 1448 me-

135 1481 281 1535 diam
311 1479 505 1535 hostiae
533 1485 761 1550 partem,
795 1494 954 1549 quam
985 1493 1149 1534 manu
1180 1480 1519 1546 tenebam,in
1549 1482 1730 1536 carnis

130 1568 312 1638 specie
345 1568 524 1623 subito
553 1581 893 1634 conversam,
928 1566 1129 1622 rubore
1172 1568 1473 1640 sanguineo
1520 1568 1723 1625 infecit.

130 1656 340 1725 Quibus
363 1671 468 1728 ego
507 1655 638 1710 visis
668 1671 780 1726 prae
813 1655 1008 1710 timore
1057 1662 1196 1710 totus
1230 1656 1451 1727 dirigui,
1505 1665 1557 1712 et
1588 1673 1727 1728 pene

129 1744 376 1799 exsensis
408 1742 632 1800 effectus
651 1743 864 1814 perdito
897 1742 1122 1798 rationis
1170 1744 1416 1810 consilio,
1467 1744 1728 1817 quidquid

1831 605 1882 652 et
1922 597 2250 668 amplexum,
2299 597 2365 650 ad
2426 602 2539 652 haec
2591 597 2762 652 verba
2811 603 2862 651 et
2907 595 3119 652 viviﬁca
3175 596 3424 653 cordium

1828 685 2102 752 alimenta,
2130 693 2342 740 mentes
2371 685 2702 739 audientium
2729 685 2978 740 erudivit.
3016 687 3094 739 Ex
3125 684 3421 755 praemissis

1829 789 1979 836 vero,
2029 788 2244 829 necnon
2275 781 2412 827 etcx
2457 773 2578 826 aliis
2627 775 2744 842 ejus
2785 773 2964 827 verbis
3020 773 3222 828 certius
3260 773 3421 827 nobis

1826 877 2144 931 persuasum
2191 869 2440 916 tenemus
2500 861 2628 931 quia
2696 877 2804 915 non
2862 860 3033 915 semel
3089 868 3316 928 tantum,
3366 868 3424 915 ut

1829 965 1988 1019 supra
2019 956 2300 1003 ostensum
2332 957 2432 1013 est,
2468 949 2574 1004 imo
2596 949 2759 1003 etiam
2812 948 3144 1019 frequenter,
3179 948 3256 1002 illi
3283 964 3420 1003 con-

1827 1052 2043 1091 cessum
2078 1037 2163 1099 sit,
2233 1037 2469 1091 revelata
2517 1036 2750 1091 hominis
2797 1035 3070 1091 interioris
3116 1034 3273 1101 facie,
3334 1035 3423 1090 illa

1829 1125 2180 1195 singulariter
2207 1124 2275 1180 de
2307 1126 2410 1180 hoc
2441 1133 2785 1179 sacramento
2829 1124 2949 1179 visu
2981 1124 3214 1196 quodam
3235 1123 3423 1180 intimo

1828 1213 2159 1282 perspicere,
2186 1229 2307 1284 qua":
2337 1212 2493 1267 nobis
2515 1212 2806 1267 invisibilia
2835 1212 3094 1268 docemur
3111 1227 3300 1268 omnes
3316 1227 3420 1284 pa-

1827 1301 1956 1355 riter
1971 1299 2077 1356 ﬁde
2105 1301 2400 1372 purissima
2429 1302 2704 1357 credendo
2740 1300 3003 1357 retinere.

2416 1490 2640 1546 CAPUT
2701 1491 2795 1546 VI.

1830 1631 2089 1698 Qualiter
2110 1633 2260 1703 Hugo
2299 1636 2493 1687 noster
2519 1647 2689 1686 suum
2719 1632 2994 1758 corrflmit
3026 1633 3422 1705 metropolita-

1896 1719 2057 1758 num.
2092 1707 2148 1757 et
2179 1719 2347 1758 auem
2378 1703 2657 1758 sollicitus
2695 1706 2819 1757 erat
2876 1718 2904 1758 α
2960 1703 3208 1758 moribus
3239 1703 3422 1758 subdi-

1896 1719 2057 1767 num,
2092 1707 2148 1757 et
2179 1719 2347 1774 quam
2378 1703 2657 1758 sollicitus
2684 1706 2819 1774 erat
2840 1703 2904 1758 de
2960 1703 3220 1759 moribus
3239 1703 3427 1758 subdi-

1899 1776 2108 1826 torum.
2139 1773 2214 1845 —-'7
2235 1773 2303 1827 Et
2333 1777 2416 1828 est
2447 1775 2545 1828 hoc
2567 1773 2887 1844 capitulum
2902 1775 3165 1845 quintum
3196 1775 3259 1829 in
3278 1774 3424 1830 serie

130 1833 197 1887 de
237 1832 410 1903 ipsius
441 1831 792 1888 sacramentis
828 1831 884 1885 in
939 1830 1192 1886 manibus
1249 1832 1522 1899 tenebam,
1557 1832 1611 1887 in
1641 1849 1723 1888 sa-
1752 1858 1806 1920 Β
1899 1859 2132 1914 τηαρηιε
2163 1844 2315 1899 Vitae,

128 1937 275 1975 crum
300 1920 529 1976 calicem
563 1919 814 1975 decidere
846 1920 1088 1990 permisi.

203 2031 223 2054 ιι
257 2009 390 2063 Erat
418 2016 548 2064 tunc
574 2007 648 2063 ibi
677 2007 887 2074 videre,
944 2009 1087 2080 quod
1144 2025 1316 2080 usque
1365 2010 1419 2064 in
1477 2025 1720 2080 praesens

129 2095 391 2165 cernitur,
435 2097 648 2152 saeculis
687 2097 937 2151 omnibus
994 2097 1318 2168 stupendum
1375 2097 1715 2165 miraculum,

127 2185 309 2238 vinum
339 2184 597 2240 videlicet
617 2185 671 2238 in
704 2185 1024 2257 sanguinem
1063 2193 1116 2240 et
1161 2202 1355 2255 panem
1384 2186 1439 2239 in
1477 2202 1715 2254 carnem,

127 2273 304 2327 media
334 2273 417 2327 sui
451 2280 598 2342 parte
647 2288 930 2334 conversa,
972 2289 1086 2326 rem
1130 2273 1330 2343 pariter
1371 2275 1715 2338 sacramenti,

127 2369 175 2415 ct
209 2361 456 2430 formam,
494 2359 805 2433 signiﬁcans
834 2361 1082 2416 videlicet
1111 2369 1163 2416 et
1194 2361 1578 2432 signiﬁcatum,
1619 2363 1720 2417 sub

126 2449 342 2520 gemina
364 2449 549 2518 specie
570 2448 1009 2504 manifestissime
1039 2449 1313 2520 prmferre.
1340 2449 1471 2519 Qua:
1503 2458 1560 2505 ut
1587 2451 1717 2517 vidi,

127 2539 222 2590 has
262 2538 479 2608 species
529 2537 1017 2592 inconversibiliter
1072 2539 1324 2603 retinere,
1388 2554 1449 2593 ea
1505 2539 1722 2610 penitus

125 2624 443 2696 contingere
464 2639 572 2679 non
591 2641 946 2695 praesumens,
990 2625 1213 2681 calicem
1258 2633 1475 2697 patena,
1511 2635 1562 2681 et
1616 2643 1719 2698 pa-

122 2720 298 2766 tenam
331 2729 487 2768 sacra
518 2713 664 2784 palla
697 2715 971 2784 cooperui,
1005 2721 1058 2769 et
1086 2715 1269 2770 missae
1325 2714 1561 2771 ofﬁcium
1592 2732 1719 2786 pcr-

126 2801 356 2856 cantavi.
391 2802 549 2866 llinc,
584 2803 784 2873 populo
815 2803 1060 2870 dimisso,
1098 2803 1322 2859 calicem
1354 2819 1474 2859 cum
1523 2805 1717 2870 sacris,

129 2905 245 2958 quae
278 2890 328 2942 in
361 2905 429 2944 eo
460 2890 636 2945 adhuc
685 2891 846 2945 hodie
897 2891 1256 2956 continentur,
1310 2892 1430 2947 loco
1479 2909 1720 2965 congruo

129 2991 284 3031 secus
307 2977 481 3031 altare
502 2979 722 3048 reposui
752 2978 930 3033 debita
954 2980 1261 3034 reverentia
1283 2980 1716 3036 custodiendum.

131 3065 254 3119 Post
289 3066 392 3120 hoc
454 3067 652 3120 summi
700 3066 968 3137 pontificis
1027 3067 1168 3122 adivi
1217 3070 1581 3138 praesentiam,
1643 3070 1723 3125 rei

125 3153 280 3221 hujus
311 3154 514 3209 seriem
547 3155 624 3209 illi
665 3155 949 3226 praemissa
1004 3155 1349 3212 confessione
1379 3165 1560 3213 reatus
1615 3159 1721 3214 mei

129 3243 370 3311 exposui,
401 3249 456 3297 et
498 3243 853 3298 absolutionis
910 3243 1254 3309 beneﬁcium,
1310 3245 1548 3315 injuncta
1591 3247 1723 3302 mihi

127 3329 494 3385 satisfactione
526 3331 852 3402 competenti
882 3332 946 3386 ab
979 3333 1096 3403 ipso
1139 3335 1431 3403 reportavi.
1467 3335 1548 3389 Ad
1605 3336 1722 3391 haec

127 3433 252 3472 vero
282 3419 560 3489 magnalia
589 3421 688 3474 Dei
721 3421 1133 3490 praesentialiter
1151 3423 1455 3478 contuenda
1487 3438 1519 3479 a
1540 3423 1722 3479 multis

125 3506 225 3560 huc
256 3523 354 3576 per
384 3507 670 3562 circuitum
700 3509 835 3563 locis
885 3509 1088 3580 passim
1117 3525 1150 3564 a
1181 3508 1429 3566 ﬁdelibus
1484 3527 1720 3567 concur-

127 3593 274 3659 ritur,
307 3612 336 3648 a
370 3595 569 3666 quibus
599 3611 718 3651 cum
753 3613 964 3651 summa
995 3598 1298 3653 reverentia
1328 3599 1722 3671 magnificatur-

129 3681 289 3751 Deus,
327 3683 417 3754 qui
448 3684 576 3739 facit
606 3685 869 3739 mirabilia
891 3685 1222 3755 solus.Ha':c,
1248 3695 1431 3742 sancte
1444 3689 1718 3758 episcope,

128 3770 278 3824 vobis
309 3771 490 3843 cupio,
516 3772 632 3827 istis
660 3773 1044 3840 mediantibus,
1080 3775 1336 3841 intimari,
1373 3793 1480 3847 quo
1511 3786 1563 3832 et
1579 3777 1723 3832 illius

129 3874 338 3914 merear
358 3876 466 3932 ego
495 3863 832 3916 orationibus
864 3863 1004 3934 apud
1037 3865 1210 3919 Deum
1242 3865 1505 3934 adjuvari,
1526 3874 1576 3920 et
1606 3866 1722 3936 ipse

130 3962 248 4001 cum
279 3949 388 4002 suis
418 3949 584 4004 sociis
609 3949 660 4004 in
685 3951 918 4006 Domino
941 3951 1134 4018 valeat,
1170 3969 1293 4007 cum
1319 3953 1417 4008 ista
1435 3971 1724 4025 perspexe-

131 4035 211 4103 rit,
243 4037 479 4108 amplius
503 4038 806 4107 jucundari.
849 4061 871 4089 ι

196 4124 320 4180 Ilaec
346 4125 515 4197 igitur
544 4125 846 4182 referentes
867 4129 1153 4200 episcopo,
1188 4129 1384 4201 quibus
1415 4131 1723 4186 innotuerat

127 4227 156 4264 a
184 4214 523 4284 presbytero,
555 4216 849 4286 sperabant
877 4217 1048 4283 illum,
1079 4233 1187 4274 non
1218 4219 1333 4274 sine
1364 4219 1524 4274 avida
1540 4219 1723 4275 cordis

130 4299 428 4369 devotione,
464 4303 532 4358 ad
564 4320 626 4358 ea
652 4320 778 4360 mox
811 4305 1046 4361 videnda
1076 4322 1486 4377 processurum.
1522 4309 1721 4362 Verum

130 4387 215 4443 ille
243 4391 311 4444 ad
343 4391 527 4445 audita
567 4392 854 4448 confestim
910 4393 985 4448 ita
1014 4396 1295 4466 respondit
1329 4414 1341 4450 :
1380 4398 1590 4459 «Bene,
1633 4397 1720 4451 in-

129 4477 256 4546 quit,
287 4477 341 4532 in
372 4479 594 4536 nomine
622 4482 840 4536 Domini
868 4481 1104 4537 habeant
1133 4483 1237 4537 sibi
1280 4485 1441 4555 signa
1482 4483 1719 4538 inﬁdeli-

1892 1978 2020 2046 Sed,
2053 1979 2183 2034 dum
2231 1978 2388 2034 solito
2417 1980 2662 2035 crebrius
2710 1979 3185 2051 metropolitanum
3234 1995 3413 2050 suum,

1817 2067 2082 2138 solitoque
2110 2068 2397 2122 instantius
2427 2069 2511 2123 vir
2541 2068 2660 2136 Dei,
2693 2076 2818 2139 post
2863 2068 3061 2124 factam
3092 2068 3195 2124 sibi
3226 2069 3422 2124 divini-

1815 2164 1901 2211 tus
1932 2157 2376 2222 admonitionem,
2413 2159 2680 2223 hortatur,
2723 2165 2987 2228 quatenus
3035 2157 3253 2212 omissis
3309 2173 3411 2228 pa-

1818 2260 2044 2316 rumper
2070 2245 2268 2318 quibus
2298 2245 2605 2301 indefessus
2634 2245 2943 2301 adhaerebat
2971 2246 3114 2301 curis
3136 2245 3417 2301 saeculari-

1819 2333 1941 2398 bus,
1964 2333 2141 2388 studio
2169 2334 2349 2404 potius
2377 2333 2686 2406 indulgeret
2715 2333 3038 2404 pontiﬁcalis
3055 2333 3214 2390 officii
3247 2350 3410 2405 quam

1817 2421 2126 2492 reipublicze
2149 2421 2623 2487 administrationi,
2655 2421 2894 2477 animum
2923 2422 3040 2490 ejus
3068 2422 3138 2476 ad
3195 2438 3421 2494 gravem

1820 2517 2010 2565 contra
2033 2525 2092 2564 se
2112 2509 2726 2566 excitavitsimultatem.
2747 2510 2869 2565 Suae
2888 2525 3020 2566 vero
3050 2510 3416 2578 jurisdictioni

1822 2597 2086 2661 subditos,
2123 2605 2230 2651 tam
2261 2597 2486 2652 clericos
2506 2613 2667 2669 quam
2709 2597 3083 2668 presbyteros,
3116 2597 3234 2668 ipse
3291 2599 3416 2653 totis

1821 2685 2026 2739 viribus
2057 2701 2154 2755 per
2180 2685 2439 2754 seipsum,
2475 2692 2527 2740 et
2555 2701 2656 2755 per
2695 2685 2955 2740 ofﬁciales
2990 2701 3139 2754 suos,
3172 2686 3243 2740 ad
3292 2686 3415 2742 vita

1822 2772 2071 2827 rectioris
2101 2773 2369 2827 tramitem
2391 2780 2445 2827 et
2463 2772 2762 2843 disciplima
2783 2773 3054 2844 regularis
3075 2773 3415 2829 honestatem

1823 2861 2116 2916 revocavit.
2141 2860 2287 2914 Nihil
2319 2861 2464 2916 enim
2484 2862 2552 2915 de
2594 2868 2816 2931 paterna
2863 2861 3223 2917 sollicitudine
3254 2863 3418 2917 omit-

1822 2956 1962 3014 tens,
1996 2947 2270 3021 languidis
2293 2948 2713 3004 commissorum
2751 2949 2854 3003 sibi
2882 2950 3126 3004 moribus
3154 2949 3415 3006 infunde-

1825 3035 1915 3090 bat
1944 3036 2123 3091 oleum
2147 3044 2197 3091 et
2228 3037 2445 3104 vinum,
2481 3044 2539 3091 ut
2583 3037 2845 3092 severitas
2901 3045 3184 3094 coerceret
3238 3038 3421 3094 distri-

1823 3124 2036 3190 ctionis,
2072 3139 2208 3196 quos
2237 3139 2434 3180 curare
2476 3139 2584 3180 non
2615 3125 2788 3197 potuit
2818 3125 3013 3180 lenitas
3041 3125 3280 3196 pietatis.

1754 3209 1802 3270 G
1896 3230 2167 3299 Quantum
2213 3246 2346 3286 vero
2393 3231 2700 3296 sudaverit,
2762 3239 3092 3303 quantumve
3140 3231 3427 3304 profecerit

1823 3320 1891 3374 ad
1923 3319 2313 3375 correctionem
2356 3318 2692 3374 subditorum
2731 3319 2785 3374 in
2815 3321 2914 3375 hac
2967 3320 3190 3392 gemina
3237 3321 3418 3377 eccle-

1823 3408 2055 3464 siastica:
2075 3407 2495 3478 dispensationis
2525 3407 2877 3475 exhibitione,
2906 3423 3014 3463 non
3043 3416 3124 3464 est
3179 3408 3414 3465 faculta-

1823 3496 1892 3551 tis
1922 3503 2141 3562 nostraz,
2175 3503 2337 3567 prout
2365 3496 2590 3567 dignum
2608 3503 2772 3563 esset,
2805 3511 3099 3567 exponere,
3134 3511 3257 3552 cum
3297 3497 3416 3554 haoc

1824 3584 2272 3655 peritissimorum
2296 3583 2460 3639 etiam
2491 3585 2712 3656 ingenia
2739 3584 2827 3639 vix
2868 3584 3052 3638 multis
3097 3583 3416 3641 sufficerent

1824 3672 2160 3728 voluminum
2189 3671 2590 3744 prolixitatibus
2617 3672 2872 3728 enodare.
2897 3672 3175 3728 Ecclesias
3196 3689 3416 3746 quoque

1824 3761 2078 3817 diceeesis
2100 3777 2211 3816 suae
2241 3760 2295 3814 in
2324 3761 2574 3816 omnibus
2603 3776 2704 3832 pro
2744 3776 2907 3831 posse
2948 3777 3047 3816 suo
3102 3762 3171 3816 ad
3217 3770 3415 3818 statum

1825 3849 2035 3904 curavit
2063 3849 2307 3905 debitum
2338 3849 2570 3920 erigere.
2589 3850 2921 3905 Admittebat
2953 3849 3096 3904 enim
3127 3849 3317 3906 sedulo
3346 3852 3418 3906 ad

1825 3953 2015 3992 earum
2044 3939 2295 4010 regimen
2309 3938 2456 3994 viros
2475 3938 2704 3994 scientia
2722 3947 2775 3994 et
2795 3939 2905 3994 vita
2925 3939 3414 4009 commendabiles,

1825 4027 1908 4080 his
1937 4042 2069 4082 vero
2106 4027 2392 4082 destitutos
2440 4027 2509 4082 ab
2541 4042 2731 4082 earum
2772 4027 3023 4100 ingressu
3065 4044 3168 4100 pro
3214 4028 3422 4084 viribus

1826 4114 2142 4186 repellebat.
2176 4116 2236 4169 In
2259 4131 2366 4187 qua
2394 4115 2648 4170 nimirum
2679 4116 2996 4183 intentione,
3026 4124 3228 4188 quanto
3251 4118 3417 4173 duce-

1825 4211 1976 4258 retur
2006 4203 2142 4268 zelo,
2176 4219 2242 4257 ex
2263 4203 2434 4274 ipsius
2464 4203 2644 4258 verbis
2672 4203 2868 4258 melius
2896 4205 3272 4275 perpenditur,
3307 4207 3421 4278 qui-

1825 4292 1925 4346 bus
1946 4291 2014 4346 de
2035 4290 2216 4361 seipso
2236 4291 2312 4346 ita
2351 4291 2652 4362 sapissime
2682 4291 2982 4346 fatebatur:
3037 4316 3058 4338 ι·
3111 4293 3298 4359 Miror,
3331 4293 3422 4349 in-

1824 4380 1956 4451 quit,
2025 4379 2312 4450 quosdam,
2363 4387 2419 4434 ut
2462 4380 2679 4444 dicitur,
2729 4381 2988 4452 gaudere,
3049 4395 3172 4435 cum
3226 4390 3425 4438 vacant

1825 4468 2134 4538 praebenda:
2154 4475 2246 4523 aut
2274 4467 2537 4536 ecclesiae,
2561 4483 2700 4539 quas
2727 4484 2828 4539 pro
2846 4468 2997 4523 libita
3028 4469 3237 4538 possint
3259 4469 3416 4525 novis

130 4565 245 4619 tatis
274 4583 405 4622 suae.
441 4568 585 4635 Quid
615 4569 682 4623 ad
713 4586 813 4626 nos
835 4570 903 4625 de
931 4571 1015 4625 his
1045 4573 1072 4626 ?
1095 4572 1235 4626 Num
1268 4573 1531 4627 miramur
1557 4572 1720 4643 parti-

1828 4556 2233 4627 possessoribus
2263 4555 2534 4612 conferre.
2563 4557 2856 4612 Veraenim
2877 4557 3166 4627 demeipso
3195 4557 3416 4630 loquor,

129 4653 336 4709 culares
365 4655 636 4728 imagines
683 4658 840 4726 hujus
872 4659 1038 4714 divini
1085 4660 1345 4726 muneris,
1403 4661 1494 4731 qui
1552 4668 1718 4714 totum

130 4747 176 4792 et
205 4739 473 4813 integrum
503 4746 607 4800 hoc
635 4746 857 4800 cmleste
889 4747 1213 4802 sacrificium
1249 4749 1488 4819 quotidie
1546 4748 1717 4803 intue-

130 4843 246 4882 mur
284 4828 601 4887 fidelissimo
679 4842 899 4904 aspectu
955 4837 1200 4890 mentis?
1257 4837 1528 4891 Intueatur
1573 4837 1719 4893 illius

133 4916 344 4986 exiguas
391 4921 769 4991 portiunculas
837 4923 955 4978 visu
1021 4940 1318 4995 corporeo,
1397 4926 1487 4997 qui
1549 4933 1718 4980 totum

132 5018 234 5057 non
262 5005 500 5062 intuetur
528 5009 653 5064 fidei
684 5019 978 5082 conspectu
1025 5013 1258 5068 interno.
1302 5037 1322 5060 ιι
1357 5014 1486 5068 Haec
1507 5014 1714 5079 dicens,

133 5097 596 5152 commendantem
645 5115 704 5153 se
764 5100 1098 5156 orationibus
1145 5102 1262 5170 ejus
1319 5103 1714 5173 presbyterum,

131 5178 252 5235 data
279 5183 327 5237 ei
359 5185 756 5255 benedictione,
807 5188 958 5243 abire
993 5189 1256 5259 permisit.
1293 5191 1530 5246 Suorum
1587 5207 1718 5246 vero

133 5268 492 5328 curiositatem
539 5275 894 5346 redargucns,
945 5276 1001 5330 in
1059 5276 1182 5332 ﬁdei
1241 5278 1513 5333 soliditate
1570 5279 1720 5348 ipsos

132 5370 231 5409 non
289 5360 463 5415 solum
523 5364 816 5428 roboravit,
867 5365 974 5418 imo
1045 5366 1246 5420 certius
1288 5383 1352 5419 ea
1411 5384 1530 5437 quae.
1583 5366 1718 5421 fides

134 5448 448 5513 prtescribit,
483 5467 646 5522 quam
676 5468 736 5506 ea
761 5468 879 5522 quae
909 5452 998 5505 lux
1035 5453 1139 5506 ista
1186 5453 1411 5508 visibilis
1458 5456 1714 5520 ostendit,

134 5535 292 5589 teneri
323 5551 355 5590 a
388 5536 636 5593 ﬁdelibus
685 5540 888 5594 debere
906 5547 959 5593 et
1005 5539 1235 5611 intelligi
1291 5541 1718 5596 luculentissima

132 5617 437 5681 declaravit.

202 5715 287 5770 Sic
317 5715 498 5787 itaque
521 5731 553 5772 a
583 5717 860 5788 proposito
891 5717 1120 5774 curiosae
1154 5716 1376 5773 visionis
1406 5717 1526 5773 illos
1557 5733 1718 5774 coer-

1818 4645 1948 4710 quia
1976 4644 2109 4699 nihil
2137 4661 2377 4717 unquam
2407 4645 2462 4699 in
2488 4647 2590 4700 hac
2621 4645 2728 4700 vita
2771 4645 3012 4699 animum
3039 4646 3110 4700 ita
3149 4645 3334 4701 afflixit
3355 4655 3415 4702 ut

1819 4733 1977 4787 anxia
2008 4732 2312 4788 sollicitudo
2352 4749 2614 4804 personas
2647 4733 2870 4788 idoneas
2901 4733 3140 4804 eligendi
3198 4751 3263 4791 ac
3293 4735 3412 4789 dis-

1820 4822 2098 4885 cernendi,
2133 4822 2330 4892 quibus
2361 4838 2599 4892 congrue
2631 4824 2798 4892 possit
2823 4823 3067 4894 regimen
3099 4824 3406 4878 vacantium

1821 4911 2228 4979 praebendarum
2254 4918 2343 4964 aut
2373 4910 2695 4980 dignitatum
2727 4911 2988 4966 Ecclesia!
3019 4921 3216 4966 nostra:
3254 4927 3411 4967 com-

1819 4998 1974 5051 mitti.
2009 5000 2124 5052 Nec
2155 4999 2447 5070 quidquam
2497 4999 2829 5053 mundanum
2866 5000 3004 5054 adeo
3033 5016 3119 5054 me
3170 5016 3408 5072 unquam

1821 5087 2159 5141 contristavit
2212 5095 2266 5140 ut
2312 5103 2467 5142 error
2523 5087 2631 5154 ille,
2674 5103 2781 5159 quo
2816 5088 2884 5142 ad
2944 5088 3230 5144 multorum
3271 5106 3417 5161 saepe

1821 5175 2349 5230 commendationem
2373 5176 2568 5230 talibus
2612 5177 2985 5232 ecclesiastica
3018 5177 3266 5233 concessi
3314 5179 3408 5234 be-

1821 5263 2033 5326 neficia,
2068 5280 2205 5334 quos
2239 5262 2438 5319 frustra
2469 5264 2672 5320 credidi
2701 5265 2754 5319 in
2791 5265 3070 5320 canonicis
3107 5266 3410 5337 disciplinis

1823 5369 1943 5405 esse.
1974 5359 2242 5416 strenuos,
2268 5353 2398 5406 dum
2427 5369 2520 5407 eos
2553 5355 2916 5422 postmodum,
2965 5355 3224 5409 Ecclesia:
3256 5355 3414 5411 bouis

1822 5438 2016 5493 ditatos
2033 5456 2241 5493 morum
2260 5441 2593 5509 perversitas
2615 5442 2910 5495 ostenderit
2935 5441 3362 5512 fuisseignavos.
3385 5465 3406 5494 ι

1823 5527 1887 5580 Et
1917 5527 1972 5579 in
1993 5528 2135 5581 hunc
2165 5527 2384 5596 quidem
2415 5529 2634 5582 modum
2666 5529 2769 5582 sibi
2808 5545 2839 5583 a
2875 5529 3201 5601 quibusdam
3247 5530 3415 5587 fuisse

1823 5614 2136 5683 subreptum
2169 5631 2272 5668 non
2309 5617 2423 5669 sine
2455 5618 2658 5686 gemitu
2690 5618 3032 5687 querebatur.

1893 5720 2152 5775 Novimus
2185 5736 2310 5777 vero
2341 5737 2464 5776 eum
2495 5737 2593 5791 pro
2625 5723 2781 5790 hujus
2802 5724 3076 5779 reierrore
3099 5725 3414 5795 diligentius
