3938 6404
476 370 612 427 1013

1354 368 1410 422 S.
1452 365 1767 423 HUGONIS
1804 364 2021 421 EPISC.
2063 359 2394 418 LINCOLN.
2445 358 2608 416 0RD.
2652 357 2899 415 CARTH.

3636 362 3773 416 1044

481 492 747 559 cavendo,
770 490 930 548 alicui
953 506 1176 547 suorum
1204 489 1616 557 collateralium,
1640 489 1709 545 de
1730 489 1882 557 cujus
1896 487 2072 543 since-
2092 486 2146 546 A
2175 498 2463 540 commune
2490 497 2596 555 quo
2626 497 2832 555 genere
2889 480 3069 537 auxilii
3125 481 3346 538 domino
3405 498 3503 538 suo
3563 483 3621 537 in
3670 490 3784 539 tam

481 581 639 636 ritate
655 596 762 636 non
779 595 973 650 parum
991 578 1318 645 confidebat,
1346 578 1662 649 specialiter
1685 576 1982 646 injunxisse
2001 581 2080 639 ut,

482 669 529 724 si
558 667 686 739 quid
705 667 793 722 vel
823 667 1056 722 tenuiter
1089 666 1372 736 sensisset,
1398 667 1487 720 vel
1508 666 1767 721 audiisset
1792 663 1994 718 sinistri
2014 663 2083 718 de

482 756 663 826 aliquo
692 771 854 826 quem
883 755 940 808 in
969 770 1068 809 sua
1089 754 1335 809 Ecclesia
1366 753 1695 809 beneficiare
1744 753 2078 822 disponeret,

480 846 585 899 hoc
616 843 665 898 ei
695 842 1004 897 nullatenus
1035 844 1216 897 celare
1248 850 1624 913 prasumeret,
1644 856 1772 906 non,
1798 840 1943 912 quod
1967 839 2083 909 ipse

482 931 706 987 incertis
725 931 793 985 de
828 930 1011 1002 aliquo
1041 931 1365 985 rumusculis
1388 928 1550 984 fidem
1580 938 1727 983 esset
1775 928 2079 992 habiturus,

484 1021 580 1075 sed
614 1027 671 1073 ut
701 1035 735 1074 a
762 1020 944 1073 dubiis
973 1019 1137 1073 etiam
1170 1028 1322 1075 certa
1345 1019 1672 1089 quandoque
1722 1017 1996 1087 seligeret,
2032 1023 2085 1070 et

482 1115 805 1178 conceptum
826 1124 893 1162 ex
923 1106 1144 1162 incertis
1175 1123 1393 1178 quoque
1428 1106 1681 1160 laudibus
1709 1104 1955 1159 favorem
2003 1103 2084 1156 in-

481 1195 642 1251 terim
680 1202 1028 1265 temperaret,
1061 1210 1345 1266 quousque
1398 1194 1643 1249 discussa
1687 1182 1854 1263 super
1886 1190 2084 1247 auditis

482 1284 726 1351 veritate,
761 1282 1026 1338 inoﬂenso
1051 1282 1247 1338 mentis
1272 1282 1494 1350 judicio,
1521 1281 1667 1353 quod
1711 1280 1851 1336 ratio
1908 1279 2083 1335 dicta-

482 1380 584 1439 ret,
615 1372 842 1427 liberius
873 1379 1281 1443 exsequeretur.
1330 1371 1584 1425 Plurimis
1611 1386 1740 1426 vero
1784 1371 1977 1435 Deum,
2027 1376 2086 1423 ut

485 1460 759 1531 sperabat,
793 1460 1107 1515 timentibus
1151 1459 1284 1514 viris
1343 1466 1503 1530 atque
1552 1458 1803 1513 discretis
1858 1456 2085 1526 injunxit

483 1557 541 1603 ut
572 1564 839 1618 personas
866 1548 1107 1620 moribus
1136 1556 1188 1602 et
1219 1547 1469 1602 doctrina
1523 1546 1793 1617 probatas,
1843 1561 1978 1617 quas
2029 1544 2085 1599 in

487 1636 758 1709 gremium
778 1636 1040 1691 Ecclesia
1072 1650 1183 1690 sua
1211 1634 1614 1705 opportunitate
1645 1648 1910 1689 concessa
1966 1633 2085 1687 col-

489 1724 705 1797 ligeret,
738 1740 853 1779 sua
907 1724 1110 1779 notitia
1166 1723 1460 1796 diligenter
1508 1723 1817 1794 exploratas
1864 1721 2085 1776 intima-

2184 570 2352 627 arctis
2371 570 2552 642 posito
2579 570 2795 625 valeant
2822 569 3130 626 subvenire.
3159 571 3279 625 Jam
3302 586 3431 626 vero
3460 569 3783 642 prafinitum

2184 666 2303 713 erat
2330 658 2398 713 ab
2429 658 2514 711 his
2546 657 2637 728 qui
2671 672 2857 713 secum
2887 657 3056 730 regiis
3087 674 3153 713 ex
3182 665 3295 713 toto
3324 659 3541 713 nutibus
3556 659 3787 714 ducebat

2181 746 2502 816 parendum,
2535 752 2591 800 ut
2622 745 2851 801 barones
2888 746 3119 816 Anglia,
3177 745 3318 801 inter
3375 763 3511 818 quos
3570 754 3624 802 et
3682 748 3787 818 ipsi

2186 834 2565 902 censebantur,
2591 841 2867 889 tracentos
2890 833 3091 888 milites
3121 834 3238 907 regi
3294 835 3630 900 exhiberent,
3695 835 3789 906 qui

2184 921 2294 976 suis
2316 921 2622 991 sumptibus
2654 922 2701 975 ei
2733 937 2832 991 per
2859 936 3061 976 annum
3083 922 3353 993 integrum
3384 930 3567 978 contra
3589 924 3780 978 hostes

2184 1009 2575 1063 transmarinbs
2604 1009 2975 1065 indesinenter
3002 1010 3319 1065 militarent.

2254 1096 2533 1169 Requisito
2564 1097 2729 1167 igitur
2758 1114 2923 1168 super
2966 1099 3071 1153 hoc
3116 1097 3173 1152 in
3231 1106 3373 1154 coetu
3420 1098 3512 1154 illo
3567 1099 3786 1155 Lincol-

2186 1185 2393 1240 niensis
2423 1184 2665 1256 episcopi
2695 1200 2947 1253 assensu,
2991 1186 3111 1256 ipse
3158 1186 3355 1242 tacitus
3411 1202 3595 1243 secum
3641 1188 3789 1243 deli-

2185 1274 2387 1329 berans
2408 1273 2684 1344 paulisper
2719 1280 2869 1343 (cum
2920 1273 3071 1344 prius
3126 1281 3237 1328 tam
3291 1274 3495 1345 primas
3541 1275 3787 1331 Cantua-

2184 1360 2381 1416 riensis
2394 1376 2556 1431 quam
2571 1360 2965 1416 Londoniensis
2987 1361 3275 1432 episcOpus
3288 1361 3592 1419 Richardus
3612 1366 3786 1434 (198),

2186 1449 2277 1520 qui
2309 1456 2361 1503 et
2391 1449 2689 1504 decanatus
2715 1448 3002 1521 privilegio
3020 1448 3354 1522 fungebatur
3382 1450 3523 1506 inter
3566 1451 3790 1521 episco-

2183 1552 2306 1607 pos,
2342 1552 2400 1591 se
2443 1552 2569 1591 suos
2612 1545 2665 1592 et
2714 1552 2814 1591 sua
2870 1537 3041 1610 regia
3091 1554 3191 1609 per
3246 1537 3426 1593 omnia
3479 1540 3794 1595 necessitati

2186 1624 2533 1695 exposituros
2589 1624 3055 1696 pronuntiassent)
3100 1626 3174 1680 ita
3223 1626 3506 1697 respondit
3564 1627 3725 1683 citius
3778 1643 3789 1681 :

2198 1735 2219 1759 «ι
2264 1712 2473 1780 Nostis,
2507 1713 2601 1779 ait,
2645 1729 2678 1767 ο
2716 1712 2820 1767 viri
2875 1713 3169 1784 prudentes
3222 1721 3277 1769 et
3325 1714 3555 1782 nobiles,
3590 1716 3687 1787 qui
3736 1716 3793 1770 in

486 1820 625 1867 rent.
689 1812 797 1867 Sed
848 1828 933 1867 va
998 1811 1294 1866 infelicitati
1341 1812 1593 1866 humana
1646 1808 1975 1864 infirmitatis
2033 1815 2158 1897 etB
2188 1801 2601 1897 prasentiat'unt
2630 1801 2855 1897 adestis,
2886 1817 2974 1856 me
3004 1801 3058 1855 in
3085 1801 3327 1897 partibus
3357 1802 3473 1857 istis
3520 1803 3792 1897 advenam

488 1899 839 1971 ignorantia!
871 1901 1010 1955 Nam
1041 1907 1094 1954 et
1123 1915 1188 1953 ex
1216 1898 1322 1953 illis
1351 1899 1597 1970 plerique
1638 1914 1740 1968 pro
1790 1896 2078 1964 afﬁnitatis,

489 1996 581 2042 aut
609 1987 896 2057 cujuslibet
932 1987 1368 2052 necessitudinis,
1426 2003 1524 2041 seu
1557 1986 1933 2040 familiaritatis
1987 1972 2084 2039 o'b-

487 2084 657 2142 tentu,
683 2076 979 2146 culpandos
1005 2075 1184 2146 potius
1222 2076 1270 2129 ei
1303 2074 1621 2147 satagebant
1679 2074 2080 2138 commendare,

494 2164 689 2235 quibus
719 2165 809 2219 ille
826 2164 1097 2218 interdum
1120 2178 1227 2218 non
1256 2163 1460 2217 distulit
1484 2162 1757 2233 (quamvis
1794 2160 2086 2216 infideliter

490 2259 683 2308 contra
701 2268 781 2318 se,
815 2252 924 2307 imo
957 2259 1146 2308 contra
1176 2252 1370 2321 Deum,
1403 2250 1714 2324 agentibus)
1771 2251 1935 2305 tidem
1986 2265 2084 2305 ac-

488 2341 860 2396 commodare.
886 2341 964 2395 Ita
1017 2356 1076 2394 se
1110 2339 1395 2412 aliquoties
1437 2339 1862 2395 circumventum
1906 2355 1937 2393 a
1964 2338 2086 2409 qui-

490 2430 717 2485 busdam
739 2429 972 2495 sciebat,
1016 2436 1070 2484 et
1125 2428 1397 2501 gemebat,
1447 2436 1761 2500 tantamque
1808 2426 2087 2483 hominum

489 2517 791 2573 inﬁdelium
848 2517 1263 2589 perversitatem
1302 2516 1417 2588 (qui
1446 2517 1548 2572 Dei
1576 2516 1837 2588 patientia
1881 2531 2085 2587 suaque

491 2604 837 2677 simplicitate
863 2605 1151 2677 purissima
1180 2605 1339 2661 abusi
1368 2604 1617 2671 fuissent,
1652 2619 1853 2677 magna
1881 2604 1949 2660 de
1980 2620 2085 2661 ca-

491 2701 611 2749 tero
641 2708 763 2751 cum
785 2694 1140 2751 detestatione
1189 2694 1542 2760 abhorrebat,
1586 2701 1638 2749 et
1666 2708 1698 2749 a
1729 2694 1862 2761 suis,
1913 2708 2085 2765 quan-

487 2789 602 2839 tum
632 2783 799 2852 licuit,
833 2783 1075 2840 consiliis
1104 2798 1198 2840 eos
1234 2782 1627 2855 sequestrabat.

1094 2934 1321 2991 CAPUT
1348 2934 1458 2990 VII.

498 3069 756 3137 Qualiter
782 3069 853 3124 irt
867 3068 1106 3125 concilio
1140 3066 1452 3137 Oxoniensi
1482 3066 1747 3137 petitioni
1768 3067 1985 3121 resistit
2025 3067 2088 3122 de

562 3139 783 3195 auxilio
815 3140 994 3208 petito
1025 3154 1060 3193 a
1088 3153 1216 3208 rege
1248 3136 1543 3208 Richardo,
1565 3153 1717 3207 aquo
1752 3141 1940 3191 tamen
1970 3139 2087 3207 fuit

562 3192 871 3280 idibépﬁtds‘
893 3192 1201 3280 haberi/ieci
1226 3192 1351 3280 post
1382 3192 1678 3280 o/feitsarh.
1696 3192 1780 3246 7-
1809 3208 1877 3280 Et
1907 3192 2089 3263 co'nti-
2119 3192 2165 3253 Ο

562 3278 738 3408 ἶξᾳῖιιτί
758 3278 857 3337 hoc
877 3281 1063 3351 capite
1085 3279 1186 3335 sub
1204 3278 1389 3351 capite
1412 3279 1609 3350 quinto
1634 3279 1695 3333 in
1711 3279 1853 3334 serie
1871 3294 2090 3349 magna

607 3368 624 3406 ι
655 3367 720 3406 ιε.

607 3367 720 3406 ηαξ.

560 3474 760 3531 Verum
803 3474 922 3530 hac
968 3489 1033 3531 eo
1072 3481 1309 3548 agente,
1361 3483 1413 3531 et
1460 3475 1529 3530 de
1579 3471 1749 3528 lucris
1803 3467 2091 3526 dominicis

490 3579 553 3619 ex
598 3562 955 3635 acquisitione
985 3562 1224 3619 fidelium
1271 3563 1580 3619 animarum
1624 3558 1917 3616 studiosius
1975 3565 2089 3612 sat-

485 3659 705 3723 agente,
736 3666 847 3706 non
874 3651 1195 3723 quieverunt
1239 3651 1507 3708 virulenta
1554 3656 1741 3706 contra
1790 3664 1914 3703 eum
1966 3662 2089 3701 ser-

486 3739 666 3811 pentis
693 3738 900 3811 antiqui
936 3739 1235 3795 molimina.
1288 3740 1410 3795 Uno
1462 3738 1631 3810 igitur
1674 3752 1816 3792 anno
1863 3744 1917 3791 et
1972 3734 2084 3790 fere

483 3827 764 3885 mensibus
818 3835 1048 3898 quatuor
1092 3834 1217 3883 ante
1266 3834 1497 3883 mortem
1556 3842 1711 3882 suam
1766 3826 1915 3897 (196)
1991 3839 2088 3878 rex

483 3916 789 3987 Anglorum
808 3914 1112 3971 Richardus
1148 3916 1204 3970 in
1260 3931 1487 3987 gravem
1537 3923 1726 3972 contra
1780 3914 1959 3985 ipsum
1997 3928 2090 3967 ex-

487 4004 621 4060 arsit
664 4003 801 4069 iram
858 4003 952 4058 tali
1009 4004 1078 4058 de
1125 4019 1308 4060 causa.
1361 4005 1484 4075 Ipso
1541 4003 1808 4075 siquidem
1857 4018 1990 4072 rege
2035 4001 2090 4054 in

490 4091 873 4147 transmarinis
900 4100 1115 4163 agente,
1146 4108 1211 4149 ac
1263 4101 1456 4149 contra
1510 4093 1845 4149 Francorum
1902 4105 2089 4163 regem

485 4180 793 4253 Philippum
843 4181 1040 4237 acriter
1086 4182 1384 4253 praliante,
1431 4190 1619 4239 coacta
1675 4190 1757 4237 est
1802 4183 1953 4253 (197)
1991 4194 2089 4237 vo-

488 4276 644 4326 cante
674 4269 1087 4341 archiepiscopo
1135 4270 1296 4326 Cant.
1354 4272 1653 4327 Humberto
1711 4272 1783 4327 ad
1831 4273 2090 4342 generale

485 4358 816 4430 colloquium
836 4358 1162 4415 universitas
1183 4367 1497 4432 magnatum
1528 4360 1689 4416 totius
1709 4360 1922 4431 Anglia
1943 4361 2089 4430 apud

486 4446 817 4502 Exoneford.
854 4446 1062 4515 Quibus
1106 4449 1569 4521 archiepiscopus,
1632 4449 1724 4520 qui
1776 4449 1890 4504 vice
1946 4450 2090 4521 regis

2198 1904 2339 1954 esse,
2373 1897 2425 1943 et
2454 1890 2521 1943 de
2553 1888 2897 1959 simplicitate
2928 1889 3359 1946 conversationis
3388 1890 3682 1962 eremitica
3721 1892 3793 1946 ad

2196 1977 2502 2048 episcopale
2530 1977 2763 2033 ofﬁcium
2789 1985 3089 2049 assuptum.
3133 1978 3268 2033 Cum
3324 1978 3495 2051 igitur
3549 1979 3789 2034 ecclesia

2196 2065 2430 2121 domina
2458 2082 2614 2131 mea,
2672 2074 2874 2121 sancta
2914 2066 3015 2121 Dei
3073 2067 3351 2139 genitricis
3392 2068 3596 2133 Maria,
3656 2084 3794 2123 mea

2196 2153 2399 2209 dudum
2442 2153 2729 2225 imperitia:
2778 2155 2848 2210 ad
2891 2154 3190 2227 regendum
3238 2154 3426 2209 fuisset
3478 2156 3791 2225 commissa,

2195 2242 2618 2298 consuetudines
2650 2242 2795 2297 illius
2851 2251 2901 2297 et
2940 2242 3254 2313 dignitates,
3316 2243 3499 2298 debita
3550 2244 3714 2299 etiam
3746 2252 3796 2299 et

2194 2345 2383 2398 onera,
2427 2330 2659 2385 solerter
2705 2328 2987 2396 addidici;
3037 2330 3093 2385 in
3152 2331 3350 2403 quibus
3399 2332 3796 2387 conservandis

2194 2419 2308 2475 sive
2326 2418 2646 2473 exhibendis
2659 2418 2919 2474 hactenus
2934 2417 3049 2473 fere
3059 2434 3158 2489 per
3179 2418 3434 2475 tredecim
3453 2435 3626 2475 annos
3641 2422 3797 2489 (199)

2192 2523 2227 2563 a
2270 2508 2436 2564 rectis
2473 2507 2944 2578 pradecessorum
2972 2522 3221 2562 meorum
3263 2507 3507 2579 vestigiis
3556 2523 3668 2563 non
3700 2525 3797 2563 re-

2192 2596 2359 2652 cessi.
2400 2595 2525 2651 Scio
2556 2596 2774 2667 quidem
2839 2596 2906 2650 ad
2953 2595 3185 2651 militare
3232 2596 3512 2651 servitium
3554 2596 3784 2652 domino

2191 2685 2325 2757 regi,
2360 2684 2459 2739 sed
2478 2684 2531 2738 in
2562 2685 2666 2739 hac
2696 2691 2837 2739 terra
2869 2682 3210 2739 solummodo
3240 2684 3632 2753 exhibendum,
3660 2685 3797 2740 Lin-

2190 2773 2526 2829 colniensem
2555 2771 2859 2827 Ecclesiam
2887 2772 3060 2829 teneri
3094 2787 3107 2842 ;
3142 2780 3293 2828 extra
3324 2780 3500 2827 metas
3520 2788 3656 2829 vero
3687 2776 3800 2828 An-

2190 2862 2314 2932 glia
2344 2861 2477 2916 nihil
2508 2861 2577 2915 ab
2607 2876 2673 2915 ea
2702 2860 2909 2916 deberi.
2948 2861 3103 2917 Unde
3131 2860 3264 2915 mihi
3305 2860 3602 2917 consultius
3630 2862 3790 2916 arbi-

2189 2958 2306 3005 tror
2334 2950 2401 3005 ad
2429 2949 2607 3005 natale
2664 2949 2837 3004 solum
2882 2949 3171 3020 repedare,
3233 2956 3285 3004 et
3336 2964 3578 3004 eremum
3633 2965 3798 3005 more

2189 3037 2347 3093 solito
2378 3038 2633 3106 incolere,
2695 3052 2860 3108 quam
2916 3038 3006 3094 hic
3065 3035 3439 3108 pontificatum
3473 3053 3696 3109 gerere,
3752 3046 3804 3093 et

2190 3126 2496 3182 Ecclesiam
2526 3125 2659 3180 mihi
2686 3125 3056 3193 commissam,
3089 3125 3338 3197 antiquas
3382 3126 3499 3194 ejus
3532 3125 3795 3181 immuni-

2190 3223 2328 3270 tates
2358 3214 2655 3285 perdendo,
2689 3214 2921 3269 insolitis
2944 3214 3232 3286 subjugare
3262 3214 3515 3287 angariis.
3555 3237 3576 3261 ιι

2260 3301 2375 3355 Hoc
2390 3300 2504 3368 ejus
2525 3313 2849 3370 responsum
2867 3298 3312 3369 archiepiscopus
3332 3298 3460 3352 satis
3481 3314 3630 3369 agre
3661 3300 3805 3355 acci-

2188 3387 2363 3459 piens,
2385 3403 2680 3458 suppressa
2696 3387 2975 3458 paululum
2990 3401 3146 3453 voce,
3161 3386 3546 3441 tremebundus
3558 3395 3807 3443 tremen-

2189 3477 2335 3531 tibus
2365 3492 2480 3547 pra
2510 3476 2886 3547 indignatione
2916 3475 3072 3530 labiis
3096 3475 3293 3544 adjecit
3322 3490 3356 3529 a
3412 3474 3802 3531 Sarisbiriensi

2190 3563 2467 3634 episcopo,
2496 3563 2715 3619 nomine
2737 3563 3211 3633 Heriberto(200),
3244 3562 3518 3633 inquirere
3530 3563 3802 3634 quidnam

2190 3661 2242 3707 et
2257 3653 2374 3722 ipse
2406 3651 2569 3706 animi
2590 3651 2834 3717 haberet,
2852 3667 3016 3722 super
3030 3651 3230 3706 auxilio
3246 3651 3363 3723 regi
3378 3651 3801 3722 prospiciendo?

2190 3739 2297 3809 Qui
2326 3740 2391 3794 ad
2425 3739 2683 3810 inquisita
2725 3740 2804 3795 sic
2852 3740 3133 3811 respondit
3177 3739 3369 3810 paucis
3430 3754 3440 3793 :
3498 3762 3519 3786 ι(
3571 3739 3804 3796 Videtur

2190 3829 2320 3883 mihi
2350 3828 2491 3900 quia,
2525 3829 2658 3885 citra
2686 3828 2949 3884 Ecclesia
2968 3844 3107 3883 mea
3137 3843 3359 3883 enorme
3396 3828 3800 3899 prajudicium,

2191 3917 2336 3972 aliud
2367 3934 2398 3972 a
2427 3933 2513 3972 me
2546 3917 2652 3972 dici
2682 3917 2870 3988 nequit
2890 3917 2978 3971 vel
2999 3916 3113 3971 fieri
3130 3932 3293 3988 quam
3314 3916 3458 3988 quod
3479 3916 3796 3972 faciendum

2191 4023 2312 4063 esse
2343 4023 2407 4061 ex
2439 4006 2800 4076 responsione
2827 4005 3035 4062 domini
3089 4004 3482 4061 Lincolniensis
3542 4006 3794 4076 episcOpi

2193 4095 2353 4151 modo
2381 4095 2581 4149 audivi.
2619 4118 2641 4142 ιι
2692 4095 2775 4150 Ad
2815 4096 2931 4150 hac
2987 4094 3216 4148 nimium
3256 4094 3562 4165 indignatus
3607 4096 3799 4149 archi-

2191 4183 2478 4254 episcopus
2531 4184 2763 4254 primum
2817 4183 2871 4237 in
2918 4182 3354 4238 Lincolniensem
3408 4181 3591 4237 verbis
3637 4197 3798 4237 ama—

2190 4272 2422 4326 rissimis
2497 4272 2885 4339 stomachatus,
2972 4270 3148 4325 soluto
3231 4269 3458 4325 consilio
3531 4271 3798 4325 nuntiavit

2190 4360 2306 4431 regi
2336 4360 2506 4431 (201),
2541 4376 2640 4429 per
2671 4360 2850 4430 ipsum
2875 4358 3312 4415 Lincolniensem
3333 4358 3578 4414 caruisse
3599 4357 3796 4414 effectu

2190 4449 2470 4520 negotium
2501 4448 2667 4503 illius.
2702 4448 2824 4516 Quo
2856 4448 2969 4516 jam
3001 4464 3094 4502 rex
3127 4446 3369 4502 secundo
3399 4454 3452 4501 et
3493 4447 3650 4501 tertio
3696 4464 3799 4517 per

485 4535 717 4606 publicis
744 4536 1069 4607 prasidebat
1128 4537 1382 4610 negotiis,
1439 4538 1623 4610 regias
1677 4538 1957 4609 proposuit
1986 4554 2087 4594 nc-
2119 4547 2171 4607 D
2193 4537 2407 4592 nuntios
2436 4535 2854 4609 [archiepisc0pi
2882 4544 3122 4606 accepto,
3154 4535 3211 4589 in
3250 4534 3333 4589 ira
3363 4543 3415 4589 et
3457 4534 3643 4589 furore
3671 4551 3792 4589 ina-

485 4624 786 4690 cessitates,
818 4633 872 4680 ut
922 4626 1014 4697 qui
1064 4627 1371 4696 sumptibus
1416 4633 1470 4681 et
1525 4626 1866 4681 militantium
1915 4627 2086 4698 c0piis

480 4712 727 4782 inferior,
752 4722 942 4770 contra
972 4731 1161 4785 regem
1192 4714 1477 4770 dimicaret
1524 4715 1980 4784 potentissimum,
2015 4716 2086 4771 ad

481 4817 635 4857 suam
680 4802 1211 4858 exhareditationem
1261 4810 1314 4857 et
1360 4803 1661 4873 perniciem
1707 4803 1914 4858 nisibus
1960 4805 2085 4859 totis

473 4890 828 4962 aspirantem.
863 4890 1103 4946 Postulat
1132 4891 1349 4945 demum
1382 4900 1646 4963 quatenus
1676 4893 1973 4947 decernant
2028 4892 2086 4945 in

548 5063 691 5126 (196)
717 5062 848 5114 Obiit
871 5061 1147 5113 Richardus
1171 5075 1260 5113 rex
1302 5075 1433 5113 anno
1466 5064 1611 5126 1199,
1637 5063 1717 5113 die
1743 5065 1775 5113 6
1801 5063 1983 5126 Aprilis
2008 5063 2084 5113 lra

479 5142 597 5193 ergo
625 5131 754 5192 regis
780 5132 952 5179 contra
989 5130 1244 5190 Hugonem
1284 5130 1473 5180 exarsit
1499 5142 1626 5179 anno
1667 5130 1814 5191 1197,
1864 5130 1993 5180 circa
2020 5130 2084 5180 t‘e-

479 5200 608 5246 stum
635 5197 687 5243 ς.
715 5195 900 5246 Nicolai
925 5196 1158 5259 episcopi,
1186 5208 1280 5258 quo
1305 5195 1337 5245 6
1363 5197 1646 5247 Decembris
1668 5197 1917 5247 recolitur.

548 5278 688 5341 (197)
713 5281 853 5330 Anna
894 5280 1041 5337 1197,
1070 5292 1162 5342 quo
1208 5292 1294 5329 rex
1347 5280 1553 5343 Anglia,
1592 5283 1716 5330 teste
1759 5281 1981 5331 Trivetto
2029 5280 2078 5329 in

473 5345 736 5405 Chronico,
764 5351 935 5395 contra
960 5358 1125 5408 regem
1149 5347 1447 5396 Francorum
1472 5346 1654 5396 acriter
1692 5347 1977 5397 dimicabat.

538 5428 682 5490 (I98)
725 5430 997 5479 Richardus
1045 5429 1397 5480 Londoniensis
1440 5431 1529 5481 fuit
1554 5431 1808 5494 episcopus
1845 5431 1907 5480 ab
1953 5442 2079 5480 anno

477 5494 626 5553 1189,
653 5495 720 5546 ita
745 5496 960 5546 Annales
984 5498 1209 5556 Winton,
1237 5509 1286 5559 p.
1313 5498 1434 5560 302,
1462 5502 1511 5547 et
1538 5498 1658 5547 obiit
1693 5498 1831 5560 juxta
1860 5497 2075 5559 eosdem,

472 5573 584 5624 pag.
613 5562 734 5625 504,
763 5574 891 5612 anno
921 5564 1068 5625 1198,
1094 5578 1141 5612 tv
1180 5563 1292 5615 ldus
1320 5565 1641 5626 Septembris.

541 5644 683 5711 (199)
731 5649 1082 5709 Argumentum
1126 5649 1462 5710 manifestum,
1507 5661 1601 5711 quo
1646 5651 1785 5709 Hugo
1820 5646 2073 5709 probatur,

2189 4642 2299 4698 gno
2327 4626 2603 4688 universa,
2629 4641 2748 4696 qua
2781 4632 2933 4680 erant
2988 4624 3251 4695 episcopi,
3303 4623 3562 4693 pracepit
3610 4638 3792 4693 quan-

2182 4714 2356 4769 tocius
2382 4713 2689 4769 confiscari.
2726 4713 2967 4783 Idipsum
3018 4711 3295 4766 mandavit
3325 4719 3377 4766 et
3409 4714 3478 4765 de
3528 4711 3788 4765 Sarisba-

2187 4801 2351 4856 riensi
2383 4802 2639 4872 episcOpo
2669 4800 2808 4868 fieri,
2842 4801 2931 4872 qui
2972 4798 3367 4856 Lincolniensis
3415 4798 3789 4854 diﬂinitionem

2187 4905 2288 4944 suo
2318 4906 2546 4944 assensu
2589 4890 3020 4961 comprobasset.
3058 4887 3200 4957 Quid
3252 4887 3420 4942 multa
3452 4888 3479 4940 ‘?
3527 4887 3789 4942 Sarisbu-

2179 5080 2309 5118 anno
2344 5069 2473 5118 1185
2500 5069 2656 5118 tactus
2676 5068 2949 5130 episcopus.
2972 5066 3242 5129 Siquidem,
3270 5066 3385 5115 dum
3411 5077 3538 5115 anno
3568 5065 3716 5123 1198,
3746 5066 3796 5113 111

2179 5135 2259 5185 die
2293 5137 2345 5185 S.
2387 5136 2640 5195 Augustini
2676 5134 2809 5184 venit
2853 5134 2913 5184 ad
2956 5145 3141 5195 regem,
3189 5132 3404 5182 nondum
3449 5131 3797 5193 complevisset

2179 5213 2337 5277 annos
2362 5201 2615 5251 duodecim
2653 5201 2701 5250 in
2729 5213 2863 5263 casu,
2891 5213 2984 5263 quo
3011 5203 3206 5251 creatus
3232 5198 3405 5249 fuisset
3431 5209 3560 5247 anno
3590 5197 3719 5247 it86
3744 5198 3793 5246 in

2179 5280 2484 5330 episcopum.

2254 5351 2396 5413 (200)
2448 5367 2469 5398 ε
2513 5351 2809 5401 Herebertus
2844 5349 3217 5400 archidiaconus
3262 5348 3541 5400 Cantuaria
3584 5348 3794 5410 eligitur

2176 5431 2311 5469 anno
2341 5416 2469 5467 1195
2499 5420 2548 5467 111
2569 5417 2849 5480 episcopum
2888 5418 3084 5467 Sarum.
3117 5436 3138 5459 ιι
3172 5417 3245 5466 Ita
3270 5415 3444 5467 Annal.
3484 5414 3712 5475 Wigorn.
3744 5415 3793 5462 in

2178 5485 2329 5546 Angl.
2357 5486 2529 5545 Sacra,
2557 5488 2688 5547 part.
2716 5498 2753 5545 ι,
2780 5496 2829 5545 p.
2851 5484 2971 5533 478.

2246 5575 2390 5694 (20:)
2415 5578 2553 5627 Circa
2578 5577 2724 5628 ﬁnem
2750 5577 2865 5627 anni
2893 5577 3039 5640 1197,
3060 5576 3129 5626 uti
3152 5576 3301 5627 etiam
3325 5588 3382 5626 ex
3408 5573 3638 5638 sequenti
3665 5574 3783 5624 nota

2246 5658 2317 5694 vns
2343 5658 2368 5693 a
2398 5681 2409 5693 .

2177 5657 2202 5694 ο
2224 5656 2283 5694 on
2294 5656 2409 5694 Stal.
