3938 6402
250 376 388 431 1045

1618 367 1802 423 VITA.
1842 393 1912 406 --
1949 363 2077 418 LIB.
2122 364 2185 417 ν.

3406 356 3541 410 1046

247 495 449 551 riensis
469 494 761 567 episcopus
818 492 1105 550 confestim
1151 490 1506 565 proscribitur
1538 490 1706 561 (202).
1740 488 1845 542 Ve-
1867 487 1921 546 Α
1948 483 2091 539 Nolo
2121 483 2288 556 igitur
2317 491 2375 539 ut
2403 499 2504 557 pro
2533 500 2640 552 me,
2675 482 2763 541 cui
2792 482 2932 540 adeo
2961 497 3055 537 rex
3070 478 3341 567 irascitur,
3374 476 3546 567 verba

248 584 516 655 niensque
557 584 627 639 ad
667 598 852 653 regem
899 589 1022 653 post
1068 581 1290 650 injurias
1328 588 1382 636 et
1437 580 1655 641 damna,
1687 584 1850 647 atque

251 672 570 728 vexationes
618 679 673 726 et
720 670 982 741 plurimas
1040 669 1418 733 contumelias,
1469 667 1557 723 vix
1630 664 1850 720 tandem

255 761 488 815 maxima
520 759 761 830 pecuniae
792 773 1001 813 summa
1023 773 1213 829 pacem
1244 766 1295 812 et
1322 755 1701 828 possessiones
1723 766 1851 805 suas

254 849 504 904 redemit.
542 849 602 902 In
632 863 722 902 res
752 862 881 902 vero
934 854 988 901 et
1030 845 1412 916 possessiones
1456 840 1850 897 Lincoluiensis

252 936 495 1008 episcopi
524 951 685 990 nemo
715 935 1065 1005 praesumpsit
1100 948 1295 987 manus
1352 930 1665 995 extendere,
1719 928 1850 982 dum

251 1033 304 1079 et
339 1023 606 1080 offensam
635 1023 751 1091 ejus
778 1029 1026 1077 metuunt
1061 1021 1358 1085 incurrere,
1395 1017 1681 1073 anathema
1718 1031 1849 1070 vero

251 1112 395 1166 illius
424 1111 607 1166 subire
646 1126 757 1166 non
809 1110 965 1166 aliter
1008 1124 1169 1181 quam
1234 1107 1467 1179 capitale
1523 1104 1848 1174 supplicium

252 1199 639 1255 formidabant.

323 1286 663 1343 Protrahitur
689 1286 833 1342 inter
862 1287 978 1341 haec
1007 1293 1223 1356 tempus
1246 1300 1277 1339 a
1320 1283 1461 1339 festo
1483 1282 1658 1338 sancti
1679 1282 1848 1337 Nico—

251 1376 324 1432 lai
350 1392 490 1447 pene
512 1391 687 1447 usque
715 1374 784 1429 ad
832 1373 1109 1430 Kalendas
1154 1372 1493 1444 Septembris
1541 1370 1689 1441 (203)
1716 1386 1850 1442 rege

255 1463 451 1520 crebro
505 1463 795 1518 mandante
825 1470 883 1518 ut
937 1461 1369 1533 proscriberetur
1426 1459 1747 1531 episcopus,
1799 1464 1851 1513 et

252 1551 421 1623 regiis
448 1549 866 1608 exsecutoribus
893 1548 949 1605 id
978 1548 1205 1621 exsequi
1237 1547 1388 1604 nulla
1409 1548 1617 1603 ratione
1636 1560 1849 1618 praesu-

254 1639 549 1695 mentibus.
582 1639 826 1693 Tandem
882 1653 1014 1694 vero
1069 1645 1249 1692 motus
1304 1635 1581 1708 precibus,
1614 1633 1850 1689 maxime

254 1743 445 1783 eorum
477 1728 615 1799 quos
644 1727 785 1782 dicta
804 1726 1074 1797 urgebant
1092 1724 1322 1797 regalia,
1356 1732 1414 1779 ut
1443 1739 1533 1779 res
1562 1722 1708 1777 illius
1729 1723 1849 1791 jure

254 1814 373 1871 fisci
401 1822 753 1887 occuparent,
784 1812 1155 1870 transfretavit
1184 1812 1255 1869 ad
1285 1828 1495 1883 regem.
1544 1810 1705 1882 Apud
1734 1810 1847 1864 Ro-
1870 1833 1921 1892 Β

257 1904 577 1975 thomagum
616 1917 744 1957 vero
774 1908 1126 1959 accesserunt
1179 1900 1248 1955 ad
1303 1915 1426 1956 eum
1472 1900 1580 1955 duo
1637 1895 1849 1954 nobiles

257 1991 380 2057 viri,
413 2006 601 2047 comes
630 1989 881 2045 videlicet
900 1989 1214 2045 Willelmus
1245 1995 1609 2060 cognomento
1638 1988 1849 2041 Mares-

253 2078 467 2134 scalcus
497 2080 667 2148 (204),
704 2086 756 2134 et
775 2092 959 2133 comes
980 2077 1049 2133 de
1078 2076 1375 2149 Albamara
1405 2078 1576 2147 (205).
1634 2075 1700 2129 Hi
1732 2074 1850 2146 qui-

257 2168 402 2232 dem,
438 2182 534 2237 per
560 2174 790 2238 quantas
819 2165 1045 2233 injurias
1076 2164 1227 2220 furor
1256 2164 1405 2237 regis
1460 2164 1515 2217 in
1570 2162 1848 2218 dominum

254 2254 719 2310 Sarisburiensem
749 2252 1113 2317 efferbuisset,
1146 2260 1377 2324 quantas
1425 2250 1585 2307 etiam
1635 2249 1849 2306 Lincol-

256 2342 432 2398 niensi
477 2342 712 2397 minatus
743 2341 931 2397 fuisset
968 2348 1301 2411 exponentes
1331 2340 1434 2406 illi,
1470 2338 1850 2410 supplicabant

258 2438 524 2503 quatenus
558 2430 657 2495 eis,
692 2446 813 2502 quae
843 2428 1159 2484 viderentur
1190 2428 1446 2498 expedire
1475 2427 1543 2482 ad
1594 2426 1851 2497 suiipsius

259 2518 629 2584 commodum,
653 2518 773 2591 regi
829 2534 929 2589 per
958 2534 1055 2573 eos
1111 2516 1430 2582 intimanda,
1483 2515 1554 2571 ad
1611 2514 1850 2569 animum

255 2608 371 2676 ejus
404 2605 759 2679 mitigandum
789 2606 859 2662 de
888 2622 1052 2661 causa
1080 2621 1177 2660 sua
1207 2605 1294 2660 vel
1322 2604 1542 2677 negotio
1571 2602 1850 2659 insinuare

252 2696 590 2767 dignaretur.
641 2695 973 2751 Asserebant
1017 2694 1160 2749 enim
1192 2694 1291 2748 sub
1338 2692 1692 2762 jurejurando
1725 2692 1849 2764 quia

254 2783 480 2839 mallent
511 2783 637 2839 totis
692 2783 1004 2839 facultatum
1052 2798 1276 2837 suarum
1330 2780 1535 2836 viribus
1575 2795 1770 2852 pacem
1800 2780 1851 2835 ei

252 2872 573 2940 redemisse,
608 2886 772 2943 quam
810 2870 1070 2937 eveniret,
1103 2878 1163 2925 ut
1208 2870 1361 2939 juxta
1412 2876 1620 2924 motum
1651 2867 1850 2924 furoris

253 2960 339 3015 sui
368 2959 526 3031 regia
554 2959 608 3014 in
632 2975 756 3014 eum
781 2958 1087 3014 immanitas
1143 2958 1528 3013 debaccharet.
1553 2978 1574 3007 ι
1609 2957 1725 3012 Nec
1762 2971 1851 3011 so-

249 3049 382 3113 lum,
420 3047 684 3120 inquiunt,
726 3063 830 3119 qua
861 3063 959 3102 vos
1016 3045 1332 3102 fidelissime
1386 3045 1685 3118 diligimus,
1722 3044 1851 3099 talia

256 3136 656 3208 prosequimur,
691 3151 883 3190 verum
912 3135 1075 3192 etiam
1131 3134 1256 3206 quia
1293 3142 1407 3192 tam
1460 3133 1621 3190 nobis
1646 3141 1699 3188 et
1745 3133 1846 3189 do-

253 3223 402 3279 mino
433 3231 621 3279 nostro
650 3223 771 3296 regi
800 3231 853 3279 et
900 3223 1014 3277 suis
1044 3221 1297 3278 omnibus
1346 3238 1455 3278 non
1500 3221 1850 3277 mediocriter

255 3312 309 3367 in
332 3312 434 3367 hoc
455 3328 583 3367 casu
613 3312 887 3366 timemus.
910 3311 1056 3366 Nulli
1086 3310 1231 3366 enim
1264 3310 1489 3365 dubium
1522 3326 1641 3365 esse
1672 3317 1849 3381 potest

263 3401 393 3472 quin
415 3400 591 3471 ipsum
622 3415 784 3471 quam
805 3399 1093 3455 celerrime
1113 3399 1354 3455 cmleslis
1382 3399 1512 3454 ultio
1569 3398 1845 3469 percellet,

254 3488 301 3543 si
332 3496 567 3543 vestram
598 3488 769 3559 (quod
798 3489 947 3544 Deus
975 3486 1237 3557 avertat!)
1275 3486 1514 3558 indignis
1568 3487 1849 3559 exagitare

249 3576 460 3645 injuriis
508 3576 921 3648 praesumpserit
977 3575 1360 3642 sanctitatem,
1404 3574 1719 3647 erimusque
1750 3589 1849 3630 nos

252 3673 307 3720 et
337 3664 491 3719 amici
525 3664 694 3720 nostri
722 3664 781 3719 in
816 3660 1178 3736 ‘opprobrium
1208 3671 1260 3719 et
1289 3663 1653 3734 direptionem
1682 3662 1847 3717 dimi-

250 3752 501 3810 cantibus
544 3753 838 3808 adversum
886 3768 984 3807 nos
1004 3751 1240 3808 inimicis
1274 3753 1476 3807 nostris
1498 3772 1521 3801 ι

319 3841 472 3896 Talia
502 3840 951 3912 prosequentibus
983 3841 1274 3912 episcopus
1301 3840 1484 3895 statim
1513 3839 1796 3911 respondit
1829 3854 1842 3895 :

253 3954 275 3977 α
315 3929 534 3986 Gratias
581 3929 803 4002 quidem
859 3929 1156 3985 immensas
1220 3929 1635 3995 benevolentiae,
1686 3944 1848 4000 quam

246 4018 459 4073 habetis
489 4034 621 4091 erga
642 4033 763 4084 nos,
800 4017 1228 4077 referimustoto
1257 4018 1459 4073 mentis
1481 4015 1698 4073 affectu.
1733 4017 1849 4088 Op-

246 4107 379 4161 time
410 4122 537 4162 vero
565 4106 692 4161 novi
721 4106 845 4178 quia
874 4122 986 4177 prae
1017 4106 1228 4161 caeteris
1260 4106 1317 4161 in
1346 4122 1441 4161 sua
1471 4105 1729 4177 praesenti
1748 4122 1847 4161 ve-

247 4194 484 4261 xatione,
533 4193 620 4251 cui
649 4194 781 4250 satis
820 4194 1178 4266 eompatimur
1232 4194 1454 4250 domino
1514 4202 1702 4250 nostro
1731 4194 1850 4267 regi

253 4283 387 4339 estis
414 4282 729 4339 necessarii.
753 4283 899 4339 Bene
929 4283 1093 4338 etiam
1122 4281 1249 4338 novi
1274 4283 1402 4355 quia
1431 4282 1587 4338 vobis
1618 4299 1732 4354 prae
1753 4298 1852 4338 cre-

250 4371 384 4427 teris
412 4371 481 4427 ad
524 4370 1026 4442 compensationem
1056 4378 1269 4427 tenetur
1313 4371 1547 4443 impensi
1577 4370 1846 4427 beneficii.

1948 571 2133 643 aliqua
2164 571 2398 639 faciatis,
2431 588 2520 634 ne,
2546 572 2592 627 si
2622 572 2777 628 vobis
2826 570 3047 626 duriora
3090 564 3455 640 responderit,
3488 564 3545 620 in

1948 660 2065 728 ejus
2101 659 2365 731 obsequio
2395 660 2696 716 reddamini
2737 659 3042 730 segniores,
3078 664 3189 726 aut,
3222 655 3268 710 si
3296 670 3395 710 vos
3442 668 3543 724 pro

1949 763 2035 802 me
2066 748 2399 814 exaudierit,
2428 764 2487 803 se
2518 764 2620 818 pro
2639 747 2794 802 vobis
2821 761 3082 818 magnum
3140 743 3270 815 quid
3299 740 3545 815 gessisse

1951 842 2180 905 reputet,
2216 843 2267 889 et
2312 835 2380 890 ad
2415 834 2826 890 retribuendum
2858 833 3015 888 vobis
3072 832 3234 898 bona,
3280 845 3403 902 quae
3430 844 3545 884 me-

1950 922 2166 989 remini,
2211 922 2329 993 ipse
2389 922 2700 977 inveniatur
2754 922 3096 992 aliquatenus
3151 917 3452 975 remissior.
3486 915 3547 971 Id

1949 1017 2176 1075 tantum,
2204 1011 2249 1064 si
2282 1010 2522 1078 videtur,
2549 1010 2731 1065 dicere
2762 1009 2811 1064 ei
2839 1008 3106 1080 poteritis,
3156 1007 3302 1079 quia,
3335 1012 3393 1060 ut
3420 1020 3546 1060 eum

1948 1098 2329 1162 inviseremus,
2366 1098 2422 1151 in
2455 1105 2641 1168 partes
2671 1097 2805 1152 istas
2834 1096 3099 1152 venimus.
3133 1094 3230 1150 Cui
3259 1093 3306 1148 si
3324 1092 3544 1148 libuerit

1949 1194 2005 1241 ut
2034 1186 2212 1257 ipsum
2259 1185 2562 1251 videamus,
2598 1201 2698 1256 per
2752 1184 3047 1255 quemlibet
3102 1199 3168 1238 ex
3225 1181 3339 1237 suis
3385 1178 3546 1236 nobis

1952 1272 2222 1344 signiﬁcet
2245 1289 2353 1345 quo
2383 1272 2489 1328 loci
2520 1273 2820 1328 debeamus
2872 1286 3168 1329 occurrere
3195 1269 3265 1325 ei.
3304 1289 3327 1319 ι

2018 1361 2113 1416 His
2140 1361 2210 1416 ab
2241 1377 2307 1417 eo
2349 1360 2526 1428 dictis,
2570 1361 2782 1416 nobiles
2819 1360 2896 1431 illi
2940 1359 3043 1416 viri
3089 1356 3431 1430 prudentiam
3464 1355 3544 1411 si-

1950 1448 2063 1504 mul
2094 1457 2147 1504 et
2172 1448 2675 1521 magnanimitatem
2703 1449 2820 1518 ejus
2840 1447 3175 1503 admirantes
3221 1444 3539 1517 plurimum,

1949 1536 2198 1592 abierunt
2244 1537 2315 1591 ad
2361 1537 2639 1593 dominum
2673 1552 2849 1603 suum,
2884 1535 3002 1591 haec
3046 1534 3097 1590 ei
3126 1532 3307 1589 omnia
3336 1548 3544 1588 renun-

1949 1624 2166 1680 tiantes.
2201 1622 2308 1693 Qui
2333 1632 2386 1680 et
2414 1625 2532 1696 ipse
2560 1640 2671 1680 non
2701 1640 2895 1696 parum
2924 1622 3069 1677 illius
3096 1621 3265 1677 verba
3292 1619 3539 1686 miratus,

1951 1719 2005 1766 et
2030 1711 2213 1767 animo
2241 1728 2341 1783 per
2373 1713 2559 1767 omnia
2580 1712 2692 1768 fere
2721 1728 2856 1784 erga
2882 1711 3033 1765 illum
3080 1716 3306 1781 repente
3361 1707 3546 1765 divino

1951 1808 2083 1855 nutu
2110 1800 2440 1866 immutatus,
2473 1800 2630 1870 jubet
2677 1800 2729 1854 ei
2787 1797 3101 1863 renuntiari,
3164 1804 3430 1869 quatenus
3454 1812 3547 1851 se-

1951 1887 2136 1960 quenti
2165 1885 2254 1943 die
2285 1888 2441 1943 tertia
2489 1887 2635 1959 apud
2690 1902 2891 1943 novum
2949 1884 3232 1942 castellum
3279 1884 3451 1956 Rupis
3479 1884 3550 1941 de

1948 1976 2144 2032 Andeli
2175 1976 2325 2048 (206)
2356 1982 2670 2032 occurreret
2700 1974 2770 2030 ei.
2836 1974 2920 2029 Ad
2966 1989 3129 2046 quam
3173 1981 3361 2029 noster
3389 1973 3549 2044 Hugo

1953 2063 2293 2120 confidenter
2340 2064 2591 2129 accessit,
2629 2062 3018 2134 reperiensque
3050 2060 3202 2116 illum
3247 2061 3302 2115 in
3339 2060 3551 2131 capella

1947 2152 2056 2209 loci
2084 2153 2227 2208 illius
2258 2152 2565 2208 audientem
2597 2151 2891 2206 missarum
2938 2149 3201 2205 solemnia
3231 2148 3288 2203 in
3317 2148 3405 2203 die
3452 2148 3551 2203 do-

1949 2240 2115 2295 ctoris
2137 2239 2319 2295 eximii
2340 2239 2514 2295 sancti
2532 2238 2839 2312 Augustini,
2859 2237 3113 2294 continuo
3133 2236 3385 2292 salutavit
3401 2252 3548 2292 eum.

1960 2327 2151 2382 Stabat
2181 2342 2309 2382 vero
2330 2327 2448 2398 ipse
2509 2343 2600 2382 rex
2649 2342 2809 2382 secus
2838 2324 3115 2380 introitum
3143 2324 3266 2380 ostii
3308 2324 3365 2379 in
3413 2323 3551 2380 solio

1949 2400 2141 2485 regali,
2175 2423 2227 2470 et
2258 2415 2365 2470 duo
2411 2413 2673 2485 episcopi,
2705 2412 3089 2469 Duvelniensis
3119 2412 3268 2483 (207)
3298 2410 3553 2469 videlicet

1950 2511 2004 2557 et
2032 2502 2303 2559 Heliensis
2339 2503 2489 2572 (208)
2522 2502 2741 2557 stabant
2780 2517 2941 2557 secus
2995 2500 3167 2573 pedes
3223 2499 3359 2569 ejus.
3415 2499 3552 2557 Cum

1950 2606 2086 2663 ergo
2122 2590 2413 2645 salutasset
2463 2606 2584 2646 eum
2625 2590 2954 2661 episcopus,
3010 2589 3129 2661 ipse
3160 2604 3258 2645 rex
3302 2604 3412 2644 non
3467 2604 3552 2644 re-

1954 2679 2172 2749 spondit
2202 2678 2252 2734 ei
2285 2679 2533 2746 verbum,
2569 2679 2685 2743 sed,
2720 2693 2845 2734 cum
2874 2677 3024 2733 illum
3054 2693 3353 2749 parumper
3380 2675 3552 2735 torvis

1949 2766 2122 2823 oculis
2154 2766 2343 2822 fuisset
2372 2766 2614 2832 intuitus,
2649 2765 2846 2822 faciem
2874 2765 2943 2820 ab
2973 2780 3039 2821 eo
3069 2764 3282 2821 avertit.
3307 2764 3406 2821 Cui
3437 2765 3552 2837 epi-

1951 2871 2149 2926 scopus
2170 2863 2482 2910 constanter
2509 2855 2584 2910 ait
2616 2869 2629 2909 :
2666 2875 2688 2906 ι
2724 2854 2805 2910 Da
2842 2853 2995 2920 mihi,
3052 2853 3244 2926 inquit,
3278 2853 3546 2921 osculum,

1949 2943 2168 2998 domine
2198 2959 2321 2999 rex.
2368 2961 2388 2994 ι
2424 2942 2527 3011 Qui
2555 2942 2735 3016 magis
2762 2941 2955 2997 avertit
2983 2949 3264 3013 aspectum
3313 2942 3385 2997 ab
3431 2940 3547 3009 illo,

1949 3032 2265 3103 vultumque
2306 3039 2360 3087 et
2416 3038 2579 3102 caput
2637 3031 2691 3085 in
2740 3038 2953 3102 partem
3010 3030 3174 3085 aliam
3231 3029 3544 3087 declinavit.

1949 3121 2101 3175 Tunc
2159 3120 2317 3192 Hugo
2375 3119 2666 3191 episcopus
2721 3126 2926 3175 vestem
2986 3118 3129 3174 illius
3185 3118 3330 3176 circa
3358 3125 3548 3191 pectus

1872 3181 1918 3243 Ο
1948 3207 2160 3263 fortiter
2186 3207 2581 3280 constringens,
2630 3207 2773 3263 hunc
2816 3205 3194 3263 vehementius
3241 3206 3535 3274 concussit,

1947 3295 2137 3351 iterum
2169 3295 2360 3352 dicens
2394 3310 2406 3350 :
2444 3318 2465 3343 α
2505 3294 2765 3351 Osculum
2796 3295 2928 3350 mihi
2957 3295 3147 3361 debes,
3182 3294 3373 3368 inquit,
3406 3310 3548 3367 quo-
3650 3308 3654 3313 ‘

1949 3384 2097 3439 niam
2130 3384 2199 3439 de
2228 3383 2529 3456 longinquo
2551 3384 2617 3438 ad
2648 3392 2699 3438 te
2731 3383 2911 3441 venio.
2949 3407 2970 3432 η
3024 3384 3137 3439 Rex
3178 3384 3249 3439 ad
3279 3385 3394 3439 haec
3434 3384 3547 3440 ait:

1954 3495 1975 3523 ι
2000 3474 2122 3528 Non
2144 3473 2386 3528 meruisti
2408 3480 2465 3527 ut
2494 3472 2712 3529 osculer
2739 3481 2811 3527 te.
2837 3493 2859 3523 ι
2883 3471 2989 3541 Qui
3018 3472 3208 3528 fortius
3228 3472 3549 3529 concutiens

1949 3577 2073 3616 eum
2103 3577 2201 3633 per
2230 3576 2480 3632 cappam,
2514 3576 2675 3633 quam
2703 3561 2890 3618 stricta
2934 3560 3153 3616 tenebat
3198 3576 3382 3626 manu,
3417 3575 3550 3616 con-

1948 3649 2181 3705 ﬁdenter
2215 3649 2289 3705 ait
2324 3665 2336 3703 :
2372 3671 2395 3697 α
2432 3650 2565 3716 Imo,
2599 3648 2870 3721 inquiens,
2917 3649 3111 3705 merui.
3150 3669 3172 3699 ι
3205 3649 3273 3705 Et
3301 3647 3499 3717 adjecit
3533 3663 3547 3703 :

1953 3760 1973 3783 α
2013 3736 2280 3794 Osculare
2310 3754 2418 3794 me.
2449 3762 2470 3785 ιι
2503 3739 2655 3794 Tunc
2689 3753 2791 3793 rex
2819 3738 3099 3793 admirans
3127 3735 3379 3792 fiduciam
3408 3751 3549 3794 con-

1950 3826 2160 3881 stantiae
2181 3826 2297 3895 ejus
2326 3825 2627 3898 paululum,
2659 3826 3075 3898 subridensque,
3136 3825 3410 3882 osculatus
3465 3834 3550 3883 est

1948 3929 2090 3970 eum.

2020 4002 2258 4059 Aderant
2305 4011 2486 4059 autem
2545 4004 2621 4059 ibi
2677 4004 2783 4059 duo
2851 4002 3245 4076 archiepiscopi
3286 4003 3455 4074 (209),
3490 4010 3545 4058 et

1948 4091 2189 4163 episcopi
2219 4090 2480 4164 quinque,
2510 4092 2603 4164 qui
2632 4091 2776 4147 inter
2808 4092 3005 4148 solium
3036 4091 3187 4165 regis
3230 4098 3284 4146 et
3340 4090 3549 4163 gradus

1948 4179 2138 4235 altaris
2167 4178 2542 4235 constiterant.
2566 4178 2671 4249 Qui
2693 4195 2801 4235 non
2823 4178 3014 4251 procul
3045 4195 3078 4234 a
3108 4195 3240 4252 rege
3256 4180 3361 4236 hoc
3382 4180 3549 4237 modo

1949 4268 2238 4340 praesulem
2272 4267 2341 4323 de
2371 4284 2507 4340 rege
2555 4268 2667 4337 jam
2713 4268 3137 4339 triumphantem
3187 4268 3330 4323 inter
3357 4284 3419 4323 se
3447 4283 3547 4325 ac-

1947 4356 2140 4413 cersiri
2171 4355 2470 4428 cupientes,
2500 4356 2682 4412 locum
2711 4355 2761 4411 ei
2792 4355 3053 4412 sessionis
3088 4355 3361 4412 fecerunt.
3400 4354 3552 4425 Quos

327 4545 471 4614 (202)
497 4550 551 4599 ln
578 4549 756 4599 Annal.
782 4550 1029 4613 Wintom,
1055 4562 1105 4613 p.
1148 4549 1266 4610 sos,
1306 4550 1371 4599 ita
1408 4550 1587 4613 legitur
1631 4551 1691 4602 ad
1726 4563 1842 4601 ann.
1873 4538 1926 4598 D
1956 4536 2216 4614 cantarem
2239 4549 2378 4588 suam
2401 4536 2648 4614 ῌξξὶβῑξμιξ
2673 4548 2839 4614 ερφεδ
2862 4535 2923 4588 de
2961 4534 3230 4589 Albemarl-
3251 4535 3407 4600 Huius
3448 4549 3553 4589 me-

260 4615 388 4665 1198
421 4628 433 4663 :
477 4636 497 4658 ι
524 4616 789 4679 Episcopus
810 4616 1007 4676 Sarum,
1031 4619 1149 4675 etc.,
1193 4617 1574 4680 possessionibus
1614 4618 1712 4667 suis
1735 4618 1850 4667 des-

252 4682 461 4732 seisatus
482 4683 822 4732 transfretavit
862 4695 1031 4732 mense
1068 4681 1337 4734 Februarii.
1366 4704 1388 4726 ι
1420 4684 1481 4733 Et
1505 4688 1614 4747 post
1655 4696 1804 4745 pauca
1835 4698 1848 4733 :

257 4768 281 4790 ε
311 4748 579 4800 Herbertus
601 4761 789 4813 pauper
813 4750 1073 4810 episcopus
1093 4752 1270 4801 Sarum
1309 4762 1534 4800 reversus
1570 4752 1632 4801 de
1670 4752 1851 4801 North-

262 4815 479 4876 mannia,
506 4821 627 4877 etc.,
654 4815 886 4879 applicuit
908 4816 959 4865 in
986 4817 1211 4880 Angliam
1237 4831 1284 4866 γι
1310 4817 1421 4867 ldus
1442 4816 1591 4867 Junii.
1619 4834 1639 4864 ι

323 4925 467 4990 (205)
500 4928 538 4976 Λ
565 4932 704 4977 sexta
727 4927 913 4977 scilicet
959 4928 1243 4978 Decembris
1267 4930 1381 4979 anni
1422 4926 1554 4979 1197
1596 4940 1743 4991 usque
1791 4929 1851 4980 ad

251 4993 383 5044 diem
408 4995 462 5044 S.
492 4994 746 5057 Augustini
771 4993 886 5043 anni
940 4994 1086 5056 1198,
1113 5007 1207 5057 quo
1250 4996 1384 5058 Hugo
1410 4996 1471 5047 ad
1494 5007 1660 5056 regem
1697 4995 1849 5058 venit,

250 5064 302 5111 et
326 5060 388 5111 ab
414 5072 471 5111 eo
496 5060 545 5110 in
587 5072 725 5123 pace,
753 5060 836 5111 sed
869 5072 965 5110 non
991 5060 1235 5123 diuturna,
1253 5061 1482 5112 dimissus
1507 5062 1617 5112 fuit.

318 5170 458 5233 (204)
483 5171 668 5226 Magnae
691 5170 818 5232 apud
843 5182 983 5233 reges
1008 5171 1193 5234 Anglize
1218 5172 1541 5231 auctoritatis,
1580 5178 1631 5223 et
1653 5173 1852 5225 tandem

251 5249 417 5287 comes
443 5237 798 5286 Pembrochiaz.
827 5238 895 5287 De
922 5249 1014 5299 quo
1040 5238 1180 5298 plura
1204 5238 1252 5287 in
1274 5240 1479 5288 Monast.
1504 5239 1720 5303 Anglia,
1744 5244 1783 5290 t.
1812 5240 1850 5300 Ι,

248 5318 299 5367 p.
326 5305 523 5369 725,-et
546 5302 594 5352 in
619 5302 864 5353 Chronico
887 5303 1095 5353 Trivetti
1119 5304 1183 5355 ad
1208 5317 1388 5355 annum
1426 5305 1575 5367 1219,
1592 5302 1697 5369 quo
1733 5306 1853 5356 obiit

246 5368 519 5487 Londlttinite
544 5369 670 5432 apud
695 5381 874 5420 novum
920 5370 1158 5433 templum
1203 5371 1253 5421 in
1290 5370 1504 5421 crastino
1540 5368 1853 5424 Asecnsionis

249 5450 372 5487 senu
418 5448 499 5487 us.
583 5455 591 5461 ν

249 5439 499 5501 sepultus.
583 5455 591 5461 ν

309 5536 455 5605 (205)
507 5537 781 5590 Willelmus
807 5538 1022 5602 nomine,
1067 5541 1355 5602 cognomine
1392 5540 1451 5591 de
1493 5541 1737 5603 Fortilms,
1766 5554 1854 5605 per

1954 4604 2096 4656 minit
2118 4604 2182 4655 ad
2204 4616 2385 4654 annum
2412 4604 2535 4655 1221
2565 4603 2831 4655 'l‘rivettus.

2018 4705 2162 4771 (206)
2185 4706 2323 4757 Unde
2356 4719 2557 4770 magna,
2598 4718 2727 4756 anno
2755 4706 2901 4767 1197,
2928 4706 3162 4755 dissensio
3194 4706 3325 4757 inter
3344 4704 3556 4757 Richar-

1950 4776 2063 4827 dum
2119 4786 2290 4835 regem
2316 4777 2366 4823 et
2412 4774 2829 4836 archiepiscopum
2870 4773 3309 4835 Rothomagensem
3356 4778 3551 4836 exorta,

1951 4842 2022 4892 uti
2059 4841 2268 4893 habetur
2290 4853 2340 4902 p.
2369 4840 2488 4902 840,
2515 4846 2635 4890 tom.
2675 4840 2735 4897 V,
2762 4840 2954 4890 collect.
2999 4850 3138 4889 novae
3163 4840 3290 4903 apud
3310 4840 3551 4902 Martene,

1951 4907 2037 4958 sed
2064 4909 2243 4972 sopita.
2271 4911 2325 4957 ut
2349 4907 2590 4970 colligitur
2615 4919 2673 4956 ex
2700 4906 2906 4957 Trivetti
2932 4906 3171 4956 Chronico
3197 4906 3257 4957 ad
3285 4907 3415 4956 hunc
3459 4918 3553 4956 an-

1951 4986 2087 5036 num,
2117 4976 2363 5027 mediante
2396 4974 2758 5037 permutatione
2785 4973 3013 5036 quadam.

2023 5075 2164 5141 (207)
2188 5076 2467 5138 chendum
2493 5075 2849 5136 Dunelmensis,
2896 5076 2974 5138 qui
3024 5079 3134 5125 erat
3165 5074 3420 5139 Philippus
3459 5075 3544 5126 Pio

1952 5144 2233 5205 ctaviensis,
2259 5143 2319 5192 de
2343 5154 2437 5204 quo
2461 5142 2511 5192 in
2532 5142 2703 5204 Anglia
2725 5154 2866 5193 saera
2887 5145 3016 5207 part.
3044 5156 3079 5205 ι,
3109 5154 3222 5207 pag.
3242 5142 3339 5192 726
3365 5145 3416 5193 et
3440 5155 3546 5207 seq.

2020 5242 2164 5309 (208)
2191 5244 2498 5303 Eustachius,
2525 5255 2654 5293 anno
2678 5245 2824 5305 1107,
2852 5245 3035 5295 electus
3054 5245 3354 5309 episcopum,
3382 5244 3442 5295 de
3458 5257 3554 5307 quo
3588 5276 3611 5291 κ

1951 5311 2099 5362 etiam
2126 5313 2174 5361 in
2201 5311 2373 5373 Anglia
2399 5322 2538 5360 sacra
2568 5313 2694 5372 part.
2722 5324 2757 5372 ι,
2784 5324 2834 5373 p.
2861 5312 2980 5361 655.

2018 5411 2155 5475 (209)
2179 5411 2424 5461 Walterus
2447 5411 2876 5474 Rothomagensis,
2910 5412 3010 5474 jam
3048 5414 3153 5469 regi
3178 5413 3545 5476 reconciliatus,

1952 5481 2020 5536 et,
2047 5484 2102 5529 ut
2123 5479 2332 5539 videtur,
2359 5478 2604 5528 liubertus
2644 5479 3011 5529 Cantuariensis
3038 5492 3050 5523 :
3078 5480 3324 5531 Galfridus
3364 5481 3549 5533 etenim

1948 5545 2270 5596 Eboracensis
2288 5557 2345 5595 eo
2375 5556 2504 5596 anno
2527 5545 2576 5595 in
2600 5544 2834 5608 disgratia
2860 5550 2965 5596 erat
2989 5547 3119 5609 apud
3144 5559 3333 5610 regem.
