3938 6402
388 281 525 334 104⁸7

1274 285 1328 339 S.
1372 281 1684 340 HUGONIS
1722 281 1939 338 EPISC.
1983 277 2302 336 LINCOLN.
2347 280 2509 336 0RD.
2553 280 2806 336 CARTH.

3545 284 3678 336 1048

386 409 569 460 tamen
599 405 716 477 ipse
747 407 950 463 directe
996 407 1359 479 pertransivit,
1393 423 1456 463 ac
1512 424 1668 463 secus
1698 422 1865 463 cornu
1894 406 1976 459 al-
2008 408 2062 466 A
2083 403 2264 458 anima
2286 409 2485 466 vestra,
2521 417 2684 473 quam
2739 400 3108 456 universitatis
3164 401 3426 456 Dominus
3455 404 3676 472 proprio

389 493 522 546 taris
553 511 805 566 gressum
828 495 1022 568 figens,
1059 496 1311 551 demissis
1341 496 1662 550 obstinatius
1693 496 1745 549 in
1777 503 1979 548 terram

390 580 718 649 luminibus,
788 584 1092 638 divinorum
1187 586 1558 639 tantummodo
1628 582 1980 639 celebrationi

393 669 628 723 animum
653 671 986 726 intendebat.
1031 672 1202 740 Quem
1242 673 1447 727 interea
1490 689 1583 726 rex
1638 687 1744 726 non
1785 687 1980 741 parum

391 758 608 812 curioso
657 767 708 812 et
757 777 896 830 pene
971 761 1230 815 continuo
1287 770 1506 831 aspectu
1581 761 1976 815 considerabat.

393 845 526 899 Cum
558 846 724 918 igitur
753 849 819 902 ad
851 849 1041 902 trinam
1075 850 1470 904 invocationem
1501 849 1662 918 Agni,
1707 849 1799 919 qui
1846 847 1982 902 tollit

391 944 618 1003 peccata
647 936 854 1003 mundi,
908 938 1017 1005 jam
1058 937 1209 1007 pacis
1263 937 1510 992 osculum
1567 937 1824 990 sacerdos
1879 936 1979 989 de-

392 1021 562 1076 disset
633 1024 845 1078 cuidam
895 1025 1322 1096 archiepiscopo,
1381 1025 1472 1095 qui
1521 1025 1638 1094 regi
1705 1024 1770 1078 de
1827 1038 1981 1079 more

395 1125 588 1179 pacem
621 1119 736 1165 erat
768 1112 1051 1178 allaturus,
1086 1129 1182 1167 rex
1209 1128 1381 1184 usque
1409 1113 1477 1165 ad
1525 1112 1727 1184 gradus
1792 1112 1840 1166 ei
1876 1111 1980 1165 ob-

388 1197 507 1253 vius
537 1201 821 1270 processit,
871 1209 1251 1272 sumptumque
1281 1201 1352 1255 ab
1406 1216 1472 1255 eo
1501 1201 1718 1272 signum
1747 1207 1981 1269 acceptae

391 1303 493 1356 per
520 1287 944 1342 immolationem
975 1289 1214 1344 coelestis
1243 1289 1370 1360 agni
1417 1288 1588 1358 pacis,
1639 1303 1763 1343 cum
1793 1286 1982 1342 humili

389 1374 691 1429 reverentia
724 1375 979 1447 episcopo
1011 1376 1376 1432 Lincolniensi
1405 1393 1504 1446 per
1534 1375 1646 1430 oris
1703 1375 1784 1430 sui
1815 1390 1980 1430 oscu-

388 1461 500 1515 lum
530 1463 788 1532 porrexit.
842 1465 918 1518 lta
949 1464 1205 1534 princeps
1244 1464 1642 1518 illustrissimus
1672 1463 1982 1518 veneratio-

391 1550 476 1603 nis
509 1550 748 1622 signum,
792 1553 937 1622 quod
970 1552 1073 1605 sibi
1110 1553 1555 1622 archiepiscopus
1598 1552 1827 1622 parabat
1881 1551 1982 1606 de-

393 1631 558 1698 ferre,
592 1635 708 1704 ipse
739 1635 918 1705 potius
950 1635 1210 1705 episcopo
1241 1643 1427 1691 sancto
1457 1635 1658 1689 studuit
1705 1635 1979 1690 exhibere.

2079 491 2311 546 redemit
2339 506 2553 558 cruore,
2580 491 2634 544 in
2665 489 2950 545 tremendo
3000 489 3170 560 ipsius
3214 489 3418 557 judicio
3449 505 3678 561 respon-

2079 579 2230 634 dere.
2266 579 2403 632 Volo
2451 578 2634 649 igitur,
2698 578 2828 632 mihi
2884 578 3035 632 dicas
3092 577 3321 648 qualiter
3369 594 3427 632 se
3483 579 3678 634 habeat

2081 676 2250 721 status
2279 667 2505 721 interior
2548 667 2742 720 animae
2799 675 3012 731 vestrae,
3072 674 3131 719 ut
3171 666 3221 720 ei
3273 667 3557 721 consilium
3589 669 3675 722 vel

2079 755 2356 820 auxilium,
2390 763 2549 824 prout
2580 770 2815 825 superna
2839 754 3036 824 juverit
3073 753 3350 824 aspiratio,
3386 754 3674 811 efﬁcaciter

2081 845 2284 916 possim
2316 844 2599 898 adhibere.
2633 844 2754 898 Jam
2783 843 2930 898 enim
2958 843 3118 898 unius
3148 843 3274 896 anni
3307 843 3535 912 spatium
3553 844 3670 898 ela-

2079 949 2237 1002 psum
2269 940 2352 986 est
2381 933 2549 1002 (2H),
2607 948 2670 986 ex
2703 948 2811 1002 quo
2867 931 3022 985 vobis
3075 930 3211 984 alias
3266 930 3480 986 locutus
3512 931 3608 986 fui.
3649 957 3668 979 η

2082 1021 2181 1074 Cui
2211 1036 2334 1074 cum
2372 1035 2466 1073 rex
2499 1019 2706 1075 diceret
2764 1019 2814 1074 ei
2872 1019 3259 1074 conscientiam
3307 1020 3509 1074 bonam
3552 1036 3675 1074 esse

2081 1107 2194 1162 fere
2225 1108 2279 1161 in
2307 1108 2579 1172 omnibus,
2613 1107 2717 1162 nisi
2749 1108 2896 1178 quod
2925 1107 3053 1162 odio
3110 1107 3383 1162 laboraret
3413 1108 3668 1173 hostium,

2083 1211 2221 1267 quos
2250 1195 2542 1264 injuriosos
2573 1195 2675 1250 sibi
2705 1202 3002 1266 pateretur,
3037 1203 3089 1250 et
3119 1195 3370 1265 nequiter
3425 1195 3672 1260 infestos,

2085 1283 2375 1354 episc0pus
2407 1283 2477 1338 ait
2510 1301 2523 1337 :
2564 1306 2583 1331 α
2622 1284 2677 1338 Si
2707 1299 2806 1354 per
2826 1283 3008 1338 omnia
3048 1283 3417 1338 Dominatoris
3438 1285 3680 1338 omnium

2083 1372 2274 1442 gratiae
2302 1371 2597 1442 placueris,
2632 1371 2787 1427 facile
2820 1371 2916 1426 tibi
2943 1371 3192 1427 inimicos
3223 1379 3346 1426 tuos
3390 1380 3481 1426 aut
3508 1387 3676 1442 paca-

2083 1468 2168 1514 tos
2199 1458 2408 1526 efﬁciet,
2433 1467 2525 1514 aut
2555 1467 2898 1531 expugnatos
2921 1459 3187 1528 subjiciet.
3213 1460 3415 1514 Verum
3438 1476 3677 1514 summo-

2084 1563 2215 1618 pere
2245 1548 2340 1601 tibi
2371 1548 2671 1603 cavendum
2703 1555 2785 1602 est
2828 1564 2896 1602 ne
2924 1555 2979 1601 tu
3010 1548 3178 1618 (quod
3227 1547 3367 1602 absit
3388 1547 3426 1609 ι)
3458 1548 3676 1603 Auctori

2085 1643 2176 1689 tuo
2207 1635 2261 1688 in
2290 1635 2472 1706 aliquo
2504 1636 2796 1704 injuriosus
2828 1635 3046 1700 existas,
3081 1643 3171 1690 aut
3218 1636 3380 1690 etiam
3411 1635 3462 1689 in
3486 1636 3678 1706 proxi-

393 1721 533 1775 Nam
571 1723 638 1775 ad
669 1721 847 1792 ipsum
879 1722 1127 1778 alacriter
1153 1723 1412 1794 perrexit,
1447 1731 1499 1777 et
1529 1724 1605 1777 nil
1652 1724 1761 1778 tale
1810 1724 1983 1794 suspi-
2004 1758 2056 1818 B
2086 1739 2206 1779 mos
2229 1723 2506 1795 quidpiam
2537 1724 2781 1794 iniquum
2797 1724 3120 1779 committas.
3152 1725 3232 1778 De
3262 1733 3315 1778 te
3347 1739 3494 1793 vero,
3529 1725 3676 1794 quod

395 1809 572 1874 canti,
625 1810 721 1863 sed
779 1811 1036 1864 attentius
1091 1811 1314 1865 domino
1370 1811 1689 1881 supplicanti
1711 1811 1984 1871 honorem

395 1896 537 1966 (ipso
569 1897 801 1952 Domino
829 1898 883 1952 id
904 1899 1088 1969 utique
1117 1899 1462 1970 disponente)
1494 1899 1774 1969 impendit,
1808 1912 1864 1954 ut
1879 1899 1985 1953 im-

393 1985 636 2054 pleretur
665 1986 810 2057 quod
843 1987 1108 2042 Dominus
1141 1987 1212 2041 ait
1247 2006 1260 2041 :
1299 1989 1688 2056 Gloriﬁcantes
1709 2005 1797 2044 me
1819 1989 1987 2058 glori-

394 2074 567 2142 [ἰσαὺο
602 2074 652 2144 (1
681 2077 803 2146 Reg.
839 2089 898 2143 ll,
931 2077 1042 2144 30).

965 2230 1192 2286 CAPUT
1243 2229 1384 2285 VIII.

400 2353 653 2426 Qualiter
675 2353 871 2410 sedata
900 2355 1044 2425 regis
1076 2355 1289 2426 offensa
1321 2353 1579 2410 eumdem
1613 2355 1909 2426 corripuit,
1935 2359 1990 2410 et

468 2424 535 2478 ab
558 2425 746 2480 eodem
785 2424 1359 2481 Itonorotus'recessit
1375 2445 1392 2490 ;
1428 2428 1523 2481 cui
1551 2426 1728 2480 etiam
1757 2424 1879 2496 post
1903 2441 1990 2481 rc-

469 2510 689 2568 cessam
718 2511 824 2550 rex
852 2497 1283 2568 contingentem
1315 2497 1420 2552 sibi
1461 2497 1526 2552 de
1567 2497 1876 2568 hospitibus
1913 2498 1992 2552 vi-

468 2566 709 2621 ctoriam
729 2567 1040 2623 nuntiavit.

467 2708 736 2779 Explicito
777 2707 942 2782 igitur
987 2709 1236 2781 superius
1268 2716 1572 2766 memorato
1621 2709 1762 2766 sacri
1802 2708 1993 2764 altaris

399 2795 595 2864 oﬂicio,
629 2798 787 2869 Hugo
816 2798 887 2853 ad
918 2815 1104 2871 regem
1153 2799 1404 2865 accessit,
1438 2806 1491 2854 et
1521 2814 1685 2870 super
1731 2799 1992 2869 indigna-

401 2885 546 2941 tione
576 2886 694 2955 ejus
742 2894 931 2942 contra
989 2903 1048 2942 se
1089 2887 1226 2942 citra
1245 2887 1500 2942 meritum
1540 2903 1699 2942 suum
1741 2887 1990 2953 excitata,

406 2987 600 3044 pauca,
633 2974 730 3029 sed
761 2973 915 3028 fortia
936 2974 1319 3046 expostulavit,
1353 2983 1404 3029 et
1437 2976 1580 3046 quod
1611 2975 1664 3029 in
1696 2975 1846 3029 illum
1907 2975 1994 3028 ni-

401 3061 476 3115 hil
507 3062 722 3132 penitus
751 3061 1090 3133 deliquisset,
1125 3062 1531 3118 evidentissima
1568 3063 1775 3119 ratione
1806 3079 1997 3134 prOpa-

400 3149 551 3206 lavit.
587 3149 797 3217 Quibus
829 3167 946 3216 rex,
981 3168 1105 3207 cum
1137 3151 1190 3205 in
1246 3153 1577 3207 contrarium
1625 3151 1756 3206 nihil
1787 3152 1995 3208 referre

406 3238 694 3309 potuisset,
728 3239 939 3295 crimen
969 3240 1126 3308 hujus
1182 3239 1405 3295 offensa),
1436 3241 1490 3294 in
1550 3240 1998 3296 Cantuaricnsem

402 3327 626 3382 retorsit
653 3328 1140 3400 archiepiscOpum,
1177 3329 1266 3400 qui
1299 3329 1402 3384 sibi
1458 3329 1732 3384 multoties
1781 3329 2000 3384 sinistra

409 3417 477 3472 de
507 3431 573 3472 eo
601 3415 922 3472 litteratoria
953 3418 1340 3490 suggessisset.
1375 3417 1507 3487 Quae
1538 3418 1697 3472 simul
1744 3418 2002 3472 universa

408 3504 638 3561 veritate
667 3521 838 3562 vacua
873 3506 1040 3562 fuisse
1065 3507 1468 3578 promptissima
1512 3506 1782 3562 rationum
1830 3505 2000 3562 facili-

405 3600 514 3648 tate
545 3594 875 3650 convincens
919 3596 1226 3666 episcopus,
1265 3619 1286 3644 α
1322 3595 1495 3660 salvo,
1529 3596 1620 3663 ait,
1654 3596 1859 3650 honore
1903 3595 2001 3648 Dei

405 3690 457 3737 et
487 3681 658 3738 salute
689 3683 884 3738 animae
913 3700 1050 3740 mera
1079 3697 1142 3739 ac
1171 3692 1273 3739 tuae
1293 3726 1307 3750 ,
1339 3684 1657 3739 utilitatibus
1703 3685 1809 3738 tuis
1857 3699 2000 3738 nun-

409 3786 573 3840 quam
602 3786 824 3842 prorsus
853 3771 941 3827 vel
970 3773 1024 3826 in
1054 3772 1269 3828 modico
1304 3772 1536 3827 obviavi.
1578 3793 1600 3821 »
1635 3773 1710 3825 Ita
1740 3771 1890 3842 regia
1921 3771 2002 3824 in-

409 3858 724 3930 dignatione
747 3859 952 3925 sedata,
1004 3860 1170 3932 regiis
1203 3860 1377 3914 xeniis
1422 3861 1712 3931 episcopus
1763 3862 2001 3914 honora-

410 3954 516 4012 tur,
551 3954 604 4001 et
633 3963 662 4001 a
691 3963 821 4019 rege
851 3947 1160 4019 hospitandi
1199 3949 1372 4019 gratia
1419 3949 1474 4002 in
1523 3949 1822 4014 castellum,
1857 3949 2000 4020 quod

411 4033 682 4090 vocitabat
702 4036 919 4090 Portum
943 4036 1125 4108 gaudii
1148 4038 1316 4107 (210),
1350 4037 1569 4108 etquod
1593 4045 1844 4092 recenter
1865 4053 2002 4092 con-

415 4131 687 4178 struxerat
717 4125 771 4178 in
803 4125 1038 4196 quadam
1068 4125 1244 4180 insula
1288 4141 1395 4180 non
1445 4125 1634 4196 procul
1663 4126 1780 4191 sita,
1829 4125 2002 4180 desti-

410 4219 584 4267 natur.
617 4213 868 4285 Bogabat
914 4229 1064 4280 vero,
1107 4222 1164 4268 ut
1195 4214 1353 4269 etiam
1412 4214 1500 4268 die
1558 4213 1804 4285 sequenti
1837 4214 1905 4268 ad
1946 4230 2003 4269 se

412 4300 640 4366 veniret,
683 4309 736 4356 et
773 4301 849 4356 ita
891 4317 1015 4358 cum
1060 4302 1239 4375 gratia
1287 4311 1341 4358 et
1399 4301 1586 4358 favore
1637 4303 1707 4357 ad
1765 4302 2000 4373 propria,

411 4398 535 4459 post
577 4389 827 4445 iteratum
857 4406 978 4446 cum
1013 4407 1077 4446 eo
1108 4391 1438 4463 colloquium
1459 4434 1472 4457 ,
1523 4399 1810 4446 remearet.
1846 4390 2006 4458 Quod

2016 3115 2066 3178 C

2087 1812 2306 1882 quidem
2356 1821 2585 1866 moestus
2639 1812 2853 1884 loquor,
2881 1813 2992 1882 jam
3047 1811 3294 1882 publicus
3353 1828 3540 1866 rumor
3571 1819 3674 1877 est,

2088 1901 2232 1970 quod
2261 1916 2362 1956 nec
2391 1901 2624 1972 propriae
2655 1901 2876 1972 conjugi
2892 1900 3153 1955 maritalis
3184 1899 3325 1955 thori
3349 1899 3511 1954 ﬁdem
3541 1906 3679 1955 con-'

2089 2003 2270 2043 servas
2305 1990 2473 2057 (212),
2535 2003 2638 2044 nec
2676 1989 3045 2044 Ecclesiarum
3092 1988 3382 2060 privilegia
3412 1988 3466 2042 in
3496 1987 3681 2058 prefi-

2089 2076 2296 2132 ciendis
2326 2077 2559 2132 maxime
2592 2077 2706 2132 sive
2736 2077 2792 2130 in
2821 2077 3089 2148 eligendis
3137 2092 3324 2131 earum
3373 2076 3680 2132 rectoribus

2089 2163 2292 2219 illibata
2316 2165 2578 2220 custodis.
2614 2164 2818 2219 Dicitur
2846 2164 3008 2232 enim,
3044 2163 3189 2235 quod
3221 2165 3388 2236 (quod
3427 2181 3559 2220 sane
3592 2164 3682 2218 ni-

2089 2253 2258 2308 mium
2289 2253 2561 2322 peculiare
2591 2253 2794 2307 crimen
2825 2257 2925 2322 est)
2956 2253 3202 2323 pecuniae
3228 2270 3324 2307 seu
3366 2253 3570 2308 favoris
3599 2252 3684 2307 in-

2090 2349 2338 2397 terventu
2365 2342 2631 2413 quosdam
2662 2341 2730 2396 ad
2753 2342 3002 2414 regimen
3033 2341 3328 2396 animarum
3351 2357 3681 2412 promovere

2092 2430 2289 2486 soleas.
2323 2430 2480 2499 Quod
2511 2430 2701 2500 procul
2751 2431 2935 2497 dubio,
2971 2431 3015 2484 si
3042 2447 3230 2484 verum
3264 2437 3364 2496 est,
3398 2446 3499 2501 pax
3529 2431 3625 2486 tibi
3656 2448 3685 2485 a

2090 2519 2324 2573 Domino
2356 2519 2580 2574 concedi
2611 2534 2719 2572 non
2748 2527 2950 2589 potest.
3001 2540 3022 2567 ι
3057 2520 3135 2574 De
3159 2519 3242 2572 his
3282 2519 3466 2590 itaque
3489 2535 3680 2591 regem

2091 2624 2192 2679 pro
2213 2617 2454 2678 tempore
2485 2607 2817 2662 admonitum
2849 2607 3140 2679 diligenter
3170 2616 3222 2661 et
3260 2607 3601 2672 instructum,
3635 2615 3688 2663 et

2092 2697 2161 2751 de
2191 2696 2310 2749 aliis
2332 2696 2549 2767 quidem
2586 2711 2644 2750 se
2674 2696 2890 2767 penitus
2934 2704 3305 2761 excusantem,
3331 2696 3399 2750 de
3457 2695 3574 2749 aliis
3604 2695 3688 2749 in-

2093 2784 2442 2839 tercessionis
2473 2800 2584 2839 suae
2613 2800 2773 2854 opem
2804 2785 2996 2839 sedulo
3026 2784 3379 2856 flagitantem,
3418 2799 3539 2839 cum
3580 2783 3686 2838 be-

2094 2872 2402 2928 nedictione
2434 2872 2664 2938 dimisit,
2698 2881 2750 2926 et
2787 2873 2855 2926 ad
2888 2872 3181 2943 hospitium
3237 2872 3394 2943 regia
3422 2872 3525 2926 sibi
3552 2889 3689 2943 pro-

2095 2961 2302 3016 visione
2333 2961 2647 3033 delegatum
2675 2961 2828 3014 lietus
2870 2961 3116 3016 secessit.

2167 3050 2280 3104 Rex
2311 3050 2516 3105 interea
2548 3051 2614 3104 de
2647 3065 2712 3104 eo
2758 3065 2881 3104 cum
2912 3050 3023 3103 suis
3071 3049 3318 3120 loquens,
3353 3059 3404 3104 et
3435 3050 3691 3105 virtutem

2097 3139 2261 3193 animi
2291 3140 2407 3208 ejus
2436 3139 2604 3192 multa
2649 3155 2774 3194 cum
2797 3138 2957 3193 laude
2987 3137 3382 3193 concelebrans
3416 3154 3426 3192 :
3467 3160 3486 3189 ε
3525 3141 3688 3203 Vere,

2098 3228 2289 3300 inquit,
2326 3228 2370 3280 si
2431 3227 2588 3292 tales,
2647 3226 2823 3298 qualis
2865 3227 2966 3281 iste
3019 3235 3121 3289 est,
3166 3235 3347 3281 essent
3395 3228 3597 3298 passim
3641 3236 3694 3283 et

2099 3317 2280 3372 caeteri
2309 3315 2570 3386 episcopi,
2623 3315 2805 3370 nullus
2836 3325 3020 3370 contra
3053 3331 3148 3370 eos
3179 3332 3369 3388 regum
3421 3325 3512 3371 aut
3542 3316 3694 3388 prin-

2101 3405 2280 3475 cipum
2312 3404 2559 3460 attollere
2591 3412 2940 3475 praesumeret
2970 3405 3258 3460 cervicem.
3301 3428 3320 3451 ιν

2172 3494 2321 3548 Tunc
2349 3493 2396 3547 ei
2443 3509 2473 3546 a
2521 3493 2632 3546 suis
2680 3493 3004 3547 consiliariis
3054 3501 3373 3564 suggestum
3405 3493 3518 3562 fuit,
3555 3511 3693 3565 qua-

2100 3589 2258 3636 tenus
2287 3598 2387 3652 per
2417 3598 2538 3637 eum
2598 3581 2651 3635 in
2714 3581 2962 3654 Angliam
3013 3581 3219 3636 litteras
3267 3580 3548 3652 dirigeret,
3585 3592 3640 3637 et
3668 3600 3696 3636 a

2101 3670 2633 3741 magnatibusterrae
2675 3669 2902 3738 alicujus
2961 3670 3106 3724 modi
3164 3671 3535 3725 subventionis
3593 3686 3695 3725 au-

2101 3758 2286 3812 xilium
2317 3758 2602 3828 flagitaret.
2639 3756 2788 3825 Quas
2820 3759 2887 3812 de
2914 3773 2980 3813 ea
3013 3774 3180 3813 causa
3212 3758 3360 3812 illum
3417 3758 3556 3814 ferre
3588 3776 3692 3829 po-

2103 3847 2367 3900 tissimum
2391 3847 2768 3910 consulebant,
2805 3846 2930 3917 quia
2976 3847 3161 3917 procul
3193 3847 3357 3902 dubio
3401 3863 3432 3901 a
3487 3849 3696 3902 cunctis

2102 3934 2454 3990 favorabilius
2508 3935 2905 4005 exciperentur,
2939 3935 2982 3988 si
3013 3952 3110 4005 per
3155 3943 3357 3989 tantum
3418 3935 3516 3988 sibi
3557 3953 3696 3990 nun—

2102 4024 2234 4077 tium
2266 4023 2440 4078 allatae
2482 4023 2726 4078 fuissent.
2788 4023 3046 4078 Nonnulli
3104 4023 3264 4078 etiam
3295 4023 3548 4077 libentius
3595 4027 3700 4080 hoc

2105 4113 2419 4183 episcopum
2465 4113 2760 4182 sperabant
2792 4121 3196 4177 exsecuturum,
3228 4120 3286 4166 ut
3307 4112 3431 4166 inde
3454 4113 3608 4184 regio
3625 4114 3700 4168 fa-

2105 4201 2222 4256 vori
2253 4201 2478 4254 ulterius
2535 4200 2904 4255 commendari
2935 4200 3219 4270 potuisset.
3281 4201 3503 4265 Verum,
3535 4209 3593 4255 ut
3631 4203 3702 4256 ait

2105 4288 2334 4359 Sapiens
2367 4307 2379 4342 :
2419 4311 2440 4338 α
2479 4290 2695 4343 Frustra
2722 4289 2920 4356 jacitur
2944 4297 3057 4343 rete
3106 4295 3230 4343 ante
3269 4289 3453 4344 oculos
3485 4305 3697 4359 penna-

2107 4385 2285 4433 torum
2318 4380 2503 4446 (Prov.
2540 4393 2576 4445 l,
2631 4377 2741 4447 17),
2781 4402 2801 4424 ››
2866 4377 3113 4447 protinus
3140 4377 3407 4448 siquidem
3462 4393 3561 4447 per
3609 4394 3698 4432 re-

410 4479 501 4534 ille
556 4486 834 4552 gratanter
887 4479 1143 4545 audiens,
1183 4496 1242 4534 se
1291 4480 1344 4533 in
1386 4479 1626 4536 crastino
1655 4495 2002 4535 reversurum
2024 4473 2076 4534 D
2106 4467 2191 4539 gis
2223 4467 2554 4522 dOmOSliCOS
2584 4465 2684 4520 Sibi
2705 4465 2883 4520 omnia
2916 4467 3031 4520 hinc
3065 4466 3436 4520 innomemm-
3478 4467 3698 4537 8υὲἕὲ-

411 4567 679 4638 promisit.

482 4656 681 4712 Verum
730 4664 783 4712 et
813 4657 879 4711 de
926 4656 1096 4712 salute
1127 4657 1318 4712 animae
1346 4657 1516 4727 ipsius
1565 4655 1824 4727 pastorali
1848 4656 2004 4710 solli-

409 4744 645 4800 citudine
665 4745 752 4816 pie
785 4745 1053 4811 curiosus,
1086 4745 1424 4816 apprehensa
1453 4747 1571 4812 ejus
1621 4761 1783 4800 manu
1814 4762 1842 4798 a
1874 4746 2006 4800 sede

411 4848 506 4887 sua
531 4832 706 4904 ipsum
741 4833 984 4902 elevans,
1018 4834 1283 4903 protraxit
1333 4848 1579 4888 seorsum
1606 4850 1779 4904 usque
1811 4834 1878 4887 ad
1919 4833 2004 4888 lo-

411 4936 534 4974 cum
555 4937 727 4991 prope
775 4921 961 4986 altare,
997 4921 1308 4992 ibidemque
1356 4937 1480 4976 eum
1511 4922 1704 4976 sedere
1753 4937 2002 4985 monens,

411 5024 532 5064 cum
563 5017 616 5062 et
645 5009 762 5079 ipse
794 5009 996 5078 pariter
1027 5009 1260 5074 sederet,
1298 5010 1375 5064 sic
1416 5026 1539 5064 eum
1572 5011 1835 5065 secretius
1874 5009 2006 5063 allo-

413 5097 590 5167 quitur
623 5114 636 5149 :
675 5117 696 5145 ι
733 5097 948 5159 Noster,
981 5096 1172 5167 inquit,
1236 5098 1600 5167 parochianus
1655 5114 1734 5161 es,
1788 5098 2006 5151 domine

417 5201 535 5250 rex,
572 5184 839 5255 nobisque
871 5185 1131 5239 incumbit
1164 5185 1370 5239 ratione
1414 5185 1699 5256 pastoralis
1731 5202 1876 5240 cura:
1907 5202 2007 5256 pro

475 5358 618 5423 (210)
647 5362 809 5416 Idem,
849 5366 902 5411 ut
941 5363 1150 5421 videtur,
1193 5375 1301 5413 cum
1331 5363 1530 5412 castello
1556 5362 1614 5412 de
1660 5363 1855 5422 Andeli,
1900 5377 2008 5414 cum

403 5427 520 5477 illud
548 5441 746 5488 novum,
775 5431 823 5478 ct
855 5430 943 5478 hoc
966 5434 1190 5480 recenter
1213 5433 1544 5479 constructum
1567 5429 1774 5481 dicatur.

477 5510 617 5575 (2H)
645 5514 714 5562 Ex
743 5515 830 5564 hoc
859 5514 1100 5577 colligitur
1126 5517 1374 5574 llugonem
1395 5514 1539 5562 etiam
1567 5526 1693 5563 anno
1729 5515 1858 5564 1197
1885 5515 2010 5578 apud

407 5590 572 5639 regem
600 5579 768 5629 fuisse.

2113 4555 2358 4609 rentibus
2389 4562 2570 4609 autem
2601 4553 2704 4608 sibi
2733 4554 2966 4619 clericis,
2997 4561 3263 4624 quatenus
3293 4554 3344 4607 in
3378 4571 3436 4609 re
3468 4563 3578 4607 tam
3615 4554 3701 4610 fa—

2110 4644 2196 4698 cili
2216 4651 2432 4713 pareret
2461 4642 2708 4697 alacriter
2740 4643 2906 4712 regia:
2927 4642 3210 4707 voluntati,
3241 4642 3328 4697 ille
3361 4659 3484 4697 cum
3508 4659 3701 4712 magna

2112 4731 2493 4801 aspernatione
2533 4731 2697 4785 verba
2727 4746 2914 4785 eorum
2945 4731 3171 4801 respuit,
3194 4731 3382 4786 dicens
3417 4747 3428 4782 :
3467 4754 3487 4777 α
3526 4731 3700 4799 Absit,

2112 4820 2301 4889 inquit,
2337 4820 2441 4873 hoc
2471 4835 2501 4871 a
2531 4819 2652 4872 mel
2699 4819 2819 4872 Non
2871 4828 2952 4872 est
2982 4835 3184 4883 meum,
3217 4819 3530 4889 portitorem
3587 4818 3702 4874 ﬁeri

2111 4907 2375 4978 regalium
2419 4907 2735 4960 litterarum.
2784 4907 2899 4962 Nec
2929 4907 3070 4960 enim
3102 4907 3401 4977 proposito,
3455 4907 3550 4961 sed
3599 4923 3700 4962 ne-

2113 5012 2215 5065 que
2244 4994 2417 5050 otlicio
2449 5011 2588 5058 meo,
2622 5011 2924 5066 congruere
2984 4995 3126 5048 istud
3185 5002 3382 5065 potest.
3440 4995 3582 5058 Non,
3616 4996 3702 5048 in-

2111 5083 2244 5153 quit,
2281 5092 2360 5137 est
2386 5099 2583 5146 meum,
2618 5083 2957 5137 exactionum
3004 5083 3315 5150 hujusmodi
3355 5083 3440 5137 vel
3486 5083 3540 5136 in
3580 5100 3701 5136 mo-

2111 5171 2232 5226 dico
2293 5171 2524 5226 existere
2574 5179 3000 5241 cooperatorem.
3063 5172 3183 5225 Non
3239 5172 3370 5225 latet
3428 5188 3545 5239 vos,
3581 5171 3704 5242 quia

2180 5349 2319 5411 (212)
2369 5351 2713 5411 Bcrengariam
2763 5350 2890 5412 regis
2937 5351 3163 5398 Navarraa
3212 5349 3360 5397 tiliam
3411 5349 3703 5408 Richardus,

2111 5430 2237 5465 anno
2271 5418 2411 5475 1191,
2439 5417 2578 5466 duxit
2619 5418 2666 5466 in
2708 5418 2987 5478 conjugem,
3019 5429 3164 5477 quam
3190 5419 3328 5477 llugo
3356 5417 3401 5464 in
3427 5420 3584 5464 castro
3615 5417 3704 5464 Bc-

2111 5484 2406 5544 vafordensi,
2424 5483 2561 5541 juxta
2589 5483 2700 5534 libri
2738 5483 2882 5544 hujus
2908 5495 3015 5545 cap.
3059 5483 3116 5530 15
3144 5483 3326 5543 invisit,
3359 5485 3406 5532 et
3433 5482 3705 5532 consolatus

2116 5550 2203 5599 fuit
2230 5562 2354 5600 anno
2385 5551 2532 5599 1199.
