3938 6406
156 314 300 371 1049

1550 306 1732 364 VITA.
1762 334 1832 349 --
1869 305 1997 361 LIB.
2039 305 2104 362 γ.

3353 286 3493 361 1650

157 451 389 508 semper
417 434 565 492 velut
592 433 794 490 nudato
828 432 1099 506 supplicat
1148 449 1278 490 ense
1320 433 1423 489 iste
1460 438 1695 504 potens;
1725 432 1852 493 etA
1878 430 2085 487 niensis
2132 431 2446 501 canonicos,
2496 432 2589 505 qui
2631 431 2933 489 innumeris
2979 429 3279 488 redditibus
3324 429 3480 487 locu-

155 524 283 580 haec
325 523 630 595 praesertim
681 529 947 593 potestas,
996 538 1121 577 cum
1174 522 1377 593 jugiter
1436 520 1588 591 petit,
1647 535 1780 591 pre-

159 612 354 667 mitur.
423 611 586 684 Angli
645 610 817 665 nostri
866 610 1081 664 blandis
1124 609 1344 681 quidem
1394 607 1783 663 sollicitationi-

162 701 270 754 bus
302 699 482 771 primo
523 698 855 765 alliciuntur,
904 697 997 770 qui
1059 697 1278 752 demum
1327 695 1645 768 asperrimis
1688 712 1780 751 co-

163 788 498 854 actionibus,
532 802 642 842 non
673 786 742 841 ad
772 786 919 858 quod
956 785 1059 857 ipsi
1089 785 1364 854 volebant,
1417 785 1513 840 sed
1542 785 1612 839 ad
1635 783 1777 855 quod

164 876 293 949 regi
352 874 634 947 placuerit,
711 874 1105 930 conferendum
1184 873 1555 945 impelluntur.
1621 872 1777 944 Saepe

164 964 332 1019 etiam
371 962 525 1018 inviti
569 962 624 1017 id
673 962 898 1033 exsequi
948 968 1237 1035 coguntur,
1289 960 1437 1033 quod
1487 961 1656 1015 semel
1686 960 1776 1015 ul-

158 1060 413 1120 troneos,
446 1051 533 1107 vel
564 1049 713 1122 ipsos
744 1058 836 1106 aut
864 1066 1054 1106 eorum
1101 1050 1540 1121 praedecessores
1578 1048 1776 1105 fecisse

163 1147 453 1196 noverunt.
488 1139 612 1195 Non
640 1154 776 1212 ergo
805 1154 894 1194 me
924 1138 1205 1211 contingat
1249 1137 1450 1193 talibus
1479 1136 1775 1193 immisceri

164 1228 367 1300 quibus
391 1243 515 1284 cum
539 1227 827 1298 dispendio
838 1226 1079 1298 proximi
1094 1233 1419 1298 cooperatur
1434 1225 1609 1298 gratia
1624 1225 1775 1298 regis

166 1316 398 1382 terreni,
455 1323 505 1371 et
589 1314 891 1388 indignatio
932 1315 1253 1371 succederet
1301 1322 1355 1369 et
1402 1313 1774 1370 incurreretur

164 1403 554 1475 omnipotentis
583 1403 703 1458 Dei.
744 1426 769 1454 η
798 1404 1004 1459 Monuit
1042 1402 1204 1474 igitur
1238 1402 1386 1474 regis
1436 1401 1773 1458 consiliarios

160 1493 475 1564 episcopus,
526 1499 583 1546 ut
625 1498 919 1562 procurent
964 1508 1034 1546 ne
1080 1490 1183 1545 sibi
1230 1490 1355 1545 talia
1396 1490 1767 1563 injungantur,

160 1576 309 1631 unde
330 1575 758 1632 contradicendo
788 1574 958 1648 regia;
974 1574 1367 1641 deliberationi,
1392 1574 1563 1645 ipsius
1589 1574 1770 1630 denuo

162 1664 398 1736 gratiam
429 1663 605 1735 ipsam
654 1663 921 1719 demereri
968 1678 1197 1718 necesse
1245 1663 1331 1718 sit.
1384 1660 1519 1731 Quae
1565 1669 1624 1716 ut
1653 1662 1770 1734 regi

1879 519 2054 587 pletes
2087 520 2255 590 (214),
2288 535 2419 576 auro
2450 520 2612 576 etiam
2630 521 2717 577 vel
2738 528 2966 594 argento
2992 518 3325 592 praedivites,
3348 518 3490 575 citra

1879 608 2216 679 gravaminis
2269 608 2541 677 jacturam
2586 625 2696 664 non
2751 610 2996 665 modicas
3059 607 3321 679 pecunias
3370 607 3486 664 suis

1879 695 2181 767 quivissent
2212 684 2428 753 scriniis
2457 696 2675 752 inferre.
2715 721 2736 746 υ
2762 695 3084 765 Hujusmodi
3102 711 3235 752 vero
3262 694 3485 768 ingenio

1879 799 1994 850 eas,
2044 783 2314 855 inquiunt,
2382 783 2543 840 facile
2589 784 2689 840 erit
2735 793 3055 867 extorquere
3119 784 3188 838 ab
3251 782 3480 839 eisdem.

1879 871 2096 927 Scribat
2154 871 2419 927 Dominus
2485 879 2673 927 noster
2717 889 2811 928 rex
2872 871 3248 927 Cantuariensi
3291 870 3481 927 archi-

1878 958 2137 1030 episcopo
2167 961 2337 1031 (215),
2369 968 2426 1014 ut
2456 961 2525 1015 de
2554 960 2766 1034 gremio
2795 959 3192 1016 Lincolniensis
3217 959 3482 1016 Ecclesiae

1877 1048 2166 1103 duodecim
2197 1048 2344 1103 viros
2372 1048 2665 1120 prudentia
2704 1058 2757 1105 et
2803 1048 3029 1105 consilio
3073 1047 3480 1120 prmminentes,

1877 1136 2186 1208 eloquentia
2216 1137 2377 1193 etiam
2408 1137 2668 1209 praeditos
2690 1138 2849 1215 (quqs
2871 1137 2989 1209 ipse
3017 1136 3232 1192 noverit
3259 1136 3482 1205 servitio

1875 1232 2057 1280 vestro
2079 1241 2201 1281 esse
2221 1225 2470 1295 idoneos)
2502 1226 2572 1281 ad
2593 1241 2692 1281 vos
2712 1226 2981 1281 destinare
3001 1224 3238 1292 festinet,
3272 1224 3365 1296 qui
3384 1240 3480 1282 re-

1874 1313 1979 1368 bus
2000 1313 2320 1384 opportunis
2342 1313 2672 1371 suﬂicienter
2685 1313 2932 1371 instructi
2954 1321 3135 1370 vestra
3155 1312 3366 1384 possint
3384 1328 3481 1370 ne-

1872 1401 2043 1475 gotia,
2075 1402 2313 1473 propriis
2343 1402 2557 1458 illorum
2581 1403 2904 1475 sumptibus,
2935 1402 2991 1458 in
3019 1401 3182 1458 Curia
3208 1403 3476 1469 Romana,

1872 1488 1928 1543 in
1956 1488 2280 1545 Alemannis
2336 1498 2497 1563 atque
2526 1491 2804 1562 Hispania,
2854 1506 3067 1548 necnon
3096 1498 3149 1545 et
3175 1489 3325 1560 alibi,
3369 1504 3478 1562 quo

1872 1591 1966 1633 eos
1994 1577 2320 1636 censueritis
2350 1578 2725 1644 destinandos,
2757 1578 3085 1649 competenti
3133 1577 3353 1634 solertia
3382 1593 3478 1634 ex-

1870 1665 2075 1736 pedire.
2144 1665 2249 1735 Qui
2304 1666 2552 1738 pluribus
2613 1667 3013 1722 immoremur?
3051 1667 3210 1723 Venit
3256 1667 3478 1723 tandem

161 1752 517 1807 innotuerunt
543 1793 557 1821 ,
590 1752 769 1807 statim
800 1751 1069 1807 mandavit
1098 1759 1151 1807 et
1198 1755 1463 1823 quatenus
1512 1751 1583 1806 ad
1613 1766 1767 1805 suam
1790 1780 1844 1842 Β
1873 1753 2095 1808 nuntius
2125 1754 2524 1825 archiepiscopi
2553 1754 2623 1809 ad
2671 1755 3010 1826 episcopum,
3060 1762 3400 1835 praesentans
3426 1755 3479 1811 ei

160 1856 291 1897 cum
320 1840 420 1896 Dei
450 1840 826 1896 benedictione
869 1838 1171 1896 Ecclesiam
1212 1838 1436 1906 rediret,
1477 1853 1580 1894 nec
1609 1854 1771 1895 mane

161 1929 336 1984 altero
382 1928 450 1983 ad
519 1944 578 1984 se
641 1928 940 1995 veniendi,
989 1934 1047 1982 ut
1090 1927 1462 1994 condixerant,
1528 1927 1769 1982 laborem

164 2025 491 2083 assumeret,
526 2016 621 2072 sed
657 2033 758 2087 pro
789 2032 853 2071 eo
884 2016 952 2071 ad
981 2015 1271 2071 Dominum
1302 2015 1448 2071 bono
1478 2016 1659 2071 animo
1680 2017 1769 2070 in-

165 2104 482 2161 desinenter
509 2113 707 2161 oraret.
760 2105 849 2160 Sic
905 2105 1064 2177 Hugo
1109 2104 1164 2158 in
1210 2103 1429 2160 nomine
1471 2104 1688 2160 Domini
1736 2120 1770 2159 a

164 2193 448 2249 curialium
478 2193 685 2265 laqueis
716 2190 998 2260 liberatus,
1050 2194 1225 2248 Deum
1273 2192 1565 2266 magnifice
1602 2193 1768 2249 bene-

161 2282 353 2338 dicens
382 2298 506 2338 cum
538 2282 651 2338 suis
680 2281 932 2339 omnibus
979 2280 1050 2338 ad
1100 2297 1200 2337 sua
1247 2297 1371 2338 cum
1418 2281 1619 2354 gaudio
1676 2298 1767 2338 re-

163 2370 384 2427 meavit.

237 2460 339 2515 Vix
368 2466 547 2515 autem
578 2459 835 2531 episcopo
863 2459 918 2514 in
951 2458 1203 2531 Angliam
1234 2474 1475 2526 reverso,
1512 2475 1636 2515 cum
1665 2475 1767 2516 nec

163 2548 236 2603 ad
279 2547 588 2604 Ecclesiam
636 2564 788 2603 suam
832 2547 1193 2620 pervenisset,
1241 2548 1386 2603 idem
1442 2564 1535 2604 rex
1581 2556 1765 2604 contra

159 2652 355 2709 regem
414 2636 746 2693 Francorum
798 2639 946 2706 (213)
995 2652 1163 2708 prope
1210 2635 1518 2693 Gisorcium
1562 2637 1765 2708 impetu

160 2724 328 2792 facto,
363 2732 416 2781 et
444 2725 620 2797 captis
647 2725 891 2797 pluribus
920 2725 1091 2797 ipsius
1131 2725 1469 2796 optimatum,
1502 2725 1679 2797 ipsu'n
1709 2725 1765 2780 in

159 2813 348 2884 fugam
378 2813 510 2886 egit.
543 2813 693 2870 Tunc
722 2814 883 2869 etiam
916 2828 1102 2869 comes
1148 2812 1525 2869 Niverniensis
1554 2813 1609 2868 in
1654 2813 1763 2870 fos-

160 2908 341 2956 satum
369 2900 579 2957 castelli
609 2901 870 2972 dejectus,
905 2902 1064 2973 aquis
1087 2910 1311 2957 enectus
1340 2900 1558 2957 interiit.
1591 2902 1763 2972 Hujus

163 2996 342 3045 autem
374 2989 635 3060 triumphi
664 2990 863 3045 seriem
923 3006 1017 3045 rex
1065 3005 1192 3045 mox
1242 2989 1609 3045 Lincolniensi
1654 2990 1763 3061 epi-

160 3092 328 3149 sc0po
356 3076 694 3150 significans,
730 3086 802 3145 et,
831 3084 886 3134 ut
907 3094 1008 3148 pro
1032 3093 1117 3145 eo,
1142 3077 1280 3135 sicut
1309 3086 1571 3150 coeperat,
1606 3095 1761 3135 orare

164 3166 479 3237 dignaretur
522 3165 839 3237 suppliciter
886 3181 1136 3233 exorans,
1186 3166 1409 3222 nomina
1453 3183 1667 3239 quoque
1716 3176 1767 3223 et

164 3270 451 3310 numerum
484 3253 729 3310 virorum
758 3253 996 3321 fortium,
1031 3272 1168 3327 quos
1200 3263 1459 3326 cmperat,
1491 3255 1765 3312 litterato-

164 3342 244 3398 rie
274 3342 561 3414 expressit,
596 3343 844 3400 scribens
872 3344 1014 3399 inter
1033 3352 1232 3399 caetera
1261 3352 1312 3399 et
1342 3360 1591 3400 asserens
1620 3345 1766 3417 quod

163 3432 329 3487 etiam
357 3431 474 3503 ipse
505 3448 603 3487 rex
636 3432 913 3504 Philippus
946 3432 1075 3487 satis
1105 3433 1173 3488 de
1215 3432 1419 3489 fossato
1449 3432 1675 3490 bibisset
1710 3434 1765 3490 in

161 3519 306 3592 quod
328 3519 637 3590 cecidisset,
670 3519 797 3594 fuga
826 3520 1047 3593 quidem
1090 3521 1381 3593 praecipiti,
1408 3521 1513 3577 nisi
1543 3537 1765 3578 suorum

162 3623 265 3679 ope
293 3609 587 3665 subvectus
636 3609 901 3665 evasisset
946 3609 1244 3665 interitum.
1296 3611 1451 3667 Hunc
1499 3610 1765 3667 honorem

163 3704 345 3752 autem
406 3706 570 3769 atque
645 3699 950 3769 trOphaaum
996 3699 1114 3770 regi
1161 3698 1375 3755 ccelitus
1441 3714 1765 3756 concessum

163 3784 371 3840 meritis
400 3787 574 3842 sancti
605 3786 855 3857 praesulis
883 3786 1037 3841 multi
1069 3787 1231 3842 etiam
1282 3803 1506 3842 suorum
1535 3787 1768 3844 aﬂirma-

159 3874 311 3939 bant,
362 3890 520 3946 quem
576 3874 692 3945 ipse
746 3890 844 3946 pro
901 3875 1154 3942 Domino,
1213 3875 1440 3946 pristina
1495 3875 1764 3932 simultate

154 3961 359 4017 omissa
388 3962 705 4020 decreverat
732 3963 1032 4035 impensius
1062 3964 1334 4020 venerari.

787 4113 1012 4169 CAPUT
1042 4114 1117 4168 IX
1132 4155 1144 4168 .

166 4219 345 4286 Quam
362 4221 769 4292 constanter‘se
790 4219 863 4274 ad
876 4222 1216 4276 mandatum
1228 4237 1423 4292 regum
1444 4223 1763 4285 excusavit,

240 4306 344 4363 quo
365 4290 469 4344 sibi
485 4289 802 4363 mandatur
820 4295 884 4345 ut
906 4292 978 4345 ad
995 4293 1182 4363 ipsum
1200 4289 1456 4348 mitteret
1476 4293 1763 4348 duodecim

238 4360 305 4434 de
323 4360 582 4431 personis
603 4376 721 4434 suae
734 4360 1152 4434 Lincolniensis
1174 4363 1434 4418 Ecclesia:
1454 4364 1550 4434 qui
1569 4363 1643 4418 ad
1662 4379 1769 4419 sua

235 4430 428 4501 forent
467 4430 678 4504 nuntia
700 4432 1052 4504 eapedienda
1084 4434 1350 4504 aptiores,
1379 4430 1579 4489 contra
1600 4449 1767 4490 exse-

1873 1841 2163 1898 duodecim
2211 1842 2367 1913 paria
2412 1842 2736 1909 litterarum,
2785 1842 3012 1898 totidem
3052 1842 3316 1899 Ecclesiae
3362 1858 3478 1900 sum

1868 1930 2121 2001 personis
2153 1947 2217 1986 ex
2250 1930 2701 1987 eminentioribus
2749 1930 3106 2004 porrigenda,
3158 1930 3341 2002 sigillo
3387 1945 3478 1986 ar-

1869 2017 2257 2089 chiepiscOpali
2277 2018 2507 2074 inclusa.
2535 2018 2723 2073 Attulit
2745 2018 2906 2073 etiam
2927 2017 3196 2090 speciales
3216 2018 3478 2091 episcopo

1868 2105 2099 2171 litteras,
2164 2106 2222 2161 in
2277 2107 2475 2179 quibus
2538 2107 2925 2179 praedictarum
2972 2115 3130 2164 tenor
3177 2107 3477 2163 litterarum

1862 2194 2016 2263 juxta
2045 2194 2332 2250 formulam
2364 2196 2616 2267 superius
2645 2196 3095 2267 comprehensam
3124 2196 3477 2267 exprimeba-

1867 2288 1972 2336 tur.
2008 2283 2069 2336 In
2098 2298 2284 2339 earum
2315 2298 2447 2340 vero
2478 2284 2647 2351 calce,
2697 2284 2850 2357 regia
2880 2283 3218 2340 auctoritate
3264 2284 3473 2355 pariter

1867 2378 1919 2425 et
1949 2385 2045 2426 sua
2071 2370 2349 2427 mandavit
2397 2379 2662 2444 quatenus
2708 2372 2919 2428 litteras
2957 2372 3202 2446 singulas
3245 2372 3355 2427 illis
3399 2373 3473 2430 ad

1864 2474 2002 2531 quos
2035 2468 2188 2514 erant
2216 2460 2435 2531 scripta:
2464 2460 2720 2529 mitteret,
2773 2476 2909 2533 quos
2953 2461 3025 2516 ad
3072 2477 3226 2515 suam
3256 2476 3474 2533 quoque

1862 2547 2211 2618 praesentiam
2249 2548 2571 2616 destinaret,
2620 2556 2845 2620 paratos
2887 2549 3039 2618 juxta
3077 2547 3310 2604 formam
3331 2549 3473 2623 regii

1862 2635 2101 2690 mandati
2133 2636 2204 2691 ad
2233 2636 2413 2707 ipsum
2458 2636 2781 2708 quantocius
2827 2653 3012 2708 regem
3043 2636 3413 2693 transfretare.
3444 2659 3465 2687 ι

1862 2723 1958 2778 His
2002 2723 2256 2797 cognitis,
2298 2724 2376 2779 illi
2441 2725 2733 2796 specialius
2775 2724 3155 2792 turbabantur,
3207 2725 3300 2798 qui
3343 2734 3473 2783 tunc

1863 2811 2066 2867 ibidem
2096 2820 2397 2883 praesentes
2426 2812 2651 2880 inventi,
2683 2813 2753 2870 ad
2800 2813 3031 2869 invisam
3078 2829 3139 2870 se
3175 2813 3471 2871 audierunt

1862 2900 2261 2971 expeditionem
2293 2901 2573 2957 accersiri.
3491 2898 3496 2908 ’

1932 2991 2001 3044 At
2046 2989 2337 3060 episcopus
2381 2991 2452 3045 ad
2502 2991 2687 3046 audita
2749 2989 2882 3045 nihil
2944 2991 3286 3063 respondens
3330 2991 3470 3064 (erat

1864 3076 2007 3133 enim
2037 3078 2173 3133 hora
2201 3077 2526 3149 prandendi)
2573 3079 2644 3135 ad
2685 3096 2930 3135 mensam
2969 3081 3078 3149 jam
3110 3080 3343 3137 accessit
3367 3096 3469 3152 pa-

1798 3139 1845 3200 C
1868 3173 2057 3221 ratam.
2089 3166 2287 3223 Clerici
2316 3167 2458 3223 inter
2486 3168 2771 3239 prandium
2821 3168 3054 3226 invicem
3096 3169 3465 3237 mussitantes,

1868 3269 1927 3310 se
1956 3255 2147 3311 timere
2176 3264 2429 3311 asserunt
2457 3272 2526 3312 ne
2564 3256 2789 3312 duriora
2836 3257 3126 3329 episcopus
3154 3258 3343 3314 nuntio
3371 3274 3468 3314 re-

1868 3344 2175 3414 sponderet,
2208 3359 2332 3400 cum
2361 3360 2469 3400 non
2487 3343 2784 3416 pontificali
2816 3346 3124 3413 severitate,
3163 3347 3263 3402 sed
3289 3346 3470 3418 potius

1867 3431 2088 3488 lenitate
2131 3432 2419 3499 submissa,
2468 3433 2524 3487 in
2568 3448 2698 3489 casu
2747 3441 2853 3488 tam
2902 3433 3279 3502 formidoloso,
3330 3450 3470 3506 opus

1867 3528 2013 3576 esset
2039 3520 2110 3575 ad
2142 3520 2528 3592 experiendum
2576 3522 2844 3593 primitus,
2879 3522 2926 3577 si
2970 3521 3108 3579 forte
3154 3522 3466 3579 blandiente

1867 3608 2262 3679 supplicatione
2293 3609 2544 3665 dominus
2575 3610 2980 3667 Cantuariensis
3009 3620 3193 3683 posset
3223 3611 3463 3683 deliniri,

1867 3696 1979 3768 qui,
2012 3696 2057 3751 si
2084 3697 2263 3763 vellet,
2314 3697 2431 3769 ipse
2481 3698 2765 3754 consilium
2813 3700 2956 3755 istud
2984 3700 3041 3755 in
3085 3699 3282 3757 melius
3310 3699 3469 3756 facile

1866 3793 2244 3841 commutaret.
2276 3787 2405 3842 Haec
2432 3786 2539 3841 illis
2584 3795 2767 3845 mutuo
2811 3788 3236 3855 conferentibus,
3272 3788 3470 3844 avertit

1866 3874 2043 3943 Hngo,
2078 3873 2159 3930 vir
2188 3874 2398 3930 robusti
2420 3876 2677 3947 pectoris,
2726 3877 2884 3933 citius
2928 3877 3236 3933 formidinis
3279 3893 3468 3935 eorum

1867 3960 2239 4018 diffidentiam.
2272 3963 2427 4020 Unde
2458 3965 2660 4020 nullius
2690 3981 2756 4021 ex
2786 3966 2866 4021 eis
2908 3982 3075 4037 super
3121 3965 3470 4022 reformanda

1866 4050 2224 4121 responsione
2285 4051 2571 4108 consilium
2624 4054 2899 4125 expetivit,
2946 4054 3046 4110 sed
3088 4055 3366 4122 continuo,
3412 4062 3472 4110 ut

1867 4138 2099 4192 surrexit
2126 4154 2159 4193 a
2201 4138 2490 4215 discnbitu,
2535 4141 2606 4197 ad
2652 4141 2899 4197 nuntium
2941 4142 3034 4213 qui
3080 4150 3308 4199 venerat
3350 4144 3471 4200 haec

1867 4234 1948 4280 est
1975 4233 2297 4297 prosecutus
2328 4244 2343 4282 :
2374 4250 2397 4275 ι
2431 4228 2606 4295 Nova,
2639 4228 2832 4300 inquit,
2865 4244 2969 4286 nec
3009 4231 3243 4302 uspiam,
3276 4232 3469 4288 hacte-

1866 4330 1969 4368 nus
1999 4322 2122 4369 sunt
2155 4315 2358 4384 audita,
2395 4323 2501 4370 tam
2530 4332 2593 4371 ea
2614 4333 2736 4388 quae
2759 4318 3083 4374 auctoritate
3111 4318 3280 4391 regia:
3308 4334 3471 4390 quam

1868 4410 1919 4458 et
1948 4401 2042 4456 illa
2073 4418 2195 4473 qua:
2243 4419 2339 4458 sua
2386 4404 2662 4460 voluntate
2704 4404 2937 4478 injungit
2980 4406 3233 4462 dominus
3278 4414 3468 4464 noster

234 4490 454 4555 ξωιονεε
484 4500 643 4555 dato;
672 4501 745 4555 (ιιι
776 4490 1209 4569 ἐοηβδεαηάξιτη
1240 4490 1433 4560 οτηᾲιία
1479 4504 1623 4560 bona
1660 4521 1765 4560 εηα
1788 4493 1843 4553 D
1871 4490 2300 4546 Cantuariensis.
2333 4491 2481 4547 Sciat
2508 4499 2689 4547 tamen
2717 4492 2808 4549 ille
2837 4510 2926 4548 me
2955 4509 3233 4566 nunquam
3261 4494 3468 4550 littera-

236 4586 539 4625 censuram
588 4574 900 4628 exercendo
947 4574 1409 4629 ecclesiasticam.
1442 4605 1510 4614 —
1540 4577 1611 4631 Et
1655 4576 1755 4631 hoc

240 4644 324 4696 est
353 4644 526 4711 capit.
561 4644 593 4695 7
624 4644 684 4697 in
716 4644 861 4698 serie
885 4659 1108 4714 magme
1142 4646 1292 4699 Vitae.

233 4746 555 4819 Excogitato
585 4755 764 4802 autem
794 4748 864 4802 ab
890 4748 1098 4803 aemulis
1124 4749 1223 4804 viri
1249 4750 1346 4805 Dei
1376 4758 1610 4806 versuta
1639 4749 1762 4805 sub-

157 4833 364 4889 tilitatis
409 4833 791 4907 irrefragibili,
840 4844 893 4890 ut
940 4836 1253 4907 putabatur,
1300 4839 1756 4907 machinamento,

163 4922 479 4994 suggeritur
510 4923 648 4993 regi,
681 4923 941 4993 plurimos
958 4940 1080 4979 esse
1100 4925 1242 4980 inter
1263 4926 1520 4981 Ecclesiae
1550 4927 1762 4983 Lincol-

236 5099 381 5165 (213)
405 5100 701 5163 Philippum.
751 5103 822 5153 De
862 5103 957 5153 hoc
1003 5104 1168 5166 praelio
1211 5108 1261 5155 et
1295 5103 1498 5157 victoria
1541 5104 1764 5157 videatur

164 5168 415 5285 :‘rivetttus
437 5168 486 5218 in
511 5170 696 5219 Chron.
723 5169 783 5220 ad
809 5181 992 5221 annum
1024 5171 1168 5231 1198,
1206 5171 1287 5221 ubi
1331 5172 1411 5223 hic
1452 5172 1606 5224 relata
1651 5185 1766 5224 con-

202 5248 302 5287 rma
334 5273 345 5286 .

232 5330 374 5394 (214)
416 5330 484 5379 De
527 5328 773 5391 opulentia
800 5332 849 5380 et
883 5329 1202 5393 amplitudine
1242 5333 1548 5395 episcopatus
1570 5333 1766 5385 Lincol-

165 5397 347 5447 niensis
372 5397 438 5447 ita
466 5395 639 5444 scribit
664 5396 892 5446 Giraldus
916 5396 1112 5447 Camlir.
1151 5398 1293 5457 Angl.
1338 5400 1501 5449 Sacra:
1539 5404 1666 5461 part.
1708 5413 1762 5461 ιι,

163 5477 216 5526 p.
247 5466 345 5514 417
379 5476 393 5512 :
433 5478 452 5508 α
479 5462 651 5512 Crevit
687 5475 801 5523 ergo
833 5463 1057 5513 dimcesis
1094 5464 1445 5515 Lincolniensis
1478 5478 1565 5526 per
1604 5468 1767 5518 Remi-

160 5532 308 5594 gium,
347 5529 438 5582 sed
465 5528 684 5579 decrevit
708 5529 975 5581 enormiter
1000 5542 1089 5592 per
1110 5530 1377 5582 Robertum
1401 5534 1450 5583 et
1476 5532 1763 5584 Robertum.

1858 4595 1981 4633 rum
2045 4595 2267 4633 suarum
2310 4579 2426 4635 fore
2473 4580 2558 4636 vel
2625 4580 2794 4636 fuisse
2839 4581 3179 4653 portitorem,
3229 4597 3335 4639 nec
3381 4599 3470 4640 me

1860 4668 2087 4724 clericos
2125 4677 2342 4724 nostros
2372 4670 2541 4742 regiis
2569 4670 2861 4741 aliquando
2898 4670 3135 4726 servitiis
3167 4671 3465 4744 obligasse,

1860 4765 1947 4811 aut
1978 4757 2348 4828 obligaturum
2378 4774 2520 4814 esse.
2553 4758 2812 4814 Prohibui
2857 4775 3002 4829 saepe
3032 4759 3268 4825 clericis,
3301 4760 3467 4817 etiam

1862 4844 2072 4911 alienis,
2106 4845 2161 4899 in
2182 4846 2499 4917 episcopatu
2531 4854 2724 4902 nostro
2773 4846 3129 4916 beneficiatis,
3179 4865 3248 4903 ne
3280 4848 3334 4904 in
3363 4866 3469 4920 pu-
3500 4902 3517 4909 -

1862 4933 2022 4988 blicis
2068 4933 2457 5002 functionibus,
2506 4943 2565 4990 ut
2614 4943 2695 4991 est
2739 4935 2793 4990 in
2842 4936 3208 4993 distrahendis
3253 4936 3471 4994 forestis

1864 5081 2076 5162 Cunctas
2103 5114 2271 5162 tamen
2297 5111 2609 5164 cathedrales
2646 5112 2806 5163 adhuc
2850 5113 2987 5176 regni
3028 5112 3178 5164 totius
3213 5113 3469 5177 ecclesias,

1840 5192 1841 5195 η
1865 5189 1931 5227 vn
1955 5181 2215 5229 comitatus
2241 5181 2291 5228 et
2313 5178 2566 5229 dimidium
2592 5179 2641 5228 in
2665 5191 2718 5229 se
2737 5179 3010 5243 continens,
3032 5183 3177 5230 terra:
3202 5180 3469 5244 populosae,

1865 5248 1915 5293 et
1938 5248 2119 5308 praeter
2144 5245 2306 5295 varios
2334 5247 2639 5309 personatus,
2659 5245 2780 5295 alios
2800 5259 2868 5295 vn
2894 5246 2969 5297 vel
2992 5259 3080 5295 vui
3104 5246 3472 5299 archidiacona-

1864 5312 1944 5360 tus
1966 5311 2172 5372 habens,
2199 5311 2340 5373 longe
2368 5312 2559 5372 lateque
2582 5312 2809 5362 diceeesis
2832 5312 3154 5375 amplitudine
3178 5313 3350 5365 vincit.
3375 5331 3396 5362 ι

1931 5400 2082 5468 (215)
2134 5404 2186 5454 1(1
2234 5404 2418 5454 factum
2465 5404 2680 5454 creditur
2726 5417 2854 5455 anno
2902 5404 3054 5465 1198,
3105 5408 3215 5468 post
3263 5406 3472 5458 reditum

1867 5470 2084 5586 Simonis;
2106 5482 2133 5518 a
2159 5482 2291 5587 rege,
2319 5470 2434 5521 licet
2477 5473 2527 5522 et
2550 5475 2666 5521 ante
2706 5470 2812 5533 ejus
2845 5483 3090 5524 recessum
3135 5472 3308 5525 eodem
3345 5485 3474 5525 anno

1904 5549 1975 5586 eri
2001 5548 2060 5598 po
2085 5548 2185 5587 ueri
2217 5571 2230 5586 .
