3938 6396
488 329 616 384 1051

1370 329 1425 384 S.
1467 327 1780 386 HUGONIS
1818 326 2035 384 EPISC.
2075 324 2400 384 LINCOLN.
2442 327 2607 386 ORD.
2649 329 2897 386 CARTH.

3644 335 3768 388 1052
3841 350 3853 358 “

487 457 540 507 et
568 449 691 506 aliis
716 450 772 506 in
800 451 942 508 hunc
998 452 1218 509 modum
1274 451 1848 520 administrationibus,
1880 467 1940 507 se
1970 451 2074 507 ob-
2104 453 2156 512 Α
2177 451 2394 523 quidem
2414 451 2694 506 hominum
2716 452 2960 518 istorum,
2982 472 3003 503 ‹
3025 451 3319 506 VoxJacob
3346 460 3446 516 est,
3463 454 3558 509 sed
3573 471 3772 522 manus,

487 538 678 595 noxios
698 539 948 595 saeculari
964 540 1230 596 clientelae
1249 539 1466 597 efficere
1491 541 1774 596 auderent.
1810 539 2090 608 Quosdam
2192 555 2387 594 manus
2427 548 2548 595 sunt
2587 541 2732 595 Esau
2752 541 2819 594 Τ»
2852 541 3016 609 (Gen.
3039 555 3222 605 xxvii,
3264 541 3379 610 22.)
3411 542 3608 596 Verum
3635 552 3691 596 ut
3725 560 3782 598 ea

488 626 648 681 etiam
677 626 732 682 in
762 627 863 682 hoc
894 628 1075 682 minus
1119 627 1438 684 obedientes
1489 627 1817 682 salutaribus
1867 627 2084 681 monitis

487 714 708 782 nostris,
750 715 1137 772 beneficiorum
1169 732 1388 772 suorum
1419 717 1552 771 dura
1594 716 1899 787 privatione
1929 715 2090 769 casti-

487 802 757 874 gavimus.
805 803 926 872 Qua
981 804 1146 877 igitur
1199 804 1407 858 ratione
1465 804 1533 858 de
1580 803 1784 858 intimis
1830 802 2096 857 Ecclesia:

490 898 692 946 nostra:
722 891 1021 947 visceribus
1052 892 1286 947 evellere
1317 892 1642 946 deberemus
1687 906 1822 961 quos
1852 890 1917 943 ad
1949 890 2098 961 regia

491 978 751 1050 obsequia
781 979 992 1035 mittere
1016 980 1314 1048 jubemur?
1346 980 1488 1035 Satis
1536 979 1605 1033 sit
1647 979 1865 1033 domino
1911 985 2099 1032 nostro

491 1067 625 1139 regi,
661 1067 808 1138 quod
840 1076 984 1123 certe
1035 1069 1089 1122 in
1145 1068 1448 1139 periculum
1494 1067 1690 1122 salutis
1741 1067 1936 1121 animae
1966 1083 2097 1132 suae,

491 1153 846 1226 professionis
902 1172 1016 1212 suae
1071 1155 1248 1212 officio
1294 1155 1705 1226 praetermisso,
1757 1154 2102 1226 negotiorum

491 1243 637 1298 illius
672 1243 1007 1300 exsecutioni
1049 1260 1108 1299 se
1165 1243 1614 1315 archiepiscopus
1654 1244 1763 1311 jam
1794 1260 1858 1296 ex
1890 1243 2105 1313 integro

493 1330 790 1387 devoverit.
827 1330 984 1400 Quod
1015 1340 1212 1400 tamen,
1245 1333 1292 1386 si
1321 1347 1510 1403 parum
1555 1331 1606 1386 ei
1646 1331 1878 1395 videtur,
1929 1329 2108 1384 veniet

495 1433 617 1475 cum
649 1419 799 1485 suis;
831 1435 898 1475 en
928 1419 1029 1475 iste
1081 1420 1372 1492 episcopus
1410 1435 1422 1474 :
1458 1418 1670 1484 Veniet,
1721 1418 1962 1489 inquam,
2013 1433 2110 1471 au-

495 1506 612 1561 dire
635 1507 792 1576 jussa
822 1508 970 1580 regis
1002 1525 1065 1563 ex
1098 1523 1194 1564 ore
1225 1509 1362 1576 ejus.
1408 1507 1603 1562 Veniet
1644 1507 1808 1561 etiam
1845 1507 1994 1574 juxta
2027 1520 2113 1559 ea-

497 1594 622 1649 dem
650 1594 794 1649 illius
838 1595 1014 1665 jussa,
1068 1596 1215 1666 quod
1255 1597 1460 1664 justum
1507 1593 1662 1649 fuerit
1708 1593 2113 1664 promptissime

499 1691 878 1739 exsecuturus.
911 1684 991 1738 Tu
1019 1699 1152 1739 vero
1173 1683 1565 1739 duodenarium
1611 1682 1938 1748 litterarum,
1977 1697 2113 1752 quas

2196 643 2316 698 quae
2339 636 2491 698 gesta
2507 636 2630 682 sunt
2650 628 2954 682 summatim
2974 644 3377 698 percurramus,
3398 629 3472 683 illi
3495 631 3690 700 quibus
3709 632 3789 686 de-

2197 716 2447 769 mandata
2481 715 2576 770 fuit
2607 715 2882 771 exsecutio
2931 715 3091 770 edicti
3146 717 3430 787 tyrannici,
3489 735 3601 787 pra:
3635 718 3786 773 nimia

2199 802 2502 869 formidine,
2523 805 2699 874 primo
2731 804 3093 874 supersedere
3122 805 3379 859 mandato
3411 818 3785 877 suggesserunt

2199 891 2339 964 regi,
2371 892 2566 947 deinde
2617 893 2802 964 quanti
2845 901 2988 946 esset
3033 893 3280 962 periculi,
3333 902 3439 947 tam
3482 895 3782 961 jubentibus

2201 996 2360 1051 quam
2394 981 2812 1051 exsequentibus
2844 980 3156 1052 quidquam,
3206 981 3348 1035 unde
3393 981 3720 1037 incideretur
3745 983 3789 1037 in

2202 1069 2636 1124 maledictionem
2669 1069 2768 1124 viri
2797 1069 2938 1123 illius
2969 1076 3252 1123 attentare.
3303 1069 3786 1125 Manifestissimum

2205 1173 2327 1212 esse
2359 1157 2626 1228 siquidem
2658 1157 2910 1212 dicebant
2941 1157 3084 1228 quod
3115 1157 3414 1228 cuicunque
3446 1158 3533 1212 ille
3581 1158 3794 1213 maledi-

2207 1247 2393 1311 xisset,
2418 1245 2594 1299 eidem
2618 1245 2963 1300 malediceret
2985 1246 3265 1311 Dominus,
3288 1254 3339 1300 et
3360 1246 3665 1301 maledictio
3695 1247 3792 1312 illa,

2209 1342 2265 1388 ut
2297 1334 2372 1387 ait
2402 1335 2686 1404 prepheta,
2713 1333 2868 1389 citius
2899 1333 3187 1388 devoraret
3217 1333 3366 1387 illum
3399 1335 3522 1400 (lsa.
3542 1350 3699 1400 xxiv,
3731 1337 3795 1401 6).

2280 1422 2412 1475 Erat
2443 1429 2623 1476 autem
2651 1429 2776 1476 tunc
2806 1421 2859 1475 in
2889 1422 3124 1476 exercitu
3179 1422 3396 1493 quidam
3455 1422 3795 1476 Rutaniorum

2211 1509 2484 1580 princeps,
2546 1508 2809 1564 vocabulo
2873 1509 3226 1564 Marchadeus
3272 1511 3440 1580 (216),
3493 1511 3653 1565 homo
3708 1526 3796 1580 per

2212 1598 2394 1652 omnia
2424 1597 2643 1652 saevitia:
2675 1597 2929 1652 belluinte
2957 1605 3008 1652 et
3038 1597 3263 1666 perditze
3313 1597 3678 1663 conscientiae,
3725 1600 3794 1651 vir

2212 1685 2281 1740 ad
2310 1685 2584 1756 quodlibet
2608 1685 2786 1740 scelus
2807 1693 2860 1739 et
2877 1685 3226 1756 sacrilegium
3243 1701 3504 1756 praeceps.
3530 1687 3641 1740 Rex
3659 1701 3795 1749 vero,

500 1770 660 1859 nobis
691 1771 938 1827 attulisse
968 1781 1018 1826 te
1049 1771 1252 1841 dixisti,
1285 1778 1505 1859 asporta
1549 1779 1747 1836 tecum,
1783 1770 1927 1837 inde,
1961 1769 2106 1841 quod
2135 1799 2188 1859 B
2214 1773 2345 1828 nihil
2377 1781 2465 1828 aut
2493 1789 2686 1844 parum
2717 1782 2894 1828 motus
2925 1773 2994 1828 ad
3020 1773 3244 1828 meliora
3270 1791 3370 1844 per
3397 1789 3462 1828 ea
3491 1790 3610 1844 qua:
3639 1789 3671 1826 a
3701 1773 3802 1827 suis

501 1858 652 1926 libet,
683 1860 1032 1915 actitaturus.
1067 1860 1195 1915 Haec
1223 1875 1350 1915 vero
1398 1858 1673 1926 universa,
1726 1875 1847 1930 qua:
1902 1857 1998 1911 tibi
2029 1857 2108 1912 lo-

504 1965 661 2020 quor,
695 1948 916 2004 domino
946 1955 1134 2003 nostro
1163 1947 1574 2017 archiepiscopo
1607 1946 1844 2000 seriatim
1894 1960 2105 2009 enarra,

505 2038 572 2091 ad
603 2045 904 2092 extremum
933 2051 1059 2092 vero
1089 2035 1333 2091 dicturus
1363 2035 1411 2089 ei
1444 2035 1586 2106 quia,
1623 2035 1668 2088 si
1698 2035 1762 2088 ad
1793 2049 1980 2103 regem
2007 2034 2110 2088 hoc

505 2125 696 2180 ordine
752 2124 879 2179 ituri
917 2132 1043 2179 sunt
1076 2124 1259 2180 clerici
1291 2122 1500 2191 nostri,
1541 2139 1661 2178 cum
1697 2122 1776 2176 eis
1813 2122 2016 2193 pariter
2060 2129 2113 2175 et

506 2229 610 2286 ego
641 2213 757 2284 ipse
786 2212 896 2267 ibo.
932 2213 1045 2267 Nec
1094 2212 1234 2267 enim
1269 2211 1369 2282 ipsi
1429 2211 1546 2265 sine
1604 2227 1688 2265 me
1743 2210 1904 2264 modo
1937 2210 2106 2275 ibunt,

507 2316 609 2356 nec
637 2301 754 2356 sine
784 2300 918 2371 ipsis
946 2299 1082 2355 alias
1112 2300 1185 2354 ivi
1215 2315 1338 2370 ego.
1374 2300 1500 2353 llaec
1531 2298 1676 2353 enim
1717 2297 1954 2368 pastoris
1985 2296 2112 2351 boni

505 2389 572 2444 ad
602 2403 733 2444 oves
764 2404 912 2454 suas,
947 2397 1000 2443 et
1030 2388 1297 2443 bonarum
1329 2387 1512 2441 ovium
1552 2385 1621 2440 ad
1652 2394 1926 2456 pastorem
1957 2401 2112 2438 suum

509 2477 642 2532 ratio
673 2484 774 2546 est,
806 2484 863 2531 ut
893 2491 996 2532 nec
1023 2476 1123 2530 iste
1155 2475 1248 2529 illa
1281 2475 1494 2530 incaute
1549 2473 1870 2543 exponendo
1901 2472 2116 2543 disper-

515 2573 644 2638 gat;
675 2581 776 2620 nec
801 2564 907 2619 illa:
932 2565 1094 2618 istum
1127 2572 1332 2617 temere
1364 2560 1624 2633 fugiendo
1665 2561 1943 2615 aberrent.
1984 2585 2003 2607 ι»

582 2656 701 2709 lras
730 2653 798 2708 ad
853 2654 968 2708 hmc
1026 2652 1267 2723 spirabat
1323 2650 1623 2704 litterarum
1680 2648 1920 2717 bajulus.
1983 2649 2118 2704 Erat

511 2741 656 2799 enim
687 2741 905 2797 curialis
943 2740 1197 2806 clericus,
1234 2740 1288 2794 in
1320 2739 1422 2793 hoc
1472 2738 1671 2808 ipsum,
1706 2745 1762 2792 ut
1792 2736 1885 2791 tali
1917 2735 2116 2808 funge-

509 2839 662 2887 retur
689 2830 980 2902 legatione,
1013 2829 1081 2884 de
1112 2827 1378 2882 industria
1434 2834 1763 2896 assumptus.
1816 2826 1951 2878 Erat
1983 2841 2117 2896 quo-

511 2937 636 2992 que,
669 2925 726 2973 ut
755 2919 990 2973 dabatur
1020 2916 1272 2988 intelligi,
1307 2915 1446 2970 fastu
1498 2915 1683 2968 innato
1731 2912 1988 2976 tumidus,
2021 2913 2119 2967 sed

513 3006 904 3062 tumidissimus
935 3021 1000 3061 ex
1032 3005 1160 3059 ﬂatu
1191 3003 1411 3074 spiritus
1460 3001 1700 3058 curialis.
1735 2999 1842 3069 Qui
1872 3017 1993 3056 cum
2025 3015 2119 3071 pa-

514 3103 671 3152 raret
713 3093 892 3148 minas
949 3108 1221 3156 emovere,
1283 3107 1417 3162 quas
1473 3089 1712 3144 anhelitu
1761 3105 1876 3160 pne
1912 3097 2118 3142 tumore

513 3183 694 3240 cordis
725 3181 1021 3237 intercluso
1055 3180 1140 3234 vix
1197 3178 1494 3234 sufﬁciebat
1549 3176 1817 3249 proferre,
1854 3175 2125 3230 intercidit

514 3270 677 3326 verba
699 3271 817 3340 ejus
841 3269 1024 3325 virosa
1047 3268 1352 3338 episcOpus,
1380 3283 1501 3321 eum
1525 3265 1848 3337 quantocius
1865 3263 2124 3318 recedere

507 3359 725 3429 jubens.
786 3357 890 3427 Qui
947 3357 1190 3429 protinus
1245 3356 1320 3410 ita
1375 3353 1715 3427 perturbatus
1761 3360 1812 3407 et
1870 3351 2126 3407 confusus

515 3447 803 3503 abscessit.

585 3536 727 3591 Misit
756 3551 884 3591 vero
914 3533 1182 3606 quosdam
1211 3548 1276 3588 ex
1335 3530 1446 3586 suis
1477 3529 1628 3586 viros
1681 3528 1981 3601 prudentes
2013 3527 2125 3598 epi-

517 3637 715 3692 scOpus
745 3621 813 3675 ad
841 3618 1333 3688 archiepiscopum.
1379 3630 1586 3687 rogans
1619 3623 1672 3669 et
1718 3628 1947 3667 monens
1978 3628 2144 3675 eum,.

517 3717 782 3781 quatenus
811 3707 1104 3779 praemetiri
1133 3705 1452 3775 dignaretur
1481 3711 1534 3758 et
1589 3717 1897 3772 praecavere
1929 3701 1981 3754 in
2013 3701 2126 3755 edi-

518 3798 620 3854 ctis
663 3795 1038 3866 hujuscemodi
1093 3791 1483 3849 ecclesiastica:
1537 3789 1888 3844 immunitatis
1945 3790 2126 3859 (quam

521 3885 658 3942 tueri
688 3884 998 3951 tenebatur)
1029 3880 1402 3953 przejudicium
1441 3879 1685 3944 evidens,
1719 3895 1817 3932 nec
1850 3878 1901 3932 in
1932 3877 2128 3931 talibus

525 3990 640 4028 suae
670 3971 1004 4028 auctoritatis
1033 3969 1304 4024 ullatenus
1336 3967 1604 4039 praeberet
1632 3982 1937 4022 assensum.
1974 3965 2126 4034 Quo-

523 4078 643 4117 rum
672 4061 762 4116 ille
795 4058 1050 4131 precibus
1081 4058 1198 4112 sive
1227 4056 1526 4112 rationibus
1549 4056 1731 4127 specie
1763 4063 1920 4110 tenus
1951 4053 2128 4124 potius

524 4166 688 4222 quam
718 4147 1030 4204 medullitus
1069 4147 1262 4214 flexus,
1325 4160 1556 4201 rancore
1613 4159 1906 4214 parumper
1961 4142 2128 4196 dissi-

522 4237 723 4315 mulato
753 4238 938 4309 (quem
983 4235 1157 4307 palam
1215 4251 1282 4288 ex
1340 4233 1721 4298 inobedientia,
1781 4239 1839 4285 ut
1892 4230 2124 4294 dicebat,

524 4325 858 4400 suﬂ'raganei
888 4324 993 4390 sui,
1039 4340 1098 4379 se
1148 4322 1469 4394 concepisse
1527 4320 1948 4389 memoraverat)
2005 4335 2129 4374 cum

521 4415 811 4471 auctoritas
839 4413 1002 4468 simul
1031 4420 1084 4468 et
1109 4411 1248 4466 ratio
1279 4419 1430 4466 certa
1476 4409 1796 4479 praescribat
1852 4423 2127 4478 nunquam

2149 3147 2196 3208 Ο

2209 1861 2622 1916 exsecutoribus
2653 1861 2850 1916 crebro
2884 1861 2933 1915 ei
2965 1861 3427 1932 suggerebantur,
3456 1882 3477 1911 ι
3514 1860 3801 1916 Meticulosi

2211 1957 2352 2015 sunt,
2385 1949 2574 2021 inquit,
2609 1949 2824 2020 Anglici
2855 1949 2960 2003 isti.
3018 1950 3291 2002 Mittamus
3341 1949 3522 2020 itaque
3567 1949 3801 2004 Marcha-

2211 2039 2394 2106 deum,
2430 2037 2522 2108 qui
2579 2037 2768 2092 ludere
2824 2036 2973 2092 novit
3029 2053 3152 2090 cum
3209 2036 3612 2109 Burgundiensi
3640 2036 3746 2090 illo.
3782 2056 3800 2084 ι

2212 2127 2307 2181 Cui
2339 2126 2516 2180 statim
2548 2125 2762 2196 quidam
2794 2125 3094 2180 amicorum
3125 2140 3347 2179 suorum
3380 2124 3453 2178 ait
3488 2141 3500 2177 :
3543 2145 3564 2174 ι
3601 2125 3798 2178 Neces-

2213 2215 2390 2269 sarius
2411 2222 2512 2279 est,
2545 2213 2762 2268 domine
2795 2230 2904 2278 rex,
2947 2213 3300 2267 Marchadeus
3349 2228 3563 2284 guerrae
3594 2219 3798 2266 vestrm.

2215 2303 2482 2358 Caeterum
2512 2317 2680 2372 opera
2707 2301 2849 2354 illius
2882 2308 2934 2355 et
2961 2301 3225 2372 obsequio
3256 2299 3558 2355 certissime
3587 2299 3799 2353 frauda-

2216 2391 2422 2458 bimini,
2440 2390 2485 2443 si
2507 2388 2770 2444 efficiatur
2791 2389 3080 2443 anathema
3111 2387 3501 2443 Lincolniensis
3519 2387 3755 2457 epiSCOpi
3780 2407 3798 2436 ι

2217 2479 2374 2548 Quod
2406 2495 2499 2534 rex
2532 2477 2636 2532 sibi
2664 2492 3004 2548 nequaquam
3059 2477 3316 2547 expedire
3362 2475 3660 2541 affirmans,
3693 2475 3806 2545 plus

2217 2583 2431 2638 quoque
2485 2565 2655 2636 ipsius
2708 2565 3026 2636 periculum,
3109 2581 3271 2635 quam
3327 2581 3482 2618 suum
3542 2563 3809 2633 prOprium

2218 2654 2601 2722 reformidans,
2635 2652 2783 2706 illum
2815 2653 3052 2724 quidem,
3087 2669 3155 2706 ne
3188 2652 3412 2722 periret,
3463 2651 3674 2705 mittere
3722 2667 3810 2704 su-

2218 2743 2478 2814 persedit,
2513 2742 2628 2808 sed,
2663 2741 2807 2796 unde
2839 2741 3068 2811 ipsemet
3094 2757 3190 2795 rex
3222 2739 3560 2794 exitiabilitcr
3600 2737 3811 2810 pericli-

2220 2840 2442 2897 taretur,
2475 2831 2812 2885 committere
2843 2845 2953 2885 non
2983 2830 3257 2900 praecavit.

2293 2919 2520 2975 Cuidam
2550 2919 2714 2991 igitur
2761 2917 2982 2974 officiali
3023 2934 3140 2986 suo,
3180 2917 3399 2972 nomine
3449 2916 3726 2986 Stephano
3754 2914 3814 2968 de

2224 3009 2560 3078 Curneheya,
2596 3008 2711 3062 viro
2749 3007 2932 3079 utique
2990 3005 3136 3061 fideli
3193 3014 3246 3060 et
3305 3004 3574 3069 timorato,
3637 3010 3818 3057 nostro

2227 3096 2388 3151 etiam
2418 3095 2658 3167 pontifici
2690 3095 2822 3150 satis
2851 3095 3069 3160 devoto,
3135 3093 3283 3148 dedit
3330 3093 3383 3146 in
3426 3091 3717 3156 mandatis,
3749 3097 3817 3155 ut,

2227 3186 2366 3240 sicut
2396 3185 2562 3241 vitam
2588 3201 2741 3238 suam
2773 3191 2821 3238 et
2853 3183 3097 3238 membra
3147 3181 3416 3252 diligeret,
3451 3179 3594 3235 bona
3623 3178 3825 3234 Lincol-

2227 3273 2432 3328 niensis
2460 3273 2700 3344 episcopi
2723 3273 2929 3343 absque
2952 3271 3206 3326 dilatione
3239 3270 3293 3324 in
3317 3285 3510 3323 manus
3541 3284 3672 3323 suas
3701 3267 3826 3322 reci-

2227 3370 2394 3434 peret.
2416 3361 2519 3430 Qui
2542 3361 2779 3428 tandem,
2803 3360 2958 3433 regio
2979 3367 3126 3414 metu
3143 3367 3381 3420 coactus,
3402 3356 3820 3428 misitquosdam

2226 3469 2290 3507 ex
2321 3451 2432 3504 suis
2461 3451 2527 3504 ad
2558 3459 2748 3517 terras,
2781 3456 2834 3504 ct
2861 3449 2929 3504 ad
2959 3447 3179 3502 mobilia
3231 3461 3563 3518 quaecunque
3592 3444 3826 3514 reperis-

2228 3547 2365 3607 sent,
2389 3554 2513 3594 cum
2533 3537 2676 3593 villis
2689 3547 2738 3593 et
2751 3537 2988 3592 castellis
3002 3535 3172 3607 ipsius
3203 3533 3445 3606 episcopi
3467 3532 3825 3604 occupandas.

2227 3627 2435 3697 Quibus
2492 3627 2728 3698 primum
2783 3625 2855 3680 ad
2902 3624 3276 3696 recipiendum
3323 3622 3580 3694 oppidum
3625 3618 3825 3675 Lalfor-

2227 3717 2354 3770 dum
2385 3715 2732 3770 tendentibus
2757 3713 2996 3769 occurrit
3039 3713 3198 3782 forte,
3254 3727 3363 3766 non
3418 3710 3579 3780 longe
3601 3726 3632 3764 a
3664 3709 3827 3778 burgo

2230 3805 2415 3860 Sancti
2435 3803 2597 3869 Petri,
2631 3803 2920 3859 comitatus
2969 3800 3232 3872 episcopi.
3295 3800 3460 3868 Cujus
3490 3814 3726 3854 occursu
3762 3795 3831 3849 illi

2227 3893 2402 3948 territi
2441 3893 2711 3947 divertunt
2753 3891 3032 3962 paululum
3059 3905 3093 3944 a
3123 3889 3228 3953 via,
3267 3896 3336 3952 et,
3362 3887 3550 3943 accitis
3599 3886 3822 3958 quibus-

2227 3983 2352 4036 dam
2383 3979 2782 4047 ecclesiasticis,
2818 3985 3183 4049 exposuerunt
3212 3977 3291 4031 eis
3348 3983 3550 4048 quanta
3596 3975 3825 4028 minatus

2227 4071 2390 4126 fuerit
2418 4069 2666 4126 dominus
2698 4085 2793 4123 rex
2837 4067 3058 4122 domino
3106 4066 3366 4136 ipsorum,
3399 4064 3545 4136 quod
3595 4061 3828 4118 distulis-

2229 4168 2312 4215 set
2368 4159 2687 4230 episcOpum
2743 4156 3008 4211 desaisire
3040 4156 3225 4224 (217);
3258 4163 3311 4209 et
3366 4153 3493 4224 quia
3549 4151 3724 4219 inviti,
3783 4157 3828 4202 et

2229 4256 2372 4303 metu
2404 4245 2645 4318 supremi
2676 4244 3003 4301 discriminis
3049 4243 3272 4304 astricti.
3323 4242 3390 4296 ad
3422 4241 3475 4296 id
3527 4253 3825 4310 exsequen-

2229 4337 2358 4391 dum
2386 4336 2550 4390 modo
2577 4335 2733 4390 irent.
2763 4335 2913 4389 More
2947 4332 3114 4404 igitur
3161 4330 3304 4386 tertii
3347 4324 3814 4402 quinquagenarii,

2227 4425 2380 4480 missi
2429 4424 2498 4478 ad
2547 4423 2722 4477 Eliam
2755 4438 2788 4476 a
2817 4437 2948 4492 rege
2979 4419 3208 4492 perﬁdo,
3258 4419 3346 4473 isti
3391 4433 3610 4489 quoque
3660 4413 3819 4469 humi-

519 4504 727 4560 debere
757 4519 856 4574 per
885 4501 1250 4558 obedientiam
1282 4499 1484 4554 malum
1531 4497 1666 4562 ﬁeri.
1701 4505 1752 4552 et
1783 4513 1906 4552 cum
1934 4496 2203 4560 debeam
2231 4514 2422 4569 liantes
2467 4529 2525 4567 se
2575 4510 2951 4582 supplicabant
2996 4508 3286 4574 obnoxius,
3339 4515 3416 4572 ut,
3471 4504 3690 4561 clericis
3737 4501 3827 4556 illis

520 4592 794 4648 interdum
836 4592 1036 4646 bonum
1095 4587 1394 4657 intermitti,
1429 4586 1718 4658 spopondit
1773 4602 1834 4641 se
1887 4584 2133 4656 provisu-

523 4697 643 4736 rum
675 4688 942 4752 quatenus
972 4678 1126 4734 salva
1164 4677 1391 4731 utilitate
1434 4675 1588 4745 regia
1618 4674 1864 4730 licuisset
1894 4683 1950 4728 ut
1982 4690 2128 4744 pra:-

521 4786 648 4825 sens
679 4769 954 4838 negotium
983 4766 1050 4821 ad
1079 4781 1272 4837 pacem
1302 4763 1506 4819 domini
1554 4762 1969 4824 Lincolniensis,
2039 4769 2130 4816 aut

526 4857 768 4913 funditus
800 4856 1092 4927 sopiretur,
1125 4862 1214 4909 aut
1243 4851 1576 4908 moderatius
1606 4851 1971 4907 ordinaretur.

595 4947 798 5000 Verum
827 4959 934 5000 non
969 4943 1022 4997 in
1050 4942 1269 5013 longum
1317 4940 1506 4996 habuit
1562 4941 1743 4995 locum
1799 4937 1952 5009 quies
1981 4937 2133 5006 pacis

524 5032 888 5104 repromissae.
920 5030 1152 5086 Emissis
1205 5030 1350 5084 enim
1415 5029 1523 5084 cito
1553 5033 1677 5097 post
1742 5025 1845 5078 ista
1902 5024 2134 5094 publicis

525 5120 733 5184 edictis,
764 5119 1021 5188 jubentur
1051 5117 1430 5189 possessiones
1462 5113 1704 5184 episcopi
1734 5112 1791 5167 in
1819 5127 2010 5165 manus
2040 5129 2134 5166 re-

526 5209 633 5281 cipi
663 5209 929 5280 regalium
956 5216 1300 5264 exactorum.
1333 5203 1492 5272 Quod
1517 5210 1572 5257 ut
1599 5200 1802 5256 audivit
1823 5200 2132 5270 episcopus,

524 5314 726 5364 nonne,
759 5297 950 5369 inquit,
1012 5294 1225 5351 clericis
1285 5292 1416 5356 suis,
1476 5290 1586 5344 dixi
1641 5290 1816 5354 vobis,
1853 5288 1978 5360 quia
2035 5305 2136 5344 vox

589 5477 734 5543 (2l6)
787 5476 1128 5543 Mareaderum
1176 5476 1320 5543 vocat
1369 5471 1628 5543 'l‘_rjvet_tus_
1659 5469 1718 5520 ad
1761 5481 1945 5543 annum
1988 5471 2135 5543 1197ἶ

521 5535 755 5597 νοίιιιωέ
780 5542 1039 5604 Raynaldo
1082 5540 1357 5604 appellatur
1400 5537 1719 5589 Marchadeus
1770 5536 1820 5586 in
1865 5537 2030 5587 annal.
2077 5535 2139 5586 ad

547 5624 726 5663 annum
767 5609 917 5672 1199,
936 5609 1014 5659 ubi
1043 5608 1102 5658 de
1123 5607 1225 5668 ejus
1252 5605 1537 5657 crudelitate
1574 5606 1648 5668 agi
1678 5618 1791 5669 pag.
1821 5607 1904 5656 51.

2227 4601 2610 4663 mediantibus,
2671 4599 3022 4654 misereretur
3080 4596 3368 4652 animabus
3423 4609 3615 4650 eorum
3673 4605 3819 4648 verus

2228 4691 2316 4745 ille
2346 4706 2537 4745 servus
2570 4687 2687 4753 Dei,
2720 4704 2787 4742 ue
2819 4693 3044 4757 prOpter
3099 4685 3215 4751 ejus
3260 4681 3642 4747 offensionem,
3676 4692 3821 4752 quam

2231 4779 2452 4833 timebat
2485 4777 2783 4840 incurrere,
2833 4774 2961 4828 ultio
3019 4772 3258 4829 cmlcstis
3315 4778 3665 4828 consumeret
3721 4782 3825 4821 eos.

2233 4866 2403 4922 Orant
2431 4874 2485 4919 ut
2509 4864 2718 4934 regiam
2777 4862 2957 4934 potius
3002 4861 3257 4932 mitigare
3307 4858 3591 4914 festinaret
3638 4855 3826 4910 animo-

2233 4955 2466 5012 sitatem.
2500 4969 2570 5007 ne
2607 4951 2930 5006 detrimenta
2989 4948 3290 5004 cumularet
3349 4946 3615 5016 undique,
3681 4943 3826 4998 etiam

2233 5043 2555 5105 insontibus,
2617 5049 2670 5096 et
2715 5057 2745 5094 a
2793 5038 2986 5094 merito
3042 5035 3404 5093 contentionis
3454 5034 3600 5088 inter
3658 5045 3824 5101 regem

2234 5140 2286 5187 et
2316 5129 2628 5202 pontificem
2659 5145 2885 5199 prorsus
2943 5125 3156 5181 alienis.
3223 5123 3501 5194 Spondent
3534 5122 3756 5190 insuper
3784 5132 3831 5169 se

2235 5236 2332 5291 pro
2388 5221 2588 5276 viribus
2647 5225 2956 5272 servaturos
3021 5215 3250 5268 illibatas
3303 5227 3391 5266 res
3439 5211 3604 5265 illius.
3667 5211 3836 5264 Petunt

2237 5318 2502 5382 quatenus
2532 5306 2825 5378 suspendat
2857 5306 2926 5360 ad
2967 5312 3180 5374 tempus
3239 5300 3566 5356 sententiam
3636 5311 3836 5353 excom—

2323 5487 2473 5556 (217)
2503 5488 2776 5547 Desaist're,
2803 5486 2849 5537 id
2875 5488 2967 5547 est,
2999 5483 3297 5549 possessione
3322 5491 3519 5532 exuere.
