  <div class='ocr_page' id='page_1' title='image "/cluster/home/n/w/nwhite01/storage/ocr_20150623/153-154/uc1.31175019678096/532.png"; bbox 0 0 3938 6398; ppageno 0'>
   <div class='ocr_carea' id='block_1_1' title="bbox 217 342 354 397">
    <p class='ocr_par' dir='ltr' id='par_1_1' title="bbox 217 342 354 397">
     <span class='ocr_line' id='line_1_1' title="bbox 217 342 354 397; baseline 0.015 -2"><span class='ocrx_word' id='word_1_1' title='bbox 217 342 354 397; x_wconf 72' lang='grc'>1053</span> 
     </span>
    </p>
   </div>
   <div class='ocr_carea' id='block_1_2' title="bbox 1610 348 2157 413">
    <p class='ocr_par' dir='ltr' id='par_1_2' title="bbox 1610 348 2157 413">
     <span class='ocr_line' id='line_1_2' title="bbox 1610 348 2157 413; baseline 0.015 -8"><span class='ocrx_word' id='word_1_2' title='bbox 1610 349 1787 407; x_wconf 77' lang='grc' dir='ltr'>νιΤΑ.</span> <span class='ocrx_word' id='word_1_3' title='bbox 1817 379 1888 395; x_wconf 92' lang='lat'>-</span> <span class='ocrx_word' id='word_1_4' title='bbox 1923 348 2052 411; x_wconf 88' lang='lat' dir='ltr'>LIB.</span> <span class='ocrx_word' id='word_1_5' title='bbox 2093 355 2157 413; x_wconf 75' lang='grc' dir='ltr'>ν.</span> 
     </span>
    </p>
   </div>
   <div class='ocr_carea' id='block_1_3' title="bbox 3386 368 3523 425">
    <p class='ocr_par' dir='ltr' id='par_1_3' title="bbox 3386 368 3523 425">
     <span class='ocr_line' id='line_1_3' title="bbox 3386 368 3523 425; baseline -0.007 0"><span class='ocrx_word' id='word_1_6' title='bbox 3386 368 3523 425; x_wconf 69' lang='grc'>1054</span> 
     </span>
    </p>
   </div>
   <div class='ocr_carea' id='block_1_4' title="bbox 227 463 3522 560">
    <p class='ocr_par' dir='ltr' id='par_1_4' title="bbox 227 463 3522 560">
     <span class='ocr_line' id='line_1_4' title="bbox 227 463 3522 560; baseline 0.01 -42"><span class='ocrx_word' id='word_1_7' title='bbox 227 463 636 560; x_wconf 77' lang='lat' dir='ltr'>municetionis,</span> <span class='ocrx_word' id='word_1_8' title='bbox 666 481 773 539; x_wconf 91' lang='lat' dir='ltr'>qua</span> <span class='ocrx_word' id='word_1_9' title='bbox 804 475 858 523; x_wconf 90' lang='lat' dir='ltr'>et</span> <span class='ocrx_word' id='word_1_10' title='bbox 886 484 1101 560; x_wconf 71' lang='lat' dir='ltr'>_regem</span> <span class='ocrx_word' id='word_1_11' title='bbox 1146 472 1380 560; x_wconf 86' lang='lat' dir='ltr'>amplius</span> <span class='ocrx_word' id='word_1_12' title='bbox 1424 472 1743 560; x_wconf 78' lang='lat' dir='ltr'>exacerbari</span> <span class='ocrx_word' id='word_1_13' title='bbox 1772 482 1825 530; x_wconf 87' lang='lat' dir='ltr'>et</span> <span class='ocrx_word' id='word_1_14' title='bbox 1849 476 1905 538; x_wconf 79' lang='grc' dir='ltr'><strong>Α</strong></span> <span class='ocrx_word' id='word_1_15' title='bbox 1998 479 2297 539; x_wconf 85' lang='lat' dir='ltr'>Discedens</span> <span class='ocrx_word' id='word_1_16' title='bbox 2335 484 2518 558; x_wconf 98' lang='lat' dir='ltr'>itaque</span> <span class='ocrx_word' id='word_1_17' title='bbox 2550 502 2580 542; x_wconf 90' lang='lat' dir='ltr'>a</span> <span class='ocrx_word' id='word_1_18' title='bbox 2609 488 2924 560; x_wconf 90' lang='lat' dir='ltr'>Londoniis,</span> <span class='ocrx_word' id='word_1_19' title='bbox 2957 490 3027 548; x_wconf 89' lang='lat' dir='ltr'>ad</span> <span class='ocrx_word' id='word_1_20' title='bbox 3085 506 3241 549; x_wconf 89' lang='lat' dir='ltr'>suam</span> <span class='ocrx_word' id='word_1_21' title='bbox 3294 492 3522 551; x_wconf 82' lang='lat' dir='ltr'>festinus</span> 
     </span>
    </p>
   </div>
   <div class='ocr_carea' id='block_1_5' title="bbox 227 552 1718 630">
    <p class='ocr_par' dir='ltr' id='par_1_5' title="bbox 227 552 1718 630">
     <span class='ocr_line' id='line_1_5' title="bbox 227 552 1718 630; baseline 0.007 -28"><span class='ocrx_word' id='word_1_22' title='bbox 227 564 379 603; x_wconf 91' lang='lat' dir='ltr'>suam</span> <span class='ocrx_word' id='word_1_23' title='bbox 411 564 600 605; x_wconf 90' lang='lat' dir='ltr'>eorum</span> <span class='ocrx_word' id='word_1_24' title='bbox 623 552 991 609; x_wconf 89' lang='lat' dir='ltr'>innocentiam</span> <span class='ocrx_word' id='word_1_25' title='bbox 1049 557 1361 626; x_wconf 82' lang='lat' dir='ltr'>proveniret</span> <span class='ocrx_word' id='word_1_26' title='bbox 1406 558 1718 630; x_wconf 90' lang='lat' dir='ltr'>periclitari.</span> 
     </span>
    </p>
   </div>
   <div class='ocr_carea' id='block_1_6' title="bbox 299 638 1824 718">
    <p class='ocr_par' dir='ltr' id='par_1_6' title="bbox 299 638 1824 718">
     <span class='ocr_line' id='line_1_6' title="bbox 299 638 1824 718; baseline 0.007 -27"><span class='ocrx_word' id='word_1_27' title='bbox 299 638 428 692; x_wconf 76' lang='lat' dir='ltr'>Haec</span> <span class='ocrx_word' id='word_1_28' title='bbox 458 638 551 693; x_wconf 90' lang='lat' dir='ltr'>ubi</span> <span class='ocrx_word' id='word_1_29' title='bbox 580 639 839 711; x_wconf 84' lang='lat' dir='ltr'>episcopo</span> <span class='ocrx_word' id='word_1_30' title='bbox 873 641 1243 711; x_wconf 90' lang='lat' dir='ltr'>innotuerunt,</span> <span class='ocrx_word' id='word_1_31' title='bbox 1282 667 1305 698; x_wconf 73' lang='grc' dir='ltr'>ι</span> <span class='ocrx_word' id='word_1_32' title='bbox 1358 662 1469 702; x_wconf 90' lang='lat' dir='ltr'>non</span> <span class='ocrx_word' id='word_1_33' title='bbox 1501 655 1600 712; x_wconf 91' lang='lat' dir='ltr'>est,</span> <span class='ocrx_word' id='word_1_34' title='bbox 1633 647 1824 718; x_wconf 78' lang='lat' dir='ltr'>inquit,</span> 
     </span>
    </p>
   </div>
   <div class='ocr_carea' id='block_1_7' title="bbox 226 724 1823 799">
    <p class='ocr_par' dir='ltr' id='par_1_7' title="bbox 226 724 1823 799">
     <span class='ocr_line' id='line_1_7' title="bbox 226 724 1823 799; baseline 0.007 -22"><span class='ocrx_word' id='word_1_35' title='bbox 226 724 455 779; x_wconf 89' lang='lat' dir='ltr'>istorum</span> <span class='ocrx_word' id='word_1_36' title='bbox 486 742 706 782; x_wconf 82' lang='lat' dir='ltr'>servare</span> <span class='ocrx_word' id='word_1_37' title='bbox 753 744 840 783; x_wconf 91' lang='lat' dir='ltr'>res</span> <span class='ocrx_word' id='word_1_38' title='bbox 886 738 1125 786; x_wconf 89' lang='lat' dir='ltr'>nostras.</span> <span class='ocrx_word' id='word_1_39' title='bbox 1163 734 1299 787; x_wconf 84' lang='lat' dir='ltr'>Eant</span> <span class='ocrx_word' id='word_1_40' title='bbox 1345 741 1571 798; x_wconf 88' lang='lat' dir='ltr'>tantum,</span> <span class='ocrx_word' id='word_1_41' title='bbox 1605 742 1659 790; x_wconf 88' lang='lat' dir='ltr'>et</span> <span class='ocrx_word' id='word_1_42' title='bbox 1710 751 1823 799; x_wconf 84' lang='lat' dir='ltr'>res,</span> 
     </span>
    </p>
   </div>
   <div class='ocr_carea' id='block_1_8' title="bbox 228 820 1827 888">
    <p class='ocr_par' dir='ltr' id='par_1_8' title="bbox 228 820 1827 888">
     <span class='ocr_line' id='line_1_8' title="bbox 228 820 1827 888; baseline 0.008 -23"><span class='ocrx_word' id='word_1_43' title='bbox 228 828 337 866; x_wconf 90' lang='lat' dir='ltr'>non</span> <span class='ocrx_word' id='word_1_44' title='bbox 369 820 472 867; x_wconf 88' lang='lat' dir='ltr'>tam</span> <span class='ocrx_word' id='word_1_45' title='bbox 506 822 742 881; x_wconf 88' lang='lat' dir='ltr'>nostras,</span> <span class='ocrx_word' id='word_1_46' title='bbox 778 832 941 888; x_wconf 88' lang='lat' dir='ltr'>quam</span> <span class='ocrx_word' id='word_1_47' title='bbox 982 834 1073 874; x_wconf 90' lang='lat' dir='ltr'>res</span> <span class='ocrx_word' id='word_1_48' title='bbox 1120 820 1357 877; x_wconf 63' lang='lat' dir='ltr'>dominae</span> <span class='ocrx_word' id='word_1_49' title='bbox 1394 830 1595 878; x_wconf 64' lang='lat' dir='ltr'>nostrae</span> <span class='ocrx_word' id='word_1_50' title='bbox 1625 830 1827 878; x_wconf 68' lang='lat' dir='ltr'>sanctae</span> 
     </span>
    </p>
   </div>
   <div class='ocr_carea' id='block_1_9' title="bbox 229 900 1821 976">
    <p class='ocr_par' dir='ltr' id='par_1_9' title="bbox 229 900 1821 976">
     <span class='ocr_line' id='line_1_9' title="bbox 229 900 1821 976; baseline 0.008 -22"><span class='ocrx_word' id='word_1_51' title='bbox 229 900 331 954; x_wconf 89' lang='lat' dir='ltr'>Dei</span> <span class='ocrx_word' id='word_1_52' title='bbox 363 901 648 973; x_wconf 77' lang='lat' dir='ltr'>genitricis</span> <span class='ocrx_word' id='word_1_53' title='bbox 701 905 903 971; x_wconf 63' lang='lat' dir='ltr'>Mariae,</span> <span class='ocrx_word' id='word_1_54' title='bbox 938 914 995 960; x_wconf 87' lang='lat' dir='ltr'>ut</span> <span class='ocrx_word' id='word_1_55' title='bbox 1021 907 1100 961; x_wconf 90' lang='lat' dir='ltr'>eis</span> <span class='ocrx_word' id='word_1_56' title='bbox 1157 907 1448 976; x_wconf 84' lang='lat' dir='ltr'>videbitur,</span> <span class='ocrx_word' id='word_1_57' title='bbox 1510 919 1759 967; x_wconf 82' lang='lat' dir='ltr'>tractent.</span> <span class='ocrx_word' id='word_1_58' title='bbox 1799 931 1821 960; x_wconf 72' lang='grc' dir='ltr'><strong><em>ι</em></strong></span> 
     </span>
    </p>
   </div>
   <div class='ocr_carea' id='block_1_10' title="bbox 229 989 1824 1065">
    <p class='ocr_par' dir='ltr' id='par_1_10' title="bbox 229 989 1824 1065">
     <span class='ocr_line' id='line_1_10' title="bbox 229 989 1824 1065; baseline 0.008 -21"><span class='ocrx_word' id='word_1_59' title='bbox 229 990 357 1045; x_wconf 68' lang='lat' dir='ltr'>Haec</span> <span class='ocrx_word' id='word_1_60' title='bbox 415 989 625 1057; x_wconf 89' lang='lat' dir='ltr'>dicens,</span> <span class='ocrx_word' id='word_1_61' title='bbox 658 994 878 1063; x_wconf 84' lang='lat' dir='ltr'>protulit</span> <span class='ocrx_word' id='word_1_62' title='bbox 907 1010 937 1049; x_wconf 91' lang='lat' dir='ltr'>e</span> <span class='ocrx_word' id='word_1_63' title='bbox 968 995 1088 1050; x_wconf 89' lang='lat' dir='ltr'>sinu</span> <span class='ocrx_word' id='word_1_64' title='bbox 1142 996 1413 1052; x_wconf 81' lang='lat' dir='ltr'>fimbriam</span> <span class='ocrx_word' id='word_1_65' title='bbox 1462 1000 1616 1055; x_wconf 82' lang='lat' dir='ltr'>stolae</span> <span class='ocrx_word' id='word_1_66' title='bbox 1642 1000 1824 1065; x_wconf 66' lang='lat' dir='ltr'>lineae,</span> 
     </span>
    </p>
   </div>
   <div class='ocr_carea' id='block_1_11' title="bbox 235 1079 1829 1159">
    <p class='ocr_par' dir='ltr' id='par_1_11' title="bbox 235 1079 1829 1159">
     <span class='ocr_line' id='line_1_11' title="bbox 235 1079 1829 1159; baseline 0.007 -27"><span class='ocrx_word' id='word_1_67' title='bbox 235 1093 344 1148; x_wconf 91' lang='lat' dir='ltr'>qua</span> <span class='ocrx_word' id='word_1_68' title='bbox 372 1079 513 1134; x_wconf 92' lang='lat' dir='ltr'>collo</span> <span class='ocrx_word' id='word_1_69' title='bbox 570 1096 689 1149; x_wconf 90' lang='lat' dir='ltr'>suo,</span> <span class='ocrx_word' id='word_1_70' title='bbox 752 1082 880 1136; x_wconf 91' lang='lat' dir='ltr'>dum</span> <span class='ocrx_word' id='word_1_71' title='bbox 928 1083 1033 1139; x_wconf 83' lang='lat' dir='ltr'>iter</span> <span class='ocrx_word' id='word_1_72' title='bbox 1081 1094 1292 1157; x_wconf 87' lang='lat' dir='ltr'>ageret,</span> <span class='ocrx_word' id='word_1_73' title='bbox 1336 1103 1556 1158; x_wconf 86' lang='lat' dir='ltr'>semper</span> <span class='ocrx_word' id='word_1_74' title='bbox 1584 1102 1829 1159; x_wconf 89' lang='lat' dir='ltr'>appensa</span> 
     </span>
    </p>
   </div>
   <div class='ocr_carea' id='block_1_12' title="bbox 233 1166 1823 1247">
    <p class='ocr_par' dir='ltr' id='par_1_12' title="bbox 233 1166 1823 1247">
     <span class='ocr_line' id='line_1_12' title="bbox 233 1166 1823 1247; baseline 0.006 -28"><span class='ocrx_word' id='word_1_75' title='bbox 233 1166 488 1221; x_wconf 86' lang='lat' dir='ltr'>utebatur</span> <span class='ocrx_word' id='word_1_76' title='bbox 516 1169 619 1223; x_wconf 91' lang='lat' dir='ltr'>sub</span> <span class='ocrx_word' id='word_1_77' title='bbox 673 1183 846 1240; x_wconf 87' lang='lat' dir='ltr'>cappa</span> <span class='ocrx_word' id='word_1_78' title='bbox 875 1186 994 1237; x_wconf 88' lang='lat' dir='ltr'>sua,</span> <span class='ocrx_word' id='word_1_79' title='bbox 1053 1188 1284 1245; x_wconf 87' lang='lat' dir='ltr'>eamque</span> <span class='ocrx_word' id='word_1_80' title='bbox 1339 1190 1505 1230; x_wconf 92' lang='lat' dir='ltr'>manu</span> <span class='ocrx_word' id='word_1_81' title='bbox 1560 1176 1823 1247; x_wconf 85' lang='lat' dir='ltr'>agitans:</span> 
     </span>
    </p>
   </div>
   <div class='ocr_carea' id='block_1_13' title="bbox 234 1255 1826 1335">
    <p class='ocr_par' dir='ltr' id='par_1_13' title="bbox 234 1255 1826 1335">
     <span class='ocr_line' id='line_1_13' title="bbox 234 1255 1826 1335; baseline 0.008 -28"><span class='ocrx_word' id='word_1_82' title='bbox 234 1274 256 1303; x_wconf 75' lang='grc' dir='ltr'><strong><em>ι</em></strong></span> <span class='ocrx_word' id='word_1_83' title='bbox 293 1255 422 1311; x_wconf 68' lang='lat' dir='ltr'>Haec</span> <span class='ocrx_word' id='word_1_84' title='bbox 455 1264 619 1323; x_wconf 90' lang='lat' dir='ltr'>certe,</span> <span class='ocrx_word' id='word_1_85' title='bbox 649 1256 841 1329; x_wconf 84' lang='lat' dir='ltr'>inquit,</span> <span class='ocrx_word' id='word_1_86' title='bbox 874 1259 1119 1316; x_wconf 86' lang='lat' dir='ltr'>restituet</span> <span class='ocrx_word' id='word_1_87' title='bbox 1146 1261 1305 1318; x_wconf 92' lang='lat' dir='ltr'>nobis</span> <span class='ocrx_word' id='word_1_88' title='bbox 1332 1279 1506 1335; x_wconf 88' lang='lat' dir='ltr'>usque</span> <span class='ocrx_word' id='word_1_89' title='bbox 1537 1264 1607 1319; x_wconf 87' lang='lat' dir='ltr'>ad</span> <span class='ocrx_word' id='word_1_90' title='bbox 1638 1270 1826 1321; x_wconf 82' lang='lat' dir='ltr'>extre-</span> 
     </span>
    </p>
   </div>
   <div class='ocr_carea' id='block_1_14' title="bbox 232 1343 1823 1423">
    <p class='ocr_par' dir='ltr' id='par_1_14' title="bbox 232 1343 1823 1423">
     <span class='ocr_line' id='line_1_14' title="bbox 232 1343 1823 1423; baseline 0.008 -27"><span class='ocrx_word' id='word_1_91' title='bbox 232 1359 383 1397; x_wconf 90' lang='lat' dir='ltr'>mum</span> <span class='ocrx_word' id='word_1_92' title='bbox 437 1343 679 1411; x_wconf 90' lang='lat' dir='ltr'>obolum,</span> <span class='ocrx_word' id='word_1_93' title='bbox 716 1369 738 1395; x_wconf 78' lang='grc' dir='ltr'>ι»</span> <span class='ocrx_word' id='word_1_94' title='bbox 774 1346 1040 1420; x_wconf 89' lang='lat' dir='ltr'>quidquid</span> <span class='ocrx_word' id='word_1_95' title='bbox 1068 1348 1157 1404; x_wconf 90' lang='lat' dir='ltr'>isti</span> <span class='ocrx_word' id='word_1_96' title='bbox 1186 1349 1438 1406; x_wconf 87' lang='lat' dir='ltr'>duxerint</span> <span class='ocrx_word' id='word_1_97' title='bbox 1480 1352 1823 1423; x_wconf 89' lang='lat' dir='ltr'>rapiendum.</span> 
     </span>
    </p>
   </div>
   <div class='ocr_carea' id='block_1_15' title="bbox 230 1430 1825 1516">
    <p class='ocr_par' dir='ltr' id='par_1_15' title="bbox 230 1430 1825 1516">
     <span class='ocr_line' id='line_1_15' title="bbox 230 1430 1825 1516; baseline 0.007 -31"><span class='ocrx_word' id='word_1_98' title='bbox 230 1430 578 1503; x_wconf 77' lang='lat' dir='ltr'>Veniensque</span> <span class='ocrx_word' id='word_1_99' title='bbox 605 1433 661 1488; x_wconf 90' lang='lat' dir='ltr'>in</span> <span class='ocrx_word' id='word_1_100' title='bbox 682 1434 861 1489; x_wconf 93' lang='lat' dir='ltr'>villam</span> <span class='ocrx_word' id='word_1_101' title='bbox 895 1452 1051 1491; x_wconf 89' lang='lat' dir='ltr'>suam</span> <span class='ocrx_word' id='word_1_102' title='bbox 1078 1438 1470 1516; x_wconf 84' lang='lat' dir='ltr'>Buggedenam</span> <span class='ocrx_word' id='word_1_103' title='bbox 1495 1440 1825 1511; x_wconf 88' lang='lat' dir='ltr'>appellatum</span> 
     </span>
    </p>
   </div>
   <div class='ocr_carea' id='block_1_16' title="bbox 232 1519 1826 1600">
    <p class='ocr_par' dir='ltr' id='par_1_16' title="bbox 232 1519 1826 1600">
     <span class='ocr_line' id='line_1_16' title="bbox 232 1519 1826 1600; baseline 0.006 -26"><span class='ocrx_word' id='word_1_104' title='bbox 232 1519 348 1589; x_wconf 90' lang='lat' dir='ltr'>(ubi</span> <span class='ocrx_word' id='word_1_105' title='bbox 378 1519 675 1577; x_wconf 89' lang='lat' dir='ltr'>litterarum</span> <span class='ocrx_word' id='word_1_106' title='bbox 735 1523 1281 1597; x_wconf 89' lang='lat' dir='ltr'>archiepiscopalium</span> <span class='ocrx_word' id='word_1_107' title='bbox 1323 1528 1666 1599; x_wconf 88' lang='lat' dir='ltr'>supradictus</span> <span class='ocrx_word' id='word_1_108' title='bbox 1694 1545 1826 1600; x_wconf 89' lang='lat' dir='ltr'>por-</span> 
     </span>
    </p>
   </div>
   <div class='ocr_carea' id='block_1_17' title="bbox 227 1607 1825 1686">
    <p class='ocr_par' dir='ltr' id='par_1_17' title="bbox 227 1607 1825 1686">
     <span class='ocr_line' id='line_1_17' title="bbox 227 1607 1825 1686; baseline 0.007 -25"><span class='ocrx_word' id='word_1_109' title='bbox 227 1607 357 1663; x_wconf 91' lang='lat' dir='ltr'>titor</span> <span class='ocrx_word' id='word_1_110' title='bbox 411 1608 479 1662; x_wconf 90' lang='lat' dir='ltr'>ad</span> <span class='ocrx_word' id='word_1_111' title='bbox 537 1609 686 1664; x_wconf 92' lang='lat' dir='ltr'>illum</span> <span class='ocrx_word' id='word_1_112' title='bbox 728 1620 966 1678; x_wconf 86' lang='lat' dir='ltr'>venerat,</span> <span class='ocrx_word' id='word_1_113' title='bbox 1014 1614 1106 1668; x_wconf 91' lang='lat' dir='ltr'>ubi</span> <span class='ocrx_word' id='word_1_114' title='bbox 1136 1631 1355 1686; x_wconf 91' lang='lat' dir='ltr'>quoque</span> <span class='ocrx_word' id='word_1_115' title='bbox 1399 1616 1469 1671; x_wconf 92' lang='lat' dir='ltr'>de</span> <span class='ocrx_word' id='word_1_116' title='bbox 1524 1616 1723 1671; x_wconf 89' lang='lat' dir='ltr'>tuenda</span> <span class='ocrx_word' id='word_1_117' title='bbox 1753 1616 1825 1672; x_wconf 86' lang='lat' dir='ltr'>li-</span> 
     </span>
    </p>
   </div>
   <div class='ocr_carea' id='block_1_18' title="bbox 227 1695 1822 1775">
    <p class='ocr_par' dir='ltr' id='par_1_18' title="bbox 227 1695 1822 1775">
     <span class='ocr_line' id='line_1_18' title="bbox 227 1695 1822 1775; baseline 0.007 -26"><span class='ocrx_word' id='word_1_118' title='bbox 227 1695 436 1751; x_wconf 86' lang='lat' dir='ltr'>bertate</span> <span class='ocrx_word' id='word_1_119' title='bbox 458 1698 827 1755; x_wconf 87' lang='lat' dir='ltr'>ecclesiastica</span> <span class='ocrx_word' id='word_1_120' title='bbox 854 1700 1024 1756; x_wconf 85' lang='lat' dir='ltr'>divini</span> <span class='ocrx_word' id='word_1_121' title='bbox 1074 1704 1348 1774; x_wconf 92' lang='lat' dir='ltr'>quondam</span> <span class='ocrx_word' id='word_1_122' title='bbox 1413 1704 1622 1760; x_wconf 89' lang='lat' dir='ltr'>oraculi</span> <span class='ocrx_word' id='word_1_123' title='bbox 1669 1705 1822 1775; x_wconf 81' lang='lat' dir='ltr'>peri-</span> 
     </span>
    </p>
   </div>
   <div class='ocr_carea' id='block_1_19' title="bbox 228 1783 1899 1888">
    <p class='ocr_par' dir='ltr' id='par_1_19' title="bbox 228 1783 1899 1888">
     <span class='ocr_line' id='line_1_19' title="bbox 228 1783 1899 1888; baseline 0.006 -49"><span class='ocrx_word' id='word_1_124' title='bbox 228 1783 413 1839; x_wconf 90' lang='lat' dir='ltr'>culum</span> <span class='ocrx_word' id='word_1_125' title='bbox 440 1802 539 1855; x_wconf 92' lang='lat' dir='ltr'>per</span> <span class='ocrx_word' id='word_1_126' title='bbox 566 1787 939 1854; x_wconf 87' lang='lat' dir='ltr'>monitionem,</span> <span class='ocrx_word' id='word_1_127' title='bbox 974 1797 1031 1844; x_wconf 91' lang='lat' dir='ltr'>ut</span> <span class='ocrx_word' id='word_1_128' title='bbox 1072 1790 1273 1846; x_wconf 92' lang='lat' dir='ltr'>dudum</span> <span class='ocrx_word' id='word_1_129' title='bbox 1306 1808 1466 1863; x_wconf 87' lang='lat' dir='ltr'>supra</span> <span class='ocrx_word' id='word_1_130' title='bbox 1497 1808 1899 1888; x_wconf 82' lang='lat' dir='ltr'>commemo-B</span> 
     </span>
    </p>
   </div>
   <div class='ocr_carea' id='block_1_20' title="bbox 224 1878 1818 1949">
    <p class='ocr_par' dir='ltr' id='par_1_20' title="bbox 224 1878 1818 1949">
     <span class='ocr_line' id='line_1_20' title="bbox 224 1878 1818 1949; baseline 0.007 -23"><span class='ocrx_word' id='word_1_131' title='bbox 224 1880 403 1926; x_wconf 86' lang='lat' dir='ltr'>ratum</span> <span class='ocrx_word' id='word_1_132' title='bbox 449 1882 568 1940; x_wconf 92' lang='lat' dir='ltr'>est,</span> <span class='ocrx_word' id='word_1_133' title='bbox 600 1878 910 1947; x_wconf 90' lang='lat' dir='ltr'>acceperat)</span> <span class='ocrx_word' id='word_1_134' title='bbox 952 1878 1081 1946; x_wconf 87' lang='lat' dir='ltr'>justi</span> <span class='ocrx_word' id='word_1_135' title='bbox 1112 1879 1369 1936; x_wconf 91' lang='lat' dir='ltr'>continuo</span> <span class='ocrx_word' id='word_1_136' title='bbox 1420 1881 1626 1937; x_wconf 88' lang='lat' dir='ltr'>litteras</span> <span class='ocrx_word' id='word_1_137' title='bbox 1681 1881 1818 1949; x_wconf 79' lang='lat' dir='ltr'>fieri,</span> 
     </span>
    </p>
   </div>
   <div class='ocr_carea' id='block_1_21' title="bbox 223 1961 1821 2033">
    <p class='ocr_par' dir='ltr' id='par_1_21' title="bbox 223 1961 1821 2033">
     <span class='ocr_line' id='line_1_21' title="bbox 223 1961 1821 2033; baseline 0.006 -19"><span class='ocrx_word' id='word_1_138' title='bbox 223 1961 422 2032; x_wconf 91' lang='lat' dir='ltr'>quibus</span> <span class='ocrx_word' id='word_1_139' title='bbox 450 1962 799 2033; x_wconf 68' lang='lat' dir='ltr'>praecipiebat</span> <span class='ocrx_word' id='word_1_140' title='bbox 822 1966 1217 2023; x_wconf 87' lang='lat' dir='ltr'>archidiaconis</span> <span class='ocrx_word' id='word_1_141' title='bbox 1247 1976 1300 2023; x_wconf 91' lang='lat' dir='ltr'>et</span> <span class='ocrx_word' id='word_1_142' title='bbox 1330 1968 1552 2024; x_wconf 89' lang='lat' dir='ltr'>decanis</span> <span class='ocrx_word' id='word_1_143' title='bbox 1580 1969 1821 2026; x_wconf 91' lang='lat' dir='ltr'>locorum</span> 
     </span>
    </p>
   </div>
   <div class='ocr_carea' id='block_1_22' title="bbox 224 2049 1828 2130">
    <p class='ocr_par' dir='ltr' id='par_1_22' title="bbox 224 2049 1828 2130">
     <span class='ocr_line' id='line_1_22' title="bbox 224 2049 1828 2130; baseline 0.007 -28"><span class='ocrx_word' id='word_1_144' title='bbox 224 2049 306 2119; x_wconf 89' lang='lat' dir='ltr'>(in</span> <span class='ocrx_word' id='word_1_145' title='bbox 337 2050 534 2122; x_wconf 89' lang='lat' dir='ltr'>quibus</span> <span class='ocrx_word' id='word_1_146' title='bbox 563 2052 865 2109; x_wconf 79' lang='lat' dir='ltr'>constitutae</span> <span class='ocrx_word' id='word_1_147' title='bbox 884 2052 1085 2109; x_wconf 83' lang='lat' dir='ltr'>fuerint</span> <span class='ocrx_word' id='word_1_148' title='bbox 1105 2057 1486 2126; x_wconf 88' lang='lat' dir='ltr'>possessiones</span> <span class='ocrx_word' id='word_1_149' title='bbox 1530 2060 1667 2127; x_wconf 74' lang='lat' dir='ltr'>suae)</span> <span class='ocrx_word' id='word_1_150' title='bbox 1692 2075 1828 2130; x_wconf 90' lang='lat' dir='ltr'>qua-</span> 
     </span>
    </p>
   </div>
   <div class='ocr_carea' id='block_1_23' title="bbox 223 2138 1829 2218">
    <p class='ocr_par' dir='ltr' id='par_1_23' title="bbox 223 2138 1829 2218">
     <span class='ocr_line' id='line_1_23' title="bbox 223 2138 1829 2218; baseline 0.006 -27"><span class='ocrx_word' id='word_1_151' title='bbox 223 2145 406 2205; x_wconf 89' lang='lat' dir='ltr'>tenus,</span> <span class='ocrx_word' id='word_1_152' title='bbox 438 2138 685 2196; x_wconf 90' lang='lat' dir='ltr'>adunatis</span> <span class='ocrx_word' id='word_1_153' title='bbox 706 2157 894 2197; x_wconf 87' lang='lat' dir='ltr'>secum</span> <span class='ocrx_word' id='word_1_154' title='bbox 934 2143 1270 2200; x_wconf 88' lang='lat' dir='ltr'>vincinarum</span> <span class='ocrx_word' id='word_1_155' title='bbox 1307 2146 1678 2201; x_wconf 89' lang='lat' dir='ltr'>Ecclesiarum</span> <span class='ocrx_word' id='word_1_156' title='bbox 1707 2163 1829 2218; x_wconf 91' lang='lat' dir='ltr'>pre-</span> 
     </span>
    </p>
   </div>
   <div class='ocr_carea' id='block_1_24' title="bbox 224 2226 1822 2302">
    <p class='ocr_par' dir='ltr' id='par_1_24' title="bbox 224 2226 1822 2302">
     <span class='ocr_line' id='line_1_24' title="bbox 224 2226 1822 2302; baseline 0.008 -23"><span class='ocrx_word' id='word_1_157' title='bbox 224 2226 484 2297; x_wconf 81' lang='lat' dir='ltr'>sbyteris,</span> <span class='ocrx_word' id='word_1_158' title='bbox 517 2244 660 2294; x_wconf 85' lang='lat' dir='ltr'>mox,</span> <span class='ocrx_word' id='word_1_159' title='bbox 695 2238 752 2284; x_wconf 89' lang='lat' dir='ltr'>ut</span> <span class='ocrx_word' id='word_1_160' title='bbox 780 2229 834 2284; x_wconf 92' lang='lat' dir='ltr'>in</span> <span class='ocrx_word' id='word_1_161' title='bbox 871 2238 1056 2302; x_wconf 90' lang='lat' dir='ltr'>partes</span> <span class='ocrx_word' id='word_1_162' title='bbox 1104 2231 1319 2288; x_wconf 89' lang='lat' dir='ltr'>illorum</span> <span class='ocrx_word' id='word_1_163' title='bbox 1379 2233 1630 2291; x_wconf 82' lang='lat' dir='ltr'>venirent</span> <span class='ocrx_word' id='word_1_164' title='bbox 1660 2251 1822 2291; x_wconf 87' lang='lat' dir='ltr'>exse-</span> 
     </span>
    </p>
   </div>
   <div class='ocr_carea' id='block_1_25' title="bbox 222 2318 1816 2396">
    <p class='ocr_par' dir='ltr' id='par_1_25' title="bbox 222 2318 1816 2396">
     <span class='ocr_line' id='line_1_25' title="bbox 222 2318 1816 2396; baseline 0.007 -28"><span class='ocrx_word' id='word_1_165' title='bbox 222 2321 445 2370; x_wconf 89' lang='lat' dir='ltr'>cutores</span> <span class='ocrx_word' id='word_1_166' title='bbox 483 2318 791 2387; x_wconf 90' lang='lat' dir='ltr'>memorati,</span> <span class='ocrx_word' id='word_1_167' title='bbox 841 2319 1069 2389; x_wconf 88' lang='lat' dir='ltr'>pulsatis</span> <span class='ocrx_word' id='word_1_168' title='bbox 1117 2320 1401 2392; x_wconf 86' lang='lat' dir='ltr'>campanis</span> <span class='ocrx_word' id='word_1_169' title='bbox 1456 2323 1816 2396; x_wconf 86' lang='lat' dir='ltr'>accensisque</span> 
     </span>
    </p>
   </div>
   <div class='ocr_carea' id='block_1_26' title="bbox 220 2403 1825 2483">
    <p class='ocr_par' dir='ltr' id='par_1_26' title="bbox 220 2403 1825 2483">
     <span class='ocr_line' id='line_1_26' title="bbox 220 2403 1825 2483; baseline 0.005 -25"><span class='ocrx_word' id='word_1_170' title='bbox 220 2403 471 2459; x_wconf 85' lang='lat' dir='ltr'>candelis</span> <span class='ocrx_word' id='word_1_171' title='bbox 499 2419 690 2461; x_wconf 90' lang='lat' dir='ltr'>omnes</span> <span class='ocrx_word' id='word_1_172' title='bbox 720 2406 843 2461; x_wconf 92' lang='lat' dir='ltr'>illos</span> <span class='ocrx_word' id='word_1_173' title='bbox 873 2408 1206 2477; x_wconf 90' lang='lat' dir='ltr'>subjicerent</span> <span class='ocrx_word' id='word_1_174' title='bbox 1235 2411 1587 2478; x_wconf 88' lang='lat' dir='ltr'>anathemati,</span> <span class='ocrx_word' id='word_1_175' title='bbox 1612 2412 1702 2483; x_wconf 90' lang='lat' dir='ltr'>qui</span> <span class='ocrx_word' id='word_1_176' title='bbox 1733 2429 1825 2468; x_wconf 91' lang='lat' dir='ltr'>res</span> 
     </span>
    </p>
   </div>
   <div class='ocr_carea' id='block_1_27' title="bbox 223 2491 1826 2570">
    <p class='ocr_par' dir='ltr' id='par_1_27' title="bbox 223 2491 1826 2570">
     <span class='ocr_line' id='line_1_27' title="bbox 223 2491 1826 2570; baseline 0.007 -24"><span class='ocrx_word' id='word_1_177' title='bbox 223 2491 479 2548; x_wconf 70' lang='lat' dir='ltr'>ecclesiae</span> <span class='ocrx_word' id='word_1_178' title='bbox 527 2509 639 2549; x_wconf 76' lang='lat' dir='ltr'>suae</span> <span class='ocrx_word' id='word_1_179' title='bbox 683 2494 951 2551; x_wconf 86' lang='lat' dir='ltr'>violenter</span> <span class='ocrx_word' id='word_1_180' title='bbox 982 2498 1325 2570; x_wconf 89' lang='lat' dir='ltr'>contingere,</span> <span class='ocrx_word' id='word_1_181' title='bbox 1358 2507 1411 2555; x_wconf 91' lang='lat' dir='ltr'>et</span> <span class='ocrx_word' id='word_1_182' title='bbox 1437 2499 1637 2568; x_wconf 88' lang='lat' dir='ltr'>injuste</span> <span class='ocrx_word' id='word_1_183' title='bbox 1661 2516 1826 2557; x_wconf 91' lang='lat' dir='ltr'>occu-</span> 
     </span>
    </p>
   </div>
   <div class='ocr_carea' id='block_1_28' title="bbox 218 2580 1823 2659">
    <p class='ocr_par' dir='ltr' id='par_1_28' title="bbox 218 2580 1823 2659">
     <span class='ocr_line' id='line_1_28' title="bbox 218 2580 1823 2659; baseline 0.006 -24"><span class='ocrx_word' id='word_1_184' title='bbox 218 2596 392 2651; x_wconf 88' lang='lat' dir='ltr'>pare,</span> <span class='ocrx_word' id='word_1_185' title='bbox 443 2580 559 2637; x_wconf 90' lang='lat' dir='ltr'>sive</span> <span class='ocrx_word' id='word_1_186' title='bbox 613 2583 980 2654; x_wconf 76' lang='lat' dir='ltr'>praecipiendo</span> <span class='ocrx_word' id='word_1_187' title='bbox 1041 2585 1155 2641; x_wconf 85' lang='lat' dir='ltr'>sive</span> <span class='ocrx_word' id='word_1_188' title='bbox 1211 2586 1573 2659; x_wconf 90' lang='lat' dir='ltr'>obsequendo</span> <span class='ocrx_word' id='word_1_189' title='bbox 1606 2632 1619 2656; x_wconf 96' lang='lat'>,</span> <span class='ocrx_word' id='word_1_190' title='bbox 1674 2605 1823 2659; x_wconf 70' lang='lat' dir='ltr'>pra:-</span> 
     </span>
    </p>
   </div>
   <div class='ocr_carea' id='block_1_29' title="bbox 220 2669 606 2740">
    <p class='ocr_par' dir='ltr' id='par_1_29' title="bbox 220 2669 606 2740">
     <span class='ocr_line' id='line_1_29' title="bbox 220 2669 606 2740; baseline 0.005 -17"><span class='ocrx_word' id='word_1_191' title='bbox 220 2669 606 2740; x_wconf 87' lang='lat' dir='ltr'>sumpsissent.</span> 
     </span>
    </p>
   </div>
   <div class='ocr_carea' id='block_1_30' title="bbox 295 2758 1824 2838">
    <p class='ocr_par' dir='ltr' id='par_1_30' title="bbox 295 2758 1824 2838">
     <span class='ocr_line' id='line_1_30' title="bbox 295 2758 1824 2838; baseline 0.006 -25"><span class='ocrx_word' id='word_1_192' title='bbox 295 2758 393 2813; x_wconf 88' lang='lat' dir='ltr'>His</span> <span class='ocrx_word' id='word_1_193' title='bbox 422 2758 478 2812; x_wconf 91' lang='lat' dir='ltr'>in</span> <span class='ocrx_word' id='word_1_194' title='bbox 506 2759 651 2816; x_wconf 92' lang='lat' dir='ltr'>hunc</span> <span class='ocrx_word' id='word_1_195' title='bbox 678 2760 897 2816; x_wconf 85' lang='lat' dir='ltr'>modum</span> <span class='ocrx_word' id='word_1_196' title='bbox 954 2761 1251 2834; x_wconf 89' lang='lat' dir='ltr'>dispositis,</span> <span class='ocrx_word' id='word_1_197' title='bbox 1287 2779 1413 2819; x_wconf 89' lang='lat' dir='ltr'>cum</span> <span class='ocrx_word' id='word_1_198' title='bbox 1464 2780 1654 2821; x_wconf 92' lang='lat' dir='ltr'>omnes</span> <span class='ocrx_word' id='word_1_199' title='bbox 1683 2783 1824 2838; x_wconf 92' lang='lat' dir='ltr'>pene</span> 
     </span>
    </p>
   </div>
   <div class='ocr_carea' id='block_1_31' title="bbox 221 2847 1823 2919">
    <p class='ocr_par' dir='ltr' id='par_1_31' title="bbox 221 2847 1823 2919">
     <span class='ocr_line' id='line_1_31' title="bbox 221 2847 1823 2919; baseline 0.006 -18"><span class='ocrx_word' id='word_1_200' title='bbox 221 2847 307 2903; x_wconf 92' lang='lat' dir='ltr'>sui</span> <span class='ocrx_word' id='word_1_201' title='bbox 336 2854 484 2902; x_wconf 92' lang='lat' dir='ltr'>metu</span> <span class='ocrx_word' id='word_1_202' title='bbox 513 2855 563 2903; x_wconf 90' lang='lat' dir='ltr'>et</span> <span class='ocrx_word' id='word_1_203' title='bbox 590 2849 995 2919; x_wconf 85' lang='lat' dir='ltr'>perturbatione</span> <span class='ocrx_word' id='word_1_204' title='bbox 1021 2853 1328 2908; x_wconf 88' lang='lat' dir='ltr'>vehementi</span> <span class='ocrx_word' id='word_1_205' title='bbox 1360 2853 1697 2919; x_wconf 84' lang='lat' dir='ltr'>ﬂuctuarent,</span> <span class='ocrx_word' id='word_1_206' title='bbox 1731 2855 1823 2911; x_wconf 91' lang='lat' dir='ltr'>ille</span> 
     </span>
    </p>
   </div>
   <div class='ocr_carea' id='block_1_32' title="bbox 225 2935 1822 3014">
    <p class='ocr_par' dir='ltr' id='par_1_32' title="bbox 225 2935 1822 3014">
     <span class='ocr_line' id='line_1_32' title="bbox 225 2935 1822 3014; baseline 0.004 -24"><span class='ocrx_word' id='word_1_207' title='bbox 225 2935 451 2990; x_wconf 89' lang='lat' dir='ltr'>demum</span> <span class='ocrx_word' id='word_1_208' title='bbox 494 2936 693 2993; x_wconf 90' lang='lat' dir='ltr'>lectulo</span> <span class='ocrx_word' id='word_1_209' title='bbox 740 2946 1019 3009; x_wconf 84' lang='lat' dir='ltr'>exceptus,</span> <span class='ocrx_word' id='word_1_210' title='bbox 1065 2955 1131 2996; x_wconf 89' lang='lat' dir='ltr'>ac</span> <span class='ocrx_word' id='word_1_211' title='bbox 1160 2940 1205 2995; x_wconf 93' lang='lat' dir='ltr'>si</span> <span class='ocrx_word' id='word_1_212' title='bbox 1249 2941 1381 2996; x_wconf 85' lang='lat' dir='ltr'>nihil</span> <span class='ocrx_word' id='word_1_213' title='bbox 1431 2941 1822 3014; x_wconf 90' lang='lat' dir='ltr'>inquietudinis</span> 
     </span>
    </p>
   </div>
   <div class='ocr_carea' id='block_1_33' title="bbox 220 3024 1821 3102">
    <p class='ocr_par' dir='ltr' id='par_1_33' title="bbox 220 3024 1821 3102">
     <span class='ocr_line' id='line_1_33' title="bbox 220 3024 1821 3102; baseline 0.006 -25"><span class='ocrx_word' id='word_1_214' title='bbox 220 3024 555 3095; x_wconf 88' lang='lat' dir='ltr'>pertulisset,</span> <span class='ocrx_word' id='word_1_215' title='bbox 634 3026 1014 3082; x_wconf 87' lang='lat' dir='ltr'>suavissimum</span> <span class='ocrx_word' id='word_1_216' title='bbox 1088 3028 1144 3083; x_wconf 91' lang='lat' dir='ltr'>in</span> <span class='ocrx_word' id='word_1_217' title='bbox 1216 3045 1469 3100; x_wconf 88' lang='lat' dir='ltr'>soporem</span> <span class='ocrx_word' id='word_1_218' title='bbox 1549 3032 1821 3102; x_wconf 83' lang='lat' dir='ltr'>extemplo</span> 
     </span>
    </p>
   </div>
   <div class='ocr_carea' id='block_1_34' title="bbox 221 3112 1821 3175">
    <p class='ocr_par' dir='ltr' id='par_1_34' title="bbox 221 3112 1821 3175">
     <span class='ocr_line' id='line_1_34' title="bbox 221 3112 1821 3175; baseline 0.006 -9"><span class='ocrx_word' id='word_1_219' title='bbox 221 3112 470 3168; x_wconf 90' lang='lat' dir='ltr'>membra</span> <span class='ocrx_word' id='word_1_220' title='bbox 505 3112 724 3171; x_wconf 86' lang='lat' dir='ltr'>laxavit.</span> <span class='ocrx_word' id='word_1_221' title='bbox 774 3115 888 3170; x_wconf 91' lang='lat' dir='ltr'>Nec</span> <span class='ocrx_word' id='word_1_222' title='bbox 923 3131 1087 3171; x_wconf 87' lang='lat' dir='ltr'>causa</span> <span class='ocrx_word' id='word_1_223' title='bbox 1122 3117 1223 3171; x_wconf 89' lang='lat' dir='ltr'>ista</span> <span class='ocrx_word' id='word_1_224' title='bbox 1277 3119 1347 3173; x_wconf 90' lang='lat' dir='ltr'>ad</span> <span class='ocrx_word' id='word_1_225' title='bbox 1403 3118 1591 3173; x_wconf 87' lang='lat' dir='ltr'>intima</span> <span class='ocrx_word' id='word_1_226' title='bbox 1638 3120 1821 3175; x_wconf 90' lang='lat' dir='ltr'>cordis</span> 
     </span>
    </p>
   </div>
   <div class='ocr_carea' id='block_1_35' title="bbox 221 3201 1821 3277">
    <p class='ocr_par' dir='ltr' id='par_1_35' title="bbox 221 3201 1821 3277">
     <span class='ocr_line' id='line_1_35' title="bbox 221 3201 1821 3277; baseline 0.006 -23"><span class='ocrx_word' id='word_1_227' title='bbox 221 3201 340 3270; x_wconf 90' lang='lat' dir='ltr'>ejus</span> <span class='ocrx_word' id='word_1_228' title='bbox 362 3216 599 3273; x_wconf 90' lang='lat' dir='ltr'>unquam</span> <span class='ocrx_word' id='word_1_229' title='bbox 630 3202 972 3273; x_wconf 88' lang='lat' dir='ltr'>penetrabat.</span> <span class='ocrx_word' id='word_1_230' title='bbox 1006 3206 1086 3260; x_wconf 87' lang='lat' dir='ltr'>Ea</span> <span class='ocrx_word' id='word_1_231' title='bbox 1137 3222 1353 3277; x_wconf 86' lang='lat' dir='ltr'>quoque</span> <span class='ocrx_word' id='word_1_232' title='bbox 1382 3215 1541 3262; x_wconf 88' lang='lat' dir='ltr'>nocte</span> <span class='ocrx_word' id='word_1_233' title='bbox 1572 3208 1821 3264; x_wconf 88' lang='lat' dir='ltr'>crebrius</span> 
     </span>
    </p>
   </div>
   <div class='ocr_carea' id='block_1_36' title="bbox 222 3289 1819 3367">
    <p class='ocr_par' dir='ltr' id='par_1_36' title="bbox 222 3289 1819 3367">
     <span class='ocr_line' id='line_1_36' title="bbox 222 3289 1819 3367; baseline 0.005 -24"><span class='ocrx_word' id='word_1_234' title='bbox 222 3289 387 3344; x_wconf 92' lang='lat' dir='ltr'>solito</span> <span class='ocrx_word' id='word_1_235' title='bbox 417 3297 470 3344; x_wconf 90' lang='lat' dir='ltr'>et</span> <span class='ocrx_word' id='word_1_236' title='bbox 498 3289 773 3355; x_wconf 88' lang='lat' dir='ltr'>intentius,</span> <span class='ocrx_word' id='word_1_237' title='bbox 808 3306 874 3347; x_wconf 91' lang='lat' dir='ltr'>ac</span> <span class='ocrx_word' id='word_1_238' title='bbox 902 3291 1048 3347; x_wconf 89' lang='lat' dir='ltr'>velut</span> <span class='ocrx_word' id='word_1_239' title='bbox 1073 3309 1198 3349; x_wconf 86' lang='lat' dir='ltr'>curn</span> <span class='ocrx_word' id='word_1_240' title='bbox 1230 3294 1619 3351; x_wconf 86' lang='lat' dir='ltr'>vehementiori</span> <span class='ocrx_word' id='word_1_241' title='bbox 1651 3296 1819 3367; x_wconf 88' lang='lat' dir='ltr'>spiri-</span> 
     </span>
    </p>
   </div>
   <div class='ocr_carea' id='block_1_37' title="bbox 226 3377 1744 3454">
    <p class='ocr_par' dir='ltr' id='par_1_37' title="bbox 226 3377 1744 3454">
     <span class='ocr_line' id='line_1_37' title="bbox 226 3377 1744 3454; baseline 0.005 -22"><span class='ocrx_word' id='word_1_242' title='bbox 226 3386 315 3432; x_wconf 91' lang='lat' dir='ltr'>tus</span> <span class='ocrx_word' id='word_1_243' title='bbox 343 3377 602 3449; x_wconf 92' lang='lat' dir='ltr'>impulsu,</span> <span class='ocrx_word' id='word_1_244' title='bbox 651 3396 819 3436; x_wconf 86' lang='lat' dir='ltr'>amen</span> <span class='ocrx_word' id='word_1_245' title='bbox 867 3380 1060 3437; x_wconf 90' lang='lat' dir='ltr'>iterare</span> <span class='ocrx_word' id='word_1_246' title='bbox 1089 3398 1199 3438; x_wconf 95' lang='lat' dir='ltr'>non</span> <span class='ocrx_word' id='word_1_247' title='bbox 1230 3382 1529 3439; x_wconf 88' lang='lat' dir='ltr'>desistebat</span> <span class='ocrx_word' id='word_1_248' title='bbox 1576 3387 1744 3454; x_wconf 76' lang='grc'>(218).</span> 
     </span>
    </p>
   </div>
   <div class='ocr_carea' id='block_1_38' title="bbox 849 3550 1175 3608">
    <p class='ocr_par' dir='ltr' id='par_1_38' title="bbox 849 3550 1175 3608">
     <span class='ocr_line' id='line_1_38' title="bbox 849 3550 1175 3608; baseline 0.006 -2"><span class='ocrx_word' id='word_1_249' title='bbox 849 3550 1074 3607; x_wconf 83' lang='lat' dir='ltr'><strong>CAPUT</strong></span> <span class='ocrx_word' id='word_1_250' title='bbox 1101 3552 1175 3608; x_wconf 85' lang='lat' dir='ltr'>X.</span> 
     </span>
    </p>
   </div>
   <div class='ocr_carea' id='block_1_39' title="bbox 227 3702 1819 3778">
    <p class='ocr_par' dir='ltr' id='par_1_39' title="bbox 227 3702 1819 3778">
     <span class='ocr_line' id='line_1_39' title="bbox 227 3702 1819 3778; baseline 0.004 -21"><span class='ocrx_word' id='word_1_251' title='bbox 227 3703 381 3778; x_wconf 71' lang='lat' dir='ltr'>Quod</span> <span class='ocrx_word' id='word_1_252' title='bbox 410 3702 828 3778; x_wconf 75' lang='lat' dir='ltr'>archiepiscopo</span> <span class='ocrx_word' id='word_1_253' title='bbox 877 3705 1217 3778; x_wconf 68' lang='lat' dir='ltr'>consulenti,</span> <span class='ocrx_word' id='word_1_254' title='bbox 1253 3709 1317 3760; x_wconf 87' lang='lat' dir='ltr'>ut</span> <span class='ocrx_word' id='word_1_255' title='bbox 1360 3707 1620 3778; x_wconf 74' lang='lat' dir='ltr'>mitteret</span> <span class='ocrx_word' id='word_1_256' title='bbox 1645 3723 1819 3778; x_wconf 86' lang='lat' dir='ltr'>pecu-</span> 
     </span>
    </p>
   </div>
   <div class='ocr_carea' id='block_1_40' title="bbox 293 3775 1822 3849">
    <p class='ocr_par' dir='ltr' id='par_1_40' title="bbox 293 3775 1822 3849">
     <span class='ocr_line' id='line_1_40' title="bbox 293 3775 1822 3849; baseline 0.003 -20"><span class='ocrx_word' id='word_1_257' title='bbox 293 3775 455 3829; x_wconf 85' lang='lat' dir='ltr'>niam</span> <span class='ocrx_word' id='word_1_258' title='bbox 482 3775 621 3845; x_wconf 78' lang='lat' dir='ltr'>regi,</span> <span class='ocrx_word' id='word_1_259' title='bbox 654 3776 922 3849; x_wconf 40' lang='lat' dir='ltr'>quiueam</span> <span class='ocrx_word' id='word_1_260' title='bbox 970 3777 1219 3849; x_wconf 62' lang='lat' dir='ltr'>sitiebat,</span> <span class='ocrx_word' id='word_1_261' title='bbox 1280 3779 1430 3849; x_wconf 69' lang='lat' dir='ltr'>sicut</span> <span class='ocrx_word' id='word_1_262' title='bbox 1489 3775 1822 3849; x_wconf 74' lang='lat' dir='ltr'>hydropicus</span> 
     </span>
    </p>
   </div>
   <div class='ocr_carea' id='block_1_41' title="bbox 291 3845 1821 3919">
    <p class='ocr_par' dir='ltr' id='par_1_41' title="bbox 291 3845 1821 3919">
     <span class='ocr_line' id='line_1_41' title="bbox 291 3845 1821 3919; baseline 0.003 -19"><span class='ocrx_word' id='word_1_263' title='bbox 291 3862 499 3917; x_wconf 83' lang='lat' dir='ltr'>aquam</span> <span class='ocrx_word' id='word_1_264' title='bbox 534 3845 825 3916; x_wconf 80' lang='lat' dir='ltr'>respondit</span> <span class='ocrx_word' id='word_1_265' title='bbox 853 3866 871 3899; x_wconf 90' lang='lat'>.-</span> <span class='ocrx_word' id='word_1_266' title='bbox 907 3866 938 3919; x_wconf 22' lang='lat'>«4</span> <span class='ocrx_word' id='word_1_267' title='bbox 962 3846 1022 3902; x_wconf 81' lang='lat' dir='ltr'>Si</span> <span class='ocrx_word' id='word_1_268' title='bbox 1051 3848 1166 3917; x_wconf 84' lang='lat' dir='ltr'>ipse</span> <span class='ocrx_word' id='word_1_269' title='bbox 1199 3845 1541 3919; x_wconf 65' lang='lat' dir='ltr'>hydropicus</span> <span class='ocrx_word' id='word_1_270' title='bbox 1577 3845 1684 3912; x_wconf 67' lang='lat' dir='ltr'>est,</span> <span class='ocrx_word' id='word_1_271' title='bbox 1725 3865 1821 3919; x_wconf 87' lang='lat' dir='ltr'>ego</span> 
     </span>
    </p>
   </div>
   <div class='ocr_carea' id='block_1_42' title="bbox 292 3917 1819 3990">
    <p class='ocr_par' dir='ltr' id='par_1_42' title="bbox 292 3917 1819 3990">
     <span class='ocr_line' id='line_1_42' title="bbox 292 3917 1819 3990; baseline 0.003 -20"><span class='ocrx_word' id='word_1_272' title='bbox 292 3932 441 3990; x_wconf 67' lang='lat' dir='ltr'>aqua</span> <span class='ocrx_word' id='word_1_273' title='bbox 470 3931 587 3990; x_wconf 76' lang='lat' dir='ltr'>non</span> <span class='ocrx_word' id='word_1_274' title='bbox 608 3932 719 3983; x_wconf 87' lang='lat' dir='ltr'>ero,</span> <span class='ocrx_word' id='word_1_275' title='bbox 759 3940 781 3962; x_wconf 74' lang='grc' dir='ltr'><strong><em>ι</em></strong></span> <span class='ocrx_word' id='word_1_276' title='bbox 815 3921 870 3972; x_wconf 86' lang='lat' dir='ltr'>et</span> <span class='ocrx_word' id='word_1_277' title='bbox 904 3917 969 3972; x_wconf 84' lang='lat' dir='ltr'>de</span> <span class='ocrx_word' id='word_1_278' title='bbox 987 3919 1283 3975; x_wconf 80' lang='lat' dir='ltr'>curatione</span> <span class='ocrx_word' id='word_1_279' title='bbox 1306 3917 1459 3990; x_wconf 66' lang='lat' dir='ltr'>apud</span> <span class='ocrx_word' id='word_1_280' title='bbox 1482 3917 1819 3974; x_wconf 75' lang='lat' dir='ltr'>Cestrchant</span> 
     </span>
    </p>
   </div>
   <div class='ocr_carea' id='block_1_43' title="bbox 288 3986 610 4057">
    <p class='ocr_par' dir='ltr' id='par_1_43' title="bbox 288 3986 610 4057">
     <span class='ocr_line' id='line_1_43' title="bbox 288 3986 610 4057; baseline -0.006 -16"><span class='ocrx_word' id='word_1_281' title='bbox 288 3986 610 4057; x_wconf 66' lang='lat' dir='ltr'>furibundi.</span> 
     </span>
    </p>
   </div>
   <div class='ocr_carea' id='block_1_44' title="bbox 288 4109 1820 4187">
    <p class='ocr_par' dir='ltr' id='par_1_44' title="bbox 288 4109 1820 4187">
     <span class='ocr_line' id='line_1_44' title="bbox 288 4109 1820 4187; baseline 0.002 -20"><span class='ocrx_word' id='word_1_282' title='bbox 288 4113 374 4167; x_wconf 89' lang='lat' dir='ltr'>Eo</span> <span class='ocrx_word' id='word_1_283' title='bbox 403 4109 671 4182; x_wconf 90' lang='lat' dir='ltr'>siquidem</span> <span class='ocrx_word' id='word_1_284' title='bbox 729 4111 984 4183; x_wconf 89' lang='lat' dir='ltr'>temporis</span> <span class='ocrx_word' id='word_1_285' title='bbox 1041 4112 1271 4169; x_wconf 87' lang='lat' dir='ltr'>articulo</span> <span class='ocrx_word' id='word_1_286' title='bbox 1317 4113 1467 4184; x_wconf 75' lang='grc'>(219)</span> <span class='ocrx_word' id='word_1_287' title='bbox 1498 4128 1606 4185; x_wconf 88' lang='lat' dir='ltr'>quo</span> <span class='ocrx_word' id='word_1_288' title='bbox 1649 4113 1820 4187; x_wconf 74' lang='lat' dir='ltr'>regiae</span> 
     </span>
    </p>
   </div>
   <div class='ocr_carea' id='block_1_45' title="bbox 213 4198 1819 4273">
    <p class='ocr_par' dir='ltr' id='par_1_45' title="bbox 213 4198 1819 4273">
     <span class='ocr_line' id='line_1_45' title="bbox 213 4198 1819 4273; baseline 0.001 -17"><span class='ocrx_word' id='word_1_289' title='bbox 213 4198 593 4257; x_wconf 88' lang='lat' dir='ltr'>insectationis</span> <span class='ocrx_word' id='word_1_290' title='bbox 623 4200 861 4271; x_wconf 90' lang='lat' dir='ltr'>procella</span> <span class='ocrx_word' id='word_1_291' title='bbox 889 4200 945 4255; x_wconf 91' lang='lat' dir='ltr'>in</span> <span class='ocrx_word' id='word_1_292' title='bbox 973 4201 1371 4257; x_wconf 88' lang='lat' dir='ltr'>Lincolniensis</span> <span class='ocrx_word' id='word_1_293' title='bbox 1400 4200 1663 4258; x_wconf 68' lang='lat' dir='ltr'>Ecclesiae</span> <span class='ocrx_word' id='word_1_294' title='bbox 1721 4218 1819 4273; x_wconf 90' lang='lat' dir='ltr'>pa-</span> 
     </span>
    </p>
   </div>
   <div class='ocr_carea' id='block_1_46' title="bbox 215 4288 1815 4360">
    <p class='ocr_par' dir='ltr' id='par_1_46' title="bbox 215 4288 1815 4360">
     <span class='ocr_line' id='line_1_46' title="bbox 215 4288 1815 4360; baseline 0 -16"><span class='ocrx_word' id='word_1_295' title='bbox 215 4297 445 4352; x_wconf 90' lang='lat' dir='ltr'>storem,</span> <span class='ocrx_word' id='word_1_296' title='bbox 488 4288 838 4359; x_wconf 90' lang='lat' dir='ltr'>semetipsum</span> <span class='ocrx_word' id='word_1_297' title='bbox 870 4304 971 4360; x_wconf 91' lang='lat' dir='ltr'>pro</span> <span class='ocrx_word' id='word_1_298' title='bbox 1031 4290 1222 4345; x_wconf 90' lang='lat' dir='ltr'>ovibus</span> <span class='ocrx_word' id='word_1_299' title='bbox 1273 4290 1384 4345; x_wconf 88' lang='lat' dir='ltr'>suis</span> <span class='ocrx_word' id='word_1_300' title='bbox 1433 4297 1815 4360; x_wconf 81' lang='lat' dir='ltr'>exponentem,</span> 
     </span>
    </p>
   </div>
   <div class='ocr_carea' id='block_1_47' title="bbox 214 4374 1820 4449">
    <p class='ocr_par' dir='ltr' id='par_1_47' title="bbox 214 4374 1820 4449">
     <span class='ocr_line' id='line_1_47' title="bbox 214 4374 1820 4449; baseline 0.002 -18"><span class='ocrx_word' id='word_1_301' title='bbox 214 4378 451 4448; x_wconf 88' lang='lat' dir='ltr'>primum</span> <span class='ocrx_word' id='word_1_302' title='bbox 480 4374 747 4441; x_wconf 78' lang='lat' dir='ltr'>efferbuit,</span> <span class='ocrx_word' id='word_1_303' title='bbox 793 4377 847 4431; x_wconf 90' lang='lat' dir='ltr'>id</span> <span class='ocrx_word' id='word_1_304' title='bbox 903 4377 1100 4433; x_wconf 90' lang='lat' dir='ltr'>accidit</span> <span class='ocrx_word' id='word_1_305' title='bbox 1172 4378 1317 4449; x_wconf 90' lang='lat' dir='ltr'>quod</span> <span class='ocrx_word' id='word_1_306' title='bbox 1364 4377 1667 4434; x_wconf 87' lang='lat' dir='ltr'>referimus.</span> <span class='ocrx_word' id='word_1_307' title='bbox 1741 4379 1820 4433; x_wconf 87' lang='lat' dir='ltr'>Ea</span> 
     </span>
    </p>
   </div>
   <div class='ocr_carea' id='block_1_48' title="bbox 214 4466 1818 4539">
    <p class='ocr_par' dir='ltr' id='par_1_48' title="bbox 214 4466 1818 4539">
     <span class='ocr_line' id='line_1_48' title="bbox 214 4466 1818 4539; baseline 0.001 -19"><span class='ocrx_word' id='word_1_308' title='bbox 214 4481 455 4537; x_wconf 85' lang='lat' dir='ltr'>namque</span> <span class='ocrx_word' id='word_1_309' title='bbox 478 4473 798 4535; x_wconf 89' lang='lat' dir='ltr'>tempestate</span> <span class='ocrx_word' id='word_1_310' title='bbox 819 4466 963 4520; x_wconf 92' lang='lat' dir='ltr'>idem</span> <span class='ocrx_word' id='word_1_311' title='bbox 983 4466 1216 4539; x_wconf 86' lang='lat' dir='ltr'>pervigil</span> <span class='ocrx_word' id='word_1_312' title='bbox 1238 4467 1396 4521; x_wconf 89' lang='lat' dir='ltr'>ovilis</span> <span class='ocrx_word' id='word_1_313' title='bbox 1417 4466 1686 4522; x_wconf 90' lang='lat' dir='ltr'>Dominici</span> <span class='ocrx_word' id='word_1_314' title='bbox 1716 4482 1818 4523; x_wconf 89' lang='lat' dir='ltr'>cu-</span> 
     </span>
    </p>
   </div>
   <div class='ocr_carea' id='block_1_49' title="bbox 1930 570 3523 655">
    <p class='ocr_par' dir='ltr' id='par_1_49' title="bbox 1930 570 3523 655">
     <span class='ocr_line' id='line_1_49' title="bbox 1930 570 3523 655; baseline 0.009 -33"><span class='ocrx_word' id='word_1_315' title='bbox 1930 570 2229 655; x_wconf 85' lang='lat' dir='ltr'>repedabat</span> <span class='ocrx_word' id='word_1_316' title='bbox 2275 573 2606 646; x_wconf 76' lang='lat' dir='ltr'>Ecclesium,</span> <span class='ocrx_word' id='word_1_317' title='bbox 2665 579 2808 634; x_wconf 91' lang='lat' dir='ltr'>unde</span> <span class='ocrx_word' id='word_1_318' title='bbox 2863 580 3203 652; x_wconf 87' lang='lat' dir='ltr'>proponebat</span> <span class='ocrx_word' id='word_1_319' title='bbox 3244 581 3523 655; x_wconf 90' lang='lat' dir='ltr'>dispositis</span> 
     </span>
    </p>
   </div>
   <div class='ocr_carea' id='block_1_50' title="bbox 1930 653 3524 737">
    <p class='ocr_par' dir='ltr' id='par_1_50' title="bbox 1930 653 3524 737">
     <span class='ocr_line' id='line_1_50' title="bbox 1930 653 3524 737; baseline 0.009 -30"><span class='ocrx_word' id='word_1_320' title='bbox 1930 653 2181 709; x_wconf 86' lang='lat' dir='ltr'>omnibus</span> <span class='ocrx_word' id='word_1_321' title='bbox 2237 656 2307 711; x_wconf 92' lang='lat' dir='ltr'>ad</span> <span class='ocrx_word' id='word_1_322' title='bbox 2347 674 2537 730; x_wconf 83' lang='lat' dir='ltr'>regem</span> <span class='ocrx_word' id='word_1_323' title='bbox 2577 662 2932 719; x_wconf 83' lang='lat' dir='ltr'>transfretare</span> <span class='ocrx_word' id='word_1_324' title='bbox 2988 664 3166 735; x_wconf 90' lang='lat' dir='ltr'>citius,</span> <span class='ocrx_word' id='word_1_325' title='bbox 3214 672 3271 720; x_wconf 93' lang='lat' dir='ltr'>ut</span> <span class='ocrx_word' id='word_1_326' title='bbox 3332 653 3524 737; x_wconf 12' lang='lat' dir='ltr'>(supra</span> 
     </span>
    </p>
   </div>
   <div class='ocr_carea' id='block_1_51' title="bbox 1932 739 3522 825">
    <p class='ocr_par' dir='ltr' id='par_1_51' title="bbox 1932 739 3522 825">
     <span class='ocr_line' id='line_1_51' title="bbox 1932 739 3522 825; baseline 0.009 -30"><span class='ocrx_word' id='word_1_327' title='bbox 1932 739 2137 796; x_wconf 91' lang='lat' dir='ltr'>dictum</span> <span class='ocrx_word' id='word_1_328' title='bbox 2173 746 2454 801; x_wconf 87' lang='lat' dir='ltr'>est.Mane</span> <span class='ocrx_word' id='word_1_329' title='bbox 2501 748 2667 820; x_wconf 85' lang='lat' dir='ltr'>igitur</span> <span class='ocrx_word' id='word_1_330' title='bbox 2698 750 2932 822; x_wconf 87' lang='lat' dir='ltr'>quadam</span> <span class='ocrx_word' id='word_1_331' title='bbox 2983 752 3072 808; x_wconf 92' lang='lat' dir='ltr'>die</span> <span class='ocrx_word' id='word_1_332' title='bbox 3110 752 3395 811; x_wconf 89' lang='lat' dir='ltr'>Dominica</span> <span class='ocrx_word' id='word_1_333' title='bbox 3421 770 3522 825; x_wconf 90' lang='lat' dir='ltr'>per</span> 
     </span>
    </p>
   </div>
   <div class='ocr_carea' id='block_1_52' title="bbox 1928 828 3521 911">
    <p class='ocr_par' dir='ltr' id='par_1_52' title="bbox 1928 828 3521 911">
     <span class='ocr_line' id='line_1_52' title="bbox 1928 828 3521 911; baseline 0.009 -28"><span class='ocrx_word' id='word_1_334' title='bbox 1928 828 2114 884; x_wconf 88' lang='lat' dir='ltr'>villam</span> <span class='ocrx_word' id='word_1_335' title='bbox 2144 847 2308 902; x_wconf 91' lang='lat' dir='ltr'>quam</span> <span class='ocrx_word' id='word_1_336' title='bbox 2338 833 2748 892; x_wconf 88' lang='lat' dir='ltr'>Castrehantam</span> <span class='ocrx_word' id='word_1_337' title='bbox 2766 839 3056 911; x_wconf 85' lang='lat' dir='ltr'>antiquitas</span> <span class='ocrx_word' id='word_1_338' title='bbox 3087 842 3354 897; x_wconf 87' lang='lat' dir='ltr'>nominari</span> <span class='ocrx_word' id='word_1_339' title='bbox 3368 841 3521 897; x_wconf 88' lang='lat' dir='ltr'>insti-</span> 
     </span>
    </p>
   </div>
   <div class='ocr_carea' id='block_1_53' title="bbox 1929 917 3519 999">
    <p class='ocr_par' dir='ltr' id='par_1_53' title="bbox 1929 917 3519 999">
     <span class='ocr_line' id='line_1_53' title="bbox 1929 917 3519 999; baseline 0.009 -29"><span class='ocrx_word' id='word_1_340' title='bbox 1929 917 2048 984; x_wconf 90' lang='lat' dir='ltr'>tuit,</span> <span class='ocrx_word' id='word_1_341' title='bbox 2103 920 2302 991; x_wconf 84' lang='lat' dir='ltr'>agebat</span> <span class='ocrx_word' id='word_1_342' title='bbox 2351 922 2470 977; x_wconf 88' lang='lat' dir='ltr'>iter.</span> <span class='ocrx_word' id='word_1_343' title='bbox 2506 924 2751 997; x_wconf 90' lang='lat' dir='ltr'>Cumque</span> <span class='ocrx_word' id='word_1_344' title='bbox 2785 928 2901 995; x_wconf 88' lang='lat' dir='ltr'>jam</span> <span class='ocrx_word' id='word_1_345' title='bbox 2948 944 3089 999; x_wconf 90' lang='lat' dir='ltr'>pene</span> <span class='ocrx_word' id='word_1_346' title='bbox 3143 937 3288 985; x_wconf 89' lang='lat' dir='ltr'>totus</span> <span class='ocrx_word' id='word_1_347' title='bbox 3343 930 3519 987; x_wconf 89' lang='lat' dir='ltr'>comi-</span> 
     </span>
    </p>
   </div>
   <div class='ocr_carea' id='block_1_54' title="bbox 1930 1007 3522 1089">
    <p class='ocr_par' dir='ltr' id='par_1_54' title="bbox 1930 1007 3522 1089">
     <span class='ocr_line' id='line_1_54' title="bbox 1930 1007 3522 1089; baseline 0.009 -30"><span class='ocrx_word' id='word_1_348' title='bbox 1930 1012 2074 1060; x_wconf 91' lang='lat' dir='ltr'>tatus</span> <span class='ocrx_word' id='word_1_349' title='bbox 2132 1007 2275 1063; x_wconf 93' lang='lat' dir='ltr'>illius</span> <span class='ocrx_word' id='word_1_350' title='bbox 2339 1013 2733 1081; x_wconf 68' lang='lat' dir='ltr'>praecessisset,</span> <span class='ocrx_word' id='word_1_351' title='bbox 2795 1014 2933 1086; x_wconf 89' lang='lat' dir='ltr'>ipse,</span> <span class='ocrx_word' id='word_1_352' title='bbox 3009 1032 3133 1072; x_wconf 90' lang='lat' dir='ltr'>cum</span> <span class='ocrx_word' id='word_1_353' title='bbox 3177 1017 3522 1089; x_wconf 83' lang='lat' dir='ltr'>paucissimis</span> 
     </span>
    </p>
   </div>
   <div class='ocr_carea' id='block_1_55' title="bbox 1929 1094 3518 1178">
    <p class='ocr_par' dir='ltr' id='par_1_55' title="bbox 1929 1094 3518 1178">
     <span class='ocr_line' id='line_1_55' title="bbox 1929 1094 3518 1178; baseline 0.008 -30"><span class='ocrx_word' id='word_1_354' title='bbox 1929 1094 2093 1149; x_wconf 89' lang='lat' dir='ltr'>sociis</span> <span class='ocrx_word' id='word_1_355' title='bbox 2124 1096 2264 1151; x_wconf 67' lang='lat' dir='ltr'>villae</span> <span class='ocrx_word' id='word_1_356' title='bbox 2294 1098 2528 1154; x_wconf 90' lang='lat' dir='ltr'>medium</span> <span class='ocrx_word' id='word_1_357' title='bbox 2566 1100 2869 1173; x_wconf 87' lang='lat' dir='ltr'>ingressus,</span> <span class='ocrx_word' id='word_1_358' title='bbox 2925 1119 3126 1178; x_wconf 88' lang='lat' dir='ltr'>magno</span> <span class='ocrx_word' id='word_1_359' title='bbox 3200 1105 3348 1178; x_wconf 86' lang='lat' dir='ltr'>vulgi</span> <span class='ocrx_word' id='word_1_360' title='bbox 3413 1106 3518 1164; x_wconf 87' lang='lat' dir='ltr'>cla-</span> 
     </span>
    </p>
   </div>
   <div class='ocr_carea' id='block_1_56' title="bbox 1928 1182 3519 1251">
    <p class='ocr_par' dir='ltr' id='par_1_56' title="bbox 1928 1182 3519 1251">
     <span class='ocr_line' id='line_1_56' title="bbox 1928 1182 3519 1251; baseline 0.009 -16"><span class='ocrx_word' id='word_1_361' title='bbox 1928 1182 2165 1237; x_wconf 87' lang='lat' dir='ltr'>mitantis</span> <span class='ocrx_word' id='word_1_362' title='bbox 2194 1185 2435 1241; x_wconf 90' lang='lat' dir='ltr'>clamore</span> <span class='ocrx_word' id='word_1_363' title='bbox 2466 1188 2645 1245; x_wconf 90' lang='lat' dir='ltr'>subito</span> <span class='ocrx_word' id='word_1_364' title='bbox 2685 1190 2934 1247; x_wconf 88' lang='lat' dir='ltr'>vallatur.</span> <span class='ocrx_word' id='word_1_365' title='bbox 2963 1192 3236 1249; x_wconf 81' lang='lat' dir='ltr'>Exoratur</span> <span class='ocrx_word' id='word_1_366' title='bbox 3262 1200 3444 1251; x_wconf 87' lang='lat' dir='ltr'>autem</span> <span class='ocrx_word' id='word_1_367' title='bbox 3485 1210 3519 1250; x_wconf 88' lang='lat' dir='ltr'>a</span> 
     </span>
    </p>
   </div>
   <div class='ocr_carea' id='block_1_57' title="bbox 1926 1271 3522 1350">
    <p class='ocr_par' dir='ltr' id='par_1_57' title="bbox 1926 1271 3522 1350">
     <span class='ocr_line' id='line_1_57' title="bbox 1926 1271 3522 1350; baseline 0.008 -25"><span class='ocrx_word' id='word_1_368' title='bbox 1926 1271 2128 1342; x_wconf 88' lang='lat' dir='ltr'>populo</span> <span class='ocrx_word' id='word_1_369' title='bbox 2157 1273 2463 1330; x_wconf 85' lang='lat' dir='ltr'>conﬂuente</span> <span class='ocrx_word' id='word_1_370' title='bbox 2495 1284 2551 1332; x_wconf 89' lang='lat' dir='ltr'>ut</span> <span class='ocrx_word' id='word_1_371' title='bbox 2588 1279 2884 1350; x_wconf 89' lang='lat' dir='ltr'>quemdam</span> <span class='ocrx_word' id='word_1_372' title='bbox 2926 1272 3317 1338; x_wconf 87' lang='lat' dir='ltr'>convicaneum</span> <span class='ocrx_word' id='word_1_373' title='bbox 3362 1297 3522 1338; x_wconf 89' lang='lat' dir='ltr'>suum</span> 
     </span>
    </p>
   </div>
   <div class='ocr_carea' id='block_1_58' title="bbox 1928 1359 3523 1434">
    <p class='ocr_par' dir='ltr' id='par_1_58' title="bbox 1928 1359 3523 1434">
     <span class='ocr_line' id='line_1_58' title="bbox 1928 1359 3523 1434; baseline 0.008 -21"><span class='ocrx_word' id='word_1_374' title='bbox 1928 1375 1958 1413; x_wconf 93' lang='lat' dir='ltr'>a</span> <span class='ocrx_word' id='word_1_375' title='bbox 1987 1359 2291 1416; x_wconf 69' lang='lat' dir='ltr'>saevissimo</span> <span class='ocrx_word' id='word_1_376' title='bbox 2320 1362 2568 1420; x_wconf 73' lang='lat' dir='ltr'>daemone</span> <span class='ocrx_word' id='word_1_377' title='bbox 2611 1365 2919 1434; x_wconf 91' lang='lat' dir='ltr'>obsessum,</span> <span class='ocrx_word' id='word_1_378' title='bbox 2960 1383 3130 1426; x_wconf 61' lang='lat' dir='ltr'>sacrm</span> <span class='ocrx_word' id='word_1_379' title='bbox 3173 1385 3286 1426; x_wconf 64' lang='lat' dir='ltr'>sua</span> <span class='ocrx_word' id='word_1_380' title='bbox 3337 1369 3523 1427; x_wconf 84' lang='lat' dir='ltr'>dexte-</span> 
     </span>
    </p>
   </div>
   <div class='ocr_carea' id='block_1_59' title="bbox 1928 1449 3523 1528">
    <p class='ocr_par' dir='ltr' id='par_1_59' title="bbox 1928 1449 3523 1528">
     <span class='ocr_line' id='line_1_59' title="bbox 1928 1449 3523 1528; baseline 0.008 -26"><span class='ocrx_word' id='word_1_381' title='bbox 1928 1464 2006 1503; x_wconf 74' lang='lat' dir='ltr'>rze</span> <span class='ocrx_word' id='word_1_382' title='bbox 2056 1449 2471 1523; x_wconf 90' lang='lat' dir='ltr'>consignatione</span> <span class='ocrx_word' id='word_1_383' title='bbox 2558 1453 2879 1526; x_wconf 83' lang='lat' dir='ltr'>dignaretur</span> <span class='ocrx_word' id='word_1_384' title='bbox 2953 1456 3295 1515; x_wconf 86' lang='lat' dir='ltr'>benedicere.</span> <span class='ocrx_word' id='word_1_385' title='bbox 3345 1457 3523 1528; x_wconf 87' lang='lat' dir='ltr'>Quem</span> 
     </span>
    </p>
   </div>
   <div class='ocr_carea' id='block_1_60' title="bbox 1926 1536 3523 1616">
    <p class='ocr_par' dir='ltr' id='par_1_60' title="bbox 1926 1536 3523 1616">
     <span class='ocr_line' id='line_1_60' title="bbox 1926 1536 3523 1616; baseline 0.009 -27"><span class='ocrx_word' id='word_1_386' title='bbox 1926 1543 1985 1589; x_wconf 91' lang='lat' dir='ltr'>ut</span> <span class='ocrx_word' id='word_1_387' title='bbox 2039 1536 2171 1592; x_wconf 90' lang='lat' dir='ltr'>vidit</span> <span class='ocrx_word' id='word_1_388' title='bbox 2230 1547 2424 1609; x_wconf 90' lang='lat' dir='ltr'>aperto</span> <span class='ocrx_word' id='word_1_389' title='bbox 2475 1540 2671 1596; x_wconf 90' lang='lat' dir='ltr'>domus</span> <span class='ocrx_word' id='word_1_390' title='bbox 2706 1559 2817 1598; x_wconf 68' lang='lat' dir='ltr'>suae</span> <span class='ocrx_word' id='word_1_391' title='bbox 2874 1543 3014 1601; x_wconf 90' lang='lat' dir='ltr'>ostio</span> <span class='ocrx_word' id='word_1_392' title='bbox 3069 1544 3297 1601; x_wconf 89' lang='lat' dir='ltr'>interius</span> <span class='ocrx_word' id='word_1_393' title='bbox 3335 1546 3523 1616; x_wconf 85' lang='lat' dir='ltr'>jacere</span> 
     </span>
    </p>
   </div>
   <div class='ocr_carea' id='block_1_61' title="bbox 1927 1623 3525 1703">
    <p class='ocr_par' dir='ltr' id='par_1_61' title="bbox 1927 1623 3525 1703">
     <span class='ocr_line' id='line_1_61' title="bbox 1927 1623 3525 1703; baseline 0.009 -26"><span class='ocrx_word' id='word_1_394' title='bbox 1927 1623 2174 1696; x_wconf 87' lang='lat' dir='ltr'>ligatum,</span> <span class='ocrx_word' id='word_1_395' title='bbox 2206 1642 2331 1681; x_wconf 84' lang='lat' dir='ltr'>mox</span> <span class='ocrx_word' id='word_1_396' title='bbox 2362 1627 2551 1699; x_wconf 90' lang='lat' dir='ltr'>spiritu</span> <span class='ocrx_word' id='word_1_397' title='bbox 2608 1638 2752 1687; x_wconf 91' lang='lat' dir='ltr'>totus</span> <span class='ocrx_word' id='word_1_398' title='bbox 2780 1630 3075 1703; x_wconf 86' lang='lat' dir='ltr'>infremuit,</span> <span class='ocrx_word' id='word_1_399' title='bbox 3106 1650 3208 1691; x_wconf 91' lang='lat' dir='ltr'>nec</span> <span class='ocrx_word' id='word_1_400' title='bbox 3238 1642 3525 1691; x_wconf 89' lang='lat' dir='ltr'>contentus</span> 
     </span>
    </p>
   </div>
   <div class='ocr_carea' id='block_1_62' title="bbox 1926 1712 3523 1795">
    <p class='ocr_par' dir='ltr' id='par_1_62' title="bbox 1926 1712 3523 1795">
     <span class='ocr_line' id='line_1_62' title="bbox 1926 1712 3523 1795; baseline 0.009 -29"><span class='ocrx_word' id='word_1_401' title='bbox 1926 1712 2096 1784; x_wconf 92' lang='lat' dir='ltr'>illum,</span> <span class='ocrx_word' id='word_1_402' title='bbox 2124 1722 2179 1769; x_wconf 91' lang='lat' dir='ltr'>ut</span> <span class='ocrx_word' id='word_1_403' title='bbox 2211 1724 2329 1770; x_wconf 92' lang='lat' dir='ltr'>erat</span> <span class='ocrx_word' id='word_1_404' title='bbox 2365 1732 2396 1769; x_wconf 89' lang='lat' dir='ltr'>a</span> <span class='ocrx_word' id='word_1_405' title='bbox 2454 1718 2697 1795; x_wconf 86' lang='lat' dir='ltr'>remotis,</span> <span class='ocrx_word' id='word_1_406' title='bbox 2756 1720 3105 1789; x_wconf 90' lang='lat' dir='ltr'>benedicere,</span> <span class='ocrx_word' id='word_1_407' title='bbox 3162 1738 3301 1795; x_wconf 89' lang='lat' dir='ltr'>equo</span> <span class='ocrx_word' id='word_1_408' title='bbox 3359 1739 3523 1795; x_wconf 88' lang='lat' dir='ltr'>quem</span> 
     </span>
    </p>
   </div>
   <div class='ocr_carea' id='block_1_63' title="bbox 1928 1801 3525 1869">
    <p class='ocr_par' dir='ltr' id='par_1_63' title="bbox 1928 1801 3525 1869">
     <span class='ocr_line' id='line_1_63' title="bbox 1928 1801 3525 1869; baseline 0.008 -14"><span class='ocrx_word' id='word_1_409' title='bbox 1928 1801 2146 1857; x_wconf 88' lang='lat' dir='ltr'>sederat</span> <span class='ocrx_word' id='word_1_410' title='bbox 2194 1803 2497 1869; x_wconf 82' lang='lat' dir='ltr'>descendit.</span> <span class='ocrx_word' id='word_1_411' title='bbox 2533 1806 2607 1861; x_wconf 91' lang='lat' dir='ltr'>ita</span> <span class='ocrx_word' id='word_1_412' title='bbox 2652 1807 2841 1863; x_wconf 91' lang='lat' dir='ltr'>dicens</span> <span class='ocrx_word' id='word_1_413' title='bbox 2874 1827 2887 1863; x_wconf 91' lang='lat'>:</span> <span class='ocrx_word' id='word_1_414' title='bbox 2925 1830 2948 1861; x_wconf 76' lang='grc' dir='ltr'><strong><em>ι</em></strong></span> <span class='ocrx_word' id='word_1_415' title='bbox 3008 1810 3151 1865; x_wconf 85' lang='lat' dir='ltr'>Proh</span> <span class='ocrx_word' id='word_1_416' title='bbox 3178 1810 3367 1866; x_wconf 84' lang='lat' dir='ltr'>nefas!</span> <span class='ocrx_word' id='word_1_417' title='bbox 3406 1812 3525 1868; x_wconf 67' lang='lat' dir='ltr'>haec</span> 
     </span>
    </p>
   </div>
   <div class='ocr_carea' id='block_1_64' title="bbox 1930 1889 3522 1971">
    <p class='ocr_par' dir='ltr' id='par_1_64' title="bbox 1930 1889 3522 1971">
     <span class='ocr_line' id='line_1_64' title="bbox 1930 1889 3522 1971; baseline 0.008 -28"><span class='ocrx_word' id='word_1_418' title='bbox 1930 1889 2114 1962; x_wconf 89' lang='lat' dir='ltr'>utique</span> <span class='ocrx_word' id='word_1_419' title='bbox 2154 1908 2265 1949; x_wconf 91' lang='lat' dir='ltr'>non</span> <span class='ocrx_word' id='word_1_420' title='bbox 2295 1909 2354 1949; x_wconf 91' lang='lat' dir='ltr'>se</span> <span class='ocrx_word' id='word_1_421' title='bbox 2410 1902 2561 1951; x_wconf 90' lang='lat' dir='ltr'>recte</span> <span class='ocrx_word' id='word_1_422' title='bbox 2634 1895 2856 1952; x_wconf 84' lang='lat' dir='ltr'>habent.</span> <span class='ocrx_word' id='word_1_423' title='bbox 2896 1920 2917 1945; x_wconf 78' lang='grc' dir='ltr'><strong>ιι</strong></span> <span class='ocrx_word' id='word_1_424' title='bbox 2958 1897 3232 1955; x_wconf 84' lang='lat' dir='ltr'>Cernebat</span> <span class='ocrx_word' id='word_1_425' title='bbox 3283 1914 3522 1971; x_wconf 89' lang='lat' dir='ltr'>namque</span> 
     </span>
    </p>
   </div>
   <div class='ocr_carea' id='block_1_65' title="bbox 1928 1978 3524 2059">
    <p class='ocr_par' dir='ltr' id='par_1_65' title="bbox 1928 1978 3524 2059">
     <span class='ocr_line' id='line_1_65' title="bbox 1928 1978 3524 2059; baseline 0.008 -28"><span class='ocrx_word' id='word_1_426' title='bbox 1928 1978 2191 2035; x_wconf 60' lang='lat' dir='ltr'>damonis</span> <span class='ocrx_word' id='word_1_427' title='bbox 2239 1981 2510 2053; x_wconf 84' lang='lat' dir='ltr'>captivum</span> <span class='ocrx_word' id='word_1_428' title='bbox 2576 1984 2761 2052; x_wconf 86' lang='lat' dir='ltr'>jacere</span> <span class='ocrx_word' id='word_1_429' title='bbox 2818 1985 3090 2056; x_wconf 90' lang='lat' dir='ltr'>supinum,</span> <span class='ocrx_word' id='word_1_430' title='bbox 3131 1993 3401 2059; x_wconf 87' lang='lat' dir='ltr'>caputque</span> <span class='ocrx_word' id='word_1_431' title='bbox 3454 1987 3524 2044; x_wconf 90' lang='lat' dir='ltr'>ad</span> 
     </span>
    </p>
   </div>
   <div class='ocr_carea' id='block_1_66' title="bbox 1926 2070 3525 2147">
    <p class='ocr_par' dir='ltr' id='par_1_66' title="bbox 1926 2070 3525 2147">
     <span class='ocr_line' id='line_1_66' title="bbox 1926 2070 3525 2147; baseline 0.006 -25"><span class='ocrx_word' id='word_1_432' title='bbox 1926 2077 2161 2139; x_wconf 90' lang='lat' dir='ltr'>postem,</span> <span class='ocrx_word' id='word_1_433' title='bbox 2193 2078 2246 2124; x_wconf 94' lang='lat' dir='ltr'>et</span> <span class='ocrx_word' id='word_1_434' title='bbox 2301 2086 2497 2126; x_wconf 91' lang='lat' dir='ltr'>manus</span> <span class='ocrx_word' id='word_1_435' title='bbox 2542 2070 2788 2144; x_wconf 87' lang='lat' dir='ltr'>singulas</span> <span class='ocrx_word' id='word_1_436' title='bbox 2833 2074 2901 2129; x_wconf 93' lang='lat' dir='ltr'>ad</span> <span class='ocrx_word' id='word_1_437' title='bbox 2945 2074 3195 2147; x_wconf 83' lang='lat' dir='ltr'>singulos</span> <span class='ocrx_word' id='word_1_438' title='bbox 3238 2074 3367 2132; x_wconf 91' lang='lat' dir='ltr'>hinc</span> <span class='ocrx_word' id='word_1_439' title='bbox 3397 2075 3525 2132; x_wconf 87' lang='lat' dir='ltr'>inde</span> 
     </span>
    </p>
   </div>
   <div class='ocr_carea' id='block_1_67' title="bbox 1926 2157 3525 2236">
    <p class='ocr_par' dir='ltr' id='par_1_67' title="bbox 1926 2157 3525 2236">
     <span class='ocr_line' id='line_1_67' title="bbox 1926 2157 3525 2236; baseline 0.006 -25"><span class='ocrx_word' id='word_1_440' title='bbox 1926 2157 2161 2227; x_wconf 85' lang='lat' dir='ltr'>paxillos</span> <span class='ocrx_word' id='word_1_441' title='bbox 2188 2159 2353 2215; x_wconf 89' lang='lat' dir='ltr'>humo</span> <span class='ocrx_word' id='word_1_442' title='bbox 2370 2159 2531 2216; x_wconf 88' lang='lat' dir='ltr'>altius</span> <span class='ocrx_word' id='word_1_443' title='bbox 2549 2159 2758 2216; x_wconf 85' lang='lat' dir='ltr'>deﬁxos</span> <span class='ocrx_word' id='word_1_444' title='bbox 2787 2162 2993 2218; x_wconf 87' lang='lat' dir='ltr'>habere</span> <span class='ocrx_word' id='word_1_445' title='bbox 3025 2162 3322 2235; x_wconf 88' lang='lat' dir='ltr'>religatas;</span> <span class='ocrx_word' id='word_1_446' title='bbox 3353 2164 3525 2236; x_wconf 88' lang='lat' dir='ltr'>pedes</span> 
     </span>
    </p>
   </div>
   <div class='ocr_carea' id='block_1_68' title="bbox 1927 2247 3524 2323">
    <p class='ocr_par' dir='ltr' id='par_1_68' title="bbox 1927 2247 3524 2323">
     <span class='ocr_line' id='line_1_68' title="bbox 1927 2247 3524 2323; baseline 0.006 -23"><span class='ocrx_word' id='word_1_447' title='bbox 1927 2261 2141 2320; x_wconf 90' lang='lat' dir='ltr'>quoque</span> <span class='ocrx_word' id='word_1_448' title='bbox 2174 2247 2375 2318; x_wconf 90' lang='lat' dir='ltr'>pariter</span> <span class='ocrx_word' id='word_1_449' title='bbox 2394 2249 2589 2318; x_wconf 90' lang='lat' dir='ltr'>juncti,</span> <span class='ocrx_word' id='word_1_450' title='bbox 2620 2249 2747 2320; x_wconf 89' lang='lat' dir='ltr'>palo</span> <span class='ocrx_word' id='word_1_451' title='bbox 2778 2257 2929 2305; x_wconf 90' lang='lat' dir='ltr'>erant</span> <span class='ocrx_word' id='word_1_452' title='bbox 2955 2251 3180 2307; x_wconf 90' lang='lat' dir='ltr'>astricti.</span> <span class='ocrx_word' id='word_1_453' title='bbox 3212 2250 3390 2323; x_wconf 90' lang='lat' dir='ltr'>Ipsius</span> <span class='ocrx_word' id='word_1_454' title='bbox 3420 2268 3524 2309; x_wconf 89' lang='lat' dir='ltr'>au-</span> 
     </span>
    </p>
   </div>
   <div class='ocr_carea' id='block_1_69' title="bbox 1928 2335 3526 2415">
    <p class='ocr_par' dir='ltr' id='par_1_69' title="bbox 1928 2335 3526 2415">
     <span class='ocr_line' id='line_1_69' title="bbox 1928 2335 3526 2415; baseline 0.006 -26"><span class='ocrx_word' id='word_1_455' title='bbox 1928 2341 2034 2390; x_wconf 88' lang='lat' dir='ltr'>tem</span> <span class='ocrx_word' id='word_1_456' title='bbox 2066 2335 2211 2392; x_wconf 89' lang='lat' dir='ltr'>oculi</span> <span class='ocrx_word' id='word_1_457' title='bbox 2240 2336 2562 2392; x_wconf 87' lang='lat' dir='ltr'>mirabiliter</span> <span class='ocrx_word' id='word_1_458' title='bbox 2608 2338 2933 2394; x_wconf 89' lang='lat' dir='ltr'>rotabantur</span> <span class='ocrx_word' id='word_1_459' title='bbox 2964 2339 3020 2395; x_wconf 92' lang='lat' dir='ltr'>in</span> <span class='ocrx_word' id='word_1_460' title='bbox 3048 2356 3264 2415; x_wconf 86' lang='lat' dir='ltr'>gyrum,</span> <span class='ocrx_word' id='word_1_461' title='bbox 3294 2355 3359 2397; x_wconf 83' lang='lat' dir='ltr'>os</span> <span class='ocrx_word' id='word_1_462' title='bbox 3379 2357 3526 2398; x_wconf 89' lang='lat' dir='ltr'>nunc</span> 
     </span>
    </p>
   </div>
   <div class='ocr_carea' id='block_1_70' title="bbox 1925 2421 3522 2498">
    <p class='ocr_par' dir='ltr' id='par_1_70' title="bbox 1925 2421 3522 2498">
     <span class='ocr_line' id='line_1_70' title="bbox 1925 2421 3522 2498; baseline 0.006 -21"><span class='ocrx_word' id='word_1_463' title='bbox 1925 2421 1982 2478; x_wconf 93' lang='lat' dir='ltr'>in</span> <span class='ocrx_word' id='word_1_464' title='bbox 2010 2424 2174 2491; x_wconf 88' lang='lat' dir='ltr'>hanc,</span> <span class='ocrx_word' id='word_1_465' title='bbox 2210 2442 2353 2482; x_wconf 91' lang='lat' dir='ltr'>nunc</span> <span class='ocrx_word' id='word_1_466' title='bbox 2392 2425 2446 2480; x_wconf 88' lang='lat' dir='ltr'>in</span> <span class='ocrx_word' id='word_1_467' title='bbox 2477 2426 2625 2482; x_wconf 93' lang='lat' dir='ltr'>illam</span> <span class='ocrx_word' id='word_1_468' title='bbox 2655 2435 2866 2498; x_wconf 89' lang='lat' dir='ltr'>partem</span> <span class='ocrx_word' id='word_1_469' title='bbox 2894 2427 3195 2485; x_wconf 90' lang='lat' dir='ltr'>miserabili</span> <span class='ocrx_word' id='word_1_470' title='bbox 3222 2428 3328 2484; x_wconf 90' lang='lat' dir='ltr'>ritu</span> <span class='ocrx_word' id='word_1_471' title='bbox 3381 2444 3522 2486; x_wconf 87' lang='lat' dir='ltr'>con-</span> 
     </span>
    </p>
   </div>
   <div class='ocr_carea' id='block_1_71' title="bbox 1929 2512 3521 2590">
    <p class='ocr_par' dir='ltr' id='par_1_71' title="bbox 1929 2512 3521 2590">
     <span class='ocr_line' id='line_1_71' title="bbox 1929 2512 3521 2590; baseline 0.004 -24"><span class='ocrx_word' id='word_1_472' title='bbox 1929 2512 2304 2584; x_wconf 88' lang='lat' dir='ltr'>torquebatur.</span> <span class='ocrx_word' id='word_1_473' title='bbox 2356 2514 2513 2571; x_wconf 90' lang='lat' dir='ltr'>Nunc</span> <span class='ocrx_word' id='word_1_474' title='bbox 2551 2515 2794 2588; x_wconf 85' lang='lat' dir='ltr'>linguam</span> <span class='ocrx_word' id='word_1_475' title='bbox 2821 2516 2878 2570; x_wconf 90' lang='lat' dir='ltr'>in</span> <span class='ocrx_word' id='word_1_476' title='bbox 2923 2516 3249 2574; x_wconf 88' lang='lat' dir='ltr'>immensum</span> <span class='ocrx_word' id='word_1_477' title='bbox 3295 2526 3521 2590; x_wconf 90' lang='lat' dir='ltr'>proten-</span> 
     </span>
    </p>
   </div>
   <div class='ocr_carea' id='block_1_72' title="bbox 1926 2600 3524 2674">
    <p class='ocr_par' dir='ltr' id='par_1_72' title="bbox 1926 2600 3524 2674">
     <span class='ocr_line' id='line_1_72' title="bbox 1926 2600 3524 2674; baseline 0.006 -20"><span class='ocrx_word' id='word_1_478' title='bbox 1926 2600 2093 2655; x_wconf 91' lang='lat' dir='ltr'>debat</span> <span class='ocrx_word' id='word_1_479' title='bbox 2125 2602 2194 2656; x_wconf 90' lang='lat' dir='ltr'>ab</span> <span class='ocrx_word' id='word_1_480' title='bbox 2236 2617 2347 2669; x_wconf 91' lang='lat' dir='ltr'>ore,</span> <span class='ocrx_word' id='word_1_481' title='bbox 2382 2620 2527 2659; x_wconf 91' lang='lat' dir='ltr'>nunc</span> <span class='ocrx_word' id='word_1_482' title='bbox 2554 2604 2809 2660; x_wconf 91' lang='lat' dir='ltr'>dentibus</span> <span class='ocrx_word' id='word_1_483' title='bbox 2842 2605 3127 2674; x_wconf 88' lang='lat' dir='ltr'>stridebat,</span> <span class='ocrx_word' id='word_1_484' title='bbox 3187 2621 3335 2663; x_wconf 91' lang='lat' dir='ltr'>nunc</span> <span class='ocrx_word' id='word_1_485' title='bbox 3374 2606 3524 2664; x_wconf 88' lang='lat' dir='ltr'>hiatu</span> 
     </span>
    </p>
   </div>
   <div class='ocr_carea' id='block_1_73' title="bbox 1926 2688 3528 2767">
    <p class='ocr_par' dir='ltr' id='par_1_73' title="bbox 1926 2688 3528 2767">
     <span class='ocr_line' id='line_1_73' title="bbox 1926 2688 3528 2767; baseline 0.005 -23"><span class='ocrx_word' id='word_1_486' title='bbox 1926 2688 2166 2746; x_wconf 81' lang='lat' dir='ltr'>faucium</span> <span class='ocrx_word' id='word_1_487' title='bbox 2196 2690 2593 2749; x_wconf 90' lang='lat' dir='ltr'>immanissimo</span> <span class='ocrx_word' id='word_1_488' title='bbox 2622 2692 2871 2764; x_wconf 89' lang='lat' dir='ltr'>patulum</span> <span class='ocrx_word' id='word_1_489' title='bbox 2912 2694 3145 2767; x_wconf 85' lang='lat' dir='ltr'>gutturis</span> <span class='ocrx_word' id='word_1_490' title='bbox 3177 2703 3438 2765; x_wconf 88' lang='lat' dir='ltr'>meatum,</span> <span class='ocrx_word' id='word_1_491' title='bbox 3462 2711 3528 2753; x_wconf 88' lang='lat' dir='ltr'>ac</span> 
     </span>
    </p>
   </div>
   <div class='ocr_carea' id='block_1_74' title="bbox 1927 2778 3522 2854">
    <p class='ocr_par' dir='ltr' id='par_1_74' title="bbox 1927 2778 3522 2854">
     <span class='ocr_line' id='line_1_74' title="bbox 1927 2778 3522 2854; baseline 0.004 -21"><span class='ocrx_word' id='word_1_492' title='bbox 1927 2778 1973 2833; x_wconf 93' lang='lat' dir='ltr'>si</span> <span class='ocrx_word' id='word_1_493' title='bbox 2013 2779 2287 2851; x_wconf 89' lang='lat' dir='ltr'>quoddam</span> <span class='ocrx_word' id='word_1_494' title='bbox 2317 2780 2512 2853; x_wconf 89' lang='lat' dir='ltr'>ingens</span> <span class='ocrx_word' id='word_1_495' title='bbox 2544 2782 2855 2837; x_wconf 89' lang='lat' dir='ltr'>barathrum</span> <span class='ocrx_word' id='word_1_496' title='bbox 2886 2790 3051 2854; x_wconf 89' lang='lat' dir='ltr'>esset,</span> <span class='ocrx_word' id='word_1_497' title='bbox 3085 2791 3139 2839; x_wconf 91' lang='lat' dir='ltr'>et</span> <span class='ocrx_word' id='word_1_498' title='bbox 3189 2782 3522 2840; x_wconf 84' lang='lat' dir='ltr'>intuentibus</span> 
     </span>
    </p>
   </div>
   <div class='ocr_carea' id='block_1_75' title="bbox 1925 2868 3525 2943">
    <p class='ocr_par' dir='ltr' id='par_1_75' title="bbox 1925 2868 3525 2943">
     <span class='ocr_line' id='line_1_75' title="bbox 1925 2868 3525 2943; baseline 0.004 -22"><span class='ocrx_word' id='word_1_499' title='bbox 1925 2868 2209 2924; x_wconf 90' lang='lat' dir='ltr'>horridum</span> <span class='ocrx_word' id='word_1_500' title='bbox 2251 2869 2682 2926; x_wconf 89' lang='lat' dir='ltr'>demonstrabat.</span> <span class='ocrx_word' id='word_1_501' title='bbox 2716 2871 2802 2926; x_wconf 83' lang='lat' dir='ltr'>Ad</span> <span class='ocrx_word' id='word_1_502' title='bbox 2823 2887 2986 2943; x_wconf 90' lang='lat' dir='ltr'>quem</span> <span class='ocrx_word' id='word_1_503' title='bbox 3034 2872 3236 2943; x_wconf 70' lang='lat' dir='ltr'>praesul</span> <span class='ocrx_word' id='word_1_504' title='bbox 3265 2870 3525 2928; x_wconf 86' lang='lat' dir='ltr'>velociter</span> 
     </span>
    </p>
   </div>
   <div class='ocr_carea' id='block_1_76' title="bbox 1925 2956 3524 3033">
    <p class='ocr_par' dir='ltr' id='par_1_76' title="bbox 1925 2956 3524 3033">
     <span class='ocr_line' id='line_1_76' title="bbox 1925 2956 3524 3033; baseline 0.003 -22"><span class='ocrx_word' id='word_1_505' title='bbox 1925 2971 2239 3023; x_wconf 89' lang='lat' dir='ltr'>accurrens,</span> <span class='ocrx_word' id='word_1_506' title='bbox 2271 2956 2417 3014; x_wconf 91' lang='lat' dir='ltr'>facto</span> <span class='ocrx_word' id='word_1_507' title='bbox 2447 2975 2605 3030; x_wconf 86' lang='lat' dir='ltr'>super</span> <span class='ocrx_word' id='word_1_508' title='bbox 2638 2976 2764 3015; x_wconf 88' lang='lat' dir='ltr'>eum</span> <span class='ocrx_word' id='word_1_509' title='bbox 2794 2959 2954 3033; x_wconf 88' lang='lat' dir='ltr'>signo</span> <span class='ocrx_word' id='word_1_510' title='bbox 2984 2968 3187 3018; x_wconf 71' lang='lat' dir='ltr'>sanctae</span> <span class='ocrx_word' id='word_1_511' title='bbox 3209 2960 3412 3028; x_wconf 86' lang='lat' dir='ltr'>crucis,</span> <span class='ocrx_word' id='word_1_512' title='bbox 3442 2962 3524 3016; x_wconf 87' lang='lat' dir='ltr'>in-</span> 
     </span>
    </p>
   </div>
   <div class='ocr_carea' id='block_1_77' title="bbox 1926 3045 3524 3121">
    <p class='ocr_par' dir='ltr' id='par_1_77' title="bbox 1926 3045 3524 3121">
     <span class='ocr_line' id='line_1_77' title="bbox 1926 3045 3524 3121; baseline 0.001 -19"><span class='ocrx_word' id='word_1_513' title='bbox 1926 3045 2145 3102; x_wconf 88' lang='lat' dir='ltr'>clinavit</span> <span class='ocrx_word' id='word_1_514' title='bbox 2183 3063 2263 3116; x_wconf 92' lang='lat' dir='ltr'>se,</span> <span class='ocrx_word' id='word_1_515' title='bbox 2315 3055 2366 3101; x_wconf 92' lang='lat' dir='ltr'>et</span> <span class='ocrx_word' id='word_1_516' title='bbox 2414 3047 2694 3104; x_wconf 83' lang='lat' dir='ltr'>dexteram</span> <span class='ocrx_word' id='word_1_517' title='bbox 2724 3047 3041 3121; x_wconf 85' lang='lat' dir='ltr'>aliquandiu</span> <span class='ocrx_word' id='word_1_518' title='bbox 3073 3065 3244 3121; x_wconf 91' lang='lat' dir='ltr'>prope</span> <span class='ocrx_word' id='word_1_519' title='bbox 3271 3065 3336 3105; x_wconf 91' lang='lat' dir='ltr'>os</span> <span class='ocrx_word' id='word_1_520' title='bbox 3377 3049 3524 3105; x_wconf 91' lang='lat' dir='ltr'>illius</span> 
     </span>
    </p>
   </div>
   <div class='ocr_carea' id='block_1_78' title="bbox 1928 3135 3524 3210">
    <p class='ocr_par' dir='ltr' id='par_1_78' title="bbox 1928 3135 3524 3210">
     <span class='ocr_line' id='line_1_78' title="bbox 1928 3135 3524 3210; baseline 0.003 -21"><span class='ocrx_word' id='word_1_521' title='bbox 1928 3135 2147 3190; x_wconf 89' lang='lat' dir='ltr'>tenebat</span> <span class='ocrx_word' id='word_1_522' title='bbox 2193 3151 2515 3207; x_wconf 89' lang='lat' dir='ltr'>oppansam,</span> <span class='ocrx_word' id='word_1_523' title='bbox 2562 3137 2941 3210; x_wconf 86' lang='lat' dir='ltr'>evangelicum</span> <span class='ocrx_word' id='word_1_524' title='bbox 2970 3137 3188 3194; x_wconf 89' lang='lat' dir='ltr'>interim</span> <span class='ocrx_word' id='word_1_525' title='bbox 3227 3137 3524 3210; x_wconf 89' lang='lat' dir='ltr'>capitulum</span> 
     </span>
    </p>
   </div>
   <div class='ocr_carea' id='block_1_79' title="bbox 1922 3223 3519 3298">
    <p class='ocr_par' dir='ltr' id='par_1_79' title="bbox 1922 3223 3519 3298">
     <span class='ocr_line' id='line_1_79' title="bbox 1922 3223 3519 3298; baseline -0.002 -20"><span class='ocrx_word' id='word_1_526' title='bbox 1922 3223 2166 3280; x_wconf 87' lang='lat' dir='ltr'>scilicet:</span> <span class='ocrx_word' id='word_1_527' title='bbox 2197 3244 2218 3274; x_wconf 76' lang='grc' dir='ltr'>ι</span> <span class='ocrx_word' id='word_1_528' title='bbox 2256 3224 2316 3279; x_wconf 88' lang='lat' dir='ltr'>In</span> <span class='ocrx_word' id='word_1_529' title='bbox 2350 3224 2619 3296; x_wconf 90' lang='lat' dir='ltr'>principio</span> <span class='ocrx_word' id='word_1_530' title='bbox 2677 3234 2788 3282; x_wconf 88' lang='lat' dir='ltr'>erat</span> <span class='ocrx_word' id='word_1_531' title='bbox 2819 3226 3060 3282; x_wconf 77' lang='lat' dir='ltr'>Verbum</span> <span class='ocrx_word' id='word_1_532' title='bbox 3090 3227 3276 3298; x_wconf 86' lang='lat' dir='ltr'>(Joan.</span> <span class='ocrx_word' id='word_1_533' title='bbox 3309 3241 3347 3283; x_wconf 88' lang='grc' dir='ltr'>ι.</span> <span class='ocrx_word' id='word_1_534' title='bbox 3383 3228 3458 3297; x_wconf 84' lang='grc'>1),</span> <span class='ocrx_word' id='word_1_535' title='bbox 3496 3250 3519 3275; x_wconf 76' lang='grc' dir='ltr'>ι.</span> 
     </span>
    </p>
   </div>
   <div class='ocr_carea' id='block_1_80' title="bbox 1922 3314 3524 3385">
    <p class='ocr_par' dir='ltr' id='par_1_80' title="bbox 1922 3314 3524 3385">
     <span class='ocr_line' id='line_1_80' title="bbox 1922 3314 3524 3385; baseline 0.001 -17"><span class='ocrx_word' id='word_1_536' title='bbox 1922 3328 2057 3369; x_wconf 90' lang='lat' dir='ltr'>voce</span> <span class='ocrx_word' id='word_1_537' title='bbox 2089 3329 2387 3384; x_wconf 92' lang='lat' dir='ltr'>suppressa</span> <span class='ocrx_word' id='word_1_538' title='bbox 2432 3329 2779 3385; x_wconf 90' lang='lat' dir='ltr'>percurrens.</span> <span class='ocrx_word' id='word_1_539' title='bbox 2820 3316 2889 3370; x_wconf 88' lang='lat' dir='ltr'>Et</span> <span class='ocrx_word' id='word_1_540' title='bbox 2948 3314 3208 3371; x_wconf 88' lang='lat' dir='ltr'>cernebat</span> <span class='ocrx_word' id='word_1_541' title='bbox 3260 3314 3524 3372; x_wconf 88' lang='lat' dir='ltr'>miserum</span> 
     </span>
    </p>
   </div>
   <div class='ocr_carea' id='block_1_81' title="bbox 1922 3401 3528 3476">
    <p class='ocr_par' dir='ltr' id='par_1_81' title="bbox 1922 3401 3528 3476">
     <span class='ocr_line' id='line_1_81' title="bbox 1922 3401 3528 3476; baseline 0.002 -21"><span class='ocrx_word' id='word_1_542' title='bbox 1922 3401 2063 3457; x_wconf 89' lang='lat' dir='ltr'>inter</span> <span class='ocrx_word' id='word_1_543' title='bbox 2089 3402 2207 3457; x_wconf 81' lang='lat' dir='ltr'>haec</span> <span class='ocrx_word' id='word_1_544' title='bbox 2236 3409 2418 3474; x_wconf 90' lang='lat' dir='ltr'>caput,</span> <span class='ocrx_word' id='word_1_545' title='bbox 2453 3402 2601 3474; x_wconf 90' lang='lat' dir='ltr'>quod</span> <span class='ocrx_word' id='word_1_546' title='bbox 2623 3404 2725 3458; x_wconf 91' lang='lat' dir='ltr'>huc</span> <span class='ocrx_word' id='word_1_547' title='bbox 2746 3402 2984 3474; x_wconf 90' lang='lat' dir='ltr'>illucque</span> <span class='ocrx_word' id='word_1_548' title='bbox 3011 3402 3385 3460; x_wconf 89' lang='lat' dir='ltr'>indesinenter</span> <span class='ocrx_word' id='word_1_549' title='bbox 3406 3402 3528 3476; x_wconf 84' lang='lat' dir='ltr'>agi-</span> 
     </span>
    </p>
   </div>
   <div class='ocr_carea' id='block_1_82' title="bbox 1922 3490 3523 3563">
    <p class='ocr_par' dir='ltr' id='par_1_82' title="bbox 1922 3490 3523 3563">
     <span class='ocr_line' id='line_1_82' title="bbox 1922 3490 3523 3563; baseline 0.002 -19"><span class='ocrx_word' id='word_1_550' title='bbox 1922 3497 2034 3545; x_wconf 92' lang='lat' dir='ltr'>tare</span> <span class='ocrx_word' id='word_1_551' title='bbox 2065 3498 2444 3558; x_wconf 82' lang='lat' dir='ltr'>consueverat,</span> <span class='ocrx_word' id='word_1_552' title='bbox 2469 3490 2750 3547; x_wconf 88' lang='lat' dir='ltr'>immotum</span> <span class='ocrx_word' id='word_1_553' title='bbox 2774 3491 2980 3546; x_wconf 89' lang='lat' dir='ltr'>habere</span> <span class='ocrx_word' id='word_1_554' title='bbox 3000 3499 3054 3546; x_wconf 92' lang='lat' dir='ltr'>et</span> <span class='ocrx_word' id='word_1_555' title='bbox 3075 3491 3334 3563; x_wconf 88' lang='lat' dir='ltr'>quietum,</span> <span class='ocrx_word' id='word_1_556' title='bbox 3354 3498 3413 3547; x_wconf 92' lang='lat' dir='ltr'>ut</span> <span class='ocrx_word' id='word_1_557' title='bbox 3431 3507 3523 3547; x_wconf 89' lang='lat' dir='ltr'>so-</span> 
     </span>
    </p>
   </div>
   <div class='ocr_carea' id='block_1_83' title="bbox 1920 3578 3525 3653">
    <p class='ocr_par' dir='ltr' id='par_1_83' title="bbox 1920 3578 3525 3653">
     <span class='ocr_line' id='line_1_83' title="bbox 1920 3578 3525 3653; baseline 0.002 -21"><span class='ocrx_word' id='word_1_558' title='bbox 1920 3578 2033 3634; x_wconf 89' lang='lat' dir='ltr'>lent</span> <span class='ocrx_word' id='word_1_559' title='bbox 2062 3594 2249 3647; x_wconf 88' lang='lat' dir='ltr'>canes,</span> <span class='ocrx_word' id='word_1_560' title='bbox 2284 3594 2407 3635; x_wconf 89' lang='lat' dir='ltr'>cum</span> <span class='ocrx_word' id='word_1_561' title='bbox 2460 3579 2600 3635; x_wconf 91' lang='lat' dir='ltr'>ictus</span> <span class='ocrx_word' id='word_1_562' title='bbox 2640 3580 2831 3636; x_wconf 91' lang='lat' dir='ltr'>timent</span> <span class='ocrx_word' id='word_1_563' title='bbox 2874 3580 3299 3653; x_wconf 74' lang='lat' dir='ltr'>castigandum;</span> <span class='ocrx_word' id='word_1_564' title='bbox 3332 3580 3525 3637; x_wconf 88' lang='lat' dir='ltr'>oculos</span> 
     </span>
    </p>
   </div>
   <div class='ocr_carea' id='block_1_84' title="bbox 1925 3667 3523 3741">
    <p class='ocr_par' dir='ltr' id='par_1_84' title="bbox 1925 3667 3523 3741">
     <span class='ocr_line' id='line_1_84' title="bbox 1925 3667 3523 3741; baseline -0.001 -17"><span class='ocrx_word' id='word_1_565' title='bbox 1925 3684 2053 3724; x_wconf 89' lang='lat' dir='ltr'>vero</span> <span class='ocrx_word' id='word_1_566' title='bbox 2073 3668 2175 3722; x_wconf 92' lang='lat' dir='ltr'>sub</span> <span class='ocrx_word' id='word_1_567' title='bbox 2204 3668 2522 3739; x_wconf 90' lang='lat' dir='ltr'>aspiciendo</span> <span class='ocrx_word' id='word_1_568' title='bbox 2544 3686 2667 3725; x_wconf 91' lang='lat' dir='ltr'>eum</span> <span class='ocrx_word' id='word_1_569' title='bbox 2699 3668 2935 3741; x_wconf 90' lang='lat' dir='ltr'>quadam</span> <span class='ocrx_word' id='word_1_570' title='bbox 2972 3668 3280 3724; x_wconf 89' lang='lat' dir='ltr'>formidinis</span> <span class='ocrx_word' id='word_1_571' title='bbox 3308 3675 3437 3725; x_wconf 89' lang='lat' dir='ltr'>nota</span> <span class='ocrx_word' id='word_1_572' title='bbox 3465 3667 3523 3723; x_wconf 91' lang='lat' dir='ltr'>in</span> 
     </span>
    </p>
   </div>
   <div class='ocr_carea' id='block_1_85' title="bbox 1922 3756 3523 3829">
    <p class='ocr_par' dir='ltr' id='par_1_85' title="bbox 1922 3756 3523 3829">
     <span class='ocr_line' id='line_1_85' title="bbox 1922 3756 3523 3829; baseline 0.002 -18"><span class='ocrx_word' id='word_1_573' title='bbox 1922 3763 2133 3827; x_wconf 90' lang='lat' dir='ltr'>partem</span> <span class='ocrx_word' id='word_1_574' title='bbox 2161 3756 2370 3812; x_wconf 91' lang='lat' dir='ltr'>variam</span> <span class='ocrx_word' id='word_1_575' title='bbox 2398 3757 2722 3814; x_wconf 89' lang='lat' dir='ltr'>meticulose</span> <span class='ocrx_word' id='word_1_576' title='bbox 2753 3756 3019 3828; x_wconf 84' lang='lat' dir='ltr'>dirigere.</span> <span class='ocrx_word' id='word_1_577' title='bbox 3041 3757 3305 3814; x_wconf 86' lang='lat' dir='ltr'>Percurso</span> <span class='ocrx_word' id='word_1_578' title='bbox 3334 3757 3523 3829; x_wconf 83' lang='lat' dir='ltr'>itaque</span> 
     </span>
    </p>
   </div>
   <div class='ocr_carea' id='block_1_86' title="bbox 1920 3844 3521 3918">
    <p class='ocr_par' dir='ltr' id='par_1_86' title="bbox 1920 3844 3521 3918">
     <span class='ocr_line' id='line_1_86' title="bbox 1920 3844 3521 3918; baseline 0 -18"><span class='ocrx_word' id='word_1_579' title='bbox 1920 3844 2241 3918; x_wconf 83' lang='lat' dir='ltr'>Evangelio,</span> <span class='ocrx_word' id='word_1_580' title='bbox 2276 3852 2334 3900; x_wconf 91' lang='lat' dir='ltr'>ut</span> <span class='ocrx_word' id='word_1_581' title='bbox 2364 3845 2435 3901; x_wconf 91' lang='lat' dir='ltr'>ad</span> <span class='ocrx_word' id='word_1_582' title='bbox 2467 3845 2669 3913; x_wconf 89' lang='lat' dir='ltr'>locum,</span> <span class='ocrx_word' id='word_1_583' title='bbox 2691 3845 2785 3900; x_wconf 90' lang='lat' dir='ltr'>ubi</span> <span class='ocrx_word' id='word_1_584' title='bbox 2815 3845 3011 3901; x_wconf 89' lang='lat' dir='ltr'>dicitur</span> <span class='ocrx_word' id='word_1_585' title='bbox 3041 3863 3054 3899; x_wconf 91' lang='lat'><strong>:</strong></span> <span class='ocrx_word' id='word_1_586' title='bbox 3082 3868 3103 3893; x_wconf 74' lang='grc' dir='ltr'><strong><em>α</em></strong></span> <span class='ocrx_word' id='word_1_587' title='bbox 3138 3846 3365 3902; x_wconf 89' lang='lat' dir='ltr'>Plenum</span> <span class='ocrx_word' id='word_1_588' title='bbox 3389 3861 3521 3918; x_wconf 88' lang='lat' dir='ltr'>gra-</span> 
     </span>
    </p>
   </div>
   <div class='ocr_carea' id='block_1_87' title="bbox 1923 3933 3520 4005">
    <p class='ocr_par' dir='ltr' id='par_1_87' title="bbox 1923 3933 3520 4005">
     <span class='ocr_line' id='line_1_87' title="bbox 1923 3933 3520 4005; baseline 0.003 -18"><span class='ocrx_word' id='word_1_589' title='bbox 1923 3933 2009 3989; x_wconf 86' lang='lat' dir='ltr'>tiae</span> <span class='ocrx_word' id='word_1_590' title='bbox 2038 3940 2091 3988; x_wconf 89' lang='lat' dir='ltr'>et</span> <span class='ocrx_word' id='word_1_591' title='bbox 2129 3933 2369 3989; x_wconf 90' lang='lat' dir='ltr'>veritatis</span> <span class='ocrx_word' id='word_1_592' title='bbox 2399 3934 2580 4005; x_wconf 82' lang='lat' dir='ltr'>(ibid.,</span> <span class='ocrx_word' id='word_1_593' title='bbox 2607 3935 2715 4005; x_wconf 76' lang='grc'>14),</span> <span class='ocrx_word' id='word_1_594' title='bbox 2757 3956 2778 3983; x_wconf 78' lang='grc' dir='ltr'><strong><em>ι</em></strong></span> <span class='ocrx_word' id='word_1_595' title='bbox 2814 3934 2982 4002; x_wconf 88' lang='lat' dir='ltr'>venit,</span> <span class='ocrx_word' id='word_1_596' title='bbox 3023 3934 3194 3991; x_wconf 84' lang='lat' dir='ltr'>erexit</span> <span class='ocrx_word' id='word_1_597' title='bbox 3222 3950 3284 3991; x_wconf 90' lang='lat' dir='ltr'>se</span> <span class='ocrx_word' id='word_1_598' title='bbox 3307 3934 3520 4005; x_wconf 69' lang='lat' dir='ltr'>episco«</span> 
     </span>
    </p>
   </div>
   <div class='ocr_carea' id='block_1_88' title="bbox 1921 4022 3522 4095">
    <p class='ocr_par' dir='ltr' id='par_1_88' title="bbox 1921 4022 3522 4095">
     <span class='ocr_line' id='line_1_88' title="bbox 1921 4022 3522 4095; baseline 0.002 -19"><span class='ocrx_word' id='word_1_599' title='bbox 1921 4038 2022 4093; x_wconf 90' lang='lat' dir='ltr'>pus</span> <span class='ocrx_word' id='word_1_600' title='bbox 2051 4030 2105 4077; x_wconf 92' lang='lat' dir='ltr'>et</span> <span class='ocrx_word' id='word_1_601' title='bbox 2124 4022 2415 4092; x_wconf 89' lang='lat' dir='ltr'>patientem</span> <span class='ocrx_word' id='word_1_602' title='bbox 2441 4022 2755 4095; x_wconf 88' lang='lat' dir='ltr'>aliquandiu</span> <span class='ocrx_word' id='word_1_603' title='bbox 2774 4022 2969 4080; x_wconf 89' lang='lat' dir='ltr'>tacitus</span> <span class='ocrx_word' id='word_1_604' title='bbox 2988 4023 3390 4080; x_wconf 86' lang='lat' dir='ltr'>considerabat.</span> <span class='ocrx_word' id='word_1_605' title='bbox 3415 4022 3522 4092; x_wconf 86' lang='lat' dir='ltr'>Qui</span> 
     </span>
    </p>
   </div>
   <div class='ocr_carea' id='block_1_89' title="bbox 1920 4111 3518 4182">
    <p class='ocr_par' dir='ltr' id='par_1_89' title="bbox 1920 4111 3518 4182">
     <span class='ocr_line' id='line_1_89' title="bbox 1920 4111 3518 4182; baseline 0.002 -17"><span class='ocrx_word' id='word_1_606' title='bbox 1920 4118 2146 4182; x_wconf 90' lang='lat' dir='ltr'>repente</span> <span class='ocrx_word' id='word_1_607' title='bbox 2168 4111 2222 4165; x_wconf 91' lang='lat' dir='ltr'>in</span> <span class='ocrx_word' id='word_1_608' title='bbox 2252 4119 2462 4181; x_wconf 90' lang='lat' dir='ltr'>partem</span> <span class='ocrx_word' id='word_1_609' title='bbox 2491 4112 2723 4168; x_wconf 86' lang='lat' dir='ltr'>alteram</span> <span class='ocrx_word' id='word_1_610' title='bbox 2743 4112 2949 4168; x_wconf 89' lang='lat' dir='ltr'>vultum</span> <span class='ocrx_word' id='word_1_611' title='bbox 2990 4113 3058 4167; x_wconf 91' lang='lat' dir='ltr'>ab</span> <span class='ocrx_word' id='word_1_612' title='bbox 3095 4112 3189 4169; x_wconf 91' lang='lat' dir='ltr'>illo</span> <span class='ocrx_word' id='word_1_613' title='bbox 3214 4112 3518 4180; x_wconf 87' lang='lat' dir='ltr'>declinans,</span> 
     </span>
    </p>
   </div>
   <div class='ocr_carea' id='block_1_90' title="bbox 1917 4197 3300 4271">
    <p class='ocr_par' dir='ltr' id='par_1_90' title="bbox 1917 4197 3300 4271">
     <span class='ocr_line' id='line_1_90' title="bbox 1917 4197 3300 4271; baseline 0.002 -18"><span class='ocrx_word' id='word_1_614' title='bbox 1917 4197 2162 4270; x_wconf 87' lang='lat' dir='ltr'>linguam</span> <span class='ocrx_word' id='word_1_615' title='bbox 2192 4214 2342 4255; x_wconf 92' lang='lat' dir='ltr'>more</span> <span class='ocrx_word' id='word_1_616' title='bbox 2372 4199 2759 4256; x_wconf 88' lang='lat' dir='ltr'>subsannantis</span> <span class='ocrx_word' id='word_1_617' title='bbox 2790 4201 3045 4271; x_wconf 79' lang='lat' dir='ltr'>produxit</span> <span class='ocrx_word' id='word_1_618' title='bbox 3075 4202 3146 4257; x_wconf 89' lang='lat' dir='ltr'>ab</span> <span class='ocrx_word' id='word_1_619' title='bbox 3183 4216 3300 4257; x_wconf 91' lang='lat' dir='ltr'>ore.</span> 
     </span>
    </p>
   </div>
   <div class='ocr_carea' id='block_1_91' title="bbox 1990 4287 3521 4360">
    <p class='ocr_par' dir='ltr' id='par_1_91' title="bbox 1990 4287 3521 4360">
     <span class='ocr_line' id='line_1_91' title="bbox 1990 4287 3521 4360; baseline 0.003 -19"><span class='ocrx_word' id='word_1_620' title='bbox 1990 4288 2143 4343; x_wconf 91' lang='lat' dir='ltr'>Tunc</span> <span class='ocrx_word' id='word_1_621' title='bbox 2186 4287 2501 4358; x_wconf 88' lang='lat' dir='ltr'>indignatus</span> <span class='ocrx_word' id='word_1_622' title='bbox 2539 4287 2630 4342; x_wconf 93' lang='lat' dir='ltr'>ille</span> <span class='ocrx_word' id='word_1_623' title='bbox 2671 4295 2924 4343; x_wconf 90' lang='lat' dir='ltr'>strenuus</span> <span class='ocrx_word' id='word_1_624' title='bbox 2967 4288 3247 4360; x_wconf 89' lang='lat' dir='ltr'>potestatis</span> <span class='ocrx_word' id='word_1_625' title='bbox 3274 4288 3521 4346; x_wconf 70' lang='lat' dir='ltr'>adversm</span> 
     </span>
    </p>
   </div>
   <div class='ocr_carea' id='block_1_92' title="bbox 1922 4375 3524 4447">
    <p class='ocr_par' dir='ltr' id='par_1_92' title="bbox 1922 4375 3524 4447">
     <span class='ocr_line' id='line_1_92' title="bbox 1922 4375 3524 4447; baseline 0.002 -17"><span class='ocrx_word' id='word_1_626' title='bbox 1922 4375 2244 4445; x_wconf 92' lang='lat' dir='ltr'>debellator,</span> <span class='ocrx_word' id='word_1_627' title='bbox 2293 4391 2490 4447; x_wconf 86' lang='lat' dir='ltr'>aquam</span> <span class='ocrx_word' id='word_1_628' title='bbox 2536 4384 2589 4432; x_wconf 90' lang='lat' dir='ltr'>et</span> <span class='ocrx_word' id='word_1_629' title='bbox 2623 4375 2794 4432; x_wconf 90' lang='lat' dir='ltr'>salem</span> <span class='ocrx_word' id='word_1_630' title='bbox 2847 4391 2999 4433; x_wconf 90' lang='lat' dir='ltr'>more</span> <span class='ocrx_word' id='word_1_631' title='bbox 3052 4376 3424 4433; x_wconf 83' lang='lat' dir='ltr'>ecclesiastico</span> <span class='ocrx_word' id='word_1_632' title='bbox 3466 4384 3524 4433; x_wconf 88' lang='lat' dir='ltr'>et</span> 
     </span>
    </p>
   </div>
   <div class='ocr_carea' id='block_1_93' title="bbox 1922 4463 3521 4537">
    <p class='ocr_par' dir='ltr' id='par_1_93' title="bbox 1922 4463 3521 4537">
     <span class='ocr_line' id='line_1_93' title="bbox 1922 4463 3521 4537; baseline 0.002 -20"><span class='ocrx_word' id='word_1_633' title='bbox 1922 4464 2029 4519; x_wconf 92' lang='lat' dir='ltr'>ritu</span> <span class='ocrx_word' id='word_1_634' title='bbox 2058 4463 2338 4520; x_wconf 90' lang='lat' dir='ltr'>celerrime</span> <span class='ocrx_word' id='word_1_635' title='bbox 2367 4464 2700 4520; x_wconf 90' lang='lat' dir='ltr'>benedicens</span> <span class='ocrx_word' id='word_1_636' title='bbox 2721 4472 2884 4536; x_wconf 90' lang='lat' dir='ltr'>atque</span> <span class='ocrx_word' id='word_1_637' title='bbox 2895 4464 3276 4530; x_wconf 88' lang='lat' dir='ltr'>commiscens,</span> <span class='ocrx_word' id='word_1_638' title='bbox 3320 4479 3521 4537; x_wconf 85' lang='lat' dir='ltr'>asper-</span> 
     </span>
    </p>
   </div>
   <div class='ocr_carea' id='block_1_94' title="bbox 213 4536 3527 4626">
    <p class='ocr_par' dir='ltr' id='par_1_94' title="bbox 213 4536 3527 4626">
     <span class='ocr_line' id='line_1_94' title="bbox 213 4536 3527 4626; baseline 0 -16"><span class='ocrx_word' id='word_1_639' title='bbox 213 4564 329 4611; x_wconf 89' lang='lat' dir='ltr'>stos</span> <span class='ocrx_word' id='word_1_640' title='bbox 362 4536 672 4610; x_wconf 81' lang='lat' dir='ltr'>Londonias</span> <span class='ocrx_word' id='word_1_641' title='bbox 721 4555 949 4620; x_wconf 88' lang='lat' dir='ltr'>adierat,</span> <span class='ocrx_word' id='word_1_642' title='bbox 985 4570 1108 4611; x_wconf 77' lang='lat' dir='ltr'>cuin</span> <span class='ocrx_word' id='word_1_643' title='bbox 1149 4536 1563 4626; x_wconf 79' lang='lat' dir='ltr'>archiepiscopo</span> <span class='ocrx_word' id='word_1_644' title='bbox 1611 4555 1819 4612; x_wconf 70' lang='lat' dir='ltr'>czeteri-</span> <span class='ocrx_word' id='word_1_645' title='bbox 1843 4536 1900 4598; x_wconf 79' lang='grc' dir='ltr'>Ῑ)</span> <span class='ocrx_word' id='word_1_646' title='bbox 1929 4552 2184 4623; x_wconf 91' lang='lat' dir='ltr'>sitsuper</span> <span class='ocrx_word' id='word_1_647' title='bbox 2231 4552 2405 4622; x_wconf 88' lang='lat' dir='ltr'>illum,</span> <span class='ocrx_word' id='word_1_648' title='bbox 2430 4553 2631 4621; x_wconf 89' lang='lat' dir='ltr'>jubens</span> <span class='ocrx_word' id='word_1_649' title='bbox 2698 4568 2917 4624; x_wconf 90' lang='lat' dir='ltr'>quoque</span> <span class='ocrx_word' id='word_1_650' title='bbox 2963 4552 3436 4610; x_wconf 87' lang='lat' dir='ltr'>circumstantibus</span> <span class='ocrx_word' id='word_1_651' title='bbox 3466 4562 3527 4610; x_wconf 92' lang='lat' dir='ltr'>ut</span> 
     </span>
    </p>
   </div>
   <div class='ocr_carea' id='block_1_95' title="bbox 213 4643 1819 4716">
    <p class='ocr_par' dir='ltr' id='par_1_95' title="bbox 213 4643 1819 4716">
     <span class='ocr_line' id='line_1_95' title="bbox 213 4643 1819 4716; baseline 0.001 -19"><span class='ocrx_word' id='word_1_652' title='bbox 213 4660 353 4715; x_wconf 92' lang='lat' dir='ltr'>sque</span> <span class='ocrx_word' id='word_1_653' title='bbox 386 4643 540 4715; x_wconf 84' lang='lat' dir='ltr'>regni</span> <span class='ocrx_word' id='word_1_654' title='bbox 570 4643 912 4714; x_wconf 90' lang='lat' dir='ltr'>optimatibus</span> <span class='ocrx_word' id='word_1_655' title='bbox 943 4660 1110 4714; x_wconf 89' lang='lat' dir='ltr'>super</span> <span class='ocrx_word' id='word_1_656' title='bbox 1140 4651 1290 4698; x_wconf 92' lang='lat' dir='ltr'>tanto</span> <span class='ocrx_word' id='word_1_657' title='bbox 1317 4645 1539 4716; x_wconf 89' lang='lat' dir='ltr'>negotio</span> <span class='ocrx_word' id='word_1_658' title='bbox 1570 4651 1819 4700; x_wconf 84' lang='lat' dir='ltr'>tractatu-</span> 
     </span>
    </p>
   </div>
   <div class='ocr_carea' id='block_1_96' title="bbox 215 4730 1818 4803">
    <p class='ocr_par' dir='ltr' id='par_1_96' title="bbox 215 4730 1818 4803">
     <span class='ocr_line' id='line_1_96' title="bbox 215 4730 1818 4803; baseline 0.001 -16"><span class='ocrx_word' id='word_1_659' title='bbox 215 4749 332 4787; x_wconf 90' lang='lat' dir='ltr'>rus.</span> <span class='ocrx_word' id='word_1_660' title='bbox 368 4734 414 4787; x_wconf 86' lang='lat' dir='ltr'><strong>A</strong></span> <span class='ocrx_word' id='word_1_661' title='bbox 443 4730 639 4802; x_wconf 90' lang='lat' dir='ltr'>quibus</span> <span class='ocrx_word' id='word_1_662' title='bbox 670 4732 722 4786; x_wconf 93' lang='lat' dir='ltr'>in</span> <span class='ocrx_word' id='word_1_663' title='bbox 755 4731 930 4787; x_wconf 91' lang='lat' dir='ltr'>solum</span> <span class='ocrx_word' id='word_1_664' title='bbox 972 4732 1184 4787; x_wconf 90' lang='lat' dir='ltr'>consilii</span> <span class='ocrx_word' id='word_1_665' title='bbox 1215 4732 1531 4802; x_wconf 89' lang='lat' dir='ltr'>reportavit,</span> <span class='ocrx_word' id='word_1_666' title='bbox 1567 4741 1623 4787; x_wconf 91' lang='lat' dir='ltr'>ut</span> <span class='ocrx_word' id='word_1_667' title='bbox 1651 4748 1818 4803; x_wconf 89' lang='lat' dir='ltr'>pecu-</span> 
     </span>
    </p>
   </div>
   <div class='ocr_carea' id='block_1_97' title="bbox 214 4820 1819 4893">
    <p class='ocr_par' dir='ltr' id='par_1_97' title="bbox 214 4820 1819 4893">
     <span class='ocr_line' id='line_1_97' title="bbox 214 4820 1819 4893; baseline 0 -18"><span class='ocrx_word' id='word_1_668' title='bbox 214 4821 321 4875; x_wconf 67' lang='lat' dir='ltr'>nia:</span> <span class='ocrx_word' id='word_1_669' title='bbox 351 4820 590 4892; x_wconf 87' lang='lat' dir='ltr'>ingentis</span> <span class='ocrx_word' id='word_1_670' title='bbox 619 4836 886 4876; x_wconf 89' lang='lat' dir='ltr'>summam</span> <span class='ocrx_word' id='word_1_671' title='bbox 914 4837 943 4875; x_wconf 93' lang='lat' dir='ltr'>a</span> <span class='ocrx_word' id='word_1_672' title='bbox 975 4821 1189 4877; x_wconf 89' lang='lat' dir='ltr'>clericis</span> <span class='ocrx_word' id='word_1_673' title='bbox 1220 4821 1333 4875; x_wconf 90' lang='lat' dir='ltr'>suis</span> <span class='ocrx_word' id='word_1_674' title='bbox 1365 4821 1629 4892; x_wconf 84' lang='lat' dir='ltr'>exigeret,</span> <span class='ocrx_word' id='word_1_675' title='bbox 1656 4836 1819 4893; x_wconf 89' lang='lat' dir='ltr'>quam</span> 
     </span>
    </p>
   </div>
   <div class='ocr_carea' id='block_1_98' title="bbox 214 4908 1819 4980">
    <p class='ocr_par' dir='ltr' id='par_1_98' title="bbox 214 4908 1819 4980">
     <span class='ocr_line' id='line_1_98' title="bbox 214 4908 1819 4980; baseline -0.001 -16"><span class='ocrx_word' id='word_1_676' title='bbox 214 4910 284 4964; x_wconf 86' lang='lat' dir='ltr'>ad</span> <span class='ocrx_word' id='word_1_677' title='bbox 316 4908 620 4963; x_wconf 90' lang='lat' dir='ltr'>sedandum</span> <span class='ocrx_word' id='word_1_678' title='bbox 653 4909 801 4980; x_wconf 82' lang='lat' dir='ltr'>regis</span> <span class='ocrx_word' id='word_1_679' title='bbox 832 4909 980 4963; x_wconf 82' lang='lat' dir='ltr'>avari</span> <span class='ocrx_word' id='word_1_680' title='bbox 1007 4909 1248 4965; x_wconf 90' lang='lat' dir='ltr'>furorem</span> <span class='ocrx_word' id='word_1_681' title='bbox 1290 4909 1340 4963; x_wconf 92' lang='lat' dir='ltr'>ei</span> <span class='ocrx_word' id='word_1_682' title='bbox 1369 4926 1470 4980; x_wconf 91' lang='lat' dir='ltr'>per</span> <span class='ocrx_word' id='word_1_683' title='bbox 1525 4909 1819 4980; x_wconf 88' lang='lat' dir='ltr'>quemlibet</span> 
     </span>
    </p>
   </div>
   <div class='ocr_carea' id='block_1_99' title="bbox 215 4996 1819 5069">
    <p class='ocr_par' dir='ltr' id='par_1_99' title="bbox 215 4996 1819 5069">
     <span class='ocr_line' id='line_1_99' title="bbox 215 4996 1819 5069; baseline 0.001 -16"><span class='ocrx_word' id='word_1_684' title='bbox 215 5015 279 5053; x_wconf 86' lang='lat' dir='ltr'>ex</span> <span class='ocrx_word' id='word_1_685' title='bbox 315 4998 430 5052; x_wconf 92' lang='lat' dir='ltr'>suis</span> <span class='ocrx_word' id='word_1_686' title='bbox 471 4997 705 5053; x_wconf 79' lang='lat' dir='ltr'>celerius</span> <span class='ocrx_word' id='word_1_687' title='bbox 727 4997 1042 5052; x_wconf 88' lang='lat' dir='ltr'>destinaret.</span> <span class='ocrx_word' id='word_1_688' title='bbox 1076 4996 1164 5053; x_wconf 82' lang='lat' dir='ltr'>Ait</span> <span class='ocrx_word' id='word_1_689' title='bbox 1192 5013 1427 5069; x_wconf 89' lang='lat' dir='ltr'>namque</span> <span class='ocrx_word' id='word_1_690' title='bbox 1457 4998 1819 5068; x_wconf 88' lang='lat' dir='ltr'>archiepisco-</span> 
     </span>
    </p>
   </div>
   <div class='ocr_carea' id='block_1_100' title="bbox 213 5085 1819 5157">
    <p class='ocr_par' dir='ltr' id='par_1_100' title="bbox 213 5085 1819 5157">
     <span class='ocr_line' id='line_1_100' title="bbox 213 5085 1819 5157; baseline -0.001 -17"><span class='ocrx_word' id='word_1_691' title='bbox 213 5104 316 5157; x_wconf 89' lang='lat' dir='ltr'>pus</span> <span class='ocrx_word' id='word_1_692' title='bbox 352 5102 365 5139; x_wconf 90' lang='lat'>:</span> <span class='ocrx_word' id='word_1_693' title='bbox 407 5110 427 5133; x_wconf 76' lang='grc' dir='ltr'>ιι</span> <span class='ocrx_word' id='word_1_694' title='bbox 462 5088 547 5140; x_wconf 84' lang='lat' dir='ltr'>An</span> <span class='ocrx_word' id='word_1_695' title='bbox 576 5085 817 5152; x_wconf 89' lang='lat' dir='ltr'>nescitis,</span> <span class='ocrx_word' id='word_1_696' title='bbox 842 5085 1061 5141; x_wconf 89' lang='lat' dir='ltr'>domine</span> <span class='ocrx_word' id='word_1_697' title='bbox 1108 5085 1386 5156; x_wconf 89' lang='lat' dir='ltr'>episcope,</span> <span class='ocrx_word' id='word_1_698' title='bbox 1438 5086 1588 5157; x_wconf 90' lang='lat' dir='ltr'>quia,</span> <span class='ocrx_word' id='word_1_699' title='bbox 1619 5094 1677 5140; x_wconf 90' lang='lat' dir='ltr'>ut</span> <span class='ocrx_word' id='word_1_700' title='bbox 1721 5087 1819 5157; x_wconf 86' lang='lat' dir='ltr'>hy-</span> 
     </span>
    </p>
   </div>
   <div class='ocr_carea' id='block_1_101' title="bbox 213 5173 1816 5245">
    <p class='ocr_par' dir='ltr' id='par_1_101' title="bbox 213 5173 1816 5245">
     <span class='ocr_line' id='line_1_101' title="bbox 213 5173 1816 5245; baseline -0.004 -16"><span class='ocrx_word' id='word_1_701' title='bbox 213 5174 478 5245; x_wconf 84' lang='lat' dir='ltr'>dmpicus</span> <span class='ocrx_word' id='word_1_702' title='bbox 500 5189 720 5245; x_wconf 90' lang='lat' dir='ltr'>aquam,</span> <span class='ocrx_word' id='word_1_703' title='bbox 753 5174 827 5228; x_wconf 90' lang='lat' dir='ltr'>ita</span> <span class='ocrx_word' id='word_1_704' title='bbox 857 5173 1112 5229; x_wconf 92' lang='lat' dir='ltr'>dominus</span> <span class='ocrx_word' id='word_1_705' title='bbox 1143 5190 1234 5228; x_wconf 84' lang='lat' dir='ltr'>rex</span> <span class='ocrx_word' id='word_1_706' title='bbox 1268 5173 1379 5228; x_wconf 88' lang='lat' dir='ltr'>sitit</span> <span class='ocrx_word' id='word_1_707' title='bbox 1421 5173 1754 5245; x_wconf 82' lang='lat' dir='ltr'>pecuniam?</span> <span class='ocrx_word' id='word_1_708' title='bbox 1795 5196 1816 5223; x_wconf 75' lang='grc' dir='ltr'>ι</span> 
     </span>
    </p>
   </div>
   <div class='ocr_carea' id='block_1_102' title="bbox 216 5262 1820 5332">
    <p class='ocr_par' dir='ltr' id='par_1_102' title="bbox 216 5262 1820 5332">
     <span class='ocr_line' id='line_1_102' title="bbox 216 5262 1820 5332; baseline -0.001 -15"><span class='ocrx_word' id='word_1_709' title='bbox 216 5263 315 5318; x_wconf 88' lang='lat' dir='ltr'>Cui</span> <span class='ocrx_word' id='word_1_710' title='bbox 344 5263 504 5318; x_wconf 89' lang='lat' dir='ltr'>citius</span> <span class='ocrx_word' id='word_1_711' title='bbox 533 5278 683 5317; x_wconf 87' lang='lat' dir='ltr'>more</span> <span class='ocrx_word' id='word_1_712' title='bbox 715 5277 814 5317; x_wconf 92' lang='lat' dir='ltr'>suo</span> <span class='ocrx_word' id='word_1_713' title='bbox 844 5263 935 5317; x_wconf 88' lang='lat' dir='ltr'>ille</span> <span class='ocrx_word' id='word_1_714' title='bbox 964 5262 1325 5332; x_wconf 88' lang='lat' dir='ltr'>responderat</span> <span class='ocrx_word' id='word_1_715' title='bbox 1361 5278 1372 5315; x_wconf 92' lang='lat'>:</span> <span class='ocrx_word' id='word_1_716' title='bbox 1409 5285 1431 5309; x_wconf 78' lang='grc' dir='ltr'>α</span> <span class='ocrx_word' id='word_1_717' title='bbox 1471 5264 1635 5318; x_wconf 88' lang='lat' dir='ltr'>Plane</span> <span class='ocrx_word' id='word_1_718' title='bbox 1692 5269 1745 5317; x_wconf 89' lang='lat' dir='ltr'>et</span> <span class='ocrx_word' id='word_1_719' title='bbox 1776 5262 1820 5316; x_wconf 91' lang='lat' dir='ltr'>si</span> 
     </span>
    </p>
   </div>
   <div class='ocr_carea' id='block_1_103' title="bbox 211 5347 1821 5424">
    <p class='ocr_par' dir='ltr' id='par_1_103' title="bbox 211 5347 1821 5424">
     <span class='ocr_line' id='line_1_103' title="bbox 211 5347 1821 5424; baseline 0.001 -19"><span class='ocrx_word' id='word_1_720' title='bbox 211 5351 332 5422; x_wconf 89' lang='lat' dir='ltr'>ipse</span> <span class='ocrx_word' id='word_1_721' title='bbox 382 5351 711 5421; x_wconf 81' lang='lat' dir='ltr'>hydropicus</span> <span class='ocrx_word' id='word_1_722' title='bbox 740 5359 841 5417; x_wconf 91' lang='lat' dir='ltr'>est,</span> <span class='ocrx_word' id='word_1_723' title='bbox 875 5350 972 5405; x_wconf 92' lang='lat' dir='ltr'>sed</span> <span class='ocrx_word' id='word_1_724' title='bbox 1014 5366 1119 5423; x_wconf 85' lang='lat' dir='ltr'>ego</span> <span class='ocrx_word' id='word_1_725' title='bbox 1149 5368 1292 5424; x_wconf 84' lang='lat' dir='ltr'>aqua</span> <span class='ocrx_word' id='word_1_726' title='bbox 1350 5367 1459 5406; x_wconf 92' lang='lat' dir='ltr'>non</span> <span class='ocrx_word' id='word_1_727' title='bbox 1490 5347 1626 5419; x_wconf 75' lang='lat' dir='ltr'>ero,’</span> <span class='ocrx_word' id='word_1_728' title='bbox 1660 5367 1821 5423; x_wconf 90' lang='lat' dir='ltr'>quam</span> 
     </span>
    </p>
   </div>
   <div class='ocr_carea' id='block_1_104' title="bbox 212 5439 624 5512">
    <p class='ocr_par' dir='ltr' id='par_1_104' title="bbox 212 5439 624 5512">
     <span class='ocr_line' id='line_1_104' title="bbox 212 5439 624 5512; baseline -0.002 -17"><span class='ocrx_word' id='word_1_729' title='bbox 212 5441 304 5495; x_wconf 91' lang='lat' dir='ltr'>ille</span> <span class='ocrx_word' id='word_1_730' title='bbox 338 5439 624 5512; x_wconf 82' lang='lat' dir='ltr'>deglutiat.</span> 
     </span>
    </p>
   </div>
   <div class='ocr_carea' id='block_1_105' title="bbox 284 5618 1479 5683">
    <p class='ocr_par' dir='ltr' id='par_1_105' title="bbox 284 5618 1479 5683">
     <span class='ocr_line' id='line_1_105' title="bbox 284 5618 1479 5683; baseline 0.002 -14"><span class='ocrx_word' id='word_1_731' title='bbox 284 5618 428 5678; x_wconf 69' lang='lat'>(918)</span> <span class='ocrx_word' id='word_1_732' title='bbox 456 5619 625 5678; x_wconf 79' lang='lat' dir='ltr'>Amen,</span> <span class='ocrx_word' id='word_1_733' title='bbox 651 5619 708 5669; x_wconf 87' lang='lat' dir='ltr'>de</span> <span class='ocrx_word' id='word_1_734' title='bbox 730 5631 826 5681; x_wconf 85' lang='lat' dir='ltr'>quo</span> <span class='ocrx_word' id='word_1_735' title='bbox 852 5620 1035 5672; x_wconf 83' lang='lat' dir='ltr'>dictum</span> <span class='ocrx_word' id='word_1_736' title='bbox 1062 5622 1134 5670; x_wconf 75' lang='lat' dir='ltr'>est</span> <span class='ocrx_word' id='word_1_737' title='bbox 1160 5620 1244 5671; x_wconf 87' lang='lat' dir='ltr'>lib.</span> <span class='ocrx_word' id='word_1_738' title='bbox 1275 5635 1327 5682; x_wconf 82' lang='grc' dir='ltr'>ιι,</span> <span class='ocrx_word' id='word_1_739' title='bbox 1355 5634 1400 5671; x_wconf 91' lang='lat' dir='ltr'>c.</span> <span class='ocrx_word' id='word_1_740' title='bbox 1427 5622 1479 5683; x_wconf 73' lang='grc' dir='ltr'>β.</span> 
     </span>
    </p>
   </div>
   <div class='ocr_carea' id='block_1_106' title="bbox 1927 4640 3524 4714">
    <p class='ocr_par' dir='ltr' id='par_1_106' title="bbox 1927 4640 3524 4714">
     <span class='ocr_line' id='line_1_106' title="bbox 1927 4640 3524 4714; baseline 0.002 -19"><span class='ocrx_word' id='word_1_741' title='bbox 1927 4642 1995 4695; x_wconf 92' lang='lat' dir='ltr'>de</span> <span class='ocrx_word' id='word_1_742' title='bbox 2033 4642 2227 4696; x_wconf 88' lang='lat' dir='ltr'>eadem</span> <span class='ocrx_word' id='word_1_743' title='bbox 2257 4658 2395 4714; x_wconf 88' lang='lat' dir='ltr'>aqua</span> <span class='ocrx_word' id='word_1_744' title='bbox 2432 4642 2483 4696; x_wconf 90' lang='lat' dir='ltr'>ei</span> <span class='ocrx_word' id='word_1_745' title='bbox 2503 4642 2559 4696; x_wconf 91' lang='lat' dir='ltr'>in</span> <span class='ocrx_word' id='word_1_746' title='bbox 2585 4657 2647 4698; x_wconf 91' lang='lat' dir='ltr'>os</span> <span class='ocrx_word' id='word_1_747' title='bbox 2677 4641 2973 4697; x_wconf 90' lang='lat' dir='ltr'>mitterent.</span> <span class='ocrx_word' id='word_1_748' title='bbox 3004 4642 3075 4698; x_wconf 88' lang='lat' dir='ltr'>Et</span> <span class='ocrx_word' id='word_1_749' title='bbox 3092 4642 3167 4696; x_wconf 90' lang='lat' dir='ltr'>ita</span> <span class='ocrx_word' id='word_1_750' title='bbox 3189 4640 3326 4697; x_wconf 89' lang='lat' dir='ltr'>dans</span> <span class='ocrx_word' id='word_1_751' title='bbox 3346 4642 3524 4698; x_wconf 87' lang='lat' dir='ltr'>omni-</span> 
     </span>
    </p>
   </div>
   <div class='ocr_carea' id='block_1_107' title="bbox 1928 4729 3520 4802">
    <p class='ocr_par' dir='ltr' id='par_1_107' title="bbox 1928 4729 3520 4802">
     <span class='ocr_line' id='line_1_107' title="bbox 1928 4729 3520 4802; baseline 0.001 -18"><span class='ocrx_word' id='word_1_752' title='bbox 1928 4730 2028 4784; x_wconf 91' lang='lat' dir='ltr'>bus</span> <span class='ocrx_word' id='word_1_753' title='bbox 2061 4730 2516 4798; x_wconf 90' lang='lat' dir='ltr'>benedictionem,</span> <span class='ocrx_word' id='word_1_754' title='bbox 2543 4746 2741 4802; x_wconf 90' lang='lat' dir='ltr'>equum</span> <span class='ocrx_word' id='word_1_755' title='bbox 2768 4730 3015 4786; x_wconf 89' lang='lat' dir='ltr'>ascendit</span> <span class='ocrx_word' id='word_1_756' title='bbox 3046 4737 3208 4801; x_wconf 88' lang='lat' dir='ltr'>atque</span> <span class='ocrx_word' id='word_1_757' title='bbox 3243 4729 3520 4786; x_wconf 87' lang='lat' dir='ltr'>discessit.</span> 
     </span>
    </p>
   </div>
   <div class='ocr_carea' id='block_1_108' title="bbox 1927 4818 3525 4890">
    <p class='ocr_par' dir='ltr' id='par_1_108' title="bbox 1927 4818 3525 4890">
     <span class='ocr_line' id='line_1_108' title="bbox 1927 4818 3525 4890; baseline 0.001 -18"><span class='ocrx_word' id='word_1_758' title='bbox 1927 4818 2329 4874; x_wconf 89' lang='lat' dir='ltr'>Benedicebant</span> <span class='ocrx_word' id='word_1_759' title='bbox 2376 4834 2505 4875; x_wconf 92' lang='lat' dir='ltr'>vero</span> <span class='ocrx_word' id='word_1_760' title='bbox 2561 4818 2713 4875; x_wconf 90' lang='lat' dir='ltr'>illum</span> <span class='ocrx_word' id='word_1_761' title='bbox 2756 4818 2995 4874; x_wconf 89' lang='lat' dir='ltr'>universi</span> <span class='ocrx_word' id='word_1_762' title='bbox 3023 4826 3073 4874; x_wconf 91' lang='lat' dir='ltr'>et</span> <span class='ocrx_word' id='word_1_763' title='bbox 3098 4818 3319 4890; x_wconf 82' lang='lat' dir='ltr'>singuli,</span> <span class='ocrx_word' id='word_1_764' title='bbox 3363 4834 3525 4874; x_wconf 87' lang='lat' dir='ltr'>asse-</span> 
     </span>
    </p>
   </div>
   <div class='ocr_carea' id='block_1_109' title="bbox 1928 4906 3527 4979">
    <p class='ocr_par' dir='ltr' id='par_1_109' title="bbox 1928 4906 3527 4979">
     <span class='ocr_line' id='line_1_109' title="bbox 1928 4906 3527 4979; baseline 0.002 -20"><span class='ocrx_word' id='word_1_765' title='bbox 1928 4914 2111 4961; x_wconf 91' lang='lat' dir='ltr'>rentes</span> <span class='ocrx_word' id='word_1_766' title='bbox 2134 4907 2279 4977; x_wconf 92' lang='lat' dir='ltr'>quod</span> <span class='ocrx_word' id='word_1_767' title='bbox 2300 4923 2491 4963; x_wconf 89' lang='lat' dir='ltr'>eorum</span> <span class='ocrx_word' id='word_1_768' title='bbox 2523 4907 2830 4979; x_wconf 83' lang='lat' dir='ltr'>episcOpus,</span> <span class='ocrx_word' id='word_1_769' title='bbox 2866 4907 3026 4978; x_wconf 90' lang='lat' dir='ltr'>paulo</span> <span class='ocrx_word' id='word_1_770' title='bbox 3054 4913 3179 4963; x_wconf 88' lang='lat' dir='ltr'>ante</span> <span class='ocrx_word' id='word_1_771' title='bbox 3213 4906 3406 4962; x_wconf 90' lang='lat' dir='ltr'>eadem</span> <span class='ocrx_word' id='word_1_772' title='bbox 3434 4906 3527 4962; x_wconf 90' lang='lat' dir='ltr'>via</span> 
     </span>
    </p>
   </div>
   <div class='ocr_carea' id='block_1_110' title="bbox 1928 4994 3528 5062">
    <p class='ocr_par' dir='ltr' id='par_1_110' title="bbox 1928 4994 3528 5062">
     <span class='ocr_line' id='line_1_110' title="bbox 1928 4994 3528 5062; baseline 0 -13"><span class='ocrx_word' id='word_1_773' title='bbox 1928 4995 2294 5062; x_wconf 87' lang='lat' dir='ltr'>descendens,</span> <span class='ocrx_word' id='word_1_774' title='bbox 2325 5011 2445 5052; x_wconf 90' lang='lat' dir='ltr'>cum</span> <span class='ocrx_word' id='word_1_775' title='bbox 2495 4996 2721 5052; x_wconf 91' lang='lat' dir='ltr'>vidisset</span> <span class='ocrx_word' id='word_1_776' title='bbox 2758 4995 3173 5061; x_wconf 66' lang='lat' dir='ltr'>daamoniacum,</span> <span class='ocrx_word' id='word_1_777' title='bbox 3222 4994 3390 5050; x_wconf 91' lang='lat' dir='ltr'>nimio</span> <span class='ocrx_word' id='word_1_778' title='bbox 3447 5002 3528 5049; x_wconf 92' lang='lat' dir='ltr'>ta-</span> 
     </span>
    </p>
   </div>
   <div class='ocr_carea' id='block_1_111' title="bbox 1926 5084 3525 5157">
    <p class='ocr_par' dir='ltr' id='par_1_111' title="bbox 1926 5084 3525 5157">
     <span class='ocr_line' id='line_1_111' title="bbox 1926 5084 3525 5157; baseline 0 -19"><span class='ocrx_word' id='word_1_779' title='bbox 1926 5090 2045 5138; x_wconf 92' lang='lat' dir='ltr'>ctus</span> <span class='ocrx_word' id='word_1_780' title='bbox 2076 5099 2300 5155; x_wconf 89' lang='lat' dir='ltr'>pavore,</span> <span class='ocrx_word' id='word_1_781' title='bbox 2335 5101 2535 5157; x_wconf 90' lang='lat' dir='ltr'>equum</span> <span class='ocrx_word' id='word_1_782' title='bbox 2559 5085 2647 5141; x_wconf 90' lang='lat' dir='ltr'>cui</span> <span class='ocrx_word' id='word_1_783' title='bbox 2676 5084 2938 5140; x_wconf 76' lang='lat' dir='ltr'>insideret</span> <span class='ocrx_word' id='word_1_784' title='bbox 2958 5084 3266 5141; x_wconf 86' lang='lat' dir='ltr'>calcaribus</span> <span class='ocrx_word' id='word_1_785' title='bbox 3296 5098 3525 5154; x_wconf 88' lang='lat' dir='ltr'>urgens,</span> 
     </span>
    </p>
   </div>
   <div class='ocr_carea' id='block_1_112' title="bbox 1924 5171 3524 5245">
    <p class='ocr_par' dir='ltr' id='par_1_112' title="bbox 1924 5171 3524 5245">
     <span class='ocr_line' id='line_1_112' title="bbox 1924 5171 3524 5245; baseline 0.001 -19"><span class='ocrx_word' id='word_1_786' title='bbox 1924 5187 2034 5227; x_wconf 88' lang='lat' dir='ltr'>non</span> <span class='ocrx_word' id='word_1_787' title='bbox 2065 5173 2241 5227; x_wconf 88' lang='lat' dir='ltr'>solum</span> <span class='ocrx_word' id='word_1_788' title='bbox 2271 5173 2480 5245; x_wconf 87' lang='lat' dir='ltr'>absque</span> <span class='ocrx_word' id='word_1_789' title='bbox 2510 5172 2868 5230; x_wconf 87' lang='lat' dir='ltr'>subventione</span> <span class='ocrx_word' id='word_1_790' title='bbox 2896 5172 3159 5229; x_wconf 89' lang='lat' dir='ltr'>miserum</span> <span class='ocrx_word' id='word_1_791' title='bbox 3189 5171 3524 5243; x_wconf 89' lang='lat' dir='ltr'>pertransie-</span> 
     </span>
    </p>
   </div>
   <div class='ocr_carea' id='block_1_113' title="bbox 1922 5260 3534 5333">
    <p class='ocr_par' dir='ltr' id='par_1_113' title="bbox 1922 5260 3534 5333">
     <span class='ocr_line' id='line_1_113' title="bbox 1922 5260 3534 5333; baseline 0.001 -20"><span class='ocrx_word' id='word_1_792' title='bbox 1922 5260 2011 5327; x_wconf 90' lang='lat' dir='ltr'>rit,</span> <span class='ocrx_word' id='word_1_793' title='bbox 2045 5260 2441 5332; x_wconf 88' lang='lat' dir='ltr'>sed,tanquam</span> <span class='ocrx_word' id='word_1_794' title='bbox 2463 5262 2694 5333; x_wconf 91' lang='lat' dir='ltr'>ipsemet</span> <span class='ocrx_word' id='word_1_795' title='bbox 2716 5261 2869 5317; x_wconf 88' lang='lat' dir='ltr'>furiis</span> <span class='ocrx_word' id='word_1_796' title='bbox 2913 5270 3194 5333; x_wconf 89' lang='lat' dir='ltr'>ageretur,</span> <span class='ocrx_word' id='word_1_797' title='bbox 3235 5276 3379 5331; x_wconf 92' lang='lat' dir='ltr'>equo</span> <span class='ocrx_word' id='word_1_798' title='bbox 3401 5276 3534 5316; x_wconf 87' lang='lat' dir='ltr'>cur-</span> 
     </span>
    </p>
   </div>
   <div class='ocr_carea' id='block_1_114' title="bbox 1920 5348 3533 5422">
    <p class='ocr_par' dir='ltr' id='par_1_114' title="bbox 1920 5348 3533 5422">
     <span class='ocr_line' id='line_1_114' title="bbox 1920 5348 3533 5422; baseline 0 -19"><span class='ocrx_word' id='word_1_799' title='bbox 1920 5357 2074 5404; x_wconf 91' lang='lat' dir='ltr'>rente</span> <span class='ocrx_word' id='word_1_800' title='bbox 2088 5348 2379 5422; x_wconf 88' lang='lat' dir='ltr'>aufugerit.</span> <span class='ocrx_word' id='word_1_801' title='bbox 2404 5350 2500 5406; x_wconf 86' lang='lat' dir='ltr'>Vir</span> <span class='ocrx_word' id='word_1_802' title='bbox 2518 5358 2697 5407; x_wconf 89' lang='lat' dir='ltr'>autem</span> <span class='ocrx_word' id='word_1_803' title='bbox 2728 5350 2839 5418; x_wconf 86' lang='lat' dir='ltr'>ille,</span> <span class='ocrx_word' id='word_1_804' title='bbox 2870 5358 3066 5407; x_wconf 82' lang='lat' dir='ltr'>extunc</span> <span class='ocrx_word' id='word_1_805' title='bbox 3079 5349 3343 5405; x_wconf 87' lang='lat' dir='ltr'>liberatus</span> <span class='ocrx_word' id='word_1_806' title='bbox 3358 5362 3388 5402; x_wconf 70' lang='grc' dir='ltr'><strong>ε</strong></span> <span class='ocrx_word' id='word_1_807' title='bbox 3409 5348 3496 5403; x_wconf 67' lang='lat' dir='ltr'>dae</span> <span class='ocrx_word' id='word_1_808' title='bbox 3509 5378 3533 5390; x_wconf 90' lang='lat'><em>-</em></span> 
     </span>
    </p>
   </div>
   <div class='ocr_carea' id='block_1_115' title="bbox 1919 5435 3533 5509">
    <p class='ocr_par' dir='ltr' id='par_1_115' title="bbox 1919 5435 3533 5509">
     <span class='ocr_line' id='line_1_115' title="bbox 1919 5435 3533 5509; baseline 0.001 -18"><span class='ocrx_word' id='word_1_809' title='bbox 1919 5453 2100 5503; x_wconf 83' lang='lat' dir='ltr'>mone,</span> <span class='ocrx_word' id='word_1_810' title='bbox 2130 5438 2294 5493; x_wconf 86' lang='lat' dir='ltr'>vitam</span> <span class='ocrx_word' id='word_1_811' title='bbox 2341 5454 2495 5494; x_wconf 88' lang='lat' dir='ltr'>suam</span> <span class='ocrx_word' id='word_1_812' title='bbox 2522 5440 2575 5492; x_wconf 90' lang='lat' dir='ltr'>in</span> <span class='ocrx_word' id='word_1_813' title='bbox 2609 5447 2892 5509; x_wconf 88' lang='lat' dir='ltr'>posterum</span> <span class='ocrx_word' id='word_1_814' title='bbox 2938 5438 2993 5494; x_wconf 92' lang='lat' dir='ltr'>in</span> <span class='ocrx_word' id='word_1_815' title='bbox 3020 5438 3277 5495; x_wconf 80' lang='lat' dir='ltr'>omnibus</span> <span class='ocrx_word' id='word_1_816' title='bbox 3325 5435 3533 5495; x_wconf 86' lang='lat' dir='ltr'>studuit</span> 
     </span>
    </p>
   </div>
   <div class='ocr_carea' id='block_1_116' title="bbox 282 5684 2867 5751">
    <p class='ocr_par' dir='ltr' id='par_1_116' title="bbox 282 5684 2867 5751">
     <span class='ocr_line' id='line_1_116' title="bbox 282 5684 2867 5751; baseline -0.001 -14"><span class='ocrx_word' id='word_1_817' title='bbox 282 5688 421 5747; x_wconf 68' lang='lat'>(219)</span> <span class='ocrx_word' id='word_1_818' title='bbox 450 5687 589 5737; x_wconf 86' lang='lat' dir='ltr'>Circa</span> <span class='ocrx_word' id='word_1_819' title='bbox 617 5687 760 5737; x_wconf 78' lang='lat' dir='ltr'>tinem</span> <span class='ocrx_word' id='word_1_820' title='bbox 801 5687 914 5738; x_wconf 83' lang='lat' dir='ltr'>anni</span> <span class='ocrx_word' id='word_1_821' title='bbox 941 5686 1092 5749; x_wconf 83' lang='grc'>1197,</span> <span class='ocrx_word' id='word_1_822' title='bbox 1121 5699 1215 5749; x_wconf 87' lang='lat' dir='ltr'>quo</span> <span class='ocrx_word' id='word_1_823' title='bbox 1238 5688 1469 5751; x_wconf 74' lang='lat' dir='ltr'>primum,</span> <span class='ocrx_word' id='word_1_824' title='bbox 1497 5691 1549 5739; x_wconf 93' lang='lat' dir='ltr'>ut</span> <span class='ocrx_word' id='word_1_825' title='bbox 1578 5700 1688 5739; x_wconf 80' lang='lat' dir='ltr'>mox</span> <span class='ocrx_word' id='word_1_826' title='bbox 1729 5685 1971 5751; x_wconf 81' lang='lat' dir='ltr'>sequitur,</span> <span class='ocrx_word' id='word_1_827' title='bbox 2000 5684 2227 5739; x_wconf 79' lang='lat' dir='ltr'>en‘erbuit</span> <span class='ocrx_word' id='word_1_828' title='bbox 2265 5684 2338 5736; x_wconf 81' lang='lat' dir='ltr'>ira</span> <span class='ocrx_word' id='word_1_829' title='bbox 2366 5685 2495 5749; x_wconf 74' lang='lat' dir='ltr'>regis</span> <span class='ocrx_word' id='word_1_830' title='bbox 2520 5688 2567 5737; x_wconf 90' lang='lat' dir='ltr'>in</span> <span class='ocrx_word' id='word_1_831' title='bbox 2594 5684 2867 5745; x_wconf 71' lang='lat' dir='ltr'>Hugonem.</span> 
     </span>
    </p>
   </div>
  </div>
