3938 6400
399 332 535 418 1055

1285 335 1341 389 S.
1385 332 1702 391 HUGONIS
1739 332 1958 390 EPISC.
1998 330 2324 391 LlNCOLN.
2367 334 2530 393 0RD.
2575 338 2823 396 CARTH.

3563 351 3709 403 1056

401 453 715 524 emendare,
747 449 1053 528 vacansque
1083 455 1285 512 diutius
1325 465 1636 515 sanctorum
1684 457 1993 530 peregrina-
2013 456 2068 516 Α
2097 457 2386 528 habitator,
2421 461 2514 533 qui
2543 478 2663 517 eam
2691 462 2833 519 male
2862 473 3232 539 vegetaverat,
3265 475 3318 523 et
3351 467 3439 522 illa
3471 485 3704 525 reman-

403 541 533 597 tioni
562 541 670 614 pie,
727 558 850 598 cum
896 544 1052 598 annis
1095 545 1303 616 aliquot
1358 541 1590 602 vixisset
1645 547 1860 616 devote,
1895 545 2001 601 ﬁne

403 630 620 685 tandem
651 630 794 686 bono
827 632 1029 703 quievit
1056 631 1110 686 in
1141 649 1296 704 pace.
1347 635 1476 690 Haec
1523 635 1591 690 de
1647 649 2000 690 consumma-

406 717 548 774 tione
569 717 715 774 illius
746 719 802 773 in
823 719 952 775 villa
977 720 1202 790 praefata
1233 738 1410 792 nuper
1439 737 1472 777 a
1501 722 1694 778 vicinis
1744 723 1876 788 suis,
1912 722 2004 794 qui

405 814 455 862 et
481 805 792 864 interfuisse
821 823 880 863 se
911 808 1166 864 dicebant
1198 811 1458 866 curationi
1490 819 1808 868 memoratae
1838 826 2000 866 acce-

403 894 602 966 pimus.

975 967 1202 1025 CAPUT
1269 967 1366 1024 XI.

411 1053 1101 1130 Qualiterumulierculaln
1151 1057 1454 1129 quamdam
1488 1075 1522 1112 a
1567 1059 1778 1130 spiritu
1807 1059 2004 1130 pythoo

477 1125 605 1200 uico
637 1125 914 1181 liberavit.
937 1156 1006 1166 —
1026 1128 1095 1181 Et
1122 1125 1206 1183 est
1226 1131 1399 1200 capit.
1433 1125 1691 1186 octavum
1711 1131 1773 1184 in
1795 1125 2005 1200 magna

491 1195 636 1250 Vita.

473 1300 595 1356 Jam
626 1315 758 1358 vero
777 1302 1216 1373 praetereundum
1248 1319 1356 1360 non
1388 1313 1470 1360 est
1500 1305 1644 1378 quod
1676 1305 1730 1360 in
1770 1305 2004 1376 capitulo

407 1387 774 1444 Lincolniensi
803 1390 874 1444 ad
904 1406 1092 1462 regem
1117 1408 1176 1448 se
1222 1408 1320 1464 pro
1367 1393 1642 1450 communi
1677 1394 2005 1451 necessitate

405 1484 561 1531 trans
588 1493 740 1534 mare
768 1477 967 1533 iturum
986 1480 1314 1549 praedixerat
1344 1481 1514 1552 (220).
1545 1483 1662 1536 Jam
1694 1480 1818 1536 filiis
1839 1483 2005 1538 bene-

409 1563 645 1621 dictione
673 1567 779 1620 ritu
813 1565 1042 1622 solemni
1072 1568 1216 1637 data,
1249 1568 1339 1623 illa
1371 1569 1580 1626 scilicet
1620 1585 1728 1641 qua
1772 1570 2004 1626 benedi-

408 1668 531 1710 cere
573 1653 710 1722 jussi
741 1663 865 1708 sunt
885 1654 1010 1709 filiis
1063 1656 1232 1711 Israel
1277 1657 1591 1712 sacerdotes
1648 1657 1702 1712 in
1732 1657 1856 1730 lege
1901 1675 2002 1729 per

407 1742 652 1813 Moysen,
683 1749 736 1797 et
768 1758 928 1814 quam
967 1744 1022 1797 in
1052 1743 1471 1801 benedictionali
1500 1762 1598 1802 suo
1655 1747 1822 1802 scribi
1851 1746 2002 1802 fece-

412 1838 511 1898 rat,
545 1830 957 1886 commendatus
989 1832 1322 1888 orationibus
1354 1833 1716 1906 singulorum,
1749 1843 1912 1906 atque
1933 1834 2003 1889 li-

410 1917 538 1974 bato
569 1917 800 1974 invicem
836 1927 1024 1976 sancto
1051 1922 1204 1991 pacis
1227 1921 1435 1988 osculo,
1480 1921 1797 1993 apostolicis
1819 1923 2005 1978 verbis

411 2005 697 2062 universos
728 2008 1206 2064 commendaverat
1227 2010 1343 2065 Deo
1372 2017 1425 2065 et
1455 2010 1632 2065 Verbo
1657 2009 1844 2082 gratiae
1866 2012 2002 2079 ejus.

414 2094 566 2160 Inde,
599 2101 656 2148 ut
685 2095 1026 2165 praemissum
1060 2104 1162 2162 est,
1196 2097 1399 2153 directe
1443 2097 1511 2152 ad
1543 2097 1843 2153 manerium
1873 2115 2004 2169 per-

410 2190 634 2238 venerat
663 2183 1030 2254 supradictum
1061 2186 1230 2256 (221).
1265 2185 1366 2242 Ubi
1391 2201 1511 2242 cum
1543 2187 1733 2257 paucis
1762 2195 2007 2242 maneret

411 2270 626 2337 diebus,
659 2273 974 2343 suggeritur
1005 2273 1054 2328 ei
1083 2288 1115 2328 a
1146 2273 1251 2329 loci
1283 2273 1446 2330 vicini
1475 2274 1685 2330 decano
1709 2275 2005 2331 muliercu-

410 2358 519 2414 lam
550 2360 841 2431 quamdam
871 2360 926 2414 in
955 2360 1218 2417 decanatu
1242 2377 1359 2429 suo,
1394 2379 1513 2434 qua:
1544 2363 1792 2433 spiritum
1848 2364 2004 2418 vide-

411 2455 563 2502 retur
592 2447 792 2504 habere
820 2449 1192 2520 pythonicum,
1218 2449 1478 2521 plurimas
1521 2451 1590 2506 ad
1623 2468 1680 2506 se
1711 2451 2005 2507 divinando

411 2536 598 2591 turbas
639 2537 955 2607 pertrahere
987 2537 1328 2609 populorum.
1373 2539 1651 2595 Indicabat
1709 2540 1850 2594 enim
1880 2555 2008 2611 pas-

411 2624 514 2679 sim
544 2624 704 2692 furta,
736 2641 764 2678 a
795 2625 1208 2698 quibuscunque
1236 2627 1496 2696 admissa,
1528 2636 1580 2682 et
1624 2628 1832 2684 occulta
1866 2645 2008 2698 qua-

415 2729 520 2784 que
547 2712 842 2785 detegebat
876 2713 1167 2770 maleficia.
1203 2715 1259 2770 Si
1307 2732 1439 2771 vero
1477 2717 1546 2771 ab
1593 2717 1731 2787 ipso,
1766 2724 1822 2770 ut
1862 2717 2005 2771 idem

412 2801 589 2856 aiebat
612 2801 872 2868 decanus,
898 2817 994 2857 seu
1016 2819 1047 2857 a
1068 2804 1260 2874 quovis
1281 2804 1519 2860 discreto
1552 2813 1604 2859 et
1631 2804 1866 2860 litterato
1887 2805 2006 2860 viro

411 2889 836 2945 conveniebatur
890 2899 981 2945 aut
1040 2892 1436 2962 corripiebatur
1492 2909 1658 2962 super
1715 2894 1835 2959 hoc,
1883 2908 2006 2949 mox

414 2976 726 3047 importuna
795 2977 998 3050 lingua:
1053 2978 1307 3034 volubilis
1353 2979 1635 3036 dicacitate
1688 2989 2006 3052 arguentem

413 3063 565 3118 illum
596 3065 746 3136 quasi
777 3065 1052 3136 stupidum
1080 3066 1341 3122 reddebat
1382 3075 1434 3122 et
1492 3067 1785 3139 elinguem,
1819 3069 2005 3139 sicque

415 3167 608 3208 omnes
636 3153 980 3208 verbositatis
1035 3153 1310 3210 afﬂuentia
1340 3155 1701 3227 opprimebat,
1746 3165 1804 3210 ut
1831 3157 2011 3213 nullus
2033 3158 2079 3218 Ο

417 3257 537 3296 eam
567 3242 913 3307 convincere,
947 3251 1040 3298 aut
1069 3244 1342 3300 silentium
1373 3245 1422 3300 ei
1453 3244 1662 3300 valeret
1700 3245 2004 3315 imponere.

415 3331 497 3385 Ad
527 3330 632 3386 hoc
664 3330 842 3386 statim
875 3332 1182 3403 episcopus,
1205 3334 1338 3402 jam,
1363 3333 1555 3405 inquit,
1580 3349 1688 3388 non
1719 3342 1842 3406 post
1872 3335 2010 3388 mul-

417 3427 502 3474 tos
531 3419 649 3475 dies
677 3419 984 3476 Londonias
1014 3422 1228 3487 adituri,
1285 3439 1406 3478 cum
1454 3440 1551 3494 per
1615 3423 1750 3478 fines
1796 3432 2008 3478 vestros

419 3507 704 3563 transitum
735 3509 1016 3576 faciemus,
1059 3511 1340 3567 adducetis
1399 3527 1520 3566 eam
1550 3511 1672 3567 loco
1702 3520 2008 3583 opportuno

416 3596 470 3650 in
500 3611 786 3652 occursum
817 3602 1006 3654 nostri.
1042 3599 1200 3667 Quod
1248 3607 1297 3654 et
1328 3599 1528 3655 factum
1558 3607 1659 3656 est.

489 3685 783 3741 Descendit
811 3687 991 3758 itaque
1020 3688 1137 3742 visa
1168 3688 1397 3744 muliere
1427 3688 1496 3742 de
1555 3704 1697 3760 equo
1752 3705 1850 3743 suo
1893 3689 2009 3759 ipse

419 3768 733 3840 episcOpus.
791 3771 1015 3825 Astabat
1053 3787 1185 3826 vero
1219 3771 1417 3826 ibidem
1477 3772 1660 3842 populi
1710 3771 2010 3843 frequentia

419 3863 543 3909 eum
574 3857 838 3926 parvulis,
873 3859 964 3928 qui
994 3873 1190 3913 manus
1221 3858 1565 3929 impositione
1614 3869 1765 3914 erant
1812 3860 2010 3916 confir-

419 3944 624 3999 mandi.
658 3945 882 4000 Muliere
911 3946 1077 4018 igitur
1108 3947 1210 4001 sibi
1249 3955 1595 4018 praesentata,
1631 3948 1712 4002 vir
1770 3950 2006 4016 Domini,

421 4032 573 4102 quasi
613 4047 736 4088 cum
785 4033 1154 4106 indignatione
1186 4035 1489 4101 obluctans,
1541 4051 1649 4091 non
1703 4045 1809 4090 tam
1840 4037 2009 4093 mise-

422 4135 535 4174 ram
566 4119 710 4175 illam
743 4136 902 4193 quam
934 4123 1050 4191 ejus
1070 4122 1511 4190 inbabitatorem,
1572 4124 1843 4180 occultum
1894 4125 2011 4180 dae-

421 4224 658 4273 monem,
703 4209 1034 4282 alloquitur:
1071 4235 1093 4258 «
1132 4215 1250 4285 Age
1299 4213 1434 4281 jam,
1495 4229 1529 4267 o
1571 4212 1776 4277 infelix,
1815 4213 2007 4285 inquit,

421 4296 548 4368 quid
581 4298 722 4352 nosti
743 4298 988 4355 divinare
1020 4300 1179 4356 nobis
1201 4301 1229 4355 ?
1263 4325 1284 4348 η
1319 4301 1605 4356 Proferens
1651 4309 1828 4356 autem
1861 4302 2011 4356 clau-

420 4402 538 4440 sum
569 4386 805 4442 dexterae
835 4404 948 4443 suae
978 4389 1264 4462 pugillum,
1289 4389 1620 4460 implicatam
1653 4390 1708 4444 in
1729 4405 1793 4445 eo
1819 4399 2011 4445 tenens

417 4475 814 4530 extremitatem
844 4476 996 4532 stola
1027 4494 1158 4546 suae,
1207 4499 1228 4527 ι
1264 4479 1382 4543 Dic,
1407 4478 1497 4543 ait,
1533 4479 1694 4533 sedes
1723 4478 2006 4544 dzemonis,
2039 4507 2090 4566 D

418 4563 685 4635 siquidem
715 4564 878 4632 nosti,
908 4565 1035 4636 quid
1066 4567 1258 4621 habeat
1283 4566 1548 4621 inclusum
1578 4583 1774 4621 manus
1797 4568 1958 4621 mea?
1981 4591 2003 4615 ι

418 4653 542 4706 Haec
574 4667 639 4707 eo
669 4651 902 4719 dicente,
937 4654 1118 4708 statim
1139 4654 1284 4709 velut
1306 4655 1571 4710 exanimis
1593 4654 1800 4710 corruit
1829 4655 1896 4708 ad
1916 4672 2013 4726 pe-

416 4739 513 4794 des
543 4741 659 4808 ejus
686 4740 1016 4806 muliercula,
1051 4742 1210 4812 paulo
1240 4750 1365 4798 ante
1387 4758 1608 4813 procax,
1641 4759 1784 4797 nunc
1829 4751 2010 4798 autem

415 4827 594 4882 subito
624 4829 693 4882 ad
724 4843 918 4884 vocem
935 4829 1146 4883 virtutis
1169 4837 1346 4894 tanta,
1379 4845 1487 4884 non
1522 4830 1683 4885 modo
1714 4830 1880 4898 fandi,
1913 4831 2013 4885 sed

415 4915 576 4971 etiam
599 4916 793 4980 standi,
815 4917 1082 4986 impotens
1100 4916 1311 4972 effecta.
1330 4917 1629 4990 Aufugerat
1646 4919 1787 4973 enim
1807 4918 2012 4974 interea

487 5092 624 5158 (220)
652 5096 809 5155 Supra
835 5106 943 5156 cap.
970 5094 1022 5155 9,
1050 5095 1099 5144 in
1125 5095 1230 5145 haec
1272 5096 1423 5146 verba
1453 5109 1468 5145 :
1506 5113 1524 5143 σ
1550 5097 1600 5148 Si
1624 5095 1685 5146 ad
1711 5108 1874 5158 regem
1919 5099 2013 5148 hoc

417 5160 586 5276 ogdine
633 5161 757 5210 ituri
798 5163 913 5210 sunt
959 5161 1123 5211 clerici
1160 5162 1332 5224 nostri,
1371 5175 1482 5213 cum
1524 5164 1598 5214 eis
1632 5162 1817 5226 pariter
1842 5169 1890 5215 et
1923 5178 2014 5228 ego

418 5241 434 5278 1
469 5239 517 5277 0.
547 5244 566 5274 ι

480 5335 619 5395 (221)
666 5337 1006 5398 Buggedenam
1032 5337 1078 5386 in
1107 5337 1278 5389 itinere
1308 5339 1435 5390 inter
1460 5341 1763 5393 Lincolniam
1791 5346 1841 5393 et
1881 5344 2013 5394 Lon-

415 5403 583 5453 dinum
607 5403 774 5452 situm.

484 5531 627 5594 (222)
655 5533 796 5582 Forte
822 5532 951 5584 idem
973 5546 1082 5584 cum
1109 5534 1512 5594 Huntindonensi,
1547 5540 1626 5589 ubi
1674 5544 1799 5591 teste
1847 5542 2014 5590 Mona-

416 5598 537 5648 stico
563 5600 824 5662 Anglicano
869 5607 986 5650 tom.
1015 5602 1051 5660 Ι,
1093 5615 1140 5664 p.
1187 5603 1304 5664 530,
1353 5607 1424 5653 est
1464 5607 1704 5666 prioratus
1733 5608 2012 5658 monialium

419 5670 556 5715 extra
583 5666 836 5717 lluntedon
863 5667 1110 5720 fundatus.

2102 556 2246 603 serat
2277 550 2379 604 sub
2400 566 2562 604 manu
2584 551 2830 605 sanantis
2887 553 3083 608 medici
3127 554 3416 610 salubriter
3472 557 3699 623 debilis,

2100 653 2220 706 quae
2250 638 2350 691 sub
2381 638 2584 708 impetu
2631 640 2808 694 morbi
2865 641 3181 711 perimentis
3237 645 3511 699 exstiterat
3541 647 3705 716 prius

2101 723 2370 779 lethaliter
2400 725 2575 781 fortis.

2175 813 2311 866 Cum
2343 831 2480 886 ergo
2509 815 2576 870 ad
2607 817 2833 887 vestigia
2863 817 2964 872 viri
2987 819 3155 873 sancti
3177 819 3426 874 inclinata
3447 820 3704 893 aliquan-

2103 900 2194 954 diu
2217 901 2500 969 jacuisset,
2540 906 2799 975 praecepit
2854 906 3058 961 elevari
3107 923 3246 962 eam.
3303 909 3452 964 Tunc
3482 910 3702 965 decano

2103 988 2394 1061 interprete
2426 1008 2556 1045 usus
2587 992 2891 1064 (ignorabat
2921 994 3064 1048 enim
3111 994 3355 1066 linguam
3413 997 3704 1053 rusticanae

2103 1078 2369 1147 mulieris)
2406 1079 2606 1151 inquiri
2647 1081 2827 1149 jussit,
2877 1083 3109 1152 qualiter
3164 1084 3510 1140 divinationis
3537 1087 3699 1156 peri-

2103 1166 2231 1220 tiam
2253 1168 2649 1237 acquisivisset.
2672 1169 2804 1238 Quae
2832 1169 2980 1225 tenui
3010 1179 3061 1225 et
3092 1171 3363 1226 submissa
3384 1189 3536 1238 voce,
3573 1191 3702 1228 cum

2104 1253 2301 1324 saepius
2331 1253 2665 1327 interrogata
2694 1255 2902 1322 fuisset,
2942 1257 3073 1312 dixit
3109 1273 3122 1312 :
3160 1279 3181 1308 ι
3217 1259 3435 1325 Nescio,
3497 1261 3693 1333 inquit,

2104 1341 2371 1407 divinare,
2421 1343 2517 1397 sed
2566 1343 2997 1400 misericordiam
3048 1345 3280 1416 imploro
3310 1347 3477 1403 sancti
3530 1349 3694 1417 hujus

2104 1428 2366 1500 episcopi.
2405 1451 2427 1479 ι
2463 1431 2775 1503 lterumque
2822 1431 3001 1488 defixo
3034 1433 3088 1488 in
3118 1442 3317 1488 terram
3374 1435 3520 1489 vultu
3551 1452 3690 1508 pro-

2103 1517 2232 1572 cidit
2262 1517 2332 1572 ad
2381 1518 2552 1588 pedes
2606 1520 2742 1587 ejus.
2785 1519 3027 1591 Cumque
3066 1521 3314 1592 imposita
3359 1522 3516 1593 capiti
3575 1525 3693 1592 ejus

2107 1619 2270 1659 manu
2289 1621 2386 1675 pro
2417 1622 2476 1660 ea
2501 1607 2742 1661 breviter
2762 1608 3046 1673 oravisset,
3070 1609 3198 1664 data
3219 1610 3268 1664 ci
3289 1610 3688 1680 benedictione,

2105 1693 2363 1764 praecepit
2395 1710 2513 1749 eam
2540 1695 2608 1748 ad
2640 1695 2879 1765 priorem
2915 1698 3064 1767 (222)
3104 1698 3590 1753 Huncedonensem
3619 1700 3691 1753 il-

2024 1804 2077 1864 B
2104 1781 2277 1836 larum
2307 1781 2562 1838 videlicet
2592 1784 2816 1854 partium
2849 1785 3292 1855 pmnitentialem,
3317 1787 3530 1855 adduci,
3553 1788 3694 1842 dans

2106 1869 2155 1924 ei
2187 1869 2242 1923 in
2271 1871 2540 1925 mandatis
2571 1880 2838 1942 quatenus
2858 1889 3038 1927 veram
3059 1882 3240 1945 ageret
3263 1875 3540 1944 praemissa
3561 1892 3694 1931 con-

2103 1956 2342 2014 fessionc
2373 1959 2440 2014 de
2460 1960 2713 2014 omnibus
2735 1961 2846 2016 suis
2862 1962 3100 2032 peccatis
3120 1963 3511 2033 paenitentiam.
3537 1963 3694 2032 Quod

2105 2045 2286 2115 etiam,
2322 2054 2377 2100 ut
2406 2047 2752 2118 postmodum
2785 2050 3116 2120 accepimus,
3149 2049 3379 2105 fideliter
3429 2051 3687 2122 implevit.

2105 2135 2438 2205 Praeceperat
2470 2135 2612 2190 enim
2645 2136 2713 2201 ei,
2750 2152 2818 2192 ne
2875 2137 3096 2192 ulterius
3133 2148 3487 2208 pra-sumeret
3518 2139 3693 2195 male-

2106 2221 2225 2276 ficia
2254 2223 2429 2278 aliena
2451 2223 2717 2290 divinare,
2751 2225 2847 2280 sed
2873 2226 3092 2296 prepria
3121 2235 3459 2282 assuesceret
3487 2227 3694 2282 indesi-

2106 2319 2296 2366 nenter
2322 2311 2463 2366 mala
2493 2311 2684 2384 lugere
2723 2321 2776 2369 et
2805 2329 3080 2369 accusare.
3118 2314 3236 2383 Qua
3289 2332 3353 2370 ex
3411 2317 3514 2371 hoc
3560 2323 3697 2372 tem-

2110 2416 2240 2470 pore
2262 2400 2400 2454 adeo
2429 2401 2674 2456 modesta
2703 2403 2954 2472 apparuit
2984 2411 3036 2457 et
3065 2404 3350 2469 taciturna,
3384 2419 3502 2459 cum
3542 2405 3693 2474 prius

2111 2487 2334 2557 garrula
2370 2489 2531 2542 nimis
2587 2489 2843 2545 existeret
2899 2498 2950 2545 et
2991 2491 3416 2562 procacissime,
3476 2499 3533 2546 ut
3590 2495 3694 2549 hoc

2108 2576 2284 2646 ipsum
2313 2577 2434 2632 loco
2483 2578 2719 2650 ingentis
2755 2579 2999 2635 miraculi
3046 2581 3337 2635 haberetur
3369 2597 3536 2651 penes
3568 2581 3689 2635 uni-

2109 2681 2315 2728 versos,
2351 2665 2441 2737 qui
2463 2682 2644 2722 mores
2667 2665 2809 2721 illius
2837 2667 3098 2738 pristinos
3121 2676 3473 2739 agnoverunt.

2719 2802 2943 2858 CAPUT
2972 2801 3091 2857 ΧΠ.

2109 2907 2366 2974 Qualiter
2395 2908 2688 2962 mulierem
2722 2909 2899 2963 aliam
2937 2908 3195 2963 liberavit
3224 2924 3259 2963 a
3293 2909 3541 2964 daemone
3592 2911 3686 2963 in-

2179 2979 2336 3050 cubo.
2360 3007 2431 3050 -έ
2459 2979 2526 3032 Et
2556 2981 2888 3034 continetur
2910 2979 3008 3035 hoc
3040 2982 3213 3050 capit.
3248 2979 3310 3034 in
3337 2997 3546 3049 magna
3576 2981 3696 3035 l'ita

2181 3049 2280 3103 sub
2308 3049 2480 3119 capit.
2531 3053 2744 3104 octavo.

2181 3152 2317 3207 lluic
2347 3153 2467 3208 loco
2497 3169 2592 3223 pro
2628 3169 2942 3219 causarum,
2976 3171 3075 3210 nec
3106 3170 3214 3210 non
3245 3163 3297 3210 et
3315 3171 3692 3225 personarum,

2109 3240 2459 3295 similitudine
2489 3241 2712 3296 alterius
2734 3243 2804 3296 ab
2833 3242 3178 3298 infestatione
3207 3243 3542 3299 daemoniaca
3572 3261 3696 3298 mu-

2106 3328 2252 3383 lieris
2273 3329 2607 3399 ereptionem
2640 3330 2921 3385 virtutibus
2973 3332 3130 3399 hujus
3161 3331 3261 3386 viri
3289 3331 3433 3399 juste
3461 3348 3690 3386 enume-

2110 3417 2358 3477 randam.
2410 3419 2809 3473 reservavimus
2853 3420 3251 3490 exponendam,
3297 3420 3424 3475 licet
3456 3429 3698 3490 tempore

2110 3505 2328 3560 diverso
2355 3506 2680 3560 celebratam
2704 3509 2873 3576 (223).
2906 3507 3249 3563 lntimaverat
3284 3509 3427 3563 enim
3464 3509 3700 3580 quodam

2110 3601 2355 3664 tempore
2387 3594 2469 3648 vir
2507 3595 2719 3650 eximiae
2774 3596 3093 3650 eruditionis
3122 3605 3172 3651 et
3201 3597 3460 3650 doctrinae
3489 3597 3702 3652 Bartho-

2110 3682 2336 3736 lomaaus
2365 3682 2692 3738 Oxoniensis
2735 3685 2935 3754 praesul
2963 3686 3132 3748 (224),
3167 3685 3292 3755 quia
3340 3686 3552 3740 daemon
3583 3686 3702 3755 qui-

2111 3771 2234 3824 dam
2265 3770 2318 3823 in
2336 3771 2518 3840 specie
2541 3771 2758 3839 juvenis
2790 3772 2938 3827 abuti
2967 3781 3326 3828 consueverat
3355 3773 3586 3844 quadam
3618 3774 3703 3827 in-

2111 3858 2256 3914 felici
2286 3859 2606 3914 muliercula
2635 3859 2686 3914 in
2745 3875 2845 3915 sua
2889 3860 3113 3916 dioecesi
3158 3861 3462 3916 constituta.
3524 3860 3702 3928 Quam

2112 3948 2272 4002 etiam
2302 3949 2598 4010 asserebat,
2625 3956 2732 4003 tam
2769 3949 2871 4003 sibi
2903 3965 3067 4020 quam
3119 3949 3238 4003 aliis
3296 3949 3702 4004 venerabilibus

2112 4035 2381 4104 personis,
2417 4035 2749 4090 detestabilis
2779 4037 2934 4104 hujus
2965 4037 3237 4108 passionis
3271 4053 3382 4092 suae
3405 4053 3705 4092 aerumnam

2113 4123 2280 4177 flebili
2322 4123 2520 4194 saepius
2563 4124 2905 4179 confessione
2963 4125 3299 4196 propalasse,
3335 4134 3383 4180 et
3415 4125 3703 4181 consilium

2113 4226 2219 4280 quo
2249 4211 2552 4281 eriperetur
2570 4212 2636 4266 ab
2657 4213 2897 4268 obsceno
2918 4229 3248 4284 oppressore
3279 4214 3595 4278 studiosius,
3621 4214 3706 4267 in-

2112 4299 2421 4370 quisivisse,
2449 4301 2670 4369 jcjuniis
2727 4300 2948 4372 insuper
2998 4310 3051 4356 et
3104 4302 3255 4356 varia
3298 4302 3472 4356 carnis
3517 4317 3704 4357 mace-

2114 4387 2320 4442 ratione
2363 4389 2504 4442 illam
2542 4389 2880 4444 memorabat
2923 4390 3250 4460 peccatricia
3307 4391 3552 4444 membra
3599 4406 3702 4445 sua

2113 4476 2225 4532 fere
2261 4493 2433 4548 usque
2453 4477 2518 4530 ad
2541 4477 2969 4533 internecionem
2999 4479 3392 4556 perdomuisse.
3420 4479 3546 4533 liceo
3566 4495 3702 4534 vero

2111 4564 2270 4619 simul
2301 4566 2482 4620 omnia
2514 4566 2645 4620 nihil
2675 4567 2776 4621 sibi
2807 4576 2997 4622 contra
3033 4567 3284 4622 odiosum
3313 4576 3363 4622 et
3398 4567 3708 4636 improbum

2109 4662 2405 4708 amatorem
2447 4654 2758 4710 contulisse.
2821 4656 2879 4708 In
2923 4655 3123 4709 talibus
3154 4671 3369 4726 quoque
3426 4669 3533 4708 non
3565 4671 3706 4724 pau-

2111 4757 2298 4796 corum
2314 4743 2428 4810 jam
2451 4743 2724 4798 curricula
2745 4751 3050 4813 temporum
3069 4759 3187 4798 eam
3207 4743 3337 4796 dixit
3356 4743 3706 4813 protraxisse.

2112 4830 2247 4886 Hinc
2290 4831 2620 4886 venerabilis
2672 4833 2831 4886 Pater
2886 4833 3064 4903 Hugo,
3125 4832 3325 4902 pariter
3381 4840 3433 4885 et
3489 4831 3706 4902 pietatis

2111 4917 2365 4973 instinctu
2461 4919 2796 4990 compaliens
2893 4920 3193 4975 miserabili
3305 4919 3557 4984 feminae,
3651 4930 3704 4973 et

2181 5096 2318 5159 (223)
2342 5100 2480 5148 Anno
2507 5100 2654 5158 1185,
2683 5101 2766 5149 aut
2792 5099 2938 5160 1186,
2967 5101 3016 5149 et
3051 5112 3147 5149 non
3173 5097 3347 5155 serius.
3379 5098 3593 5160 llugone,
3622 5100 3707 5146 aut

2111 5164 2269 5214 adhuc
2315 5166 2552 5215 existente
2601 5166 2650 5215 in
2698 5165 2917 5228 prioratu
2959 5165 3306 5224 Withamensi,
3355 5168 3436 5214 aut
3477 5167 3707 5213 recenter

2111 5237 2395 5282 consecrato
2419 5233 2469 5281 in
2498 5233 2798 5295 episcopum.
2827 5234 2894 5282 De
2937 5245 3029 5294 qua
3068 5246 3121 5281 re
3144 5233 3340 5282 uberius
3379 5231 3618 5293 agendum
3657 5229 3706 5278 in

2112 5299 2397 5361 quastione,
2435 5313 2528 5362 quo
2554 5313 2682 5349 anno
2708 5301 2844 5362 llugo
2869 5300 2933 5348 sit
2960 5301 3124 5348 lactus
3148 5300 3415 5360 episcopus.

2181 5409 2308 5468 (224)
2340 5411 2389 5459 1η
2427 5410 2602 5460 Annal.
2630 5410 2861 5460 Ecclesia:
2886 5411 3240 5461 Wintoniensis
3277 5409 3400 5472 apud
3433 5409 3625 5456 Whart.
3655 5407 3704 5456 in

2113 5481 2242 5538 part.
2272 5491 2284 5524 ι
2310 5477 2493 5534 Anglia!
2522 5479 2683 5526 Sacrae
2726 5477 2791 5526 ita
2816 5477 2994 5540 legitur
3018 5490 3130 5539 pag.
3171 5477 3268 5526 300
3299 5490 3309 5518 :
3335 5496 3356 5517 ιι
3382 5482 3519 5525 Anno
3558 5473 3706 5530 1161,

2115 5545 2348 5602 magister
2372 5543 2757 5593 ltartholommus
2783 5544 3037 5605 episcopus
3062 5543 3346 5592 Exoniensis
3376 5542 3530 5590 lactus
3559 5544 3652 5588 est.
3682 5561 3702 5579 ι

2112 5610 2173 5659 Et
2197 5609 2370 5659 iterum
2405 5611 2454 5659 in
2481 5609 2672 5670 iisdem,
2712 5623 2762 5670 p.
2795 5611 2911 5659 502.
2945 5631 2964 5652 ι
2997 5613 3135 5660 Anno
3175 5609 3302 5659 1186
3325 5608 3706 5657 Bartholomarus

2114 5675 2404 5727 Exoniensis
2429 5677 2681 5738 episcopus
2707 5677 2842 5726 obiit.
2873 5693 2890 5722 ι»
