3938 6396
176 329 314 381 1057

1532 326 1717 380 νιΤΑ.
1757 351 1825 366 --
1864 322 1995 376 LIB.
2043 324 2114 377 V.

3343 325 3480 378 1058

182 449 479 520 indignans
508 450 805 520 impuritati
825 450 1198 518 daamoniacae,
1222 470 1242 500 ι
1268 450 1406 515 Jam,
1426 449 1639 520 iniquit,
1661 449 1783 512 ista,
1812 449 1866 509 Α
1893 467 1914 492 α
1949 459 2094 512 men,
2121 444 2267 515 quod
2296 443 2615 514 imprudens
2659 443 2756 498 tibi
2785 441 3112 514 applicuisti.
3140 463 3163 494 ι
3198 443 3297 499 Illa
3324 444 3487 500 dissi-

186 538 231 592 si
257 580 270 603 ,
321 545 377 592 ut
406 538 656 592 asseritis
682 582 694 602 ,
746 545 935 593 contra
963 546 1242 608 peccatum
1275 553 1431 592 suum
1460 537 1786 592 contritione

183 625 382 690 cordis,
415 625 759 680 confessione
785 625 893 680 oris
941 633 994 680 et
1039 625 1288 697 corporis
1336 625 1628 680 afﬂictione
1675 623 1785 680 eri-

185 714 364 786 gitur,
418 713 496 768 nil
538 713 686 768 aliud
730 713 945 768 demum
979 729 1268 784 superesse
1313 714 1508 782 video,
1571 712 1675 767 nisi
1731 719 1789 766 ut

183 809 366 858 oretur
416 817 519 872 pro
576 817 642 856 ea
696 801 980 856 instantius
1010 802 1154 872 apud
1184 801 1528 857 clementiam
1557 799 1788 871 piissimi

186 889 589 961 Redemptoris.
619 912 639 938 ι
677 891 980 960 Episcopus
1010 897 1188 945 autem
1210 889 1539 945 Oxoniensis
1559 890 1675 945 hinc
1703 905 1784 954 se,

188 994 482 1049 secumque
531 965 688 1033 alios,
715 978 1032 1033 innumeros
1074 978 1188 1046 jam
1237 977 1466 1044 fecisse,
1519 977 1618 1032 sed
1655 976 1789 1031 nihil

181 1065 484 1137 profecisse
515 1081 950 1122 commemorans
971 1108 984 1133 ,
1017 1065 1194 1136 ipsum
1227 1081 1441 1138 quoque
1461 1106 1474 1133 ,
1507 1073 1566 1119 ut
1594 1080 1692 1136 pro
1722 1079 1789 1120 ea

186 1155 505 1226 dignaretur
551 1170 729 1219 orare,
781 1153 1096 1226 suppliciter
1140 1154 1439 1226 ﬂagitabat.
1505 1153 1604 1208 Cui
1646 1152 1784 1208 ille:

191 1263 214 1292 ι
253 1243 365 1298 Hoc
395 1258 500 1313 ego
529 1258 638 1298 non
669 1249 906 1310 tantum,
942 1243 1038 1296 sed
1069 1241 1300 1314 quisque
1333 1240 1573 1298 fidelium
1613 1241 1786 1298 devo-

184 1330 396 1385 tissime
428 1331 606 1386 facere
638 1330 878 1384 debebit.
909 1353 930 1376 ι»

256 1419 380 1472 Post
439 1419 575 1484 hanc,
634 1417 902 1490 digressis
931 1418 1000 1472 ab
1031 1417 1262 1474 invicem
1311 1417 1583 1489 episcopis
1613 1419 1782 1488 (225),

182 1522 312 1562 cum
369 1506 562 1561 iterum
621 1506 990 1562 occurrissent
1044 1507 1146 1560 sibi
1203 1506 1480 1578 aliquanto
1546 1516 1787 1576 tempore

183 1594 375 1665 elapso
398 1597 566 1664 (226),
593 1594 869 1666 inquisivit
892 1594 1154 1650 sollicitus
1195 1594 1297 1648 iste
1323 1595 1631 1648 animarum
1651 1594 1786 1649 libe-

184 1691 338 1737 rator
367 1683 518 1737 illum
550 1682 866 1753 episcopum
887 1683 1136 1752 superius
1167 1690 1526 1737 memoratum
1558 1682 1788 1753 qualiter

1887 533 2126 588 mulante
2155 533 2370 587 monitis
2392 534 2774 602 obtemperare
2791 531 3032 603 maligni,
3052 532 3216 603 coepit
3235 532 3326 588 ille
3347 549 3492 588 nunc

1887 621 2081 686 minis,
2143 637 2285 675 nunc
2319 620 2591 674 blanditiis
2627 619 2916 674 instantius
2947 635 3144 690 agere,
3177 626 3236 674 ut
3262 621 3491 676 herbam

1888 709 2110 778 ejiceret
2163 724 2324 779 quam
2381 725 2440 762 se
2496 708 2854 762 exhorruisse
2909 708 3145 762 dicebat.
3181 707 3306 775 Qui,
3339 717 3398 764 ut
3425 725 3486 766 se

1887 796 2159 852 contemni
2190 796 2322 851 vidit
2349 796 2417 856 ab
2448 811 2542 862 ea,
2593 803 2715 866 post
2760 795 2999 850 morulas
3029 795 3233 867 aliquot
3263 798 3491 854 recessit

1889 885 2213 940 furibundus
2245 892 2298 940 et
2326 885 2528 939 minax.

1963 996 1985 1021 α
2021 974 2137 1029 Nec
2183 973 2346 1044 paulo
2377 972 2586 1028 tardius
2616 972 2785 1027 adfuit
2815 973 2970 1040 alter,
3003 988 3069 1030 ac
3099 973 3253 1045 quasi
3282 989 3486 1048 aggra-

1888 1061 2066 1117 tulans
2096 1061 2308 1117 dilectae
2336 1062 2412 1116 ait
2446 1075 2458 1115 :
2497 1084 2518 1109 α
2553 1061 2768 1116 Verane
2797 1075 2921 1117 esse
2951 1061 3208 1130 didicisti,
3240 1080 3363 1134 quae
3391 1065 3486 1120 tibi

1893 1171 1916 1200 ι
1949 1150 2162 1206 locutus
2183 1166 2301 1204 sum
2322 1149 2348 1203 ?
2377 1151 2534 1206 Nunc
2557 1165 2710 1222 ergo,
2735 1149 2866 1204 dum
2883 1165 2988 1222 ego
3017 1158 3198 1206 tecum
3218 1153 3485 1208 secretius

1893 1260 1915 1288 α
1951 1238 2174 1309 loquar,
2225 1237 2503 1293 amovebis
2559 1253 2852 1308 parumper
2907 1238 3133 1294 herbam
3164 1240 3486 1297 nostratium

1893 1349 1915 1378 «
1951 1326 2286 1382 universitati
2315 1326 2560 1382 odiosam
2589 1342 2620 1380 a
2648 1334 2720 1380 te.
2755 1326 2884 1381 Post
2911 1343 3094 1382 meum
3123 1343 3255 1383 vero
3283 1328 3488 1386 disces-

1895 1440 1914 1465 ι
1951 1431 2072 1470 sum
2103 1431 2345 1470 resumes
2375 1423 2701 1470 armaturam
2737 1415 2996 1487 graminis
3025 1415 3120 1481 tui,
3170 1432 3276 1487 qua
3313 1417 3486 1473 illaesa

1894 1527 1914 1550 ιι
1951 1504 2371 1560 conservaberis
2416 1505 2484 1558 ab
2532 1503 2743 1558 insidiis
2796 1503 2967 1558 hostis
3013 1504 3199 1560 virosi.
3256 1506 3483 1577 Nequa-

1893 1615 1914 1640 α
1953 1608 2114 1664 quam
2145 1593 2288 1648 enim
2319 1591 2540 1647 furcifer
2568 1591 2658 1647 ille
2685 1591 2755 1646 ad
2802 1600 2854 1646 te
2885 1601 3177 1663 praesumet
3218 1593 3486 1650 ullatenus

1890 1704 1919 1732 ει
1947 1680 2228 1746 accedere,
2259 1681 2390 1734 dum
2411 1681 2606 1735 sentiet
2626 1697 2712 1735 me
2730 1688 2908 1736 tecum
2930 1689 3256 1751 praesentem
3285 1697 3428 1738 esse.
3459 1703 3481 1732 ι

181 1787 278 1826 res
339 1787 398 1826 se
453 1771 681 1825 haberet
727 1770 870 1826 circa
917 1769 1061 1824 illam
1118 1771 1382 1826 oviculam
1437 1770 1625 1842 gregis
1681 1769 1784 1836 sui,
1807 1797 1860 1856 Β
1896 1768 1979 1824 Ad
2007 1769 2124 1824 haec
2154 1769 2246 1823 illa
2279 1785 2292 1824 :
2330 1789 2351 1819 ι
2385 1768 2605 1833 Venias,
2638 1769 2828 1838 inquit,
2864 1769 2910 1822 si
2940 1769 3095 1837 velis,
3127 1777 3180 1823 et
3209 1771 3254 1824 si
3283 1771 3484 1841 possis,

181 1873 353 1930 quam
376 1858 598 1930 pestifer
616 1859 704 1912 ille
726 1859 886 1929 lupus
904 1866 1009 1912 tam
1033 1858 1668 1914 immaniterlaniaverat.
1691 1858 1791 1914 Cui

184 1947 432 2018 pontifex
463 1963 573 2002 non
602 1947 776 2001 solum
808 1948 923 2016 ejus
953 1947 1312 2017 ereptionem,
1365 1947 1463 2002 sed
1493 1946 1789 2017 ereptionis

184 2050 411 2106 quoque
459 2035 704 2090 ordinem
757 2034 1060 2090 mirabilem
1091 2035 1338 2106 exposuit
1384 2035 1441 2090 in
1493 2036 1638 2090 hunc
1667 2050 1788 2090 mo-

183 2123 321 2178 dum
356 2140 369 2178 :
402 2123 627 2192 Adjuta,
680 2123 884 2195 inquit,
946 2123 1280 2179 orationibus
1334 2123 1531 2178 vestris
1584 2123 1788 2177 dudum

181 2211 278 2266 illa
309 2211 482 2267 evasit
506 2211 788 2282 probrosa
819 2211 1095 2267 servitutis
1114 2213 1330 2284 jugum.
1364 2211 1499 2266 Cum
1528 2211 1672 2266 enim
1701 2210 1790 2266 die

183 2299 424 2370 quadam
472 2299 713 2355 incestus
759 2298 850 2354 ille
897 2299 1110 2355 dmmon
1156 2299 1458 2355 incredibili
1513 2315 1631 2354 eam
1660 2299 1788 2354 libi-

183 2387 335 2442 dinis
384 2387 565 2443 furore
594 2388 863 2453 delusam,
915 2387 1219 2443 exanimem
1248 2404 1388 2460 pene
1435 2387 1786 2456 reddidisset,

180 2475 276 2531 ille
309 2475 615 2530 abscedens
645 2477 882 2541 evanuit,
917 2484 966 2531 et
996 2475 1086 2530 illa
1113 2475 1167 2530 in
1197 2492 1298 2531 suo
1326 2475 1574 2532 conclavi
1621 2476 1789 2530 nimio

180 2563 366 2620 dolori
419 2570 471 2618 et
516 2564 738 2618 maerori
797 2563 1012 2619 addicta
1053 2565 1336 2619 remansit.
1392 2564 1529 2619 Cum
1577 2580 1704 2620 ecce
1735 2564 1788 2619 in

181 2652 412 2708 alterius
443 2652 625 2722 specie
651 2652 866 2721 juvenis
895 2651 1058 2718 alius,
1094 2661 1150 2708 ut
1181 2653 1231 2707 ei
1259 2653 1547 2708 videbatur
1569 2653 1790 2724 spiritus

182 2740 509 2813 ingrediens
564 2741 633 2795 ad
694 2756 850 2807 eam,
911 2741 1055 2796 unde
1084 2749 1307 2796 maestos
1337 2749 1552 2812 gereret
1579 2741 1790 2797 animos

181 2828 458 2885 sciscitari
509 2829 690 2900 cmpit.
745 2829 866 2897 Qua
915 2829 1048 2884 nihil
1097 2829 1500 2900 respondente,
1547 2829 1620 2884 ait
1648 2829 1786 2884 ille:

190 2940 212 2965 αι
250 2917 402 2984 Scio,
425 2933 665 2989 vereque
687 2917 812 2973 novi
840 2917 962 2990 quia
988 2933 1224 2989 nequam
1253 2917 1346 2972 illo
1377 2926 1428 2973 te
1456 2917 1660 2973 afﬂixit.
1682 2917 1792 2974 Sed

184 3029 206 3053 α
247 3021 364 3061 non
419 3004 654 3071 mirum;
714 3013 798 3060 est
851 3006 996 3061 enim
1050 3021 1346 3076 perversus
1402 3013 1456 3062 et
1497 3005 1791 3062 admodum

190 3116 211 3141 ιι
250 3093 556 3164 malignus.
597 3094 796 3149 Verum
818 3137 832 3160 ,
883 3094 929 3149 si
975 3093 1260 3150 desideriis
1293 3094 1432 3150 meis
1460 3102 1620 3167 atque
1650 3109 1790 3153 con-

190 3206 212 3229 ιι
251 3182 392 3236 siliis
419 3189 676 3251 praestare
697 3181 831 3237 velis
861 3197 1167 3249 assensum,
1189 3198 1469 3254 nunquam
1498 3183 1568 3238 de
1595 3190 1794 3239 caetero
1817 3151 1864 3212 Ο

195 3295 216 3317 «
255 3271 302 3325 is
334 3270 408 3324 ad
431 3278 480 3325 te
511 3284 791 3326 accessum
815 3270 1056 3325 habebit.
1087 3295 1108 3318 η
1143 3270 1225 3326 Ad
1246 3272 1362 3327 haec
1389 3271 1484 3327 illa
1502 3271 1793 3343 plurimum

198 3381 220 3410 ι
259 3357 568 3413 exliilarata
597 3357 884 3414 confestim
914 3359 1227 3430 respondit:
1251 3382 1272 3407 α
1298 3359 1445 3416 Nihil
1473 3367 1576 3426 est,
1600 3360 1790 3431 inquit,

198 3466 219 3490 α
256 3442 361 3496 sub
391 3441 530 3498 coelo
560 3441 794 3497 facultati
825 3458 963 3498 mea:
993 3443 1272 3513 possibile,
1303 3444 1448 3515 quod
1481 3460 1589 3499 non
1619 3443 1796 3500 libens

197 3553 220 3581 ι
257 3530 499 3586 facerem
523 3546 618 3585 seu
640 3530 963 3600 perferrem,
986 3531 1282 3586 dummodo
1302 3531 1370 3585 ab
1392 3531 1548 3587 istius
1569 3547 1797 3588 accessu

200 3641 222 3669 ι
257 3618 490 3689 perinde
540 3619 738 3673 salvari
788 3619 1108 3690 potuissem.
1133 3651 1201 3659 —
1222 3621 1431 3675 Mecum
1466 3617 1644 3694 'ergo,
1706 3621 1796 3675 ille

201 3730 221 3754 ιι
259 3708 363 3776 ait,
415 3707 618 3762 amoris
668 3707 845 3762 foedus
874 3724 982 3763 non
1013 3707 1228 3764 dubites
1257 3709 1415 3763 inire.
1465 3709 1586 3782 Ego
1625 3709 1797 3780 siqui-

197 3819 218 3843 ιι
257 3797 381 3851 dem
407 3840 419 3858 ,
471 3813 806 3868 quaecunque
836 3797 1153 3868 poposceris
1173 3838 1186 3863 ,
1238 3804 1330 3852 aut
1360 3797 1633 3869 aptaveris
1657 3841 1670 3864 ,
1703 3797 1798 3852 tibi

205 3905 225 3935 «
253 3885 565 3956 praestabo,
625 3892 676 3940 et
731 3884 863 3939 nihil
916 3901 946 3940 a
1005 3893 1056 3940 te
1113 3885 1218 3940 tuis
1272 3885 1413 3942 votis
1466 3886 1800 3942 contrarium

203 3993 225 4022 ι
265 3973 505 4046 exigam,
540 3981 591 4028 et
621 3973 754 4028 nihil
809 3989 917 4028 non
949 3972 1266 4030 delectabile
1293 3973 1408 4030 sive
1436 3974 1666 4030 amabile
1704 3975 1801 4030 tibi

203 4081 226 4110 ι
262 4061 523 4116 inferam.
565 4083 586 4110 ι
641 4062 882 4132 Spondet
939 4062 1028 4117 illa
1083 4063 1200 4118 haec
1256 4070 1311 4118 et
1365 4063 1468 4118 alia
1523 4062 1801 4134 pollicenti

198 4165 519 4217 assensum,
568 4150 862 4206 dummodo
910 4150 1214 4222 experiatur
1266 4150 1553 4222 promissa:
1593 4151 1801 4207 libera-

199 4237 361 4293 tionis
391 4237 665 4294 effectum.
698 4240 846 4295 Tunc
874 4239 965 4295 ille
993 4239 1217 4294 adduxit
1247 4254 1367 4294 eam
1396 4240 1465 4296 ad
1493 4239 1802 4311 proximum

198 4325 382 4382 domui
428 4343 542 4382 sum
571 4326 748 4382 locum
775 4371 788 4394 ,
847 4335 901 4384 et
944 4328 1172 4384 herbam
1199 4327 1412 4384 eminus
1442 4344 1802 4385 succrescen-

198 4421 309 4469 tem
341 4414 418 4470 illi
449 4415 831 4470 demonstrans
863 4433 877 4470 :
916 4440 938 4464 α
966 4417 1148 4486 Istam,
1171 4416 1363 4488 inquit,
1398 4416 1624 4472 herbam
1652 4417 1799 4486 tolle,

1897 1880 1919 1904 ε·
1954 1856 2022 1911 ad
2049 1873 2176 1923 me;
2231 1871 2333 1912 nec
2378 1856 2520 1911 enim
2572 1856 2920 1926 promissioni
2972 1873 3110 1913 mea;
3137 1857 3313 1914 debeo
3350 1875 3488 1914 con-

1895 1969 1915 1994 ι
1953 1945 2139 2000 traire.
2187 1945 2452 2000 Caaterum
2484 1945 2714 2000 herbam
2743 1945 2923 2009 istam,
2956 1945 3066 2000 vita
3093 1946 3311 2016 comite,
3343 1963 3489 2002 nun-

1900 2051 1920 2084 ι
1951 2049 2114 2104 quam
2146 2032 2388 2100 rejiciam
2437 2049 2469 2088 a
2499 2049 2608 2099 me,
2639 2049 2762 2104 quae
2791 2031 2906 2088 sola
2935 2033 3065 2087 mihi
3097 2033 3268 2104 potuit
3296 2043 3488 2091 contra

1895 2143 1917 2171 ι
1945 2120 2318 2192 impurissimu
2337 2135 2776 2193 moppressorem
2793 2121 3138 2178 securitatem
3162 2132 3431 2194 praestare.
3461 2144 3485 2176 ο

1891 2207 2034 2278 Quid
2090 2209 2293 2280 plura?
2346 2211 2415 2265 Et
2467 2210 2594 2278 iste,
2658 2210 2794 2266 sicut
2834 2210 3013 2280 prior,
3054 2219 3177 2282 post
3205 2211 3486 2270 diuturnas

1891 2313 2084 2368 preces
2108 2338 2121 2365 ,
2173 2306 2296 2368 post
2323 2297 2500 2352 minas
2530 2305 2582 2354 et
2612 2297 2900 2353 blanditias
2931 2298 3130 2354 frustra
3159 2307 3483 2372 protractas,

1891 2386 2319 2442 circumventum
2385 2403 2445 2442 se
2510 2401 2543 2441 a
2606 2386 2925 2442 muliercula
2987 2387 3081 2442 diu
3147 2388 3488 2462 multumque

1891 2475 2183 2545 deplorans
2203 2518 2216 2540 ,
2267 2475 2322 2530 in
2348 2490 2504 2530 auras
2533 2475 2725 2530 inanes
2753 2475 2972 2530 demum
3017 2476 3258 2532 evanuit.
3295 2477 3491 2534 Mulier

1892 2578 2024 2618 vero
2045 2562 2160 2631 jam
2190 2562 2296 2618 fide
2327 2571 2381 2618 et
2407 2563 2692 2618 devotione
2713 2605 2727 2629 ,
2778 2579 2841 2618 ac
2884 2564 3024 2619 bona
3053 2565 3485 2636 conversatione,

1891 2651 2084 2706 melius
2127 2667 2291 2722 quam
2337 2651 2508 2706 herba
2553 2651 2645 2709 illa
2675 2660 2898 2718 armata,
2933 2652 3098 2707 vitam
3128 2652 3276 2709 ducit
3304 2654 3359 2708 in
3387 2655 3489 2712 Dei

1891 2739 2086 2795 timore
2115 2741 2399 2795 honestam
2428 2748 2481 2794 et
2525 2739 2783 2812 quietam.
2828 2741 2958 2796 Haec
2988 2749 3170 2796 autem
3199 2742 3400 2808 omnia,
3434 2751 3491 2798 ut

1892 2843 1924 2882 a
1955 2828 2114 2883 nobis
2135 2837 2443 2896 narrantur,
2468 2845 2574 2901 ego
2603 2829 2673 2883 ab
2695 2828 2837 2884 illius
2858 2844 2952 2884 ore
2981 2830 3143 2897 (cum
3174 2831 3244 2885 ad
3272 2847 3360 2886 me
3376 2832 3488 2902 jam

1892 2924 2114 2982 curata,
2149 2917 2368 2971 demum
2392 2917 2724 2987 paenitentia:
2743 2916 3024 2972 modulum
3053 2925 3106 2972 et
3134 2918 3492 2976 absolutionis

1891 3004 2210 3060 beneficium
2269 3013 2584 3075 susceptura
2639 3005 2901 3076 venisset)
2945 3005 3146 3062 audivi.
3188 3028 3210 3057 ι
3261 3007 3331 3063 Et
3373 3010 3493 3066 haec

1891 3093 2110 3166 quidem
2127 3093 2458 3149 Oxoniensis
2487 3093 2777 3165 episcOpus
2795 3093 2980 3150 retulit
3006 3095 3264 3166 episcopo
3282 3105 3492 3164 nostro,

1894 3198 2017 3254 quae
2044 3189 2098 3236 et
2125 3181 2243 3252 ipse
2271 3181 2585 3254 frequenter
2631 3182 2788 3239 nobis
2836 3183 3196 3254 praesentibus
3226 3184 3496 3242 referebat

1893 3270 2164 3342 plurimis.

1967 3359 2160 3414 Mulier
2187 3374 2320 3414 vero
2349 3358 2594 3430 praefata,
2627 3359 2756 3415 dum
2787 3360 3094 3417 orationum
3125 3362 3306 3435 gratia
3330 3363 3497 3418 multa

1895 3456 2215 3518 peragraret
2244 3455 2556 3504 sanctorum
2579 3447 2719 3518 loca,
2752 3449 3000 3520 pervenit
3020 3450 3240 3505 demum
3260 3451 3498 3507 Cantua-

1896 3536 2056 3592 riam.
2089 3535 2212 3606 Ubi,
2245 3535 2374 3591 dum
2405 3551 2434 3589 a
2462 3536 2596 3591 viris
2628 3536 2900 3609 religiosis
2929 3539 3232 3594 orationum
3275 3539 3500 3611 inquirit

1898 3623 2190 3697 suffragia,
2239 3624 2453 3680 cuidam
2501 3626 2772 3681 monacho
2822 3626 3004 3682 Sancti
3049 3627 3335 3700 Augustini
3366 3629 3500 3683 her-

1901 3714 2024 3768 bam
2055 3713 2204 3768 illam
2233 3729 2263 3768 e
2312 3713 2434 3768 sinu
2463 3729 2562 3768 suo
2594 3713 2856 3784 prolatam
2886 3715 3140 3770 ostendit.
3175 3715 3350 3784 Quam
3405 3716 3498 3773 ille

1901 3801 2058 3857 nobis
2091 3803 2240 3873 (227)
2273 3809 2326 3857 et
2380 3817 2482 3859 nos
2529 3802 2705 3874 ipsam
2736 3803 2992 3874 episcopo
3023 3805 3370 3874 postmodum
3400 3805 3499 3862 de-

1900 3891 2365 3956 monstravimus;
2413 3907 2543 3946 nam
2574 3899 2798 3946 eatenus
2828 3907 2951 3947 eam
2998 3892 3220 3948 minime
3251 3907 3500 3966 agnove-

1901 3986 2004 4034 rat.
2057 3979 2238 4049 lpsam
2285 3995 2416 4035 vero
2463 3979 2686 4035 herbam
2739 3979 2916 4036 Graeci
2973 3981 3292 4053 hypericon,
3327 3981 3503 4038 Latini

1901 4066 2125 4121 herbam
2180 4066 2551 4138 perforatam,
2611 4068 2727 4124 sive
2783 4068 3005 4124 herbam
3065 4070 3249 4125 Sancti
3275 4070 3504 4126 Joannis

1903 4153 2183 4226 appellare
2211 4154 2390 4210 solent
2418 4157 2587 4225 (228).
2620 4158 2746 4213 Hec
2765 4156 2831 4212 in
2849 4173 3058 4228 magna
3085 4159 3204 4214 Vita
3223 4158 3506 4215 inseritur

1905 4243 2164 4300 historia.
2210 4243 2270 4299 Si
2315 4244 2411 4299 cui
2454 4245 2570 4300 ista
2610 4247 2758 4314 forte
2795 4245 2988 4300 minus
3011 4245 3352 4302 videbuntur
3373 4261 3504 4303 cre-

1904 4330 2109 4398 denda,
2150 4332 2298 4402 legat
2333 4331 2538 4388 Bedam
2555 4332 2619 4387 in
2650 4333 3076 4405 Expianatione
3094 4335 3254 4389 Luca:
3268 4349 3507 4406 evange-

1908 4419 2076 4486 lista,
2096 4423 2150 4476 et
2165 4419 2252 4476 his
2270 4419 2505 4489 similia,
2521 4436 2644 4492 qua:
2659 4421 2777 4476 suis
2794 4421 3134 4494 temporibus
3147 4422 3504 4493 acciderunt,

207 4523 228 4552 ι
262 4511 313 4558 et
339 4504 393 4557 in
419 4503 543 4559 sinu
573 4512 662 4558 tuo
694 4504 952 4572 reconde,
979 4520 1044 4561 ac
1074 4504 1425 4562 circumcirca
1454 4505 1511 4560 in
1531 4505 1695 4561 domo
1714 4513 1809 4562 tua
1836 4504 1889 4566 D
1910 4525 1946 4564 a
1977 4511 2141 4566 tanto
2169 4508 2396 4566 doctore
2426 4508 2630 4564 ibidem
2657 4511 2874 4582 scripta
2916 4511 3181 4581 reperiet.

205 4613 225 4636 «
263 4607 464 4664 sparge
501 4607 513 4646 :
546 4601 599 4648 et
630 4593 1000 4664 experimento
1049 4594 1248 4659 disces,
1301 4608 1426 4650 cum
1455 4595 1557 4650 hoc
1587 4593 1804 4665 feceris,

212 4699 234 4728 ‹
269 4695 354 4734 me
399 4681 456 4735 in
499 4681 788 4752 promissis
817 4681 1120 4738 veridicum
1151 4681 1442 4738 exstitisse.
1484 4701 1504 4734 ι
1539 4682 1688 4738 Fecit
1717 4683 1810 4738 illa

205 4768 350 4836 quod
379 4767 554 4824 fuerat
581 4770 794 4825 edocta.
818 4769 1085 4842 Venitque
1114 4777 1236 4842 post
1256 4771 1361 4826 hoc
1389 4771 1443 4824 in
1473 4778 1597 4826 nota
1628 4769 1810 4844 efﬁgie

206 4854 419 4912 daemon
440 4857 774 4930 versipellis,
799 4867 963 4930 atque
992 4866 1134 4914 astat
1154 4874 1326 4931 prope
1357 4857 1669 4927 fenestram,
1701 4875 1811 4931 qua

208 4941 402 5000 intrare
459 4955 513 5001 et
572 4947 718 5003 exire
773 4947 982 5003 solebat
1016 4965 1030 5001 :
1062 4956 1115 5003 et
1145 4947 1527 5018 introspiciens
1582 4947 1715 5003 dixit
1741 4949 1809 5003 ad

212 5031 493 5089 mulierem
529 5053 541 5089 :
579 5058 600 5083 α
637 5034 912 5103 Quidnam
942 5045 1025 5091 est
1053 5036 1197 5091 istud
1226 5037 1502 5093 horridum
1551 5044 1604 5092 et
1632 5037 1808 5108 putri-

215 5138 236 5167 ι
273 5119 422 5190 dum,
460 5124 607 5194 quod
639 5123 694 5178 in
721 5125 826 5180 hac
855 5125 973 5181 aede
1003 5124 1252 5198 sparsisti
1275 5126 1302 5180 ?
1334 5125 1542 5194 Projice
1573 5133 1810 5196 quanto-

218 5226 238 5253 ι
275 5207 388 5264 cius
433 5211 596 5284 longe
628 5228 659 5267 a
690 5221 743 5269 te
773 5221 825 5268 et
855 5229 889 5268 a
931 5213 1095 5270 domo
1126 5223 1213 5269 tua
1245 5213 1476 5268 invisum
1508 5213 1651 5268 istud
1681 5231 1809 5286 gra-

283 5384 426 5451 (2'25)
448 5390 539 5456 rAd
567 5395 778 5441 mentem
823 5390 970 5452 igitur
1006 5391 1226 5442 auctoris
1251 5392 1387 5456 Hugo
1418 5389 1524 5453 jam
1570 5394 1678 5440 erat
1710 5391 1812 5453 epi-

211 5461 404 5515 scopus,
429 5455 543 5506 dum
584 5458 663 5507 hic
689 5462 888 5508 narrata
912 5459 1238 5522 contigerunt.

282 5537 422 5608 (229)
448 5541 553 5608 _Uno
581 5545 662 5591 aut
686 5542 842 5592 altero
868 5553 1032 5593 mense
1072 5547 1181 5608 post
1205 5543 1414 5606 primum
1438 5551 1690 5594 occursum
1717 5553 1810 5604 po-

218 5602 339 5652 terat
357 5603 459 5656 ﬂeri
484 5608 742 5660 secundus.

284 5684 418 5749 (227)
452 5691 624 5754 Nobis,
648 5692 695 5742 id
722 5695 796 5743 est
817 5693 1002 5744 auctori
1026 5693 1167 5744 Vitaa.

2513 4693 2738 4750 CAPUT
2784 4694 2932 4750 XIII.

1910 4830 1986 4887 De
2005 4833 2156 4904 furis
2177 4832 2484 4904 ereptione,
2509 4833 2604 4904 qui
2623 4831 2696 4887 ad
2715 4831 3082 4904 suspendium
3100 4831 3426 4900 ducebatur,
3449 4838 3508 4891 et

1984 4902 2556 4974 qualiterbaronibus
2579 4902 2820 4959 scacarii
2840 4907 2926 4958 est
2949 4904 3359 4961 locutus.—Et
3381 4919 3508 4960 con-

1985 4971 2205 5029 tinetur
2227 4971 2325 5030 hoc
2355 4974 2530 5045 capit.
2555 4973 2655 5030 sub
2682 4975 2856 5047 capit.
2880 4990 3027 5032 nono
3053 4975 3114 5030 in
3135 4991 3343 5047 magna
3366 4977 3506 5032 Vita.

1983 5121 2091 5178 Sed
2163 5121 2504 5178 redeundum
2581 5130 2665 5177 est
2719 5123 2785 5178 ad
2843 5132 3083 5195 coeptum
3114 5123 3211 5180 iter
3238 5123 3512 5196 pontiﬁcis

1911 5210 2087 5268 nostri
2124 5227 2317 5267 versus
2371 5227 2564 5285 regem
2595 5213 2774 5281 (229),
2835 5221 2889 5269 et
2947 5213 3087 5285 stylo
3114 5213 3228 5282 jam
3255 5222 3513 5271 currente

1981 5385 2119 5450 (228)
2147 5387 2390 5439 Subducta
2419 5385 2646 5437 videntur
2672 5389 2801 5438 esset
2825 5363 3198 5439 abbreviatoris.

1985 5470 2129 5536 (229)
2157 5471 2230 5522 Ad
2269 5484 2324 5521 ea
2351 5483 2528 5534 nempe
2569 5483 2675 5533 quae
2717 5475 2986 5522 evenerunt
3027 5471 3078 5522 in
3114 5472 3310 5533 itinere,
3349 5471 3409 5523 ad
3434 5472 3522 5522 Ri-

1913 5537 2152 5588 chardum
2193 5550 2361 5601 regem
2401 5539 2531 5589 circa
2557 5537 2706 5590 tinem
2731 5539 2846 5589 anni
2874 5538 3005 5589 1198
3041 5542 3123 5589 aut
3147 5539 3396 5603 sequentis
3421 5539 3519 5588 ini-

1914 5603 2036 5655 tium
2059 5609 2305 5668 suscepto.
