3938 6406
429 330 567 385 1οὗ9

1281 327 1343 382 S.
1392 325 1708 384 HUGONIS
1746 325 1964 382 EPISC.
2008 322 2329 380 LlNCOLN.
2374 326 2538 383 0RD.
2581 328 2832 384 CARTH.

3592 330 3736 382 1060

430 452 566 508 illud
594 450 993 523 exponendum.
1025 450 1162 506 Cum
1189 449 1354 522 igitur
1382 451 1635 522 expulso,
1668 458 1725 506 ut
1770 449 2026 516 diximus,
2051 450 2107 509 A
2135 457 2353 519 praestet
2385 458 2437 505 et
2466 450 2890 507 incolumitatem
2922 452 3254 507 conservet?
3291 475 3313 499 ιο
3346 450 3555 520 Quibus
3584 450 3642 505 id
3674 467 3738 505 se

433 539 626 612 spiritu
649 538 943 609 pythonico
972 554 1005 594 a
1048 538 1279 594 muliere
1307 539 1458 610 (230)
1480 582 1493 605 ,
1527 539 1616 594 die
1647 538 1897 610 sequenti
1928 546 2035 593 ter-

433 627 676 684 ritorium
704 627 887 683 Sancti
915 627 1112 682 Albani
1142 626 1292 699 (231)
1322 626 1515 682 fuisset
1538 627 1853 698 ingressus,
1906 640 2036 681 ecce

433 715 667 773 occurrit
694 714 745 769 ei
792 731 915 770 cum
943 716 1318 786 apparitorum
1349 716 1513 769 turba
1543 716 1766 787 quidam
1797 716 2035 769 damna-

433 803 609 869 titius,
667 802 762 874 qui
814 803 887 858 ob
938 803 1289 859 commissum
1349 802 1549 858 furtum
1609 802 1865 859 revinctis
1913 808 2037 873 post

434 895 590 960 terga
636 886 875 943 brachiis
921 887 993 943 ad
1024 887 1379 959 promeritam
1434 886 1753 943 trahebatur
1799 900 2036 956 suspen-

434 976 604 1033 dium.
663 974 888 1031 Casteris
941 975 1110 1048 igitur
1162 975 1231 1031 ad
1286 975 1722 1031 benedictionem
1768 973 2037 1046 pontiﬁcis

433 1063 795 1136 expetendam
821 1064 893 1119 de
939 1078 1096 1120 more
1126 1063 1447 1135 suppliciter
1493 1062 1909 1120 accurrentibus
1955 1062 2037 1117 in-

432 1151 605 1225 gessit
630 1167 691 1208 se
718 1151 790 1217 vi,
823 1167 927 1224 qua
953 1151 1145 1223 potuit,
1180 1152 1342 1208 etiam
1376 1151 1592 1208 vinctus
1621 1150 1733 1220 ille,
1765 1165 2038 1222 mensque

434 1240 673 1311 primum
725 1238 797 1294 ad
843 1239 1115 1296 cervicem
1171 1238 1371 1295 caballi
1428 1239 1579 1309 ejus,
1631 1254 1696 1294 ac
1725 1237 1904 1293 statim
1935 1237 2037 1292 sub

433 1326 666 1400 pedibus
720 1328 838 1396 ejus
892 1326 1186 1397 procidens
1210 1369 1223 1392 ,
1273 1325 1710 1383 misericordiam
1765 1324 2039 1380 flebilibus

434 1414 663 1472 vocibus
703 1414 1034 1471 inclamavit.
1090 1415 1244 1471 Tunc
1297 1414 1591 1486 episcopus
1631 1414 1871 1469 reductis
1901 1428 2039 1469 con-

433 1502 613 1559 festim
667 1503 895 1559 habenis
916 1545 929 1569 ,
987 1502 1241 1575 quisnam
1295 1502 1387 1558 ille
1444 1509 1623 1567 esset,
1656 1501 1744 1557 vel
1774 1500 1905 1573 quid
1936 1500 2040 1555 sibi

432 1590 600 1648 vellet
624 1590 920 1662 inquisivit.
953 1591 1053 1647 Cui
1079 1591 1282 1647 dictum
1313 1598 1396 1647 est
1425 1605 1459 1646 a
1487 1590 1602 1646 suis
1631 1605 1779 1657 rem,
1805 1597 1865 1644 ut
1895 1596 2036 1654 erat,

435 1678 862 1752 agnoscentibus
894 1694 907 1735 :
944 1700 969 1731 ι
1000 1679 1125 1735 Νοιι
1155 1687 1239 1735 est
1266 1686 1531 1745 vestrum,
1562 1678 1804 1743 domine,
1838 1678 1907 1732 de
1935 1677 2040 1731 isto

2136 537 2275 592 bene
2306 538 2446 593 scire
2475 538 2638 610 idque
2663 540 2787 609 jure
2817 539 3098 595 observari
3121 540 3322 594 debere
3353 538 3739 610 respondenti-

2137 625 2257 691 bus,
2290 626 2486 694 adjecit
2512 627 2600 681 ille
2636 645 2649 680 :
2688 649 2709 673 «
2737 627 2792 682 Si
2821 626 2963 681 istud
2993 628 3160 695 scitis,
3187 627 3339 695 illud,
3370 627 3559 698 inquit,
3586 626 3739 680 nihi-

2136 714 2370 769 lominus
2400 714 2541 770 scire
2572 715 2782 769 debetis
2811 714 2956 786 quia,
2988 715 3299 786 ubicunque
3327 714 3485 770 fuerit
3514 714 3738 785 episco-

2135 818 2237 873 pus
2283 818 2409 857 cum
2454 802 2611 857 simul
2656 803 2906 858 adunatis
2933 803 3132 857 Christi
3159 802 3429 869 ﬁdelibus,
3461 802 3539 857 ibi
3567 812 3652 858 est
3682 809 3740 858 et

2133 890 2410 947 Ecclesia.
2451 890 2555 959 Qui
2586 891 2728 946 enim
2758 891 3072 946 materiales
3102 891 3313 963 lapides
3340 889 3586 947 ecclesiae
3633 906 3736 946 suo

2134 979 2439 1035 ministerio
2456 977 2988 1035 consuevitDomino
3019 979 3309 1047 dedicare;
3331 979 3423 1051 qui
3451 986 3504 1034 et
3523 978 3739 1049 lapides

2137 1067 2311 1135 vivos,
2345 1083 2410 1123 ex
2441 1067 2638 1138 quibus
2657 1067 2839 1123 verius
2861 1074 3072 1123 constat
3100 1066 3364 1133 Ecclesia,
3388 1082 3487 1137 per
3515 1064 3737 1138 singula

2138 1163 2517 1224 sacramenta,
2563 1163 2622 1210 ut
2650 1154 2934 1211 Dominica
2962 1154 3161 1226 templa
3190 1170 3255 1210 ex
3283 1154 3362 1210 eis
3384 1153 3533 1220 ﬁant,
3567 1154 3737 1208 habet

2139 1242 2493 1310 sanctiﬁcare,
2522 1243 2647 1312 jure
2676 1243 2859 1309 debet,
2898 1242 3211 1314 ubicunque
3241 1242 3422 1309 fuerit,
3458 1241 3742 1315 dignitatis

2139 1331 2527 1387 ecclesiastica:
2557 1330 2843 1402 privilegio
2872 1331 3113 1401 gaudere
3138 1372 3152 1397 ,
3192 1337 3245 1385 et
3274 1329 3482 1385 cunctis
3511 1328 3737 1400 pericli—

2139 1420 2398 1485 tantibus,
2445 1419 2599 1488 juxta
2640 1418 2785 1473 illius
2814 1417 3136 1484 formulam,
3168 1417 3480 1473 subvenire.
3519 1438 3541 1467 »
3575 1416 3739 1484 Quod

2133 1507 2348 1576 judices
2378 1507 2457 1561 illi
2485 1514 2764 1578 gratanter
2790 1506 3139 1577 accipientes,
3173 1505 3410 1577 antiquis
3439 1503 3602 1560 etiam
3630 1507 3742 1559 An-

2138 1595 2354 1667 glorum
2382 1594 2599 1667 legibus
2630 1596 2734 1649 hoc
2761 1594 2939 1665 ipsum
2986 1593 3291 1649 recolentes
3319 1593 3485 1649 fuisse
3512 1610 3743 1663 expres-

2140 1698 2278 1747 sum,
2314 1683 2411 1737 sed
2436 1697 2597 1748 nunc,
2631 1682 2719 1737 vel
2745 1682 3133 1737 modernorum
3163 1680 3474 1753 pontificum
3505 1681 3737 1747 desidia,

434 1768 596 1840 plura
622 1767 918 1839 inquirere,
945 1767 1075 1839 quin
1105 1767 1286 1838 potius
1314 1766 1476 1822 sinite
1506 1782 1649 1832 eum,
1685 1774 1739 1821 et
1755 1772 2038 1837 pertrans-
2058 1795 2112 1857 Β
2138 1771 2224 1826 vel
2253 1770 2541 1841 tyrannide
2596 1770 2903 1841 principum
2941 1786 3063 1825 esse
3104 1770 3364 1825 abolitum
3392 1769 3736 1825 asserebant.

435 1854 530 1913 ite.
569 1875 592 1905 ι
652 1854 921 1913 Dicebant
973 1854 1051 1911 ita
1104 1862 1408 1911 metuentes
1480 1870 1551 1910 ne
1623 1853 1774 1909 illum
1842 1853 1898 1907 in
1956 1853 2041 1907 sui

438 1942 683 2000 omnium
710 1942 1012 2014 periculum
1066 1958 1238 2014 penes
1295 1957 1482 2013 regem
1518 1948 1750 1997 tentaret
1805 1941 2036 2012 eripere.

439 2031 552 2088 Sed
604 2031 723 2103 ipse
777 2046 846 2087 eo
899 2030 1078 2103 magis
1131 2046 1355 2088 causam
1382 2030 1665 2102 inquirens
1685 2072 1699 2095 ,
1731 2028 2041 2085 misericor-

441 2119 592 2175 diam
647 2118 1081 2191 interpellantis,
1138 2126 1198 2174 ut
1241 2133 1362 2174 eam
1391 2118 1605 2189 plenius
1634 2117 1875 2190 agnovit,
1906 2132 2041 2172 voce

442 2206 613 2265 alacri
636 2206 771 2263 dixit
803 2221 815 2261 :
851 2227 875 2257 ι
908 2206 1011 2262 Eia
1037 2205 1360 2263 benedictus
1384 2206 1532 2261 Deus
1558 2204 1570 2260 ι
1599 2226 1621 2255 ι
1648 2206 1801 2261 Tunc
1831 2204 1906 2259 ait
1934 2203 2040 2258 mi-

441 2293 646 2361 nistris,
668 2294 762 2366 qui
782 2309 908 2350 eum
928 2293 1275 2351 deducebant
1293 2293 1364 2349 ad
1382 2293 1766 2365 suspendium:
1785 2313 1807 2343 α
1828 2291 2037 2359 Redite,

437 2381 555 2450 ﬁlii,
585 2381 873 2440 nobiscum
925 2382 982 2438 in
1026 2381 1214 2438 villam
1270 2390 1323 2437 et
1364 2382 1645 2438 nobiscum
1675 2380 1825 2435 illum
1853 2380 2041 2435 dimit-

440 2478 635 2538 tentes,
667 2469 970 2541 majoribus
998 2470 1194 2527 vestris
1220 2478 1274 2526 et
1296 2469 1571 2539 judicibus
1599 2484 1701 2525 nos
1732 2485 1855 2525 eum
1884 2468 2042 2524 vobis

440 2558 730 2616 abstulisse
775 2558 1105 2615 renuntiate.
1155 2559 1270 2613 Nos
1314 2558 1460 2615 enim
1488 2574 1587 2614 vos
1618 2571 1845 2613 securos
1874 2555 2042 2611 facie-

439 2663 581 2704 mus.
622 2670 645 2696 »
677 2645 784 2715 Qui
828 2646 1088 2703 resistere
1115 2662 1227 2703 non
1252 2646 1400 2713 ausi,
1432 2646 1710 2702 hominem
1740 2645 1791 2701 ei
1820 2645 2042 2699 dimise-

443 2742 583 2792 runt.
616 2734 788 2804 Quem
833 2734 927 2792 ille
976 2750 1102 2791 mox
1145 2735 1381 2791 solutum
1410 2751 1444 2790 a
1472 2734 1703 2791 vinculis
1732 2733 2041 2804 eleemosy-

443 2823 597 2880 nario
624 2838 726 2881 suo
762 2824 1187 2880 commendavit.

514 2911 622 2983 Qui
675 2919 736 2968 ut
787 2912 1082 2983 hospitium
1137 2919 1220 2968 est
1274 2912 1558 2985 ingressus
1579 2952 1593 2980 ,
1656 2909 2043 2968 convenientes

443 3001 516 3057 ad
590 3016 719 3057 eum
788 3000 975 3058 clerici
1046 2999 1132 3055 sui
1199 3000 1430 3055 ministri
1450 3041 1465 3071 ,
1542 2999 1837 3055 monebant
1890 2998 2044 3053 illum

445 3087 734 3144 instantius
790 3096 846 3145 et
900 3087 1204 3145 exorabant
1255 3095 1521 3160 quatenus
1573 3087 1911 3159 permitteret
1958 3086 2044 3154 ju-

446 3176 599 3233 dices
656 3175 806 3248 quod
860 3176 947 3232 sui
1001 3184 1149 3232 esset
1203 3146 1363 3233 oﬁicii
1418 3175 1650 3248 exsequi
1692 3175 1841 3231 circa
1869 3190 2039 3229 reum.
2066 3146 2113 3207 Ο

448 3263 714 3320 Dicebant
742 3279 976 3335 namque
1001 3280 1013 3319 :
1044 3287 1065 3312 α
1099 3264 1395 3331 Hactenus,
1419 3264 1660 3334 domine,
1683 3263 1885 3318 nullam
1905 3277 2043 3319 con-

448 3359 535 3408 tra
561 3367 683 3420 nos,
714 3351 832 3408 sive
860 3367 978 3419 rex,
1011 3352 1126 3408 sive
1155 3352 1297 3407 alius
1326 3353 1477 3424 quis,
1508 3352 1602 3424 qui
1629 3351 1785 3408 vobis
1812 3350 2043 3406 insidia-

451 3447 556 3509 tur,
617 3448 711 3496 aut
757 3441 963 3510 justam
1007 3447 1101 3494 aut
1148 3440 1311 3509 justze
1341 3439 1576 3495 similem
1601 3440 1775 3511 potuit
1802 3439 2045 3510 reperire

448 3543 692 3585 causam.
728 3529 785 3584 Si
813 3544 946 3585 vero
974 3529 1301 3585 sententiam
1330 3528 1623 3585 forensium
1648 3527 1913 3597 judicum,
1931 3528 2046 3595 jam

445 3617 612 3673 latam
639 3625 693 3675 et
732 3618 847 3686 jam
896 3617 1231 3674 exsecutioni
1259 3617 1671 3684 demandatam,
1732 3624 1913 3672 vestra
1940 3616 2047 3670 du-

447 3704 632 3762 xeritis
690 3704 1013 3761 auctoritate
1067 3703 1361 3775 pontiﬁcali
1416 3704 1732 3759 irritandam
1754 3747 1770 3770 ,
1839 3704 2050 3760 dicetur

448 3793 517 3849 ab
564 3793 775 3849 aemulis
816 3793 964 3864 quod
1005 3793 1062 3847 in
1089 3792 1264 3863 ipsam
1293 3793 1443 3864 regis
1474 3808 1728 3849 coronam
1759 3792 2049 3864 delinque-

448 3880 567 3937 ritis
592 3922 605 3947 ,
653 3888 707 3937 et
735 3880 895 3952 quasi
948 3879 1007 3935 in
1032 3889 1244 3937 reatum
1275 3881 1575 3937 incideritis
1605 3880 1751 3936 laesae
1788 3881 2049 3949 majesta-

450 3969 541 4025 tis.
581 3988 604 4018 »
640 3967 852 4038 Quibus
882 3968 973 4025 ille
1028 3984 1040 4024 :
1099 3992 1120 4017 α
1154 3969 1315 4036 Novi,
1349 3969 1541 4041 inquit,
1592 3969 2051 4042 magnanimitatis

454 4064 651 4115 vestrae
704 4056 1110 4123 confidentiam.
1170 4058 1278 4113 Sed
1330 4066 1687 4115 accersantur
1714 4059 1783 4114 ad
1813 4072 1913 4113 nos
1943 4058 2052 4113 huc

446 4144 779 4215 judicesisti
807 4145 942 4217 (jam
967 4145 1110 4202 enim
1141 4145 1276 4203 foris
1304 4146 1533 4202 aderant
1553 4154 1861 4218 quaerentes
1890 4147 1939 4201 ei
1971 4146 2053 4201 lo-

451 4233 584 4306 qui)
631 4241 685 4290 et
713 4232 978 4301 audietis,
1010 4234 1215 4308 inquit,
1250 4234 1464 4290 illorum
1494 4250 1802 4301 sermones,
1853 4242 1905 4291 et
1952 4249 2053 4289 no-

453 4330 614 4380 stros.
652 4342 675 4373 ι
708 4321 918 4390 Quibus
945 4323 1017 4378 ad
1052 4339 1210 4378 suum
1267 4337 1590 4379 consessum
1619 4322 1915 4390 admissis,
1973 4323 2054 4379 sic

453 4410 533 4466 eis
561 4417 644 4466 est
670 4408 918 4466 locutus:
944 4434 967 4460 ιι
1003 4411 1210 4479 Nostis,
1233 4426 1268 4467 ο
1299 4410 1397 4466 viri
1425 4411 1742 4481 prudentes,
1768 4412 1910 4467 hanc
1930 4426 2055 4467 san-

2142 1859 2338 1914 Habito
2365 1867 2548 1914 tamen
2578 1875 2743 1929 super
2771 1859 2875 1914 hoc
2902 1858 2973 1914 ad
3002 1858 3235 1914 invicem
3266 1866 3513 1925 tractatu,
3570 1857 3743 1913 locuti

2143 1954 2267 2001 sunt
2297 1947 2348 2002 ei
2377 1947 2433 2001 in
2460 1948 2602 2003 hanc
2630 1945 2893 2001 formam:
2932 1970 2953 1994 κ
2988 1946 3239 2014 Domine,
3262 1945 3528 2018 inquiunt,
3560 1944 3654 2000 ﬁlii
3683 1953 3741 2000 et

2141 2034 2452 2105 parochiani
2479 2033 2646 2091 vestri
2692 2050 2879 2089 sumus
2909 2034 3059 2105 (232)
3079 2076 3092 2101 ,
3126 2050 3331 2106 vosque
3357 2035 3520 2089 Pater
3547 2040 3601 2089 et
3631 2034 3742 2088 Pa-

2143 2130 2259 2177 stor
2284 2130 2472 2177 noster
2500 2122 2654 2177 estis.
2693 2123 2808 2178 Nec
2835 2122 3004 2194 igitur
3033 2130 3224 2178 contra
3250 2121 3597 2194 privilegium
3636 2138 3741 2177 ve-

2144 2218 2315 2265 strum
2345 2210 2529 2266 venire
2559 2210 2646 2266 vel
2676 2211 2955 2282 disputare
2985 2218 3232 2265 nostrum
3263 2218 3365 2277 est,
3397 2226 3497 2265 nec
3528 2208 3658 2276 erit,
3694 2209 3745 2264 si

2142 2299 2353 2370 placet,
2415 2306 2657 2354 vestrum
2682 2342 2694 2365 ,
2756 2299 2811 2353 in
2866 2299 3035 2354 nostri
3090 2299 3392 2369 periculum
3466 2297 3743 2370 quidpiam

2143 2394 2431 2443 attentare.
2463 2386 2732 2455 Proinde,
2794 2385 2840 2442 si
2892 2387 3055 2441 istum
3083 2386 3358 2452 liberatis,
3390 2401 3490 2441 nos
3518 2385 3744 2439 minime

2144 2474 2461 2530 resistemus
2486 2493 2500 2542 ;
2534 2475 2631 2530 sed
2661 2474 2847 2541 vobis,
2891 2474 2937 2528 si
2966 2475 3174 2545 placet,
3206 2490 3275 2529 ne
3306 2490 3434 2546 erga
3464 2473 3747 2529 dominum

2143 2571 2393 2618 nostrum
2439 2578 2631 2634 regem
2661 2562 3046 2633 periclitemur,
3098 2562 3537 2633 prospiciendum
3568 2561 3743 2617 relin-

2144 2652 2379 2723 quimus.
2410 2671 2431 2702 ι
2464 2653 2613 2707 Tunc
2642 2651 2731 2706 illc
2768 2668 2780 2705 :
2818 2672 2840 2701 α
2874 2652 3016 2706 Bene
3046 2651 3247 2723 inquit,
3300 2659 3350 2705 et
3399 2659 3547 2706 recte
3574 2649 3747 2705 locuti

2144 2741 2295 2795 estis.
2355 2741 2476 2813 Ego
2529 2739 2697 2812 igitur
2751 2740 2819 2793 de
2876 2739 3127 2794 manibus
3164 2739 3359 2794 vestris
3388 2739 3536 2793 illum
3568 2737 3745 2804 tollo;

2143 2844 2244 2900 pro
2302 2845 2408 2899 qua
2462 2828 2719 2883 violentia
2749 2844 2853 2900 ego
2884 2827 3229 2898 respondebo
3250 2871 3262 2894 ,
3323 2827 3416 2881 ubi
3444 2826 3746 2898 Oportebit,

2144 2917 2491 2973 suﬁicienter.
2533 2940 2554 2967 »
2602 2916 2693 2972 Sic
2720 2932 2847 2971 reus
2874 2916 3056 2972 locum
3087 2915 3335 2987 supplicii
3363 2916 3518 2971 laetus
3549 2915 3744 2981 evasit,

2142 3005 2389 3077 liberque
2435 3004 2745 3060 Londonias
2774 3020 2898 3059 cum
2927 3004 3185 3075 episcopo
3213 3003 3387 3071 venit,
3439 3010 3491 3059 et
3521 3001 3744 3071 deinde,

2145 3109 2254 3166 quo
2283 3093 2459 3160 libuit,
2492 3092 2763 3147 indemnis
2808 3092 2995 3148 abivit.

2214 3180 2522 3253 Episcopus
2579 3187 2761 3235 autem
2817 3180 2887 3235 ad
2943 3194 3237 3255 proceres,
3298 3179 3444 3251 regis
3497 3180 3749 3235 scacario

2146 3272 2295 3339 (233)
2349 3269 2693 3340 presidentes
2719 3268 2968 3335 accessit,
3007 3284 3245 3340 eosque,
3306 3275 3362 3322 ut
3404 3266 3749 3322 indemnitati

2145 3357 2436 3423 Ecclesiae,
2471 3356 2572 3412 sub
2604 3357 2848 3426 ejusdem
2876 3357 3183 3427 praesertim
3212 3355 3475 3421 absentia,
3509 3354 3752 3426 benigne

2146 3446 2552 3518 prospicerent,
2615 3443 2977 3501 amicabiliter
3031 3444 3291 3500 exoravit.
3353 3442 3457 3511 Qui
3503 3442 3552 3498 ei
3579 3458 3750 3498 reve—

2147 3542 2334 3590 renter
2354 3540 2731 3606 assurgentes,
2755 3541 2835 3600 et,
2856 3533 3002 3604 quod
3029 3533 3279 3603 petierat,
3304 3531 3752 3601 obtemperanter

2150 3640 2210 3678 se
2265 3622 2506 3678 facturos
2557 3621 2915 3693 pollicentes,
2977 3621 3355 3692 compulerunt
3409 3635 3531 3674 eum
3562 3618 3751 3673 multis

2148 3711 2441 3784 precibus,
2502 3718 2559 3765 ut
2614 3725 2800 3766 secum
2855 3710 2943 3765 vel
2990 3709 3059 3764 ad
3091 3716 3421 3763 momentum
3451 3707 3740 3762 resideret.

2151 3800 2363 3868 Quibus
2391 3798 2482 3854 ille
2511 3798 2599 3854 vix
2629 3798 3004 3870 acquiescens,
3039 3798 3177 3852 sedit
3204 3797 3443 3851 tandem.
3475 3796 3629 3851 Unde
3671 3794 3754 3848 illi

2152 3887 2431 3943 exhilarati
2463 3904 2477 3941 :
2514 3908 2536 3935 α
2572 3887 2691 3941 Jam
2716 3930 2729 3953 ,
2781 3886 3045 3958 inquiunt,
3080 3884 3475 3956 triumphaliter
3502 3882 3751 3957 gaudere

2152 3976 2453 4033 valebimus
2477 4018 2489 4040 ,
2543 3975 2635 4045 qui
2662 3974 2806 4029 diem
2835 3974 3106 4044 vidimus,
3142 3989 3250 4045 quo
3278 3974 3344 4027 ad
3376 3972 3523 4044 regis
3554 3987 3750 4027 scaea-

2152 4065 2290 4119 rium
2348 4063 2744 4119 Lincolniensis
2801 4063 2941 4118 sedit
2971 4063 3277 4134 episcOpus.
3310 4086 3329 4108 n
3364 4061 3445 4116 Ad
3501 4061 3605 4115 hoc
3634 4058 3749 4125 ille,

2152 4154 2334 4209 locum
2365 4152 2735 4219 erubescens,
2785 4151 3039 4207 continuo
3070 4151 3331 4216 surrexit,
3391 4148 3751 4227 osculumque

2154 4241 2397 4314 porrexit
2423 4234 2711 4307 universis,
2743 4239 2931 4295 dicens
2963 4257 2976 4294 :
3014 4260 3036 4290 ι
3061 4241 3203 4309 Jam,
3228 4238 3417 4309 inquit,
3453 4244 3504 4292 et
3534 4251 3638 4308 ego
3679 4236 3751 4290 de

2154 4330 2310 4385 vobis
2339 4328 2704 4400 triumphabo.
2740 4328 2797 4384 Si
2826 4336 2946 4399 post
2974 4327 3193 4383 libatum
3225 4326 3373 4397 pacis
3420 4324 3666 4381 osculum
3693 4324 3751 4377 in

2154 4417 2460 4473 Ecclesiam
2488 4432 2665 4471 meam
2692 4416 2983 4488 quidquam
3015 4414 3341 4470 admiseritis
3371 4414 3549 4467 minus
3592 4411 3749 4482 paci-

453 4507 554 4556 ctaa
581 4498 772 4555 matris
800 4498 1065 4557 Ecclesia
1094 4499 1297 4571 ubique
1324 4506 1596 4555 terrarum
1635 4500 2054 4572 praerogativam
2073 4497 2129 4559 D
2156 4506 2338 4562 ﬁcum.
2379 4529 2402 4555 ι»
2437 4503 2594 4573 Quod
2622 4505 2824 4560 factum
2853 4512 2905 4559 et
2933 4504 3137 4559 dictum
3164 4503 3241 4556 illi
3271 4502 3549 4556 minimum
3579 4499 3755 4554 admi-

451 4602 594 4654 esse,
617 4595 676 4643 ut
692 4588 1063 4659 cujuscunque
1082 4587 1384 4659 periculum
1401 4587 1800 4643 declinantibus
1821 4588 2049 4644 damna-

451 4674 611 4732 tionis
658 4683 712 4732 et
739 4676 809 4732 ad
839 4692 959 4732 eam
985 4675 1300 4747 confugium
1327 4674 1670 4747 facientibus,
1705 4676 2049 4733 securitatem

517 4850 666 4924 (230)
688 4858 759 4908 ne
784 4867 877 4919 quo
900 4853 1085 4905 dictum
1123 4866 1271 4918 supra
1296 4866 1404 4919 cap.
1429 4854 1482 4904 9.

519 4940 659 5004 (231i
682 4939 884 4992 Celebre
909 4939 1025 4989 olim
1065 4939 1433 5002 monasterium,
1471 4940 1533 4992 de
1567 4952 1662 5003 quo
1700 4940 1838 5003 plura
1874 4941 1926 4990 in
1953 4940 2053 4990 Mo-

453 5009 643 5060 nastico
663 5006 930 5067 Anglicano
956 5008 1077 5055 tom.
1103 5006 1141 5067 I,
1159 5019 1205 5068 p.
1241 5006 1356 5067 176,
1397 5009 1445 5057 et
1485 5007 1811 5067 Mabillonius,
1841 5011 1961 5057 tom.
1989 5006 2052 5067 Il,

456 5074 634 5126 Annal.
656 5088 704 5137 p.
735 5073 855 5133 298,
890 5074 939 5122 et
964 5076 1084 5122 tom.
1128 5072 1210 5133 IV,
1237 5086 1288 5136 p.
1324 5073 1442 5124 672.
1470 5073 1755 5135 Subjectum
1795 5073 1913 5123 illud
1939 5073 2053 5122 olim

454 5141 605 5192 fuisse
627 5140 928 5202 episcopatui
952 5139 1281 5190 Lincolniensi
1303 5138 1546 5205 colligitur
1586 5151 1647 5189 ex
1685 5138 1882 5190 Giraldo
1910 5140 2056 5189 Cam-

453 5206 621 5258 hrensi
651 5207 701 5257 in
738 5205 912 5269 Anglia
936 5217 1076 5257 sacra
1090 5210 1220 5269 part.
1249 5219 1304 5269 ιι,
1330 5219 1381 5269 p.
1408 5204 1529 5267 417,
1554 5204 1638 5256 ubi
1670 5207 1776 5255 haec
1801 5206 1973 5256 scribit
1994 5207 2057 5257 de

453 5271 666 5324 Roberto
700 5273 762 5324 de
808 5272 1018 5323 Cheinto
1063 5287 1075 5317 :
1127 5273 1293 5323 «Item
1335 5274 1570 5323 Sanctum
1597 5272 1836 5322 Albanum
1872 5272 2056 5334 amisit,

454 5351 566 5391 cum
598 5342 763 5391 tamen
789 5341 929 5390 tanta
954 5339 1289 5390 familiaritate
1313 5338 1663 5390 monasterium
1686 5338 1804 5388 illud
1827 5338 2060 5390 Ecclesia:

455 5405 787 5458 Lincolniensi
812 5405 1035 5467 junctum
1060 5406 1250 5464 luisset,
1278 5404 1402 5467 quod
1436 5404 1634 5455 abbates
1659 5404 1877 5465 ejusdem
1914 5405 2063 5469 pleri-

454 5485 546 5537 que
568 5473 619 5524 bi
645 5473 870 5526 Ecclesia
895 5471 1225 5523 Lincolniensi
1249 5470 1553 5534 praebendati
1573 5472 1879 5535 exstiterant,
1908 5492 1930 5514 ι
1961 5478 2057 5524 etc.

518 5573 660 5643 (232)
693 5577 769 5631 Ex
804 5575 901 5627 hoc
924 5573 1034 5625 loco
1058 5571 1220 5636 colligi
1245 5572 1389 5626 datur
1416 5587 1498 5627 eos
1533 5574 1614 5640 qui
1656 5575 1707 5626 in
1732 5574 1981 5628 territorio
2003 5577 2057 5629 S.

2151 4595 2271 4662 rati,
2294 4604 2484 4649 mutuo
2510 4593 2870 4665 loquebantur
2900 4610 2914 4647 :
2953 4616 2973 4639 «
3001 4592 3046 4648 Ο
3076 4591 3381 4647 mirabilem
3404 4588 3751 4660 prudentiam

2149 4683 2253 4741 viri
2279 4681 2474 4753 hujus!
2534 4683 2678 4738 Ecce
2725 4696 2890 4754 quam
2935 4680 3005 4736 de
3043 4678 3190 4736 facili
3218 4676 3518 4751 praescribit
3567 4675 3749 4743 nobis,

2152 4865 2326 4918 Albani
2347 4869 2485 4916 erant
2509 4863 2670 4915 adhuc
2692 4865 2987 4917 remansisse
3003 4864 3093 4915 sub
3112 4876 3229 4916 cura
3256 4866 3304 4913 et
3322 4862 3517 4914 dioecesi
3542 4861 3756 4924 episcopi

2151 4932 2524 4993 Lincolniensis,
2552 4944 2697 4994 quem
2719 4937 2773 4982 ut
2799 4934 2992 5001 Patrem
3018 4935 3067 4983 et
3093 4936 3339 4994 pastorem
3366 4928 3755 4979 venerabantur.

2224 5012 2361 5074 (235)
2398 5013 2520 5063 Erat
2559 5011 2676 5062 illud
2728 5025 2785 5063 eo
2826 5015 3048 5074 tempore
3087 5011 3214 5074 apud
3255 5008 3759 5059 Westmonasterium

2150 5078 2291 5140 juxta
2315 5078 2611 5139 Londonias,
2638 5079 2725 5129 sed
2743 5091 2840 5129 non
2866 5080 3011 5140 longe
3034 5083 3149 5142 post
3175 5078 3463 5128 translatum
3491 5076 3765 5125 Northum-

2156 5144 2361 5207 toniam,
2387 5146 2512 5195 sicut
2538 5146 2748 5196 refertur
2764 5146 2813 5195 in
2838 5147 3078 5195 Chronico
3092 5145 3301 5195 Trivetti
3320 5143 3380 5193 ad
3400 5154 3581 5193 annum
3609 5142 3763 5191 1:209.

2155 5213 2393 5262 Carterum
2431 5212 2705 5263 scacarium
2740 5212 2906 5273 Anglis
2950 5212 3127 5263 dicitur
3166 5211 3318 5269 curia,
3347 5211 3395 5260 in
3420 5221 3516 5272 qua
3552 5221 3634 5259 res
3662 5208 3766 5258 ﬁsci

2159 5281 2539 5342 pertractantur.
2568 5280 2746 5330 Iisdem
2771 5291 2857 5339 pro
2892 5279 2996 5340 ipso
3032 5279 3151 5328 ﬁsco
3189 5289 3274 5326 seu
3300 5276 3474 5326 aerario
3518 5275 3655 5337 regio
3694 5276 3771 5324 in-

2158 5345 2349 5397 terdum
2385 5347 2620 5410 sumitur,
2665 5344 2795 5408 quod
2834 5345 3063 5395 aerarium
3088 5345 3221 5406 regis
3267 5342 3453 5405 Anglia;
3486 5342 3572 5410 in
3593 5341 3766 5394 eadem

2159 5412 2281 5474 aede,
2305 5412 2385 5462 ubi
2406 5408 2827 5474 judices'scacarii
2851 5411 3124 5476 consident,
3152 5413 3446 5463 asservetur.
3485 5408 3608 5461 Vide
3633 5410 3775 5462 Glos-

2162 5479 2345 5531 sarium
2370 5479 2540 5545 Cangii
2564 5479 2615 5531 in
2647 5480 2739 5531 hac
2775 5490 2914 5531 voce.
