3938 6402
71 359 201 411 1061

1451 342 1632 398 VITA.
1665 369 1733 381 —
1765 339 1890 394 LIB.
1927 339 1990 392 V.

3243 325 3386 379 1062

79 489 137 534 ut
165 494 344 550 neque
367 477 508 546 jussi
542 492 573 529 a
601 490 733 546 rege
783 473 901 528 sine
957 486 1156 543 magno
1186 469 1458 525 dedecore
1506 471 1555 521 ei
1583 467 1761 525 de-A
1792 462 2086 531 sustinens,
2138 461 2360 530 insuper
2408 457 2584 513 locum
2630 453 2944 527 perditionis
2999 467 3136 507 mea;
3191 449 3388 506 exhor-

85 570 314 622 beamus
345 563 561 619 molesti
589 563 841 616 existere.
882 581 904 609 ι
939 559 1147 628 Quibus
1172 559 1263 613 ille
1307 554 1684 611 benedictione

89 657 215 710 data
246 652 493 720 recessit,
529 658 577 705 et
609 665 796 720 regem
841 647 993 703 adire
1041 647 1356 717 disponens,
1401 650 1524 716 post
1570 643 1686 696 haec

89 744 244 800 citius
276 742 330 796 in
363 737 817 796 Northmanniam
847 734 1234 790 transfretavit.

690 903 916 959 CAPUT
947 902 1093 958 XIV.

93 1037 169 1091 De
180 1037 412 1119 juvene,
437 1047 599 1111 quem
621 1029 771 1119 ap}th
792 1028 982 1119 urbem
999 1024 1694 1119 Ro/fens‘emdcsperatum

171 1093 416 1167 invenit,
445 1093 612 1168 'cujus
627 1093 982 1172 p'dstmodum
1013 1093 1364 1172 computruit
1381 1093 1513 1149 caro
1535 1108 1694 1172 secus

173 1179 478 1245 utrumque
507 1167 715 1241 femur,
744 1170 843 1245 qui
861 1183 963 1245 per
991 1171 1253 1245 nostrum
1269 1167 1695 1245 Ifugonetz‘zfam

174 1249 237 1300 in
266 1233 516 1312 corpore,
545 1233 713 1312 quam
735 1233 797 1294 ἰὴ
820 1233 1118 1312 ahimagst
1138 1233 1396 1312 curatus.
1419 1264 1488 1274 —-
1506 1234 1571 1286 Et
1595 1233 1696 1287 hoc

174 1319 258 1371 cst
287 1306 566 1384 ex'capit:
603 1315 635 1366 2
666 1312 728 1365 in
752 1325 955 1380 magna
991 1309 1130 1371 Vita,
1179 1306 1320 1361 libro
1353 1321 1430 1360 tv.

180 1433 316 1485 Dum
347 1437 526 1483 autem
574 1427 864 1497 episcOpus
912 1422 1224 1478 Rotfensem
1272 1420 1576 1493 perveniret
1631 1419 1701 1473 ad

109 1520 300 1574 urbem
330 1517 502 1586 (234),
535 1514 767 1570 accessit
789 1513 856 1566 ad
907 1528 1029 1566 eum
1089 1511 1289 1564 ibidem
1337 1508 1554 1580 quidam
1608 1507 1702 1576 ju-

107 1608 283 1671 venis,
316 1621 477 1677 quem
546 1600 909 1673 perniciosius
949 1599 1062 1653 suis
1117 1598 1506 1668 illaqueaverat
1563 1595 1704 1649 dolis

109 1695 284 1749 hostis
316 1691 536 1746 humani
583 1689 820 1762 generis.
901 1687 1003 1754 Qui
1068 1686 1339 1741 mediante
1413 1684 1705 1754 interprete

110 1786 311 1854 (neque
343 1781 489 1835 enim
517 1778 605 1833 vel
637 1778 754 1847 ipse
787 1774 1077 1847 pontificis,
1120 1774 1207 1829 vel
1253 1772 1493 1844 pontifex
1537 1771 1708 1841 ipsius

109 1870 446 1926 sufﬁcienter
512 1864 870 1938 dignoscebat
945 1863 1241 1934 loquelam)
1341 1859 1711 1916 miserabilem

113 1960 168 2014 in
217 1959 365 2013 hunc
408 1956 629 2010 modum
677 1954 745 2009 de
802 1952 983 2023 seipso
1044 1951 1318 2006 recensuit
1363 1948 1710 2020 tragoediam.

128 2070 150 2098 «
197 2046 355 2114 Cum,
388 2043 580 2115 inquit,
614 2042 817 2097 dudum
851 2039 1310 2104 adolescentulus,
1371 2036 1716 2093 discretionis

113 2135 294 2190 adhuc
317 2133 494 2187 minus
525 2145 716 2201 capax,
749 2129 938 2185 vacuis
993 2129 1227 2183 ducerer
1271 2133 1325 2181 et
1380 2125 1538 2198 vagis
1581 2123 1716 2180 affe-

116 2233 302 2279 ctuum
336 2220 592 2285 motibus,
625 2217 848 2289 contigit
871 2233 960 2272 me
982 2215 1252 2271 infelicem
1284 2231 1348 2270 ex
1379 2213 1589 2268 insidiis
1617 2213 1719 2267 ad-

118 2311 353 2368 versarii
373 2311 619 2363 humanae
640 2306 830 2362 salutis
846 2305 1166 2361 detestabile
1183 2303 1421 2359 enormis
1441 2302 1720 2372 cujusdam

117 2399 320 2471 piaculi
354 2396 650 2452 incurrisse
679 2395 904 2450 crimen.
937 2395 1054 2449 Nec
1084 2400 1370 2448 contentus
1399 2391 1556 2462 lapsu
1585 2389 1722 2445 sim-

119 2488 270 2559 plici,
300 2487 514 2556 lapsum
554 2483 730 2552 adjeci
786 2481 980 2552 lapsui,
1031 2482 1238 2552 sicque,
1300 2480 1444 2551 quod
1485 2478 1725 2534 deterius

123 2584 227 2641 est,
261 2573 508 2630 criminis
539 2571 792 2626 addendo
819 2571 1044 2635 crimen,
1081 2569 1300 2640 longam
1331 2568 1385 2622 in
1440 2567 1726 2624 criminum

124 2664 372 2735 lapsibus
401 2661 502 2716 feci
533 2659 1000 2716 consuetudinem.
1052 2659 1182 2712 Erat
1212 2656 1393 2712 scelus
1421 2671 1603 2710 meum
1647 2655 1728 2710 sui

131 2751 395 2823 qualitate
426 2748 587 2802 nimis
620 2747 967 2812 horrendum,
1001 2746 1154 2814 cujus
1189 2746 1453 2800 honorem
1483 2737 1728 2816 quadru-

127 2840 433 2911 plicaverat
460 2836 587 2903 loci,
628 2835 888 2906 temporis
920 2842 973 2890 et
1015 2850 1286 2904 personae,
1323 2849 1446 2889 cum
1477 2833 1732 2903 suiipsius

133 2927 495 2991 immanitate,
557 2923 939 2980 consideratio.
980 2921 1071 2977 Nil
1124 2939 1189 2977 ex
1235 2929 1586 2993 peccatorum
1631 2920 1736 2976 cir-

134 3013 480 3072 cumstantiis
503 3027 759 3084 supremo
814 3010 985 3066 defuit
1025 3010 1296 3066 malorum
1352 3009 1587 3074 cumulo,
1631 3007 1736 3062 nisi

135 3105 273 3160 forte
319 3101 632 3175 ignorantia
679 3100 815 3169 juris
863 3099 1184 3169 semiplena.
1231 3099 1434 3154 Suasus
1471 3105 1739 3169 praeterea

1789 566 2043 616 rescens,
2077 547 2309 603 discessi
2339 562 2370 600 a
2399 545 2562 600 domo
2595 542 2876 616 genitricis
2922 557 3059 596 meae
3112 537 3384 604 clanculo,

1789 647 1840 694 et
1871 654 1903 692 a
1932 637 2167 700 civitate,
2201 635 2253 688 in
2285 649 2392 705 qua
2420 641 2581 688 natus
2612 640 2665 687 et
2706 637 3064 687 conversatus
3105 625 3390 681 infeciliter

1789 742 1963 782 eram.
2015 723 2268 795 Pergenti
2301 737 2453 786 vero,
2488 721 2604 786 sed,
2638 735 2746 791 quo
2777 717 3106 772 tendendum
3154 715 3241 770 vel
3297 713 3390 768 ubi

1791 812 2199 871 consistendum
2228 810 2359 865 mihi
2387 817 2533 864 esset
2561 806 2900 864 commodius
2957 802 3240 870 nescienti,
3299 817 3392 858 oc-

1793 902 1955 959 currit
1977 900 2196 956 anxiato
2228 907 2280 954 et
2311 896 2562 952 mmrenti
2591 895 2676 950 vir
2705 911 2772 950 ex
2800 891 3097 964 improviso
3135 890 3394 946 horrendi

1793 997 2069 1061 aspectus,
2103 983 2312 1042 statura
2341 985 2660 1058 perlongus,
2712 982 2910 1054 capillo
2968 980 3136 1047 rufus,
3171 979 3262 1050 qui
3305 995 3398 1034 ore

1794 1077 2032 1134 terrifico
2061 1077 2179 1131 haec
2208 1082 2290 1130 est
2318 1073 2449 1128 mihi
2485 1073 2701 1128 locutus
2735 1085 2748 1124 :
2787 1093 2808 1117 α
2872 1069 3136 1135 Pessime,
3198 1066 3390 1139 inquit,

1801 1191 1820 1215 u
1867 1165 2142 1221 offendisti
2174 1165 2347 1218 Deum
2377 1169 2429 1216 et
2460 1161 2574 1230 ejus
2605 1157 2924 1232 genitricem
2949 1176 2963 1224 ;
3022 1172 3159 1229 quos
3189 1156 3234 1210 si
3263 1155 3399 1211 velis

1804 1279 1825 1302 «
1869 1253 2063 1326 quovis
2084 1259 2244 1324 pacto
2274 1250 2475 1305 habere
2525 1247 2808 1320 propitios,
2841 1247 3019 1316 ipsum
3061 1260 3288 1300 necesse
3319 1251 3400 1298 est

1805 1366 1827 1394 ι
1872 1351 1929 1396 ut
1958 1357 2155 1412 corpus
2178 1338 2514 1409 exstinguas,
2548 1352 2655 1408 quo
2686 1335 2764 1390 eis
2795 1333 2953 1389 toties
2986 1333 3280 1402 injuriosus
3309 1349 3402 1388 ex-

1808 1455 1828 1477 «
1875 1431 2109 1485 stiteras.
2142 1428 2307 1482 Erras
2357 1427 2522 1493 enim,
2573 1425 2619 1479 si
2677 1424 2858 1479 credis
2911 1422 3058 1494 quod
3104 1421 3158 1476 in
3209 1422 3404 1477 eodem

1809 1543 1828 1566 «
1876 1517 2100 1575 vasculo
2158 1515 2303 1588 quod
2393 1522 2469 1569 tot
2538 1510 3090 1569 contaminationibus
3142 1508 3402 1582 polluiSti,

1811 1630 1832 1658 ε
1877 1606 2174 1679 quidquam
2237 1603 2435 1658 divinae
2495 1600 2795 1656 sinceritati
2851 1607 3132 1670 acceptum
3186 1596 3407 1670 Operari

1811 1719 1832 1742 α
1885 1710 2076 1766 queas.
2107 1716 2129 1741 ι
2163 1691 2264 1746 Vix
2297 1691 2503 1746 dictum
2533 1689 2862 1760 expleverat,
2897 1696 2950 1743 et
2973 1703 3104 1743 ecce
3134 1683 3413 1759 peregrini

1815 1781 2108 1839 adveniunt
2137 1779 2282 1835 beati
2315 1777 2571 1849 martyris
2602 1777 2823 1831 Thomas
2850 1775 3010 1830 busta
3072 1773 3310 1845 petituri,
3344 1773 3414 1828 ad

1817 1886 2044 1943 quorum
2076 1867 2448 1940 prazsentiam,
2479 1865 2572 1937 qui
2595 1864 2938 1936 loquebatur,
2970 1870 3196 1934 repente
3224 1861 3413 1932 dispa-

1815 1959 1938 2013 ruit.
1970 1958 2090 2030 Ego
2120 1956 2173 2010 in
2202 1953 2549 2010 formidinem
2581 1951 2742 2006 simul
2764 1959 2813 2006 et
2833 1949 3266 2022 desperationem
3289 1949 3418 2005 licet

1819 2048 2174 2103 vehementer
2207 2042 2492 2114 impulsus,
2527 2039 2741 2112 signavi
2770 2048 2953 2096 tamen
2991 2037 3225 2095 frontem
3259 2037 3417 2111 signo

1823 2134 2060 2198 salutari.
2096 2147 2446 2204 pergensque
2477 2131 2672 2185 itinere
2701 2137 2879 2200 ccepto
2908 2144 3168 2198 mcerens,
3219 2127 3418 2199 vixque

1821 2239 1935 2295 pra:
1984 2221 2166 2278 cordis
2221 2220 2410 2275 dolore
2483 2234 2710 2292 gressus
2741 2217 2989 2288 proprios
3037 2232 3256 2290 regens,
3314 2216 3421 2273 hac

1822 2313 1942 2384 ipsa
1970 2310 2078 2375 die,
2104 2323 2211 2380 qua
2246 2307 2378 2362 mihi
2408 2307 2525 2363 hac
2572 2306 2717 2362 dicta
2760 2313 2904 2374 sunt,
2956 2305 3011 2360 in
3059 2305 3202 2361 hanc
3244 2304 3421 2360 urben

1825 2400 1972 2455 circa
1999 2398 2189 2452 horam
2217 2394 2430 2450 tertiam
2449 2393 2681 2448 devenio
2701 2394 2870 2462 (235).
2931 2392 3241 2448 Immissum
3296 2392 3422 2465 qui-

1825 2487 1949 2542 dem
1983 2485 2156 2540 fuerat
2195 2483 2378 2538 animo
2433 2498 2577 2548 meo,
2627 2481 2790 2536 etiam
2838 2488 3132 2552 antequam
3185 2481 3422 2537 hominis

1827 2573 2074 2647 praedicti
2157 2571 2469 2626 suasionem
2525 2568 2810 2642 visibiliter
2874 2569 3279 2640 percepissem,
3369 2577 3427 2625 ut

1827 2663 2118 2733 metipsum
2159 2657 2538 2715 interﬁcerem.
2573 2661 2642 2712 At
2671 2657 3016 2729 postmodum
3064 2659 3182 2714 haec
3235 2657 3290 2712 in
3340 2675 3427 2714 me

1833 2751 2021 2806 fortius
2051 2748 2334 2821 praevaluit
2381 2747 2655 2818 cogitatio,
2715 2745 3077 2819 fecissemque
3133 2747 3278 2818 quod
3335 2747 3426 2803 ille

1834 2845 2211 2912 suggesserat,
2244 2836 2348 2890 nisi
2388 2835 2667 2906 paululum
2719 2851 2807 2889 me
2863 2834 3125 2890 animaret
3170 2834 3430 2890 miserum

1835 2926 2145 2983 recordatio
2173 2923 2398 2980 visionis
2414 2923 2730 2995 praemissae,
2767 2938 2872 2994 qua
2889 2922 3019 2977 mihi
3039 2922 3432 2995 aliquantulum

1838 3015 2159 3070 blandiebar
2188 3013 2256 3068 de
2300 3012 2594 3068 Salvatoris
2651 3011 2824 3067 nostri
2881 3028 3100 3083 suzeque
3148 3011 3431 3084 genitricis

1838 3102 2230 3159 misericordia.
2263 3101 2400 3156 Nam
2423 3107 2474 3154 et
2503 3101 2610 3154 hoc
2651 3115 2753 3170 pro
2801 3100 3068 3156 constanti
3096 3100 3224 3156 olim
3269 3116 3434 3158 acce-

132 3202 183 3248 et
218 3193 432 3246 illectus
463 3189 532 3244 ab
562 3189 687 3255 alio,
719 3188 972 3259 primitus
994 3187 1048 3242 in
1078 3203 1166 3242 me
1211 3203 1430 3258 semper
1459 3166 1574 3242 fere
1606 3201 1741 3257 pec-
1767 3166 1813 3229 Ο
1839 3208 2026 3265 peram
2073 3189 2360 3244 traditione
2417 3187 2561 3260 quod
2624 3166 2931 3260 quicunque
2980 3188 3191 3260 sibiipsi
3246 3207 3438 3247 necem

136 3281 353 3338 cabam.
385 3280 575 3349 Nuper
595 3293 722 3333 vero
757 3276 1045 3333 sacerdote
1075 3275 1311 3347 quodam
1357 3275 1584 3331 verbum
1641 3273 1742 3329 Dei

139 3369 493 3440 praedicante,
545 3366 601 3420 in
646 3365 876 3422 ecclesia
913 3381 1001 3420 me
1054 3363 1490 3436 indignissimum
1571 3362 1744 3418 turbis

145 3457 346 3514 accidit
378 3454 778 3511 conﬂuentibus
804 3453 1085 3509 interesse.
1149 3453 1417 3508 Sacerdos
1453 3453 1543 3507 ille
1590 3460 1745 3509 cata-

147 3546 338 3616 logum
363 3552 619 3599 retexens
649 3541 936 3598 criminum
976 3540 1308 3611 capitalium,
1334 3541 1388 3594 in
1416 3541 1540 3608 hoc,
1591 3543 1746 3610 cujus

151 3651 298 3689 eram
343 3632 475 3686 mihi
530 3631 800 3696 conscius,
848 3629 1003 3685 verbi
1051 3629 1218 3683 divini
1259 3629 1500 3700 gladium
1559 3630 1748 3684 fortius

147 3723 392 3786 vibrans,
429 3721 542 3788 ejus
572 3719 940 3774 damnabilem
969 3718 1106 3772 adeo
1147 3719 1499 3790 exaggeravit
1529 3717 1748 3774 fmdita-

149 3819 277 3877 tem,
313 3817 374 3864 ut
396 3825 482 3862 me
513 3823 652 3879 pene
684 3807 986 3873 crederem,
1022 3815 1162 3861 terra
1180 3806 1356 3861 subito
1409 3806 1746 3873 dehiscente,

149 3898 586 3963 absurbendum,
620 3911 683 3951 ac
710 3895 891 3951 vivum
938 3895 994 3950 in
1033 3893 1298 3950 infernum
1355 3895 1748 3966 collapsurum.

149 3988 378 4042 Tantam
437 3985 669 4056 denique
743 3983 940 4039 mentis
996 3983 1373 4039 confusionem
1424 3983 1649 4050 incurri,
1697 3991 1754 4038 ut

153 4083 302 4130 extra
334 4074 602 4144 meipsum
633 4073 870 4128 funditus
900 4088 988 4128 me
1009 4079 1257 4144 putarem
1278 4071 1547 4128 effectum.
1597 4073 1754 4128 Diem

153 4181 284 4221 vero
318 4165 470 4218 illum
493 4179 613 4218 cum
646 4162 824 4233 prima
856 4161 1136 4233 sequentis
1156 4161 1332 4218 noctis
1360 4170 1513 4232 parte
1568 4161 1624 4216 in
1671 4161 1755 4216 la-

157 4253 363 4324 crymis
395 4251 628 4322 expendi
659 4259 712 4306 et
735 4250 1081 4322 singultibus.
1112 4251 1264 4306 Tunc
1285 4265 1412 4306 ecce
1433 4257 1556 4321 post
1585 4250 1758 4306 noctis

159 4341 420 4405 medium,
474 4340 737 4394 lassatum
808 4355 923 4410 prae
987 4337 1195 4392 tristitia
1264 4337 1646 4409 corpusculum
1704 4339 1760 4392 in

160 4445 418 4500 soporem
453 4427 762 4496 resolvitur,
795 4426 1019 4498 visaque
1044 4434 1124 4481 est
1153 4425 1284 4480 mihi
1328 4426 1566 4482 astitisse
1597 4426 1758 4481 femi-

1842 3280 2086 3345 inferret,
2117 3277 2447 3334 aeternaliter
2475 3275 2666 3347 procul
2695 3276 2861 3333 dubio
2890 3277 3114 3347 periret.
3147 3279 3280 3334 Tam
3309 3295 3439 3336 vero

1845 3368 2042 3424 infesta
2071 3367 2223 3433 mihi,
2252 3373 2304 3421 et
2332 3365 2512 3420 adhuc
2542 3363 2720 3420 existit
2750 3365 2874 3431 ista,
2906 3373 2962 3420 ut
2989 3367 3178 3433 credo,
3237 3367 3442 3424 inimici

1847 3455 2148 3530 suggestio,
2183 3454 2328 3526 quod
2357 3453 2440 3507 bis
2487 3453 2651 3508 hodie
2690 3453 2922 3524 perrexi,
2953 3462 3010 3508 ut
3057 3455 3328 3526 meipsum
3371 3456 3440 3512 de

1847 3553 2012 3617 ponte
2041 3544 2202 3612 hujus
2223 3541 2364 3598 villa)
2384 3541 2778 3612 prarcipitarem
2809 3541 2866 3596 in
2894 3541 3135 3598 fluvium.
3171 3546 3239 3599 At
3265 3544 3444 3614 primo

1850 3634 1919 3689 ob
1971 3631 2392 3688 commeantium
2428 3629 2831 3685 multitudinem
2888 3632 3140 3687 revocavi
3197 3632 3443 3703 pedem;

1852 3722 2113 3787 secundo,
2146 3720 2413 3775 adventus
2440 3727 2620 3774 vester
2676 3719 2898 3774 auribus
2953 3720 3094 3775 meis
3140 3721 3442 3777 insinuatus

1852 3827 1952 3882 per
1990 3817 2202 3865 vestros
2230 3823 2600 3879 praecursores
2625 3808 2739 3876 jam
2767 3808 3068 3864 imminenti
3098 3825 3184 3865 me
3216 3826 3448 3881 suspen-

1855 3899 1931 3954 dit
1962 3897 2278 3969 praecipitio.
2321 3898 2444 3952 Mox
2473 3897 2639 3962 enim,
2663 3905 2720 3951 ut
2749 3897 3010 3968 comperi,
3036 3898 3332 3954 sanctitatis
3359 3915 3454 3954 ve-

1855 3995 1984 4042 stra:
2014 3985 2358 4058 praesentiam
2389 3984 2714 4052 adfuturam,
2738 3986 2884 4042 omni
2906 3985 3251 4044 ﬂuctuatione
3272 3989 3455 4044 cordis

1857 4075 2102 4146 explosa,
2128 4074 2182 4129 in
2212 4081 2375 4128 tanta:
2403 4073 2545 4144 οωρί
2574 4073 2920 4130 discretionis
2941 4074 3241 4147 alloquium
3272 4077 3453 4150 respi-

1859 4179 2005 4218 rare.
2043 4187 2065 4211 υ

1931 4251 2151 4306 Talibus
2180 4265 2311 4305 vero
2339 4249 2408 4304 ab
2425 4265 2490 4305 eo
2521 4251 2809 4320 peroratis,
2869 4251 3159 4323 episc0pus
3217 4253 3460 4312 breviter

1863 4356 1984 4396 eum
2015 4354 2114 4409 pro
2145 4346 2389 4409 tempore
2417 4338 2752 4404 adhortatus,
2771 4339 2895 4394 data
2923 4340 3320 4409 benedictione,
3340 4359 3460 4400 mo-

1862 4436 1954 4483 net
1985 4428 2156 4492 illum,
2189 4434 2456 4497 quatenus
2483 4427 2550 4480 ad
2575 4443 2746 4498 usque
2764 4427 3160 4484 Doroberniam
3191 4432 3340 4500 (236)
3361 4448 3462 4489 sua

161 4533 248 4583 na,
295 4515 664 4572 inmstiinabili
693 4515 1029 4587 praefulgens
1073 4515 1292 4585 decore,
1349 4515 1473 4570 talia
1518 4514 1834 4582 referensD
1865 4517 2228 4587 subsequatur
2248 4515 2494 4588 vestigia,
2518 4514 2720 4570 ibidem
2747 4516 2962 4587 plenius
2993 4525 3044 4573 et
3096 4518 3322 4575 liberius
3379 4537 3466 4576 sa-

161 4607 367 4661 m0uita
407 4604 654 4659 desolato
707 4621 718 4659 :
759 4625 779 4654 ι
839 4603 982 4670 Noli,
1033 4603 1122 4672 ait,
1167 4603 1398 4670 miselle,
1447 4603 1763 4674 desperare,

169 4718 188 4741 «
235 4694 392 4765 larga
425 4701 505 4748 est
544 4693 685 4747 enim
719 4691 1008 4748 clementia
1042 4700 1095 4746 et
1124 4692 1364 4762 potentia
1398 4689 1493 4746 ﬁlii
1515 4692 1642 4757 mei,
1679 4692 1772 4763 qui

171 4804 192 4832 «
223 4782 501 4838 neminem
532 4781 644 4836 vult
664 4780 866 4851 perire.
900 4781 1145 4851 Surgens
1175 4796 1307 4835 vero
1327 4779 1566 4836 diluculo
1594 4796 1773 4836 sacer-

171 4893 191 4920 ι
230 4871 411 4926 dotem
446 4869 677 4940 inquire,
705 4885 865 4940 quem
897 4869 992 4922 tibi
1026 4876 1212 4923 notum
1235 4869 1465 4942 designo
1496 4886 1562 4924 ex
1591 4869 1772 4925 nomi-

172 4983 191 5006 α
235 4975 323 5024 ne,
383 4957 542 5029 eique
576 4956 826 5025 ﬁdeliter,
892 4972 1028 5027 pure
1070 4965 1123 5012 et
1159 4956 1368 5028 integre
1415 4965 1640 5028 peccata
1685 4965 1776 5012 tua

174 5071 194 5093 «
239 5045 522 5103 confitere.
561 5067 582 5096 ι
643 5047 739 5101 His
768 5047 926 5102 dictis
957 5045 1094 5102 visio
1139 5046 1270 5100 mihi
1302 5062 1425 5103 cum
1457 5062 1648 5102 somno
1696 5053 1780 5101 est

170 5135 368 5192 ablata.
403 5136 524 5207 Ego
559 5135 626 5190 de
657 5143 814 5191 nocte
845 5150 1188 5208 consurgens
1218 5135 1350 5190 mihi
1387 5136 1627 5206 injuncta
1653 5151 1780 5207 per-

174 5223 279 5294 egi.
313 5224 432 5279 Nec
462 5223 630 5279 multo
661 5232 802 5296 post,
827 5222 1162 5280 confusionis
1193 5241 1328 5280 meae
1371 5225 1630 5282 ruborem
1671 5241 1781 5280 non

246 5397 387 5464 (9.31)
429 5399 788 5462 Episcopalem,
820 5399 867 5448 in
895 5411 986 5462 qua
1029 5399 1172 5449 sedes
1195 5400 1283 5450 sub
1309 5401 1449 5451 titulo
1473 5403 1527 5452 S.
1556 5402 1781 5467 Andreaa,

175 5477 299 5514 anno
324 5467 445 5524 604,
469 5471 633 5516 erecta
661 5467 772 5524 fuit.
813 5478 942 5515 nunc
977 5467 1256 5526 Hrofensis,
1286 5468 1643 5532 Roscetrcnsis,
1690 5471 1785 5521 Ro-

177 5532 518 5592 vccestrmsis,
550 5533 815 5594 Ilo/Temis,
850 5533 1224 5584 Rocheslrenm
1251 5533 1395 5585 hodie
1428 5535 1579 5586 dicta.

233 5633 408 5712 ,(εδεξ).
433 5634 698 5712 Non‘longe
723 5634 870 5712 igitur
889 5634 1058 5687 aberat
1083 5634 1144 5686 ab
1185 5636 1304 5688 urbe
1347 5636 1590 5704 Roﬂ'ensi,
1618 5639 1668 5690 in
1694 5652 1786 5704 qua

181 5701 327 5752 miser
357 5701 442 5752 hic
468 5703 612 5752 natus
635 5701 814 5752 fuerat.

1871 4605 1995 4660 lutis
2019 4603 2322 4668 consilium,
2356 4619 2460 4658 nec
2503 4619 2614 4659 non
2669 4613 2722 4660 et
2767 4605 3022 4660 auxilium
3080 4616 3460 4679 percepturus.

1876 4695 2034 4749 Paret
2063 4692 2154 4748 ille
2181 4691 2401 4747 monitis
2422 4691 2772 4748 salutaribus.
2805 4693 2906 4762 Qui
2952 4695 3178 4751 veniens
3233 4697 3472 4753 Cantua-

1872 4781 2031 4847 riam,
2053 4796 2209 4836 sacra
2239 4782 2355 4849 ejus
2383 4781 2736 4837 instructione
2767 4780 3014 4839 firmatus
3043 4791 3094 4839 et
3125 4784 3473 4842 intercessio-

1875 4887 1945 4925 ne
1973 4870 2206 4938 adjutus,
2243 4886 2274 4923 a
2305 4870 2598 4925 tentatiune
2626 4870 2884 4940 pestifera
2914 4871 3153 4929 funditus
3182 4873 3238 4928 in
3267 4891 3472 4946 perpe-

1879 4967 1991 5013 tum
2023 4958 2304 5013 liberatur.
2331 4958 2726 5014 Perendinante
2758 4969 2939 5016 autem
2959 4961 3162 5018 ibidem
3191 4963 3467 5035 pontiﬁce,

1881 5055 1934 5103 et
1964 5055 2176 5118 tempus
2202 5047 2532 5119 navigationi
2557 5063 2860 5121 congruum
2891 5067 2991 5121 per
3018 5051 3137 5107 dies
3165 5051 3278 5108 fere
3325 5055 3476 5125 quin-

1880 5135 2056 5191 decim
2087 5136 2236 5204 (237)
2276 5136 2640 5206 praestolante,
2693 5139 2807 5206 jam
2857 5138 2911 5193 in
2939 5138 3044 5195 fide
3083 5148 3135 5196 et
3186 5140 3478 5199 devotione

1880 5223 2230 5296 prtevalidus,
2255 5225 2586 5282 consistebat
2614 5226 2704 5282 ille
2734 5227 2788 5282 in
2811 5228 3005 5285 eadem
3037 5229 3170 5287 urbe
3199 5246 3298 5302 per
3315 5246 3481 5290 unam

1955 5398 2096 5461 (236)
2135 5399 2186 5450 Id
2208 5404 2302 5460 est,
2328 5414 2478 5464 usque
2503 5403 2836 5454 Cantuariam.

1955 5499 2098 5579 (3}?)
2343 5503 2520 5579 elapsis
2538 5505 2685 5579 'Hugo
2722 5505 2772 5554 in
2798 5505 3078 5579 Naustriam
3117 5507 3481 5579 transfretavlt,

1888 5571 1937 5618 et
1973 5566 2084 5618 illuc
2107 5568 2238 5619 circa
2262 5570 2684 5635 Septuagesimam
2705 5573 2818 5623 anni
2845 5572 2972 5623 H99
3007 5575 3247 5638 pervenit.
