3938 6400
515 376 650 430 1063

1367 374 1423 429 S.
1466 374 1781 431 HUGONIS
1820 372 2041 429 EPISC.
2089 370 2417 427 LINCOLN.
2467 370 2638 428 ΟΜ).
2686 370 2935 427 CARTH.

3676 370 3817 422 1064

510 498 723 556 circiter
745 497 1117 567 septimanam.
1171 497 1511 569 Disponebat
1534 516 1666 555 vero
1720 498 1904 554 limina
1952 514 2106 553 sum-
2127 499 2181 556 A
2211 497 2356 551 Inter
2386 496 2564 567 ipsum
2594 511 2725 553 vero
2748 503 2800 551 et
2830 509 3016 567 regem
3033 490 3278 548 Francize
3308 490 3374 544 ab
3407 491 3577 545 armis
3596 490 3817 547 interim

509 601 724 642 morum
752 584 1127 656 apostolorum
1163 586 1428 643 orationis
1458 588 1636 661 gratia
1665 586 1983 659 quantocius
2028 585 2110 640 in-

507 674 706 732 visere.

580 764 855 818 Czeterum
886 778 1005 818 rem
1034 761 1330 818 inauditam
1359 763 1436 818 illi
1467 763 1719 820 novimus
1740 763 1949 818 interea
1968 761 2112 819 acci-

508 851 676 907 disse.
711 849 904 906 Subito
932 850 1079 906 enim
1109 867 1271 907 secus
1311 860 1597 923 utrumque
1634 851 1827 918 femur,
1861 859 1914 907 et
1968 850 2112 907 circa

510 938 624 1007 ejus
652 938 913 1005 verenda,
938 953 1069 995 caro
1085 938 1231 995 illius
1261 939 1334 994 ita
1362 940 1691 1011 computruit
1718 947 1773 995 ut
1792 939 1901 994 duo
1922 938 2113 993 altrin-

510 1042 671 1082 secus
700 1024 985 1097 foramina,
1010 1042 1109 1083 seu
1150 1027 1333 1098 potius
1382 1027 1544 1083 fossae
1602 1028 1763 1094 binae,
1822 1026 2111 1083 horrendae

510 1114 884 1186 amplitudinis
915 1122 968 1170 et
996 1114 1384 1186 profunditatis
1412 1124 1738 1188 apparerent
1765 1132 1889 1171 cum
1930 1123 2113 1170 tamen

510 1202 628 1273 ipse
658 1218 725 1258 ex
756 1209 866 1256 tam
896 1202 1165 1258 immenso
1193 1203 1477 1259 vulnerum
1532 1203 1682 1259 hiatu
1710 1202 1844 1258 nihil
1898 1202 2113 1274 penitus

511 1290 737 1345 sentiret
797 1289 1026 1345 doloris.
1089 1289 1339 1346 Ostendit
1410 1299 1590 1347 autem
1638 1300 1787 1347 metu
1846 1290 2113 1363 gravioris

508 1377 736 1449 periculi
766 1378 977 1433 cuidam
1025 1376 1343 1434 fidelissimo
1392 1379 1530 1448 viro,
1570 1379 1933 1436 curandorum
1991 1378 2112 1433 vul-

508 1482 703 1524 nerum
733 1466 979 1522 notitiam
1010 1466 1249 1535 habenti,
1282 1467 1547 1539 magistro
1579 1466 1880 1538 Reginaldo
1936 1465 2113 1537 pisto-

512 1553 623 1624 ris,
680 1554 856 1610 locum
928 1554 1079 1609 illum
1134 1555 1431 1627 putridum,
1492 1571 1527 1611 a
1606 1571 1714 1627 quo
1780 1554 2110 1626 accepimus,

513 1642 771 1715 quiajam
799 1659 941 1713 pene
998 1660 1172 1714 usque
1226 1643 1296 1698 ad
1355 1644 1543 1699 intima
1587 1643 1859 1699 viscerum
1915 1658 2114 1699 carnes

514 1731 631 1800 ejus
686 1730 918 1803 putrida:
980 1730 1354 1787 defluxissent.
1432 1732 1780 1787 Insinuantur
1844 1732 1945 1786 ista
1994 1731 2115 1801 epi-

2212 584 2605 657 quiescendum
2652 583 3077 655 praescribebant
3128 580 3338 653 legales
3394 587 3623 651 treugae,
3676 597 3815 652 quas

2211 673 2478 727 indixerat
2507 672 2765 729 nuntiatae
2789 673 2901 742 jam
2931 678 3143 740 tempus
3174 668 3621 740 Septuagesimm.
3666 669 3806 723 Cum

2209 760 2377 833 igitur
2405 761 2745 833 pervenisset
2771 761 2890 831 ipse
2948 759 3239 831 episcopus
3270 757 3324 811 in
3380 757 3713 823 Neustriam,
3749 758 3809 811 in

2211 857 2361 905 terra
2390 850 2485 904 illa
2508 850 2578 905 ob
2618 849 2961 920 praesentiam
3010 846 3245 901 maxime
3292 844 3460 918 legati
3510 846 3660 917 (240)
3711 846 3812 901 do-

2210 938 2342 991 mini
2372 954 2545 1008 papae,
2579 937 2671 1009 qui
2701 937 2757 990 in
2785 936 2894 990 illis
2927 942 3042 990 erat
3092 933 3359 1005 partibus,
3405 933 3579 987 tribus
3634 932 3809 988 ferme

2211 1025 2525 1097 septimanis
2553 1033 2795 1081 moratus
2816 1032 2898 1079 est
2927 1022 3103 1094 (241).
3144 1022 3275 1080 Inde
3304 1021 3454 1077 circa
3494 1021 3806 1093 principiun

2212 1113 2659 1186 Quadragesimaa
2687 1111 3062 1184 Andegaviam
3083 1112 3233 1183 (242)
3261 1107 3555 1181 profectus,
3580 1108 3636 1164 in
3665 1125 3811 1181 quo-

2211 1202 2337 1257 dam
2368 1201 2611 1257 manerio
2639 1201 2851 1256 abbatis
2882 1199 3066 1255 Sancti
3094 1198 3305 1255 Nicolai
3326 1198 3475 1266 (243)
3505 1213 3613 1253 non
3638 1197 3811 1269 longe

2212 1290 2282 1345 ab
2310 1289 2443 1345 urbe
2472 1288 2969 1361 Andegavensium,
2994 1302 3104 1343 non
3125 1285 3352 1342 minoris
3374 1287 3521 1356 (244)
3546 1286 3818 1357 temporis

2213 1378 2385 1449 spatio
2402 1376 2794 1449 perendinavit,
2826 1376 2975 1446 regis
3003 1374 3330 1446 praestolans
3366 1374 3599 1429 reditum
3645 1390 3677 1428 a
3720 1373 3810 1429 lo-

2213 1466 2293 1521 cis
2323 1465 2726 1531 remotioribus,
2757 1464 2812 1519 in
2833 1464 3027 1536 quibus
3057 1463 3237 1535 ipsum
3267 1462 3479 1518 bellicis
3525 1470 3810 1518 vacantem

2212 1554 2529 1609 tumultibus
2594 1554 2744 1625 (245)
2810 1553 2961 1608 adire
3032 1551 3317 1609 videbatur
3366 1551 3527 1607 nimis
3598 1551 3809 1623 impor-

2212 1649 2422 1697 tunum.

2284 1748 2501 1802 Interea
2528 1764 2561 1803 a
2580 1746 2711 1802 viris
2740 1754 2959 1819 rogatus
2981 1745 3256 1818 religiosis
3293 1745 3501 1801 ordinis
3559 1746 3805 1802 Grandi-

511 1833 701 1890 scopo,
763 1818 856 1892 qui
911 1833 1098 1875 ceram
1151 1819 1307 1888 jubet
1350 1819 1668 1875 vulneribus
1728 1819 2114 1891 imponendam

2216 1836 2516 1891 montensis
2546 1836 2715 1907 (246),
2740 1818 2833 1907 qui
2861 1836 2916 1889 in
2944 1835 3124 1891 vicino
3176 1835 3449 1907 degebant
3479 1835 3598 1891 loco
3627 1836 3803 1905 (247),

518 1906 663 1973 dari,
698 1922 863 1979 quam
879 1913 1005 1962 tunc
1034 1905 1177 1962 forte
1206 1908 1511 1978 appositam
1540 1906 1661 1964 foco
1688 1908 1757 1963 ad
1784 1905 2120 1963 conﬁcienda

2224 1939 2415 1981 sacros
2483 1905 2708 1979 ordines
2759 1905 2907 1994 apud
2973 1939 3070 1978 eos
3121 1905 3417 1979 celebravit
3471 1923 3639 1993 (248).
3701 1922 3808 1991 Qui

523 1995 581 2051 in
607 2010 740 2050 usus
769 1993 1113 2050 necessarios
1155 1994 1459 2065 luminaria,
1492 2004 1548 2050 ut
1578 2004 1660 2051 est
1688 1994 2116 2062 consuetudinis,

511 2081 746 2139 ministri
774 2081 1145 2139 calefacienda
1190 2083 1414 2138 mollem
1444 2083 1887 2156 tractabilemque
1915 2083 2117 2139 redde-

512 2170 662 2226 bant.
696 2170 804 2226 Res
821 2169 957 2225 mira
991 2169 1004 2226 l
1039 2170 1110 2226 Ut
1139 2170 1284 2227 enim
1315 2171 1521 2227 hedera
1538 2171 1689 2228 Jonas
1718 2172 1817 2226 sub
1862 2187 1971 2227 una
2011 2188 2115 2228 no-

512 2267 597 2316 cte
627 2266 842 2328 exorta,
877 2258 978 2313 sub
1025 2274 1136 2314 una
1180 2259 1370 2316 itidem
1426 2268 1587 2316 nocte
1635 2259 2114 2331 confungientibus

512 2347 583 2404 ad
630 2347 1009 2419 paenitentiam
1050 2346 1303 2404 Ninivitis
1361 2349 1566 2403 exaruit
1621 2349 1813 2419 (Jonas
1870 2364 1947 2418 iv,
2006 2352 2111 2418 7);

511 2435 588 2491 ita
618 2435 903 2507 repentina
931 2435 1088 2491 istius
1116 2435 1429 2507 paenitentis
1480 2436 1667 2492 ulcera
1696 2437 1753 2490 in
1808 2436 2112 2493 cicatricem

509 2522 668 2580 citius
697 2531 823 2579 sunt
850 2523 1092 2590 redacta,
1128 2523 1323 2596 quibus
1350 2540 1452 2581 nec
1483 2525 1699 2596 signum
1744 2524 1964 2596 quidem
2005 2526 2109 2580 ob-

509 2611 779 2668 ductionis
810 2619 1033 2682 repente
1063 2611 1347 2683 superfuit.
1382 2612 1487 2681 Qui
1502 2621 1646 2668 totus
1661 2612 1773 2681 jam
1792 2613 2111 2684 evangelica

509 2715 683 2765 more,
719 2700 903 2754 anima
931 2699 1138 2756 scilicet
1195 2707 1249 2755 et
1297 2716 1527 2771 corpore
1582 2708 1819 2771 sanatus,
1882 2702 2111 2772 sumptis

511 2788 833 2845 solemniter
860 2803 994 2860 pera
1016 2796 1069 2844 et
1097 2787 1315 2855 baculo,
1348 2788 1665 2860 apostolica,
1698 2798 1754 2844 ut
1798 2805 2107 2861 pr0posue—

508 2884 612 2947 rat,
645 2875 848 2931 moenia
877 2876 1069 2948 petiit;
1103 2876 1433 2948 obtentaque
1476 2877 1854 2933 benedictione
1910 2878 2107 2932 summi

504 2964 778 3037 pontificis
807 2964 864 3018 in
892 2964 1147 3037 Angliam
1185 2980 1463 3034 reversus,
1495 2979 1561 3021 ac
1591 2965 1966 3022 Cisterciensis
2011 2982 2105 3023 or-

506 3052 650 3107 dinis
677 3051 923 3107 habitum
952 3051 1194 3122 indutus,
1228 3052 1387 3108 bonae
1416 3053 1843 3109 conversationis
1888 3054 2101 3121 merito,

507 3155 615 3196 non
645 3139 826 3196 minus
852 3154 971 3195 rem
994 3139 1119 3208 sibi,
1159 3156 1324 3213 quam
1348 3155 1547 3196 nomen
1592 3142 1867 3209 conversi,
1908 3158 2104 3213 perse-

504 3234 756 3284 veranter
794 3227 1110 3285 vindicavit.

1116 3352 1342 3409 CAPUT
1372 3352 1493 3410 XV.

514 3440 669 3510 Quod
694 3439 767 3496 ad
796 3441 992 3497 clerici
1021 3440 1442 3497 ordinationem
1472 3443 1534 3497 in
1557 3441 1963 3498 subdiaconum
2004 3445 2101 3499 in-

577 3513 709 3567 duci
728 3528 845 3567 non
866 3515 1119 3637 rotaret,
1152 3512 1248 3584 qui
1274 3515 1511 3582 futurus
1532 3516 1657 3567 erat
1704 3514 1972 3584 leprosus.
2032 3515 2103 3568 Et

577 3599 745 3637 auam
772 3584 859 3637 vio
886 3586 1035 3637 enta:
1054 3583 1265 3637 ﬂebant
1292 3583 1400 3637 sibi
1430 3583 1837 3637 persuasiones.
1872 3588 1935 3637 ut
1956 3586 2101 3637 regis

577 3599 745 3655 quam
772 3583 1039 3655 violenta:
1052 3583 1265 3651 ﬁebant
1292 3583 1400 3637 sibi
1425 3583 1837 3655 persuasiones,
1872 3588 1935 3640 ut
1956 3586 2101 3655 regis

542 3664 547 3667 '
577 3653 760 3710 nostri
776 3654 927 3725 iran
949 3653 1170 3725 sedaret
1184 3653 1436 3723 pecunia
1452 3653 1753 3718 mediante,
1778 3658 1835 3709 et
1854 3653 2103 3725 qualiter

574 3724 1005 3795 superveniente
1033 3723 1102 3795 de
1129 3727 1311 3795 morte
1341 3724 1486 3793 regis
1523 3739 1757 3795 rumore
1792 3727 1845 3779 ei
1865 3723 2102 3780 suaderi

576 3793 692 3850 non
720 3797 965 3865 poterat,
994 3794 1132 3876 quin
1152 3794 1273 3863 ejus
1301 3795 1657 3877 sepulturam
1687 3793 1892 3851 adiret.
1925 3826 1994 3836 —
2032 3797 2101 3851 Et

579 3861 677 3920 hoc
705 3868 789 3918 est
816 3880 940 3920 can.
977 3866 1043 3917 10
1073 3879 1136 3918 in
1165 3865 1312 3919 serie
1339 3880 1566 3920 maenae
1596 3866 1746 3920 Vitta.

816 3880 940 3934 cap.
977 3880 1043 3917 1υ
1073 3880 1136 3918 ιη
1165 3880 1312 3919 εθηθ
1339 3880 1566 3935 magna:
1597 3880 1746 3933 ηερε.

576 3964 737 4021 Circa
764 3964 819 4020 id
841 3963 1104 4036 temporis
1128 3981 1224 4020 rex
1248 3965 1361 4034 jam
1391 3966 1795 4037 expeditionem
1824 3967 2100 4023 direxerat

506 4052 773 4109 adversus
803 4053 1056 4109 comitem
1078 4053 1548 4125 Engelismensem
1606 4055 1776 4126 (238),
1808 4056 1896 4110 cui
1958 4056 2099 4125 inju-

503 4148 646 4197 stum
667 4142 816 4214 (239)
840 4183 854 4209 ,
889 4148 945 4196 ut
998 4141 1301 4213 dicebatur,
1344 4142 1543 4199 bellum
1602 4142 1801 4199 inferre
1839 4144 2087 4215 parabat.

569 4319 713 4387 (238)
766 4321 948 4373 Contra
1000 4322 1226 4374 comitem
1274 4322 1674 4377 Lemovicensem
1720 4323 1902 4374 factam
1949 4323 2096 4375 fuisse

499 4387 646 4465 istam
669 4387 1047 4452 expeditionem,
1088 4401 1215 4440 anno
1238 4390 1387 4454 1199,
1412 4392 1591 4441 asserit
1626 4390 1897 4453 Trivettus,
1928 4393 1980 4441 et
2009 4390 2095 4441 alii

496 4466 679 4518 passim
702 4467 813 4506 cum
849 4467 925 4507 eo.

2126 3195 2174 3257 Ο

2220 2012 2351 2067 dum
2398 2011 2651 2067 obnixius
2678 2015 2957 2082 peteretur
2980 2011 3049 2066 ab
3079 2012 3459 2068 archidiacono
3506 2010 3811 2067 Oxenefor—

2217 2100 2374 2155 densi
2401 2098 2573 2171 (249),
2604 2100 2825 2155 nomine
2862 2099 3148 2155 Walthero
3197 2101 3367 2171 (250),
3401 2108 3662 2171 quatenus
3712 2100 3806 2169 ju-

2216 2202 2409 2243 venem
2431 2187 2578 2256 satis,
2610 2195 2669 2243 ut
2696 2188 2999 2254 videbatur,
3045 2188 3320 2255 idoneum,
3356 2197 3647 2260 notumque
3705 2188 3812 2259 ipsi

2213 2276 2474 2346 episcopo
2495 2284 2547 2331 et
2565 2276 2805 2343 charum,
2838 2274 3053 2331 familiae
3083 2276 3254 2347 ipsius
3297 2276 3626 2333 archilevitaa
3662 2293 3808 2347 prm-

2211 2363 2469 2433 positum,
2489 2364 2932 2434 prmsentandum
2961 2364 3031 2419 ad
3053 2365 3283 2436 gradum
3311 2373 3657 2435 promoveret
3679 2365 3809 2419 sub-

2213 2452 2554 2519 diaconatus,
2586 2453 2738 2508 nulla
2765 2453 2977 2507 ratione
3004 2452 3292 2524 acquievit,
3319 2454 3415 2508 sed
3470 2469 3571 2524 pro
3609 2470 3676 2508 eo
3718 2453 3808 2507 in-

2212 2541 2556 2596 tercedentes
2576 2557 2685 2596 non
2727 2540 2844 2595 sine
2889 2548 3041 2596 motu
3114 2541 3349 2612 quodam
3421 2541 3810 2614 indignationis

2211 2629 2565 2699 compescuit.
2592 2629 2750 2697 Quod
2780 2638 2907 2684 tunc
2936 2629 3157 2701 quidem
3184 2629 3361 2683 mirati
3390 2639 3513 2684 sunt
3567 2630 3810 2685 universi

2212 2706 2317 2788 qui
2334 2718 2563 2772 aderant
2587 2736 2601 2784 ;
2627 2717 2724 2772 sed
2753 2718 2916 2788 paulo
2952 2726 3096 2789 post,
3129 2719 3320 2773 eodem
3364 2718 3560 2774 clerico
3582 2762 3597 2785 ,
3627 2718 3807 2789 culpis

2210 2806 2323 2859 suis
2353 2805 2716 2876 exigentibus,
2752 2805 2917 2876 lepra:
2960 2806 3285 2878 contagione
3315 2806 3626 2861 terribiliter
3682 2823 3810 2877 per-

2208 2892 2347 2958 fuso,
2383 2894 2462 2948 rei
2488 2902 2743 2949 eventum
2785 2894 3257 2949 considerantibus
3302 2894 3435 2949 satis
3479 2894 3669 2949 claruit
3730 2895 3811 2950 vi-

2208 2998 2331 3036 rum
2351 2982 2470 3047 Dei,
2496 2982 2641 3053 quod
2670 2982 2719 3037 ei
2768 2982 2998 3039 futurum
3044 2990 3207 3048 esset,
3256 2983 3311 3037 in
3360 2983 3550 3054 spiritu
3594 2983 3809 3054 praevi-

2207 3069 2375 3136 disse,
2400 3069 2456 3123 in
2484 3086 2593 3141 quo
2622 3070 2792 3125 noluit
2820 3070 3254 3127 benedictionem
3287 3086 3454 3127 sacrae
3492 3071 3807 3127 ordinatio-

2209 3157 2294 3212 nis
2326 3156 2593 3228 deperire.

2275 3264 2527 3318 Manente
2554 3270 2731 3319 autem
2770 3265 3026 3336 episcopo
3054 3265 3110 3320 in
3138 3265 3261 3322 loco
3290 3272 3592 3337 prmnotato
3627 3267 3805 3337 (251),

2204 3350 2527 3406 audiebatur
2580 3351 2789 3422 passim
2855 3369 3045 3425 regem
3102 3354 3158 3408 in
3213 3361 3614 3425 contemptores
3674 3371 3807 3411 suos

2202 3438 2400 3493 minari
2440 3440 2689 3511 grandia,
2722 3448 2776 3495 et
2806 3456 2954 3496 saeva
3003 3441 3199 3505 moliri,
3240 3441 3382 3497 unde
3441 3451 3491 3497 et
3544 3443 3805 3499 comitem

2202 3527 2523 3598 praedictum
2552 3529 2704 3595 (252)
2733 3537 2978 3584 evertere
2999 3529 3214 3599 penitus
3253 3529 3572 3601 festinabat.
3604 3532 3802 3586 Perhi-

2203 3615 2403 3670 bebant
2426 3615 2584 3670 etiam
2615 3616 2863 3671 nonnulli
2908 3617 3345 3672 Lincolniensem
3389 3618 3711 3689 episcopum
3734 3620 3809 3674 si-

2200 3702 2313 3757 mul
2344 3711 2395 3757 et
2423 3703 2628 3758 clerum
2656 3704 2801 3760 inter
2840 3704 2960 3760 illos
2992 3706 3313 3776 computari,
3365 3706 3563 3777 quibus
3592 3707 3663 3761 ob
3720 3709 3804 3762 sui

2202 3798 2571 3861 contemptum
2628 3793 2817 3864 gravia
2862 3809 3086 3865 quaeque
3125 3794 3426 3864 rependere
3475 3797 3802 3865 quantocius

2199 3886 2514 3935 maturaret.
2547 3880 2693 3934 Talia
2722 3881 2790 3936 de
2806 3882 3025 3937 homine
3042 3881 3380 3938 ferocissimo
3391 3883 3667 3937 audientes
3681 3884 3802 3938 cle-

2198 3966 2299 4023 rici
2320 3983 2431 4023 non
2444 3968 2795 4025 mediocriter
2814 3969 3076 4024 timebant
3092 3970 3214 4025 sibi.
3227 3970 3399 4025 Erant
3420 3971 3519 4026 sub
3534 3971 3650 4042 ipso
3667 3979 3798 4027 tem-

2198 4070 2331 4126 pore
2360 4056 2504 4126 apud
2531 4056 2724 4112 urbem
2781 4058 3287 4131 Andegaviensium
3318 4076 3383 4114 ex
3413 4059 3624 4115 clericis
3681 4062 3795 4115 He-

2197 4143 2527 4200 refordensis
2556 4145 2817 4201 Ecclesiae
2846 4146 3310 4218 praeminentiores
3357 4148 3601 4218 quaedam
3648 4165 3783 4219 per-

2196 4322 2475 4392 Trivettum
2493 4322 2691 4392 dicitur,
2719 4323 2864 4392 juxta
2905 4324 3193 4376 Lemovicas
3234 4324 3519 4377 vulneratus
3545 4327 3638 4378 telo
3683 4332 3790 4392 post

2196 4400 2376 4452 paucos
2394 4389 2502 4441 dies
2524 4390 2771 4442 occubuit.

2263 4471 2407 4538 (246)
2435 4473 2564 4525 Ordo
2587 4475 3041 4527 Grandimontensis
3082 4490 3111 4527 a
3156 4478 3210 4528 S.
3237 4478 3482 4539 Stephano
3520 4480 3782 4530 Muertensi

563 4536 710 4604 (239)
742 4538 1087 4615 Huj‘uscausa,
1113 4540 1337 4615 inventus
1359 4541 1635 4615 thesaurus,
1660 4541 1722 4593 de
1748 4552 1841 4605 quo
1866 4540 1927 4591 ad
1964 4541 2094 4593 hunc
2112 4554 2165 4615 D
2193 4538 2325 4615 circa
2347 4536 2527 4615 annum
2560 4541 2686 4592 1076
2710 4543 2938 4615 tundatur
2961 4543 3050 4615 sub
3069 4555 3241 4615 magna
3268 4536 3579 4615 districtione
3596 4546 3645 4595 in
3666 4558 3785 4615 quo-

498 4617 677 4657 annum
698 4609 850 4668 agunt
872 4607 1122 4658 Trivettus
1144 4611 1195 4658 et
1216 4608 1509 4670 Reynaldus.

566 4688 709 4754 (240)
746 4689 878 4741 Petri
902 4690 1125 4742 videlicet
1165 4692 1444 4754 cardinalis,
1470 4692 1572 4755 qui,
1608 4695 1664 4742 ut
1686 4691 1883 4755 legitur,
1925 4704 1976 4755 p.
2004 4692 2090 4752 33,

496 4756 625 4820 apud
648 4756 952 4819 Raynaldum
968 4795 983 4818 ,
1013 4757 1140 4808 inter
1162 4762 1423 4822 utrumque
1446 4759 1616 4809 Gallia:
1640 4760 1690 4809 et
1715 4759 1901 4821 Anglia:
1927 4771 2087 4820 regem

492 4824 587 4942 huc:
614 4834 743 4874 anno
766 4822 989 4874 inducias
1028 4824 1147 4875 fecit
1171 4825 1572 4888 quinquennales,
1601 4837 1631 4875 a
1666 4837 1790 4887 papa
1836 4825 2090 4877 conﬁrma-

559 4972 703 5039 (241)
744 4976 784 5025 Α
807 4976 1177 5039 Septuagesima
1200 4987 1352 5037 usque
1384 4974 1446 5026 ad
1469 4976 1921 5037 Quadragesimam.

560 5058 696 5123 (242)
723 5059 877 5121 Vulgo
927 5059 1085 5120 Anien
1127 5061 1181 5109 et
1222 5060 1429 5121 Angcrs,
1476 5060 1593 5110 olim
1635 5059 1915 5119 comitatus,
1960 5072 2089 5111 nunc

412 5188 421 5195 κ
491 5124 695 5176 ducatus
724 5126 1091 5187 Andegavensis
1119 5128 1286 5188 caput,
1312 5127 1362 5175 in
1386 5132 1480 5188 qua
1511 5130 1561 5177 et
1597 5126 1739 5177 sedes
1778 5127 2088 5190 episcopalis.

554 5207 698 5273 (243)
735 5209 943 5261 Abbatia
984 5209 1090 5260 ord.
1130 5212 1185 5260 S.
1233 5209 1415 5259 Bened.
1465 5209 1516 5259 in
1561 5209 1814 5270 suburbio,
1860 5211 1985 5273 sive,
2033 5215 2087 5262 ut

486 5275 795 5327 Mabillonius
817 5275 1007 5333 scribit.
1035 5275 1129 5325 slta
1155 5275 1213 5326 ad
1237 5278 1542 5337 prospectum
1567 5276 1700 5327 urbis
1726 5277 2086 5339 Andegavensis

487 5342 860 5409 occidentalem,
878 5342 1067 5409 tundari
1083 5344 1244 5404 empta
1263 5355 1291 5391 a
1308 5342 1520 5394 Fulcone
1539 5344 1706 5409 Nigro,
1731 5347 1780 5394 et
1801 5356 1828 5393 a
1847 5343 2082 5407 Gon‘rido,

484 5407 592 5470 ejus
616 5406 736 5472 tilio,
763 5420 890 5459 anno
918 5407 1065 5470 1060,
1092 5412 1450 5459 consummata.

551 5492 696 5557 (244)
734 5493 839 5543 lmo
863 5490 1084 5559 majoris,
1112 5491 1296 5543 inclusa
1320 5503 1477 5557 mora,
1503 5505 1649 5558 quam
1692 5494 1817 5559 apud
1868 5495 2086 5547 Grandi-

485 5562 763 5610 montenses
789 5558 925 5610 fecit.

547 5641 686 5708 (243)
725 5643 780 5693 In
806 5640 980 5705 quibus
1002 5653 1091 5694 rex
1113 5642 1297 5708 Anglia:
1317 5656 1375 5697 ex
1400 5647 1579 5709 castro,
1601 5646 1727 5710 quod
1751 5646 1931 5701 Caluca
1955 5648 2083 5713 apud

2189 4606 2567 4723 gemetenobio,
2608 4608 2735 4671 quod
2760 4610 2909 4671 caput
2943 4614 3018 4659 est
3060 4609 3262 4671 ordinis,
3302 4612 3527 4662 diceeesis
3560 4606 3776 4664 Lemovi-

2222 4686 2373 4723 ensis.

2222 4686 2353 4724 θηειε
2360 4709 2373 4722 .

2186 4756 2399 4875 ὠέέΐρ
2446 4759 2552 4810 Non
2598 4760 2783 4822 procul,
2822 4763 2879 4811 ut
2911 4760 3122 4825 videtur,
3172 4762 3234 4812 ab
3282 4762 3399 4814 urbe
3445 4763 3780 4826 Andegavensi

2254 4914 2390 4980 (248)
2428 4915 2642 4967 Sabbato
2666 4921 2781 4969 ante
2805 4920 3106 4971 Dominicam
3142 4921 3415 4972 Passionis.

2252 4997 2548 5071 (249)_Unus
2571 5013 2644 5071 e_x_
2665 5005 2856 5064 septem
2895 5007 2978 5054 aut
3003 5007 3111 5055 octo
3136 5006 3627 5071 archidiaconatibus,
3673 5010 3772 5060 sedi

2186 5063 2515 5116 Lincolniensi
2540 5063 2792 5133 subjectis,
2818 5074 2869 5120 et
2902 5083 2931 5121 a
2954 5072 3176 5133 Remigio
3205 5072 3320 5123 olim
3341 5073 3594 5125 institutis.

2255 5147 2391 5217 (250)
2436 5152 2505 5199 De
2542 5163 2637 5212 quo
2662 5151 2721 5201 ad
2748 5165 2929 5203 annum
2959 5156 3107 5217 1197,
3134 5156 3184 5205 in
3206 5157 3451 5206 Chronico
3480 5159 3687 5210 Trivetti
3713 5162 3775 5211 ita

2184 5212 2403 5287 legitur:
2440 5232 2459 5263 α
2487 5218 2735 5269 Walterus
2783 5222 2913 5287 map,
2959 5221 3021 5271 de
3061 5212 3153 5284 quo
3195 5223 3347 5273 multa
3386 5225 3659 5277 referuntur
3701 5227 3777 5287 ju-

2183 5281 2362 5397 ξειυάῗά
2383 5294 2443 5398 ei:
2464 5289 2766 5345 prtecentore
2791 5281 3119 5339 Lincolniensi
3144 5290 3513 5341 archidiaconus
3543 5281 3777 5344 Oxonién-

2213 5360 2256 5397 is
2279 5361 2305 5397 e
2366 5361 2408 5398 Cl
2437 5362 2515 5398 ur.
2547 5367 2567 5398 ι
3422 5362 3425 5371 '

2213 5360 2256 5397 18
2279 5360 2515 5399 etucttur.
2547 5367 2567 5399 Ι
3422 5362 3425 5371 ’

2253 5430 2394 5504 (231)
2445 5435 2499 5484 ln
2534 5438 2751 5504 manerio
2789 5437 2980 5489 abbatis
3019 5440 3074 5489 S.
3119 5440 3321 5504 Nicolai,
3359 5445 3442 5492 aut
3468 5443 3518 5492 in
3562 5443 3774 5495 coenobio

2180 5498 2627 5563 Grandimontensi,
2655 5515 2717 5554 ex
2739 5504 2912 5568 quibus
2935 5506 3146 5568 primum
3170 5498 3361 5559 videtur
3396 5509 3582 5561 verius.

2441 5587 2969 5666 Lemovicensem,._uti
3010 5590 3230 5666 plerique
3259 5591 3417 5657 aiunt,
3442 5596 3528 5646 aut
3568 5584 3780 5659 lineolis-

2184 5660 2424 5718 mensem,
2452 5658 2591 5714 cujus
2627 5659 2795 5708 auctor
2831 5658 2943 5709 vitae
2971 5658 3209 5710 meminit.
