3938 6406
193 356 336 408 1065

1597 357 1774 410 νιΤΑ.
1807 386 1876 397 -
1907 358 2033 412 LIB.
2079 357 2140 411 V.

3385 360 3522 412 1066

187 494 342 532 εοηειτ
377 488 689 549 praesentes
719 481 887 549 (253),
924 495 1024 550 pro
1054 480 1308 552 eligendo
1337 481 1596 551 episcopo
1626 481 1692 534 ad
1723 498 1808 535 re-
1831 486 1882 544 Α
1909 489 2076 536 tatem
2132 481 2333 551 pariter
2389 482 2656 536 bonorum
2712 497 2933 537 suorum
2955 526 2968 547 ,
3031 481 3236 553 rapinis
3285 482 3539 537 cessisse

190 586 322 639 gem
348 569 547 623 venire
581 570 950 640 disponentes.
983 570 1111 622 Erat
1159 588 1297 623 unus
1329 587 1392 624 ex
1423 570 1506 623 his
1536 585 1817 624 memora-

187 665 278 710 tus
311 657 667 723 \Valtherus,
721 657 810 729 qui
860 666 912 712 et
959 658 1376 713 archidiaconus
1427 668 1478 713 et
1523 658 1818 714 canonicus

190 754 308 800 erat
349 746 754 801 Lincolniensis
803 746 1064 817 episcopi,
1115 755 1168 801 et
1217 747 1605 817 praebcndatus
1654 746 1818 802 etiam

191 834 247 887 in
283 833 546 889 Ecclesia
606 833 1012 890 Herefordensi.
1073 835 1244 903 Quem
1276 837 1403 890 dum
1440 836 1493 888 in
1540 835 1646 890 loci
1677 837 1819 904 ejus-

192 922 322 977 dem
355 924 682 994 episcopum
738 923 958 994 quidam
1007 923 1208 994 praefici
1266 931 1586 995 exoptarent
1642 925 1812 994 (254),

192 1013 540 1080 metuebant,
602 1029 670 1067 ne
723 1012 996 1066 simultate
1068 1013 1346 1083 praesenti,
1399 1029 1502 1084 qua
1551 1014 1816 1068 adversus

194 1099 618 1156 Lincolnienses
645 1101 831 1173 regius
882 1102 1208 1156 intumuerat
1265 1102 1496 1166 animus,
1531 1102 1613 1156 sui
1663 1101 1814 1156 desi-

195 1189 338 1243 derii
373 1189 780 1260 praepediretur
810 1188 1056 1246 effectus.
1088 1190 1370 1245 Communi
1396 1190 1560 1262 igitur
1588 1190 1816 1246 consilio

199 1278 648 1334 Herefordenses
687 1294 810 1334 cum
869 1279 1358 1344 Lincolniensibus,
1418 1279 1707 1350 assumptis
1737 1295 1818 1334 se-

197 1382 323 1422 cum
356 1366 576 1422 decano
609 1375 661 1421 et
692 1375 1032 1437 praecentore
1055 1367 1460 1439 Andegavensi,
1492 1383 1593 1423 nec
1623 1382 1730 1422 non
1763 1375 1817 1422 et

197 1455 323 1508 aliis
356 1455 690 1526 quibusdam
721 1455 895 1528 ipsius
936 1455 1200 1512 Ecclesiae
1245 1455 1526 1511 canonicis
1547 1498 1560 1521 ,
1594 1456 1664 1510 ad
1693 1455 1814 1526 epi-

197 1543 496 1614 piscOpum
525 1544 729 1613 pariter
756 1544 1161 1609 convenientes,
1214 1544 1437 1598 summis
1485 1544 1536 1599 ei
1581 1544 1811 1611 nisibus,

196 1632 388 1687 conati
422 1640 550 1686 sunt
594 1633 930 1702 persuadere
981 1642 1249 1703 quatenus
1280 1649 1391 1703 prae
1436 1633 1642 1688 malitia
1669 1649 1813 1704 prae-

197 1721 440 1775 sentium
499 1720 709 1775 dierum
769 1723 848 1788 (ut
905 1737 1037 1776 suus
1093 1721 1536 1792 archiepiscopus
1617 1723 1814 1778 crebro

194 1811 635 1880 prmmonuerat)
667 1818 877 1880 tempus
905 1809 1227 1866 redimendo
1275 1811 1493 1865 nuntios
1524 1810 1593 1866 ad
1625 1827 1812 1883 regem
1835 1841 1886 1902 B

194 1898 530 1964 destinaret,
567 1898 722 1969 eique
753 1898 807 1952 in
848 1899 1064 1964 auxilia,
1107 1907 1418 1969 sumptuum
1463 1907 1666 1954 certam
1711 1917 1814 1970 pe-

190 1987 371 2042 cunia:
403 2003 680 2042 summam
709 2004 769 2042 se
798 1987 1048 2042 daturum
1094 1988 1409 2058 sponderet,
1443 2003 1508 2044 ac
1538 1988 1631 2043 tali
1659 2003 1814 2045 com-

194 2077 405 2146 pendio
439 2077 684 2147 seipsum
716 2091 748 2130 a
790 2076 980 2131 labore
1031 2075 1384 2147 dispendioso
1441 2085 1493 2132 et
1551 2076 1814 2133 sollicitu-

191 2164 323 2218 dine
353 2165 521 2218 anxia
554 2163 862 2219 absolutum
917 2165 987 2219 ad
1041 2181 1192 2218 suam
1250 2167 1570 2236 quantocius
1628 2167 1815 2221 sedem

197 2261 493 2308 revocaret
528 2271 540 2307 :
577 2277 599 2300 α
631 2255 772 2319 Jam,
799 2253 1066 2324 inquiunt,
1091 2269 1198 2308 non
1225 2253 1388 2309 modo
1411 2270 1603 2326 regna,
1639 2255 1736 2309 sed
1765 2257 1819 2309 et

192 2341 463 2413 regiones
495 2341 737 2412 singulas
768 2341 993 2396 bellicus
1024 2342 1151 2398 hinc
1180 2342 1306 2398 inde
1337 2342 1526 2414 fragor
1557 2344 1814 2408 concutit,

193 2430 504 2484 turbantur
560 2430 783 2501 populi,
845 2429 1011 2485 urbes
1063 2439 1116 2484 et
1170 2431 1321 2486 vicos
1378 2439 1553 2486 metus
1593 2432 1814 2486 invadit.

192 2518 343 2575 Nihil
371 2519 494 2587 jam
527 2527 718 2583 tutum,
750 2534 859 2572 non
891 2519 1080 2573 civitas
1129 2520 1198 2573 ad
1247 2519 1673 2585 inhabitandum,
1709 2535 1820 2575 non

195 2622 330 2678 ager
360 2607 618 2678 publicus
647 2607 714 2661 ad
745 2607 1113 2674 manendum;
1149 2607 1202 2661 in
1251 2608 1404 2662 brevi
1447 2624 1550 2664 nec
1597 2625 1818 2664 manere

193 2695 247 2748 in
283 2695 368 2749 his
401 2695 543 2751 locis
575 2712 826 2750 securum
857 2697 978 2763 erit,
1031 2711 1133 2751 nec
1163 2697 1462 2751 abscedere
1508 2697 1761 2752 liberum.
1793 2723 1814 2746 ι»

267 2784 326 2838 In
361 2784 561 2838 talibus
596 2800 733 2854 pene
781 2792 948 2839 totum
982 2784 1126 2839 diem
1177 2801 1351 2856 usque
1411 2785 1481 2838 ad
1529 2801 1820 2855 vesperum

195 2873 506 2928 consiliarii
537 2873 590 2926 in
615 2881 798 2928 nostro
825 2875 926 2928 Job
976 2890 1085 2928 non
1115 2889 1305 2944 parum
1353 2875 1573 2929 onerosi
1621 2876 1819 2930 decre-

191 2970 414 3016 verunt.
453 2962 590 3016 Nam
622 2970 672 3016 et
721 2961 809 3018 isti
840 2977 872 3016 a
931 2962 1101 3016 tribus
1149 2962 1284 3018 locis
1343 2972 1729 3028 convenerant,
1766 2970 1822 3017 ut

193 3051 312 3106 haec
343 3050 424 3105 illi
457 3051 831 3116 consulerent,
867 3060 919 3106 et
951 3051 1035 3105 his
1085 3067 1209 3106 eum
1253 3051 1408 3122 quasi
1460 3051 1821 3106 consularen-

194 3147 305 3194 tur.
339 3141 442 3195 llic
472 3155 606 3195 vero
640 3139 808 3207 solus,
869 3156 977 3194 non
1033 3149 1222 3196 contra
1250 3149 1361 3194 tres
1419 3139 1687 3206 homines,
1722 3141 1816 3194 sed

195 3237 385 3284 contra
448 3228 673 3283 totidem
729 3227 1010 3283 hominum
1055 3237 1281 3293 turmas,
1334 3228 1608 3283 indefessa
1651 3245 1814 3299 repu-

195 3334 396 3389 gnans,
434 3317 672 3372 rationes
708 3333 899 3372 eorum
939 3317 1145 3372 ratione
1200 3332 1402 3372 vacuas
1459 3317 1804 3372 ostendebat.

195 3407 312 3461 IIoc
345 3405 495 3462 enim
525 3422 633 3460 non
664 3422 806 3471 esse,
840 3415 895 3460 ut
928 3406 1004 3460 illi
1052 3406 1377 3470 sentiebant,
1429 3413 1637 3476 tempus
1667 3406 1813 3461 redi-

194 3510 370 3558 mere,
405 3495 505 3550 sed
535 3502 748 3565 tempus
801 3495 1058 3565 perdere,
1092 3503 1145 3548 et
1202 3494 1421 3566 quidem
1479 3495 1808 3565 turpissime,

196 3584 496 3648 astruebat,
530 3584 622 3637 ubi
652 3583 888 3655 dignitas
944 3591 996 3638 et
1046 3583 1268 3638 libertas
1321 3583 1582 3638 Ecclesia:
1636 3582 1812 3638 laicali

191 3670 330 3726 adeo
390 3672 761 3726 substernitur
807 3671 1077 3738 satellitio,
1140 3680 1197 3726 ut
1245 3688 1346 3727 nec
1403 3672 1654 3742 personis
1712 3688 1811 3727 nec

190 3760 641 3829 possessionibus
694 3760 1078 3816 ecclesiasticis
1127 3760 1500 3816 ecclesiastica
1557 3761 1711 3832 quies
1760 3767 1812 3815 et

194 3849 561 3919 tranquillitas
591 3849 942 3914 concedatur,
986 3849 1089 3904 nisi
1133 3849 1306 3920 pretio
1351 3849 1679 3920 importabili
1709 3865 1811 3919 pro

195 3936 463 3991 laicorum
495 3937 720 3992 arbitrio
751 3937 910 3992 hodie
943 3953 1046 4009 pax
1077 3937 1390 4003 redimatur,
1425 3955 1548 4009 quae
1576 3938 1662 3992 die
1691 3953 1810 3992 cra-

197 4025 340 4080 stino
373 4026 741 4081 rescindatur.
776 4027 842 4080 Et
897 4026 986 4081 ille
1043 4027 1263 4097 quidem
1323 4027 1451 4080 talia
1479 4027 1547 4080 de
1587 4026 1809 4082 redem-

197 4115 382 4182 ptione
418 4114 512 4169 tali
544 4115 811 4170 sentiebat
846 4122 898 4170 et
945 4114 1274 4185 proferebat.
1309 4115 1480 4169 Nobis
1529 4131 1656 4170 vero
1699 4102 1807 4184 jam

197 4201 398 4257 factum
435 4203 566 4257 satis
597 4211 677 4257 est
708 4203 1094 4272 conspicabile,
1161 4204 1290 4274 quid
1341 4219 1442 4272 per
1497 4203 1809 4271 hujusmodi

195 4293 515 4347 exactiones
547 4292 635 4345 ille
669 4292 865 4362 Spiritu
900 4293 997 4346 Dei
1029 4292 1224 4363 plenus
1279 4292 1594 4362 prmviderit
1620 4292 1674 4345 in
1705 4293 1808 4348 Ec-

195 4379 365 4435 clesia
408 4381 713 4451 Anglicana
772 4381 933 4450 paulo
964 4390 1084 4451 post
1137 4390 1454 4435 eventurum
1501 4366 1684 4451 (235);
1718 4381 1810 4451 qui

195 4467 250 4520 in
302 4469 722 4539 prmsentiarum
777 4469 1046 4535 videmus,
1097 4469 1336 4540 expulsis
1367 4478 1420 4524 et
1451 4469 1502 4523 in
1561 4469 1807 4524 exsilium

1919 570 2182 626 laicorum
2193 611 2205 624 .

1991 658 2125 714 Cum
2157 658 2320 728 igitur
2348 659 2722 714 vehementius
2767 660 3108 716 imminerent
3139 660 3520 716 consiliatores

1918 744 2219 807 memorati,
2253 751 2329 808 ut,
2372 744 2857 814 procrastinatione
2912 754 3140 811 remota,
3191 746 3372 800 statim
3401 745 3520 816 ipse

1918 832 2289 902 acquiesceret
2318 832 2548 888 consilio
2574 833 2685 901 jam
2725 833 3026 889 diutissime
3082 835 3393 905 reprobato,
3426 834 3520 890 ille

1917 919 2084 974 nimio
2115 919 2342 975 affectus
2372 921 2550 987 taedio,
2586 922 2712 992 quia
2743 924 3002 978 cernebat
3031 939 3146 988 eos,
3179 930 3439 994 quantum
3464 922 3519 977 in

1916 1008 2194 1078 proposito
2225 1025 2324 1064 suo
2351 1009 2680 1079 pertinaces,
2731 1018 2956 1075 tantum,
3009 1011 3113 1066 nisi
3169 1011 3248 1066 eis
3304 1027 3515 1066 morem

1917 1105 2152 1167 gereret,
2187 1098 2366 1153 animo
2396 1098 2792 1169 implacabiles,
2825 1099 3057 1156 invisum
3089 1101 3308 1156 tandem
3341 1100 3515 1156 collo-

1918 1185 2103 1256 quium
2124 1186 2193 1240 ita
2225 1186 2492 1242 conclusit
2525 1203 2538 1241 :
2578 1211 2598 1237 ι
2643 1189 2738 1254 Ita,
2772 1188 2961 1260 inquit,
2993 1188 3204 1256 fratres,
3255 1189 3401 1261 quod
3450 1188 3519 1245 ad

1917 1289 2158 1344 praesens
2189 1275 2289 1329 ista
2317 1275 2605 1344 sufficiant,
2639 1292 2800 1332 mane
2856 1277 3087 1333 Domino
3116 1277 3429 1349 inSpirante,
3463 1278 3519 1333 in

1916 1378 2076 1416 unam
2106 1370 2158 1418 et
2189 1363 2387 1419 bonam
2418 1365 2806 1421 conveniemus
2827 1366 3170 1434 sententiam,
3206 1381 3371 1438 quam
3400 1367 3518 1438 ipse

1917 1451 1986 1505 ad
2017 1451 2248 1523 gloriam
2279 1453 2515 1508 nominis
2545 1454 2629 1509 sui
2659 1455 2872 1510 noverit
2900 1454 3120 1510 uberius
3151 1454 3510 1526 profuturam.

1916 1539 2036 1594 Nox
2074 1539 2219 1594 enim
2266 1541 2430 1597 habet
2472 1543 2781 1610 consilium,
2827 1550 2885 1598 ut
2925 1543 3260 1615 frequentius
3303 1544 3518 1615 experi-

1916 1636 2098 1683 mento
2128 1629 2271 1685 docti
2300 1646 2509 1685 sumus.
2547 1655 2570 1680 »
2624 1631 2736 1685 Illis
2784 1639 2908 1702 post
2951 1633 3069 1688 haec
3114 1632 3518 1702 recedentibus,

1917 1715 2144 1772 afflictus
2174 1718 2289 1788 ipse
2321 1726 2375 1773 et
2405 1718 2593 1789 spiritu
2642 1719 2873 1776 anhelus
2914 1720 3277 1776 confitebatur
3324 1737 3384 1776 se
3433 1719 3521 1777 vix

1916 1820 2158 1876 unquam
2197 1805 2251 1860 in
2281 1814 2391 1860 tam
2423 1807 2578 1862 brevi
2607 1823 2759 1863 mora
2793 1815 3006 1864 tantum
3033 1808 3178 1864 taedii
3207 1809 3520 1880 pertulisse.

1917 1892 2068 1948 Sedit
2097 1910 2228 1950 vero
2260 1895 2678 1951 meditabundus
2704 1896 3036 1969 aliquandiu,
3081 1897 3524 1970 Omnipotentem

1916 1981 2106 2038 intimo
2153 1983 2332 2039 cordis
2381 1983 2578 2040 affectu
2626 2000 2878 2052 exorans,
2925 1994 2982 2042 ut
3025 1985 3105 2042 sic
3150 1986 3528 2059 perplexitatis

1916 2077 2082 2127 tantae
2132 2072 2336 2128 nodum
2383 2071 2668 2146 effugeret,
2703 2083 2970 2146 quatenus
3024 2084 3076 2132 et
3122 2075 3272 2132 illum
3301 2075 3528 2133 minime

1917 2158 2239 2225 offenderet,
2289 2170 2341 2216 et
2385 2163 2595 2219 amicos
2651 2172 2704 2219 et
2752 2163 2891 2219 filios
2961 2181 3323 2237 nequaquam,
3381 2165 3529 2222 velut

1918 2250 2267 2319 aspernando
2296 2265 2486 2305 eorum
2517 2251 2861 2319 sententiam,
2909 2253 3323 2310 scandalizaret.
3357 2254 3528 2310 Laxa-

1918 2337 1987 2392 tis
2017 2345 2198 2392 autem
2227 2339 2490 2394 membris
2518 2341 2737 2396 demum
2768 2341 2821 2395 in
2851 2357 3124 2413 soporem,
3173 2342 3356 2398 cordis
3403 2344 3522 2412 ejus

1918 2425 2104 2480 intima
2155 2428 2447 2482 Dominum
2497 2429 2770 2485 somniare
2831 2439 3133 2502 cceperunt.
3193 2432 3344 2487 Tunc
3401 2438 3526 2503 post

1919 2514 2111 2585 longas
2141 2515 2367 2570 visionis
2397 2516 2648 2572 almiflua:
2669 2518 2916 2586 delicias,
2951 2519 3094 2575 hanc
3122 2519 3335 2576 cmlitus
3365 2519 3529 2576 emis-

1921 2617 2035 2656 sam
2066 2619 2258 2658 vocem
2287 2605 2492 2661 audivit
2524 2623 2537 2660 :
2574 2607 2844 2662 Mirabilz's
2876 2609 3018 2663 Deus
3049 2610 3112 2664 in
3139 2611 3355 2664 sanctis
3386 2611 3525 2678 suis,

1921 2692 2069 2747 Deus
2098 2690 2274 2748 Israel
2292 2694 2410 2764 ipse
2431 2695 2587 2750 dabit
2605 2697 2874 2751 virtutem
2888 2697 3360 2766 etfortitudinem
3378 2698 3529 2771 plebi

1921 2797 2057 2834 suae.
2090 2781 2426 2837 Benedictus
2455 2785 2600 2839 Deus
2627 2789 2645 2838 !
2668 2785 2844 2851 (Psal.
2867 2799 3035 2850 vau,
3061 2785 3251 2856 36.)In
3268 2786 3371 2843 hac
3392 2801 3528 2843 voce

1922 2868 2014 2924 ille
2046 2884 2238 2924 somno
2279 2879 2470 2925 exutus
2501 2879 2731 2926 stratum
2761 2873 3020 2940 deseruit,
3069 2873 3338 2946 solitoque
3367 2874 3528 2933 citius

1922 2957 1989 3010 ad
2020 2957 2442 3027 confessionem,
2475 2976 2637 3031 quam
2669 2961 2756 3016 die
2803 2961 3045 3033 qualibet
3098 2962 3323 3018 Sabbati
3375 2965 3526 3036 (256)

1925 3044 2170 3113 faciebat,
2193 3048 2438 3113 accessit,
2462 3048 2516 3102 in
2533 3065 2636 3120 qua
2649 3065 2708 3105 se
2731 3049 3082 3107 vehementer
3091 3052 3527 3123 reprehendebat

1925 3150 2088 3204 super
2116 3135 2590 3209 quantulacunque
2619 3137 2938 3194 titubatione
2985 3139 3259 3207 hesterna,
3302 3155 3411 3212 qua
3439 3140 3526 3197 vel

1917 3224 2156 3293 speciem
2179 3225 2573 3280 convenientiae
2595 3226 2665 3298 [Γ.
2682 3267 2694 3295 ,
2713 3227 3092 3301 οοηηίνθηιίεε]
3105 3244 3216 3284 suae
3235 3229 3527 3285 consulen-

1914 3311 2056 3366 tibus
2095 3313 2258 3367 noxia
2309 3323 2692 3386 praerogasset.
2730 3340 2751 3362 α
2788 3315 2963 3387 Spero
3009 3324 3212 3387 tamen,
3242 3317 3436 3390 inquit,
3468 3323 3526 3373 ut

1914 3399 2189 3455 confitenti
2221 3401 2324 3455 sibi
2364 3410 2417 3456 et
2464 3403 2684 3458 deflenti
2731 3403 3064 3476 iniquitatem
3113 3421 3288 3461 meam
3333 3406 3522 3478 propi-

1911 3488 2074 3543 tietur
2121 3489 2252 3544 mihi
2311 3491 2574 3546 Dominus
2627 3500 2813 3548 noster
2868 3493 3110 3549 clemens
3165 3501 3219 3549 et
3272 3495 3416 3565 pius,
3469 3501 3522 3551 et

1901 3577 2055 3645 juxta
2084 3579 2264 3633 omnia
2295 3579 2558 3636 mirabilia
2589 3596 2686 3636 sua
2733 3590 2886 3638 eruat
2915 3599 3017 3638 nos
3044 3599 3074 3638 a
3103 3581 3360 3654 praesenti
3405 3600 3512 3639 an-

1909 3667 2106 3738 gustia.
2147 3688 2168 3716 ι

1985 3758 2127 3812 Ecce
2157 3766 2336 3813 autem
2366 3757 2421 3812 in
2453 3758 2606 3814 brevi
2635 3767 2756 3830 post
2785 3759 2903 3816 haec
2951 3759 3099 3816 venit
3143 3759 3216 3816 ad
3261 3777 3384 3817 eum
3414 3777 3516 3818 ve-

1909 3847 2169 3901 nerabilis
2199 3847 2472 3901 abbatissa
2503 3848 2570 3902 de
2601 3847 2768 3903 Fonte
2799 3849 3043 3904 Ebrandi
3065 3850 3236 3921 (257),
3270 3850 3517 3906 indicans

1909 3935 1958 3990 ei
1989 3935 2250 3990 secretius
2281 3952 2465 4008 regem
2495 3937 2604 3992 telo
2635 3936 2841 3993 balistae
2900 3953 3241 4009 percussum,
3293 3937 3518 4011 ancipiti

1909 4034 2052 4079 sorte
2106 4024 2247 4079 inter
2303 4024 2596 4080 confinium
2650 4026 2774 4082 vitae
2828 4035 2881 4082 et
2951 4027 3080 4082 lethi
3135 4028 3509 4096 fluctuantem,

1909 4112 2152 4179 diesjam
2182 4113 2387 4183 aliquot
2419 4116 2568 4183 (258)
2616 4114 2898 4170 doloribus
2951 4116 3007 4170 in
3061 4116 3240 4172 nimiis
3297 4124 3514 4188 pertra-

1909 4201 2074 4255 xisse.
2109 4200 2375 4268 Quantum
2432 4217 2560 4258 vero
2605 4204 2848 4260 recolere
2896 4220 3206 4276 possumus,
3251 4222 3346 4262 rex
3393 4206 3511 4278 ipsa

1909 4289 1996 4344 die
2028 4289 2290 4356 iaculatus
2337 4298 2419 4344 est
2467 4291 2576 4346 ictu
2624 4291 2828 4360 lethali,
2877 4309 2986 4364 qua
3033 4293 3323 4364 episcopus
3369 4293 3510 4350 adeo

1909 4377 2181 4433 cruciatus
2212 4377 2308 4432 fuit
2355 4378 2848 4449 importunitatibus
2894 4381 3098 4437 sinistri
3142 4382 3374 4438 consilii.
3427 4383 3509 4439 Eo

1909 4473 2089 4520 autem
2119 4465 2406 4522 interstitio
2435 4468 2714 4539 temporis,
2766 4469 2914 4540 quod
2956 4469 3121 4525 ictum
3167 4478 3221 4526 et
3261 4469 3508 4525 nuntium

193 4557 356 4611 trusis
387 4557 671 4613 monachis
719 4565 772 4612 et
819 4557 1048 4623 clericis,
1106 4557 1378 4628 episcopis
1434 4557 1594 4614 etiam
1626 4566 1677 4612 et
1719 4553 2205 4616 ar-Dintercessit
2233 4555 2383 4626 regis
2413 4555 2668 4624 vulneris,
2709 4572 2872 4613 nemo
2915 4557 3076 4613 etiam
3120 4559 3286 4628 (unde
3336 4558 3506 4615 mira-

192 4645 583 4718 chiepiscOpis,
618 4662 725 4702 non
760 4655 971 4717 partem
1029 4646 1342 4718 quamlibet,
1375 4646 1473 4702 sed
1530 4647 1798 4704 universi-

265 4825 413 4890 (253)
450 4826 503 4876 1η
547 4827 724 4876 Annal.
769 4827 1127 4885 Wigerniensis
1169 4827 1399 4877 Ecclesiae
1446 4839 1556 4890 pag.
1583 4828 1701 4888 477,
1746 4827 1795 4878 in

196 4895 339 4953 Angl.
365 4899 552 4946 Sacra:
590 4909 610 4939 ε
632 4896 770 4944 Anno
792 4895 940 4953 1186,
969 4895 1088 4944 obiit
1103 4894 1340 4944 Robertus
1368 4895 1519 4944 Foliot
1541 4895 1797 4956 episcopus

193 4961 592 5022 [tererer-densis,
620 4961 698 5010 cui
735 4961 967 5010 successit
1006 4961 1277 5011 Willelmus
1302 4962 1368 5010 Le
1392 4961 1505 5011 Ver.
1537 4977 1556 5008 ι
1598 4962 1797 5011 'l‘rivet-

199 5029 296 5086 tus,
324 5029 388 5079 ad
415 5028 637 5077 eumdem
665 5041 867 5091 annum,
901 5027 1034 5077 addit
1067 5028 1366 5078 Willelmum
1393 5029 1442 5077 in
1465 5028 1542 5078 die
1574 5029 1626 5078 S.
1673 5030 1797 5078 Lau-

196 5095 338 5144 rentii
365 5098 707 5146 consecratum
755 5095 941 5144 Obiisse
982 5098 1143 5144 autem
1188 5095 1320 5144 illum
1365 5095 1412 5144 in
1449 5096 1642 5145 theatro
1683 5095 1796 5145 vita:

192 5159 438 5218 humanae,
468 5175 596 5211 anno
629 5163 774 5222 1199,
805 5163 958 5211 refert
997 5163 1210 5211 Laurent
1252 5162 1558 5222 chcrlinck.
1603 5163 1655 5212 Si
1704 5163 1792 5222 ita,

193 5226 368 5279 obiisse
395 5230 561 5279 debuit
585 5229 633 5277 in
658 5229 888 5279 Januario
924 5235 1007 5278 aut
1033 5228 1298 5279 Februario
1332 5229 1449 5279 dicti
1477 5230 1608 5291 anni,
1639 5230 1706 5279 uti
1733 5242 1792 5279 ex

196 5293 288 5344 hoc
311 5296 417 5345 loco
441 5296 597 5358 colligi
625 5295 786 5345 datur.

268 5380 403 5443 (251)
431 5381 549 5430 Sine
576 5384 740 5443 optato
773 5393 1022 5429 successu.
1069 5379 1171 5429 Non
1215 5378 1346 5429 enim
1390 5380 1656 5439 Walterus,
1707 5380 1793 5431 sed

196 5443 417 5508 Egidius
457 5447 518 5498 de
582 5448 776 5497 Brenes
827 5444 919 5507 (uti
964 5445 1174 5496 habetur
1227 5447 1276 5496 in
1328 5447 1504 5498 Annal.
1554 5447 1785 5507 Wigorn.

199 5523 247 5572 p.
274 5513 392 5578 479)
420 5514 616 5576 eligitur
639 5526 764 5564 anno
796 5513 942 5576 1199,
970 5512 1019 5564 in
1044 5514 1324 5576 episcopum
1360 5512 1787 5564 I-Icrcf'ordensetn.

333 5715 576 5770 ΡΑτιιοι..
619 5711 798 5768 CLIII.

1900 4642 2133 4712 bamur),
2169 4642 2220 4698 ei
2255 4643 2550 4715 quidquam
2595 4644 2922 4716 loquebatur
2967 4662 3136 4718 super
3182 4646 3506 4704 diffinitione

1965 4824 2107 4884 (253)
2137 4824 2546 4887 Archiepiscopis,
2565 4825 2809 4888 episcopis
2825 4829 2874 4877 et
2894 4829 3166 4890 monachis,
3194 4841 3322 4880 anno
3345 4827 3500 4892 1207,

1897 4890 1946 4941 in
1971 4891 2195 4942 exsilium
2218 4892 2399 4955 missis,
2424 4893 2474 4942 in
2500 4905 2594 4956 quo
2618 4893 2762 4944 annis
2784 4894 2950 4945 multis
2975 4900 3334 4950 remanserunt.

1966 4991 2107 5057 (256)
2136 4995 2220 5044 Die
2245 4995 2408 5057 itaque
2433 4995 2654 5058 Veneris,
2681 4995 2787 5047 sive
2807 4998 2927 5048 feria
2968 5001 3128 5054 sexta.
3155 5013 3248 5062 qua
3273 5013 3359 5052 rex
3395 5002 3500 5054 vul-

1895 5065 2113 5129 neratur,
2143 5063 2277 5124 Hugo
2301 5075 2328 5111 a
2363 5063 2670 5123 consiliariis,
2715 5064 2841 5114 sicut
2889 5065 2968 5115 hic
3010 5066 3263 5129 scribitur,
3307 5081 3501 5122 summe

1895 5127 2156 5197 affligitur;
2183 5141 2280 5179 non
2331 5141 2442 5180 vero
2485 5130 2568 5180 illa
2603 5134 2748 5181 nocte
2774 5144 2866 5194 qua
2913 5145 3003 5183 rex
3045 5127 3282 5197 mortuus,
3327 5137 3398 5186 uti
3437 5149 3500 5188 ex

1894 5196 2036 5245 Surio
2061 5197 2214 5246 refert
2239 5197 2520 5258 Raynaldus
2537 5198 2586 5247 in
2613 5199 2792 5248 Annal.
2820 5200 2881 5250 ad
2904 5201 3034 5251 hunc
3059 5214 3240 5253 annum
3266 5196 3380 5266 pag.
3407 5206 3494 5255 55.

1963 5296 2106 5369 (257)
2135 5298 2396 5369 Matliildis,
2423 5299 2570 5360 huius
2595 5300 2808 5369 nominis
2830 5301 2917 5365 111,
2937 5315 3044 5365 quae
3061 5315 3117 5354 eo
3139 5315 3267 5355 anno
3286 5310 3500 5369 praeerat

1895 5365 2006 5414 huic
2032 5369 2131 5414 tam
2157 5365 2342 5415 celebri
2378 5368 2690 5418 monasterio.

1962 5466 2102 5531 (238)
2129 5445 2329 5518 Scilicet
2355 5481 2380 5518 a
2401 5467 2478 5518 die
2502 5467 2567 5518 2-3
2589 5470 2768 5534 Martii,
2794 5483 2889 5534 qua
2912 5485 2997 5524 rex
3022 5473 3194 5526 vulnus
3219 5475 3426 5541 accepit.

3265 5729 3332 5782 34
