3938 6416
411 309 548 362 1067

1293 310 1348 364 S.
1392 308 1706 364 HUGONIS
1744 307 1961 362 EPlSC.
2003 304 2325 363 LlNCOLN.
2369 308 2532 364 ORD.
2575 310 2824 366 CARTH.

3572 312 3717 364 1068

414 437 527 485 tam
559 431 717 486 ardui
759 432 964 503 negotii
1021 439 1233 504 tamque
1279 431 1554 504 urgentis;
1584 431 1702 503 ipse
1740 447 1868 488 vero
1913 429 2086 489 subA
2113 430 2282 500 gessi.
2316 432 2371 488 Si
2401 433 2530 505 quid
2571 434 2626 488 in
2671 435 2952 490 absentem
2997 433 3241 505 deliquit,
3292 433 3719 490 obtrectantium

415 518 632 574 silentio
663 519 1072 590 pmstolabatur
1102 519 1338 575 salutare
1368 519 1486 575 Dei.

481 608 736 664 Decanus
765 607 975 663 interea
1005 615 1057 664 et
1085 608 1333 664 canonici
1372 608 1789 680 Andegavensis
1817 608 2012 664 Eccle-

413 695 510 753 sia:
538 696 809 767 rogabant
840 712 984 763 eum,
1018 705 1282 768 quatenus
1331 697 1549 751 instanti
1595 698 1684 753 die
1732 695 2013 753 Dominica

409 784 706 840 Palmarum
736 785 980 840 divinum
1009 785 1154 858 apud
1191 801 1286 841 eos
1335 795 1724 857 exsequeretur
1751 784 2008 854 officium,

413 872 538 946 quia
601 889 734 928 suus
781 873 1022 945 pontifex
1062 890 1096 929 a
1139 875 1292 930 curia
1335 875 1566 930 necdum
1615 874 1850 930 redierat
1898 875 2010 929 Ro-

405 977 590 1028 mana,
621 961 676 1016 in
707 978 816 1034 qua
835 979 1008 1034 nuper
1043 962 1409 1034 episcopalem
1457 971 1774 1035 perceperat
1819 979 2012 1018 conse—

409 1051 727 1107 crationem.
761 1049 971 1119 Quibus
1001 1052 1092 1108 ille
1121 1053 1498 1124 acquiescens,
1545 1069 1670 1108 cum
1712 1053 1824 1122 jam
1870 1068 2013 1123 prae-

407 1139 623 1196 cedenti
652 1139 891 1196 Sabbato
919 1141 990 1196 ad
1021 1141 1214 1196 urbem
1263 1141 1509 1196 tenderet
1547 1149 1923 1210 memoratam,
1955 1140 2009 1195 in

407 1229 590 1284 medio
621 1228 812 1284 itinere
843 1229 1077 1284 occurrit
1108 1229 1153 1283 si
1184 1229 1432 1294 clericus,
1483 1229 1702 1284 nomine
1733 1229 2010 1285 Gilbertus

404 1317 473 1374 de
503 1316 680 1382 Lasci,
714 1317 893 1372 verbis
923 1317 1242 1374 certissimis
1290 1318 1619 1373 annuntians
1667 1334 1857 1390 regem
1899 1319 2009 1386 jam

407 1405 651 1460 debitum
681 1406 872 1460 mortis
903 1405 1202 1462 exsolvisse
1258 1407 1429 1477 (259).
1485 1406 1660 1474 Quem
1690 1415 1744 1461 et
1797 1406 1886 1462 die
1916 1423 2009 1462 se-

408 1493 594 1564 quenti
662 1493 730 1548 ad
788 1494 1020 1565 vestigia
1079 1495 1252 1565 patris
1299 1495 1382 1549 sui
1428 1495 1574 1565 apud
1623 1496 2008 1550 monasterium

407 1582 592 1638 Fontis
620 1582 866 1637 Ebrandi
895 1582 1219 1637 tradendum
1247 1583 1480 1637 innotuit
1510 1583 1806 1654 sepultura:
1837 1585 2006 1654 (260).

409 1671 504 1726 His
534 1671 624 1726 ille
653 1671 850 1726 auditis
879 1670 1040 1726 altius
1069 1671 1352 1744 ingemuit,
1397 1688 1567 1742 seque
1596 1673 1664 1727 ad
1697 1671 1874 1727 locum
1907 1673 2008 1726 de-

407 1760 683 1833 signatum
713 1775 837 1814 mox
868 1760 923 1814 in
954 1759 1276 1832 obsequium
1307 1761 1420 1814 suis
1451 1760 1717 1816 intimavit
1748 1777 1871 1816 esse
1900 1760 2003 1815 itu-

407 1864 552 1903 rum.
603 1847 762 1916 Quod
809 1865 877 1904 ne
930 1847 1156 1913 faceret,
1189 1864 1376 1903 eorum
1408 1865 1548 1920 pene
1590 1849 1914 1904 universitas
1962 1850 2013 1905 ei

409 1936 733 1992 dissuadere
763 1937 1006 1992 tentavit.
1039 1937 1142 1992 Ubi
1172 1945 1352 1992 autem
1407 1937 1655 2008 pervenit
1678 1938 1746 1992 ad
1795 1938 2008 2008 urbem,

411 2024 638 2098 agnovit
659 2025 773 2094 jam
803 2025 1226 2098 circumquaque
1274 2026 1375 2081 hos
1418 2026 1795 2096 percrebuisse
1824 2042 2012 2082 rumo-

411 2130 518 2182 res,
551 2113 864 2186 passimque
896 2113 1168 2169 viantibus
1217 2114 1503 2170 violentias
1549 2114 1756 2181 inferri,
1789 2123 1840 2170 et
1869 2116 2010 2187 rapi-

411 2218 511 2258 nas
541 2201 783 2274 undique
815 2202 1081 2258 exerceri.
1113 2203 1255 2258 Nam
1287 2211 1337 2258 et
1374 2219 1598 2258 suorum
1647 2203 1888 2275 quidam,
1921 2204 2013 2275 qui

411 2291 482 2346 ab
512 2289 712 2363 Anglia
739 2289 789 2346 ei
820 2299 1068 2362 sumptus
1097 2289 1420 2358 aﬁ'erebant,
1453 2292 1509 2346 in
1538 2307 1732 2346 manus
1759 2279 2011 2363 prmdan-

413 2379 542 2436 tium
581 2379 908 2446 inciderunt,
941 2379 1030 2451 qui
1052 2380 1132 2435 eis
1162 2379 1530 2452 quadraginta
1564 2379 1773 2454 argenti
1802 2396 2013 2436 max-cas

416 2468 776 2525 abstulerunt.
827 2468 1139 2524 Suadebant
1181 2469 1348 2540 igitur
1377 2469 1536 2525 amici
1585 2486 1690 2524 una
1737 2485 1860 2525 cum
1907 2470 2012 2525 do-

415 2556 650 2613 mesticis
678 2556 792 2612 suis
829 2573 900 2612 ne
947 2557 1186 2628 seipsum
1217 2566 1270 2612 et
1299 2573 1425 2612 suos
1474 2557 1670 2612 talibus
1719 2565 2014 2629 exponeret

413 2646 749 2713 tumultibus,
783 2645 914 2718 quin
943 2646 1122 2718 potius
1149 2645 1204 2700 in
1235 2645 1451 2702 civitate
1480 2646 1768 2714 resideret,
1803 2662 2012 2719 quous-

411 2750 518 2807 que
556 2734 673 2808 regi
727 2733 984 2790 defuncto
1039 2734 1294 2806 princeps
1341 2734 1618 2808 legitimus
1674 2736 2009 2801 succederet,

408 2839 511 2897 per
539 2839 702 2895 quem
747 2823 1109 2879 violentorum
1156 2823 1450 2896 nequitiam
1498 2823 1781 2895 comprimi
1829 2824 2016 2880 eveni-

409 2919 512 2969 ret.
541 2912 878 2968 Asserebant
907 2927 1140 2983 namque
1170 2910 1389 2983 plurimi
1437 2920 1638 2967 tantam
1669 2928 1860 2968 eorum
1890 2928 2014 2968 esse

410 3000 846 3074 perversitatem,
897 2999 1042 3072 quod
1071 3015 1182 3056 non
1227 2999 1401 3074 magis
1447 3000 1727 3056 deferrent
1775 2999 2014 3071 pontiﬁci

411 3104 576 3161 quam
605 3104 851 3161 personae
879 3088 1098 3146 cuilibet
1127 3087 1324 3145 laicali.
1349 3112 1369 3135 α
1407 3087 1547 3158 Quid
1577 3089 1739 3156 enim,
1773 3089 2010 3155 aiebant,

412 3177 570 3234 vobis
601 3185 909 3250 suppeteret
965 3176 1196 3246 consilii,
1252 3177 1298 3232 si
1343 3177 1511 3249 (quod
1557 3177 1706 3233 Deus
1735 3177 2008 3248 avertat!)

411 3265 468 3322 in
496 3273 709 3322 remota
756 3265 1043 3322 solitudine
1101 3265 1339 3322 vecturis
1381 3273 1435 3320 et
1491 3265 1736 3322 vestibus
1786 3281 1884 3321 vos
1914 3282 2011 3336 per

410 3354 547 3411 istos
577 3354 799 3427 spoliari
827 3354 1210 3427 contingeret?
1237 3375 1258 3406 ι
1286 3354 1368 3409 Ad
1410 3354 1527 3410 haec
1567 3354 1676 3423 ille,
1702 3361 1756 3408 ut
1785 3370 1916 3410 vere
1931 3355 2010 3423 ju~

409 3449 547 3510 stus,
580 3443 692 3515 qui,
718 3442 856 3500 sicut
885 3443 972 3500 leo
1004 3442 1288 3500 conﬁdens
1319 3441 1529 3514 absque
1551 3449 1757 3498 terrore
1786 3442 1839 3497 in
1863 3442 2014 3497 omni

407 3538 619 3589 terrore
647 3531 762 3599 fuit,
796 3531 905 3587 imo
945 3540 998 3588 et
1043 3531 1195 3587 illato
1239 3539 1452 3586 terrore
1497 3547 1715 3602 semper
1756 3539 2011 3587 constan-

407 3619 534 3690 tior,
569 3620 741 3692 inquit
775 3635 788 3674 :
821 3643 844 3668 α
881 3619 1024 3675 Satis
1054 3620 1240 3690 utique
1270 3626 1417 3690 patet
1463 3627 1665 3691 quanta
1711 3619 1766 3673 in
1796 3620 1900 3676 hoc
1927 3620 2012 3674 iti-

404 3725 538 3765 nere
567 3708 824 3774 timenda,
859 3708 960 3764 sed
988 3706 1210 3773 timidis,
1240 3723 1533 3762 occurrere
1557 3707 1786 3778 possint.
1809 3708 2012 3763 Verum

403 3796 538 3853 mihi
564 3796 812 3852 moribus
844 3795 1021 3868 magis
1048 3795 1348 3850 timendum
1378 3794 1646 3865 existimo,
1680 3812 1748 3852 ne
1777 3796 2011 3852 Domino

404 3883 678 3960 quondam
708 3892 761 3940 et
791 3883 910 3955 regi
939 3899 1063 3939 meo
1095 3899 1274 3939 meam
1313 3883 1584 3957 ignaviter
1631 3884 1806 3941 videat
1837 3884 1890 3939 in
1922 3885 2012 3940 tali

402 3972 630 4030 articulo
661 3973 980 4028 subtrahere
1022 3973 1390 4043 praesentiam,
1437 3989 1539 4029 nec
1579 3972 1741 4029 fidem
1771 3974 1858 4030 vel
1889 3991 2015 4047 gra-

403 4060 535 4118 tiam
563 4068 782 4117 mortuo
811 4077 1108 4130 resumere,
1154 4076 1315 4134 quam
1360 4062 1478 4118 viro
1517 4079 1736 4133 semper
1782 4063 2014 4118 devotus

403 4149 644 4206 exhibui.
677 4147 822 4219 Quid
853 4148 999 4205 enim
1027 4149 1242 4216 mirum,
1274 4149 1320 4205 si
1351 4150 1654 4207 molestiam
1683 4151 1843 4206 nobis
1864 4152 2012 4206 intu-

400 4238 547 4306 lerit,
581 4237 711 4294 dum
743 4237 846 4294 sibi
882 4237 1184 4312 amalignis
1205 4237 1540 4294 adulantium
1572 4241 1814 4296 consiliis
1836 4240 2014 4296 minus

401 4327 586 4384 cavit?
615 4335 764 4384 certe
793 4327 1138 4399 praesentiam
1164 4343 1335 4382 meam
1358 4345 1632 4400 nunquam
1651 4329 1768 4384 sine
1800 4344 2014 4384 summo

403 4415 605 4488 recepit
635 4417 866 4482 honore,
914 4432 1195 4488 nunquam
1242 4433 1328 4471 me
1374 4417 1746 4473 inexauditum
1785 4417 2011 4484 dimisit,

401 4519 523 4562 cum
553 4503 604 4561 ei
633 4520 727 4562 ore
755 4503 977 4577 proprio
1016 4521 1181 4577 super
1214 4505 1447 4578 negotiis
1478 4506 1614 4562 meis
1640 4506 1820 4578 aliqua
1869 4523 2004 4578 sug-
2032 4497 2085 4557 D

477 4685 618 4750 (259)
645 4687 713 4736 De
739 4684 850 4734 hoc.
883 4688 933 4741 in
957 4684 1136 4735 Annal.
1155 4685 1379 4734 Winton.
1399 4685 1526 4747 apud
1551 4685 1756 4736 Warth.
1790 4685 1838 4734 in
1859 4685 2003 4745 Angl.

403 4754 574 4814 Sacra,
594 4765 707 4816 pag.
735 4751 833 4801 504
861 4769 872 4799 :
911 4771 932 4792 ι
963 4752 1236 4802 Richardus
1261 4765 1348 4801 rex
1373 4753 1501 4814 apud
1526 4752 1754 4815 oppidum
1777 4753 2006 4802 Chaulew

406 4819 506 4870 telo
529 4820 778 4883 perfossus
803 4821 880 4868 est
918 4831 984 4866 vn
1011 4819 1118 4868 Kal.
1147 4818 1345 4880 Aprilis,
1373 4818 1588 4880 obiitque
1614 4832 1698 4868 vin
1727 4818 1838 4870 ldus
1871 4819 2007 4880 ejus-

405 4886 518 4938 dem
545 4885 745 4946 mensis,
771 4885 850 4936 die
878 4885 1106 4936 videlicet
1129 4885 1318 4936 Martis.

477 4970 621 5035 (260)
672 4986 693 5017 ι
731 4969 1074 5033 Sepultumque
1111 4973 1186 5020 est
1223 4981 1399 5032 corpus
1435 4966 1716 5032 (Richardi)
1758 4970 1818 5021 ad
1860 4969 2008 5033 pedes

408 5038 568 5100 patris
581 5038 656 5088 sui
684 5037 880 5088 Henrici
916 5038 1045 5099 regis
1087 5037 1212 5099 apud
1239 5038 1440 5086 Fontem
1466 5037 1718 5088 Everardi.
1749 5055 1770 5080 ι
1803 5038 1873 5087 Ita
1909 5040 2008 5087 An-

408 5104 547 5155 nales
573 5105 794 5167 Winton,
821 5103 925 5154 loco
952 5105 1172 5166 proxime
1199 5104 1367 5152 citato.

479 5187 620 5250 (261)
649 5188 1004 5251 Andegavensi,
1034 5189 1091 5238 ad
1119 5199 1264 5250 quam
1289 5187 1426 5250 Hugo
1449 5199 1639 5238 summo
1667 5199 1806 5238 mane
1845 5199 2013 5249 perve-

407 5259 619 5402 ne(;:t2)
643 5340 796 5402 Vulgo
817 5339 1070 5400 Beaufort,
1100 5339 1149 5388 in
1177 5350 1270 5401 quo
1303 5339 1596 5401 Berengaria
1622 5337 1856 5390 Richardi
1877 5339 2007 5402 regis

409 5411 524 5458 tunc
548 5407 692 5457 vidua
732 5406 1030 5458 morabatur.
1607 5420 1622 5430 ο

481 5490 618 5554 (263)
657 5491 711 5541 id
734 5494 829 5552 est,
857 5488 936 5538 die
972 5489 1031 5537 10
1071 5491 1268 5554 Aprilis,
1314 5505 1404 5555 qua
1441 5489 1624 5542 relictis
1665 5489 1712 5540 ln
1735 5485 2014 5552 Andegavia

405 5557 572 5619 sociis,
591 5560 641 5608 et
655 5557 899 5622 celebrata
924 5555 973 5622 in
997 5557 1226 5608 Beaufort
1248 5558 1412 5620 missa,
1431 5558 1653 5622 pervenit
1673 5557 1734 5608 ad
1759 5568 2012 5621 vesperum

411 5625 466 5676 in
503 5623 820 5684 Salmurium,
850 5621 1099 5676 civitatem
1129 5625 1188 5677 ad
1213 5621 1613 5690 Ligerimsitam.

2112 518 2308 586 livori,
2357 538 2464 576 non
2531 539 2644 576 sua:
2691 523 2744 576 id
2797 523 2980 576 debuit
3039 522 3289 593 pravitati
3338 540 3433 577 seu
3489 522 3717 576 malitiae

2112 609 2331 663 ascribi.
2366 610 2611 664 Reddam
2641 611 2804 684 igitur
2834 612 3008 666 vicem
3057 627 3154 682 pro
3202 611 3410 666 viribus
3438 611 3576 666 meis
3609 625 3718 664 sae-

2111 697 2234 768 pius
2262 697 2392 752 mihi
2437 698 2507 754 ab
2544 714 2610 755 eo
2653 699 2915 770 impensis
2961 700 3274 766 honoribus,
3335 716 3435 755 nec
3476 716 3575 770 per
3623 713 3720 754 me

2111 785 2273 840 stabit
2305 786 2434 858 quin
2465 787 2581 856 ejus
2621 787 2894 861 exsequiis
2935 788 3163 844 devotus
3188 787 3460 844 assistam.
3494 787 3547 842 Si
3579 804 3718 859 per-

2109 873 2259 946 genti
2291 875 2578 946 przndones
2598 886 2902 947 occurrant,
2936 877 2981 932 si
3003 893 3175 949 equos
3203 877 3414 945 tollant,
3453 877 3499 931 si
3528 885 3720 932 vestes

2111 962 2373 1029 auferant,
2408 980 2474 1020 eo
2523 965 2823 1036 expeditius
2869 965 3187 1021 incedemus
3236 982 3344 1038 quo
3391 966 3589 1021 fuerint
3619 983 3719 1022 ve-

2111 1061 2281 1107 strum
2313 1054 2545 1109 sarcina:
2599 1054 2850 1111 leviores.
2905 1055 2956 1111 Si
3004 1064 3056 1110 et
3104 1055 3273 1126 pedes
3320 1055 3714 1126 constringan-

2109 1148 2216 1206 tur,
2249 1149 2302 1197 et
2331 1141 2602 1197 incedenti
2634 1143 2863 1198 facultas
2901 1143 3223 1214 denegetur,
3248 1152 3375 1200 tunc
3409 1143 3586 1215 primo
3627 1143 3716 1198 le-

2109 1229 2296 1302 gitime
2346 1231 2694 1286 excusabitur
2744 1231 2990 1288 absentia
3046 1232 3380 1303 corporalis,
3433 1247 3552 1288 cum
3605 1247 3722 1286 non

2111 1334 2210 1373 suo
2255 1319 2401 1386 vitio,
2451 1320 2545 1374 sed
2595 1319 2787 1375 alienis
2828 1320 2987 1376 fuerit
3033 1329 3236 1376 remota
3281 1319 3371 1393 υἱ,
3421 1319 3720 1392 remorata]

2108 1407 2426 1464 obstaculis.
2467 1433 2488 1456 η

2184 1497 2309 1553 llazc
2353 1497 2562 1566 dicens,
2610 1498 2812 1554 relictis
2871 1498 2924 1552 in
2969 1497 3186 1554 civitate
3236 1498 3384 1567 (261)
3427 1498 3610 1557 sociis.
3662 1506 3717 1552 et

2111 1585 2364 1640 universa
2396 1603 2535 1657 pene
2566 1586 2889 1657 supellectili
2919 1602 3034 1653 sua,
3071 1602 3177 1642 uno
3201 1594 3408 1642 tantum
3438 1603 3502 1642 ex
3532 1587 3707 1640 mino-

2111 1674 2262 1728 ribus
2291 1674 2615 1730 clericorum
2648 1690 2896 1741 suorum,
2929 1682 2981 1730 et
3029 1691 3136 1730 uno
3184 1691 3306 1730 cum
3337 1675 3520 1746 paucis
3543 1674 3714 1730 clien-

2031 1783 2086 1846 Β
2114 1763 2258 1818 tibus
2289 1764 2579 1829 monacho,
2601 1779 2783 1819 secum
2807 1763 3161 1836 pergentibus
3182 1763 3258 1819 ire
3278 1763 3457 1834 coepit.
3475 1763 3719 1819 Audiens

2114 1867 2244 1907 vero
2277 1851 2521 1922 reginam
2552 1851 2936 1923 Berengariam
2982 1851 3035 1906 in
3078 1860 3259 1907 castro
3307 1853 3529 1921 morari,
3563 1851 3716 1922 quod

2113 1935 2510 1992 Beaufordense
2543 1936 2692 2006 (262)
2723 1934 3046 2006 appellatur,
3100 1934 3318 1990 divertit
3350 1950 3382 1988 a
3411 1934 3498 1990 via
3539 1934 3718 2005 publi-

2113 2039 2196 2091 ca,
2227 2031 2280 2079 et
2310 2041 2410 2095 per
2437 2023 2711 2079 horrenda
2738 2023 2993 2078 silvarum
3016 2023 3154 2090 loca,
3187 2031 3246 2078 ut
3273 2039 3396 2078 eam
3425 2039 3585 2094 super
3609 2023 3718 2077 viri

2113 2112 2194 2167 sui
2223 2113 2602 2168 consolaretur
2661 2111 2898 2179 interitu,
2943 2112 3012 2166 ad
3055 2120 3411 2167 memoratum
3453 2111 3716 2183 Oppidum

2110 2202 2376 2272 pervenit.
2422 2202 2762 2273 Locutusque
2811 2201 2880 2256 ad
2925 2216 3022 2256 cor
3067 2200 3261 2267 viduae,
3312 2200 3613 2267 maerentis,
3659 2209 3719 2255 et

2111 2306 2285 2362 usque
2332 2289 2401 2345 ad
2449 2290 2683 2344 animam
2742 2306 2881 2360 pene
2933 2297 3315 2356 consternatae,
3366 2290 3505 2344 miro
3545 2289 3715 2343 modo

2113 2379 2355 2450 spiritum
2405 2379 2519 2447 ejus
2566 2377 2828 2433 delinivit.
2883 2376 3058 2446 Quam
3110 2376 3327 2448 optimis
3371 2376 3717 2432 sermonibus

2113 2467 2181 2522 ad
2211 2465 2518 2522 habendam
2541 2467 2595 2521 in
2615 2466 2859 2522 adversis
2888 2466 3250 2532 tolerantiam,
3277 2474 3328 2521 et
3348 2465 3402 2520 in
3431 2466 3717 2537 prosperis

2111 2557 2380 2610 cautelam
2410 2555 2730 2620 informans,
2764 2554 3040 2611 celebrata
3079 2554 3277 2610 ibidem
3326 2555 3492 2608 missa
3520 2570 3583 2609 ac
3615 2554 3716 2609 be-

2113 2645 2422 2700 nedictione
2442 2645 2672 2699 solemni
2688 2644 2896 2716 regina:
2922 2651 2976 2698 et
3002 2643 3142 2713 aliis,
3168 2643 3258 2715 qui
3279 2643 3524 2711 aderant,
3543 2643 3719 2698 multa

2113 2749 2177 2790 ex
2209 2733 2498 2790 devotio‘ne
2527 2732 2814 2804 impertita,
2866 2732 3122 2788 continuo
3169 2732 3418 2788 recessit.
3463 2731 3716 2788 Pervenit

2112 2830 2291 2878 autem
2323 2822 2442 2893 ipsa
2470 2821 2559 2877 die
2585 2822 2735 2892 (263)
2767 2821 2835 2876 ad
2867 2820 3126 2893 oppidum
3156 2820 3302 2892 quod
3346 2821 3543 2876 Samur
3571 2820 3715 2876 dici-

2112 2919 2216 2978 tur,
2250 2919 2626 2982 exceptusque
2657 2926 2781 2966 cum
2811 2909 2991 2964 litania
3021 2909 3075 2964 in
3123 2924 3357 2966 occursu
3406 2908 3600 2965 festino
3643 2909 3715 2963 ab

2112 2999 2398 3071 oppidanis
2423 2999 2546 3065 illis,
2581 2999 2727 3070 apud
2767 2998 3082 3070 prmdictum
3127 2998 3429 3054 Gilbertum
3458 2998 3526 3053 de
3555 2997 3716 3053 Lasci

2112 3089 2284 3161 (264),
2316 3097 2444 3144 tunc
2473 3087 2544 3143 ibi
2565 3088 2766 3144 scholis
2787 3095 3092 3153 vacantem,
3129 3086 3290 3141 nimis
3320 3087 3436 3156 ejus
3464 3085 3714 3142 devictus

2107 3177 2364 3250 precibus
2392 3177 2610 3232 mansit.
2645 3179 2688 3232 Α
2739 3192 2846 3248 quo
2888 3175 3267 3232 liberalissime
3313 3183 3589 3247 exceptus,
3625 3191 3717 3232 sc-

2109 3265 2291 3338 quenti
2355 3281 2559 3334 mane,
2613 3265 2897 3320 Dominica
2955 3263 3206 3320 videlicet
3270 3264 3578 3319 Palmarum
3624 3263 3718 3319 die

2109 3356 2279 3425 (265),
2311 3355 2458 3411 venit
2476 3355 2546 3410 ad
2574 3353 2964 3410 monasterium
2989 3353 3172 3408 Fontis
3202 3351 3462 3419 Ebrandi,
3486 3351 3714 3407 obvios-

2110 3461 2216 3516 que
2245 3443 2429 3499 habuit
2456 3443 2510 3498 in
2539 3442 2671 3515 ipsis
2701 3442 2907 3497 foribus
2931 3441 3178 3498 ecclesiae
3206 3441 3343 3515 regii
3360 3441 3565 3496 funeris
3583 3457 3718 3512 por-

2110 3534 2321 3589 titores.
2356 3532 2478 3602 Quo
2507 3533 2724 3588 demum
2757 3530 3300 3587 honorificentissime
3321 3531 3472 3599 juxta
3501 3530 3714 3602 magni—

2110 3621 2382 3678 ficentiam
2411 3621 2624 3694 regiam
2654 3620 2849 3676 tradito
2884 3620 3196 3691 sepulturae,
3221 3619 3380 3675 rediit
3422 3618 3714 3690 episcopus

2111 3711 2292 3767 denuo
2321 3711 2391 3765 ad
2420 3709 2713 3780 hospitium
2743 3717 3120 3781 praetexatum.
3173 3708 3304 3764 Inde
3351 3724 3448 3780 per
3474 3707 3714 3762 triduum

2113 3799 2484 3857 continuatum
2529 3800 2679 3870 (266)
2719 3798 2790 3854 ad
2836 3797 3228 3853 monasterium
3272 3796 3406 3852 illud
3450 3813 3711 3870 pergens,

2113 3888 2462 3960 superstitum
2509 3887 2796 3943 missarum
2844 3895 2896 3942 et
2941 3885 3279 3957 psalmorum
3337 3885 3710 3957 replicatione,

2113 3986 2222 4033 tam
2253 3977 2474 4048 regibus
2512 3976 2714 4032 ibidem
2762 3975 2989 4047 sepultis
3024 3991 3188 4047 quam
3226 3973 3476 4030 ﬁdelibus
3504 3974 3714 4031 cunctis

2112 4067 2166 4121 in
2197 4067 2410 4122 Christo
2440 4065 2864 4138 quiescentibus,
2897 4063 3113 4120 veniam
3151 4063 3500 4135 implorabat,
3541 4072 3592 4120 et
3621 4063 3711 4118 lu-

2114 4156 2192 4212 cis
2221 4163 2496 4226 perpetuae
2525 4153 2856 4210 felicitatem.

2753 4260 2977 4316 CAPUT
3005 4259 3154 4315 XVI.

2119 4361 2374 4430 Qualiter
2428 4361 2692 4430 Joannes,
2732 4374 2840 4413 rex
2887 4360 3144 4430 futuras,
3187 4361 3312 4428 post
3359 4357 3711 4430 sepulturam

2185 4433 2410 4503 fratris,
2436 4429 2586 4502 apud
2607 4431 2842 4503 Fontem
2860 4429 3352 4503 Ebrandiaccessit
3373 4429 3429 4483 et
3445 4429 3634 4500 qualia
3655 4443 3712 4483 se

2177 4500 2482 4574 facturum‘
2500 4501 2840 4556 mantelibus
2860 4515 2962 4572 per
2982 4503 3241 4556 nostrum
3277 4500 3561 4571 Hugoncm
3590 4513 3709 4571 pro-

2175 4681 2316 4746 (264)
2345 4679 2655 4744 Progenitum
2680 4693 2738 4732 ex
2762 4679 2934 4743 nobili,
2960 4679 3020 4730 de
3044 4677 3399 4730 Northmannia
3423 4678 3471 4728 in
3488 4677 3708 4740 Angliam

2107 4751 2368 4812 translato,
2393 4752 2673 4800 stemmate.

2175 4869 2315 4932 (265)
2343 4870 2457 4930 Qum
2483 4881 2540 4918 eo
2557 4879 2683 4918 anno
2704 4866 2874 4918 incidit
2899 4867 2946 4917 in
2971 4865 3100 4917 diem
3128 4867 3184 4916 Η
3209 4865 3406 4928 Aprilis,
3427 4863 3710 4932 Radulphus

2105 4937 2425 4998 Goggeshale,
2454 4939 2574 4985 tom.
2604 4935 2663 4996 V,
2703 4935 2906 4985 Collect.
2948 4935 3183 4995 Martene,
3223 4945 3335 4995 pag.
3384 4934 3510 4994 857,
3542 4931 3714 4982 scribit

2109 5017 2288 5066 corpus
2315 5002 2548 5053 Richardi
2598 5001 2728 5064 regis
2771 5001 3024 5052 Dominica
3063 5001 3112 5050 in
3155 5000 3337 5051 Palmis
3353 4998 3491 5060 juxta
3525 5000 3710 5066 patrem

2108 5064 2248 5120 suum
2285 5070 2416 5130 regio
2441 5071 2630 5119 honore
2653 5067 2781 5129 apud
2818 5066 3214 5119 sanctimoniales
3240 5067 3300 5117 ab
3333 5068 3556 5130 episcopo
3599 5064 3707 5115 Lin-

2111 5137 2346 5187 colniensi
2387 5137 2640 5186 humatum
2679 5148 2802 5185 esse.

2185 5257 2316 5315 (266)
2345 5259 2417 5307 Ex
2458 5256 2702 5306 Salmurio
2739 5256 2801 5306 ad
2844 5256 3046 5305 Fontem
3091 5254 3288 5305 Ebraldi
3337 5253 3444 5315 ivit,
3478 5257 3527 5302 et
3569 5251 3715 5302 rediit

2113 5325 2253 5384 Hugo
2274 5324 2446 5373 diebus
2469 5323 2656 5373 scilicet
2685 5323 2765 5378 11,
2796 5323 2856 5372 12
2879 5328 2928 5371 et
2949 5323 3011 5371 i3
3034 5321 3234 5384 Aprilis,
3266 5321 3325 5371 ad
3359 5333 3498 5383 quem
3540 5320 3711 5380 etiam,

2107 5390 2185 5440 die
2210 5393 2267 5441 M
2287 5389 2385 5441 'una
2412 5402 2522 5440 cum
2546 5391 2728 5439 Joanne
2754 5389 2914 5439 futuro
2941 5400 3054 5450 rege
3079 5387 3312 5452 perrexit,
3339 5391 3516 5438 etcum
3541 5386 3714 5438 eodem

2112 5457 2260 5509 rediit
2283 5457 2598 5521 Salmurium,
2627 5455 2696 5507 uti
2721 5467 2780 5507 ex
2798 5467 2903 5519 seq.
2931 5468 3040 5519 cap.
3066 5458 3219 5519 patet.
