3938 6398
166 353 300 404 1069

1523 342 1704 396 VITA.
1744 369 1812 382 —
1851 339 1982 393 LIB.
2033 339 2095 392 V.

3330 336 3349 386 1
3361 335 3465 387 0⁸70

240 472 490 538 miserit,
527 475 582 525 et
623 470 688 525 de
725 469 982 539 pluribus
1026 469 1196 535 gestis
1231 466 1479 536 ejusdem
1510 464 1765 533 Joannis,
1797 462 1972 524 Allis
2004 461 2180 527 dictis,
2216 468 2268 513 et
2312 460 2382 514 ita
2431 458 2672 530 prolatis,
2722 456 2964 528 virgines
3011 456 3116 511 illae
3173 455 3468 526 prudentes

241 559 403 597 Situm
427 541 854 595 instituentibus
872 540 1321 611 reprobatione-m
1342 539 1624 606 futuram.

238 664 393 719 Feria
424 681 556 719 vero
577 671 773 735 quarta
797 664 908 731 jam
945 661 1316 716 dilucescente
1367 661 1539 730 (267),
1603 657 1772 712 frater

175 754 342 822 regis,
363 754 620 817 Joannes,
645 751 970 806 Sine-Terra
1005 751 1153 818 (268)
1185 746 1620 820 cognominatus,
1656 761 1776 799 sus-

177 850 368 912 ceptus
398 848 482 896 est
511 840 655 910 apud
705 839 1006 894 Chinonem
1047 838 1197 907 (269)
1228 852 1260 890 a
1303 835 1623 906 proceribus
1653 833 1777 904 qui-

177 930 408 984 busdam
431 929 754 1000 Anglorum,
797 934 1036 981 castrum
1091 925 1273 995 ipsum
1315 923 1682 991 servantibus,
1721 927 1780 975 ut

181 1026 445 1090 praeesset
474 1017 728 1072 omnibus
758 1016 879 1071 loco
912 1013 1098 1069 fratris
1129 1013 1230 1067 sui.
1290 1011 1516 1066 Familia
1563 1025 1780 1082 quoque

183 1107 334 1178 regis
362 1105 600 1161 defuncti
623 1104 824 1160 ibidem
854 1103 1149 1160 constituta
1168 1117 1228 1156 se
1258 1101 1329 1156 ad
1358 1099 1535 1170 ipsum
1558 1097 1784 1153 contulit

183 1196 376 1250 eadem
409 1194 519 1249 die.
554 1193 880 1248 Praestiterat
909 1191 1054 1245 enim
1098 1189 1341 1245 solemne
1391 1189 1780 1257 juramentum,

185 1283 330 1355 quod
363 1289 745 1338 testamentum
775 1280 924 1352 regis
952 1277 1193 1334 defuncti
1239 1276 1473 1332 fideliter
1521 1290 1786 1346 exseque-

186 1380 358 1426 retur.
391 1371 552 1440 Quod
582 1377 848 1441 praeterea
878 1367 1151 1440 legitimas
1192 1366 1435 1436 priorum
1490 1371 1786 1420 consuetu-

186 1460 365 1528 dines,
410 1461 694 1530 justasque
757 1466 1027 1512 terrarum
1066 1456 1180 1510 sive
1229 1453 1556 1525 populerum
1612 1453 1785 1523 leges,

187 1550 385 1620 quibus
407 1556 526 1603 erat
555 1545 951 1618 prteﬁciendus,
991 1543 1372 1600 inviolabiliter
1417 1547 1787 1598 conservaret.

192 1639 309 1693 Rex
339 1637 558 1708 quidem
599 1634 886 1690 defunctus
941 1633 1157 1688 modico
1200 1638 1322 1686 ante
1370 1631 1577 1685 obitum
1636 1645 1790 1684 suum

189 1734 434 1796 tempore
457 1723 611 1778 terris
645 1722 897 1778 omnibus
928 1736 1064 1793 quas
1096 1720 1360 1775 habuerat
1390 1719 1567 1789 ipsum
1626 1718 1794 1772 desti-

1875 550 2183 622 pulsantem
2259 549 2556 618 principem
2615 554 2968 616 compescunt
3023 553 3076 600 et
3149 545 3464 610 excludunt,

1878 639 2187 709 clausisque
2213 637 2508 709 diligenter
2528 635 2738 690 foribus
2769 635 2839 689 ad
2865 634 3045 690 socias
3100 642 3468 690 revertuntur.

1949 727 2000 781 Is
2033 741 2165 781 vero
2193 726 2258 780 ad
2309 725 2623 795 episcopum
2680 739 2999 790 conversus,
3051 723 3278 794 rogabat
3325 739 3468 788 eum,

1881 825 2148 887 quatenus
2176 814 2488 884 petitionem
2547 828 2723 878 suam,
2783 827 2882 883 pro
2929 811 3203 884 suffragiis
3260 812 3473 868 illarum

1879 904 2024 974 apud
2046 905 2219 959 Deum
2248 901 2578 969 obtinendis,
2613 901 2814 957 Christi
2852 901 3067 958 ancillis
3127 903 3474 972 exprimeret,

1881 992 2116 1064 plurima
2143 992 2308 1047 etiam
2339 993 2502 1057 bona,
2535 1007 2658 1062 qua:
2691 990 2772 1046 eis
2828 990 3076 1047 conferre
3132 990 3476 1062 disponebat,

1884 1081 2092 1137 eisdem
2121 1080 2444 1152 propalaret.
2477 1080 2575 1136 Cui
2606 1078 2696 1134 ille
2731 1093 2743 1133 :
2775 1099 2798 1130 ι
2835 1079 3046 1149 Nostis,
3103 1079 3296 1152 inquit,
3356 1079 3482 1152 quia

1886 1170 2019 1225 satis
2049 1184 2276 1226 eversor
2301 1183 2464 1224 omne
2483 1167 2844 1224 mendacium.
2877 1167 3099 1224 Cavebo
3125 1167 3294 1240 igitur
3350 1167 3485 1223 mihi

1887 1275 1956 1314 ne
1986 1258 2141 1312 labiis
2171 1257 2309 1314 meis
2336 1256 2608 1328 promissa
2645 1263 2828 1312 vestra
2879 1257 3174 1324 enuntiem,
3234 1255 3340 1312 nisi
3365 1257 3486 1312 huic

1888 1346 2188 1404 certissime
2218 1362 2252 1401 a
2278 1346 2434 1402 vobis
2463 1344 2738 1417 implenda
2765 1361 3115 1416 presumam.
3153 1366 3176 1396 ι
3208 1345 3358 1400 ,ἴαται
3394 1344 3485 1400 ille

1891 1452 1971 1502 se,
1995 1451 2104 1491 non
2134 1435 2297 1491 modo
2347 1451 2466 1507 qua:
2517 1442 2646 1490 tunc
2693 1434 3059 1506 promittebat,
3110 1433 3481 1506 impleturum,

1891 1526 1989 1581 sed
2020 1540 2118 1596 pro
2147 1532 2392 1595 tempore
2421 1532 2475 1579 et
2502 1523 2626 1580 loco
2653 1539 2716 1579 se
2745 1539 2810 1579 ea
2857 1523 3486 1595 cumulaturumi'abun-

1892 1613 2128 1668 dantius.
2158 1612 2318 1681 Quod
2345 1613 2567 1668 tandem
2623 1612 2913 1684 episcopus
2958 1611 3484 1671 sanctimonialibus.

1893 1703 2012 1772 ipso
2044 1710 2273 1769 astante,
2336 1701 2603 1772 exposuit,
2661 1702 2888 1772 ejusque
2934 1701 3178 1773 auspicia
3234 1701 3488 1772 precibus

188 1789 388 1878 tuerat,
422 1828 489 1868 eo
518 1812 662 1885 quod
694 1789 993 1881 accepisset
1041 1825 1164 1864 eum
1212 1823 1336 1864 cum
1366 1824 1495 1879 rege
1549 1807 1790 1862 Franco-
1815 1826 1867 1886 Β
1896 1791 2115 1886 υίδξιιῐξι
2144 1789 2457 1861 meliusque
2485 1790 3050 1886 εοξηῐηθηάδοῆἀᾶια
3069 1789 3347 1886 ὐηίγ-Θιξείδ
3384 1789 3494 1886 -δθο

193 1918 318 1958 rum
350 1903 405 1956 in
436 1901 520 1956 sui
566 1900 932 1972 perditionem
987 1897 1356 1968 conspirasse.
1417 1896 1521 1965 Qui
1578 1895 1680 1950 sub
1727 1911 1793 1950 ea

192 1998 514 2060 tempestate
545 2004 656 2061 qua
707 2004 802 2043 rex
836 1987 1108 2053 occubuit,
1153 1987 1299 2057 apud
1345 1992 1599 2055 nepotem
1639 1999 1794 2038 suum

194 2080 496 2135 Arthurum
527 2078 584 2132 in
607 2076 882 2132 Britannia
913 2075 1030 2131 fuit.
1061 2075 1261 2130 Fratris
1291 2089 1420 2131 vero
1438 2089 1572 2129 nece
1593 2072 1792 2140 audita,

197 2169 503 2224 Chinonem
533 2166 678 2221 venit
710 2181 829 2221 cum
860 2165 1070 2235 paucis.
1108 2164 1357 2234 Misitque
1389 2161 1567 2216 statim
1595 2161 1663 2215 ad
1684 2159 1799 2230 epi-

199 2272 429 2327 scopum
452 2263 721 2319 nostrum,
754 2255 810 2308 in
841 2254 1017 2326 burgo
1047 2251 1359 2323 supradicto
1406 2251 1557 2321 (2’70)
1613 2247 1800 2305 consi-

201 2353 460 2409 stentem,
493 2352 547 2398 et
593 2342 924 2414 repatriandi
970 2348 1331 2397 commeatum
1371 2339 1798 2411 praestolantem,

201 2433 528 2505 suppliciter
569 2448 802 2488 exorans
885 2438 1149 2503 quatenus
1207 2446 1362 2485 suam
1419 2427 1653 2485 celerius
1700 2425 1803 2482 sibi

202 2523 468 2578 exhibere
499 2521 819 2590 dignaretur
847 2520 1214 2590 praesentiam.
1269 2518 1352 2573 Ad
1390 2518 1544 2586 cujus
1590 2515 1696 2570 sibi
1750 2515 1804 2569 in

203 2613 290 2666 via
322 2609 662 2666 occurrentis
691 2617 990 2679 aspectum,
1033 2607 1124 2662 ille
1182 2607 1382 2677 gaudio
1431 2605 1652 2676 gavisus
1698 2604 1806 2658 im-

218 2715 435 2764 menso,
470 2699 709 2753 admisso
741 2713 883 2768 equo
911 2705 965 2751 et
994 2696 1186 2752 relicto
1215 2696 1475 2751 comitatu
1531 2694 1807 2758 universo,

209 2790 409 2846 obvius
441 2789 491 2842 ei
523 2787 812 2858 processit,
862 2801 1094 2857 eumque
1153 2793 1438 2840 veneratus
1492 2782 1721 2853 rogavit,
1753 2789 1810 2836 ut

211 2880 282 2934 ab
314 2893 383 2933 eo
412 2876 634 2931 minime
665 2875 987 2939 discederet,
1022 2874 1120 2929 sed
1149 2873 1352 2944 pariter
1398 2887 1585 2928 secum
1624 2887 1810 2926 rever-

209 2982 373 3021 surus
403 2965 458 3020 in
489 2963 764 3036 Angliam,
793 2963 849 3017 in
886 2963 1132 3034 partibus
1189 2961 1569 3016 transmarinis
1615 2967 1811 3016 contu-

207 3054 466 3111 bernium
496 3053 599 3107 sibi
625 3053 964 3107 individuum
1042 3051 1346 3105 exhiberet.
1409 3049 1567 3118 Quod
1605 3048 1697 3104 ille
1753 3063 1813 3102 se

211 3158 564 3215 nequaquam
596 3141 867 3196 facturum
896 3139 1124 3210 prolatis
1155 3139 1455 3194 rationibus
1512 3137 1811 3202 insinuans,

209 3232 364 3288 venit
393 3247 518 3287 cum
545 3247 612 3285 eo
641 3246 812 3301 usque
842 3229 896 3283 in
939 3229 1157 3295 Samur,
1207 3243 1329 3283 cum
1388 3226 1540 3298 prius
1595 3226 1816 3282 visitas-

215 3331 338 3377 sent
369 3319 516 3391 apud
547 3318 772 3374 Fontem
802 3317 1040 3373 Ebrandi
1069 3317 1225 3372 busta
1253 3315 1481 3387 regalia,
1514 3314 1683 3387 patris
1713 3313 1818 3370 sci-

213 3409 346 3466 licet
375 3416 429 3465 et
474 3407 657 3463 fratris
699 3406 863 3462 illius.
922 3405 1045 3470 Ubi,
1095 3421 1216 3477 quae
1271 3411 1426 3477 gesta
1471 3411 1595 3459 sunt
1668 3411 1815 3470 tunc,

217 3515 346 3555 cum
369 3499 480 3552 sint
508 3496 698 3552 notitia
727 3502 782 3550 et
823 3493 1125 3549 imitatione
1169 3494 1356 3565 digna,
1403 3508 1513 3549 non
1569 3492 1823 3548 videntur

218 3586 500 3642 desidioso
528 3584 742 3639 silentio
773 3582 1178 3654 supprimenda.

294 3677 434 3731 Cum
465 3673 608 3729 enim
640 3673 731 3726 ille
763 3686 936 3727 novus
965 3679 1237 3726 tantarum
1267 3669 1508 3741 gentium
1548 3668 1819 3729 dominus.

229 3764 474 3836 plurima
495 3762 721 3832 stipatus
754 3761 1016 3815 nobilium
1046 3767 1240 3820 turma.
1296 3759 1366 3813 ad
1423 3759 1620 3814 ostium
1677 3756 1828 3813 chori

227 3869 390 3908 manu
421 3851 640 3922 pr0pria
672 3850 898 3921 pulsans
927 3848 1143 3920 ingredi
1171 3847 1336 3904 vellet
1363 3848 1533 3917 (2³71),
1567 3855 1624 3903 ut
1654 3845 1830 3917 sepul-

227 3957 382 3998 crum
415 3940 626 3995 videret
660 3939 1060 4010 praedictorum,
1095 3952 1262 4008 seque
1317 3935 1654 3992 orationibus
1701 3951 1828 3989 san-

230 4038 332 4085 ctae
361 4029 510 4083 illius
532 4025 978 4099 congregationis
1013 4025 1442 4089 commendaret,
1504 4039 1829 4094 responsum

225 4118 438 4188 accepit
472 4133 504 4170 a
539 4115 750 4171 duabus
778 4115 1096 4170 reverendae
1123 4113 1407 4186 gravitatis
1436 4112 1830 4168 sanctimonia-

226 4207 372 4262 libus
404 4205 536 4276 quia
581 4203 887 4258 mortalium
934 4203 1068 4258 nulli
1108 4202 1300 4258 liceret
1356 4209 1447 4256 aut
1506 4209 1831 4256 conventum

229 4295 523 4365 inspicere,
548 4300 639 4346 aut
670 4299 826 4363 septa
861 4291 1118 4348 interiora
1165 4290 1336 4359 adire,
1381 4289 1492 4344 nisi
1538 4289 1638 4344 sub
1684 4305 1831 4360 prte-

232 4383 407 4439 sentia
459 4381 750 4436 abbatissa:
795 4395 926 4435 suae.
977 4401 1000 4430 ι
1054 4380 1224 4446 Illius,
1273 4379 1539 4450 inquiunt,
1601 4379 1832 4434 reditum

230 4472 399 4544 igitur
427 4487 529 4526 vos
560 4477 879 4539 exspectare
915 4475 1148 4539 oportet,
1183 4483 1304 4539 quae
1360 4483 1483 4522 mox
1518 4467 1586 4522 de
1641 4467 1834 4522 itinere

1898 1879 2225 1948 nedictione,
2257 1893 2364 1933 una
2393 1893 2518 1932 eum
2548 1878 2669 1949 ipso
2691 1894 2823 1950 rege
2854 1878 3126 1935 discessit.
3176 1878 3276 1933 Cui
3327 1877 3489 1932 etiam
3546 1894 3554 1900 ·

1890 1969 2000 2038 jam
2031 1967 2266 2039 plurima
2295 1967 2365 2022 de
2400 1967 2600 2038 pietate
2646 1966 2701 2020 in
2748 1967 2942 2033 Deum,
2989 1967 3060 2022 de
3113 1965 3398 2022 clementia
3435 1966 3493 2021 in

1898 2055 2164 2122 subditos,
2195 2056 2266 2110 de
2279 2054 2486 2124 justitia
2513 2055 2567 2110 in
2594 2054 2881 2111 universos
2901 2055 3252 2111 disseruerat.
3297 2054 3401 2124 Qui
3423 2055 3493 2110 ad

1899 2144 2078 2200 omnia
2107 2159 2167 2199 se
2204 2151 2453 2215 paratum
2509 2144 2798 2216 animoque
2841 2159 3072 2216 pronum
3117 2159 3182 2201 ac
3235 2144 3494 2200 devotum

1900 2241 2235 2298 contestans,
2258 2233 2309 2288 ei
2339 2241 2592 2304 tanquam
2619 2233 2762 2305 patri
2787 2240 2838 2288 et
2867 2233 3192 2304 praeceptori
3223 2248 3284 2289 se
3311 2249 3377 2290 ex
3406 2233 3494 2288 in-

1901 2330 2061 2393 tegro
2077 2337 2296 2392 semper
2312 2322 2616 2393 periturum
2657 2320 2957 2389 afﬁrmans,
2980 2322 3144 2378 totius
3188 2322 3274 2378 sui
3302 2321 3496 2378 mode-

1902 2411 2172 2466 rationem
2218 2410 2363 2464 illius
2419 2410 2686 2466 sanctitati
2739 2411 2994 2466 attentius
3048 2410 3487 2466 commendabat.

1873 2513 1876 2516 ’
1906 2499 2004 2555 Cui
2033 2499 2196 2554 etiam
2217 2499 2360 2554 inter
2386 2499 2578 2555 amicae
2607 2499 3062 2556 confabulationis
3089 2499 3262 2556 verba
3284 2498 3496 2570 produ-

1905 2595 2052 2643 ctum
2084 2603 2114 2642 e
2143 2587 2264 2642 sinu
2293 2587 2532 2657 lapidem
2583 2602 2718 2644 auro
2765 2587 3051 2654 inclusum,
3111 2597 3166 2644 et
3209 2587 3348 2644 collo
3396 2601 3499 2644 suo

1907 2691 2210 2748 appensum
2238 2675 2569 2743 ostenderat,
2603 2692 2858 2732 asserens
2877 2679 3022 2733 hunc
3038 2677 3252 2734 cuidam
3276 2691 3501 2732 suorum

1906 2765 2318 2838 progenitorum
2348 2778 2468 2820 cum
2499 2765 2594 2819 tali
2623 2765 2792 2821 fuisse
2839 2766 3049 2822 caelitus
3106 2765 3498 2837 pollicitatione

1909 2854 2187 2920 donatum,
2222 2853 2368 2925 quod
2397 2869 2675 2924 nunquam
2702 2854 3010 2925 privaretur
3052 2853 3209 2910 avita:
3255 2853 3503 2909 domina-

1911 2941 2072 2997 tionis
2101 2941 2474 3012 amplitudine,
2531 2942 2779 3013 quisquis
2835 2956 3219 3000 successorum
3277 2957 3502 2998 suorum

1911 3031 2088 3102 ipsum
2118 3030 2406 3086 meruisset
2426 3031 2737 3101 possidere.
2778 3031 2858 3086 Ad
2886 3033 3004 3088 haec
3033 3047 3167 3088 vero
3211 3030 3504 3102 episcOpus

1912 3118 2198 3174 confestim
2228 3119 2589 3190 responderat
2621 3133 2634 3173 :
2673 3141 2695 3168 α
2731 3119 2874 3186 Non,
2909 3117 3506 3193 inquiens,insensibili

1839 3188 1887 3250 ί)
1914 3207 2097 3278 lapide
2126 3188 2377 3263 fiduciam
2393 3207 2626 3278 ponatis,
2661 3207 2760 3264 sed
2802 3188 3011 3264 tantum
3056 3209 3112 3264 in
3149 3207 3331 3280 lapide
3386 3207 3512 3263 vivo

1918 3304 1972 3352 et
1997 3311 2128 3353 vere
2157 3296 2386 3364 coelesti,
2421 3295 2654 3353 Domino
2681 3305 2870 3353 nostro
2897 3298 3027 3354 Jesu
3084 3298 3323 3353 Christo.
3374 3295 3514 3351 Huic

1918 3384 2330 3440 fundamentum
2360 3384 2543 3440 cordis
2571 3384 2755 3454 vestri,
2780 3385 2904 3442 huic
2935 3385 3052 3458 spei
3068 3394 3264 3442 vestrae
3301 3384 3513 3440 ancho-

1921 3488 2039 3528 ram
2096 3473 2405 3528 firmissime
2447 3472 2790 3545 imprimetis.
2851 3474 2950 3530 Hic
3005 3473 3151 3530 enim
3207 3473 3416 3531 solidus
3459 3478 3516 3527 et

1921 3562 2077 3617 vivus
2105 3561 2264 3632 lapis,
2294 3569 2349 3616 ut
2391 3576 2584 3618 omnes
2639 3563 2952 3619 resistentes
3003 3563 3108 3619 sibi
3153 3562 3403 3628 conterit,
3437 3560 3510 3616 ita

1922 3651 2027 3705 sibi
2055 3650 2346 3706 innitentes
2376 3651 2616 3706 deﬂuere
2658 3667 2770 3707 non
2812 3652 2984 3718 sinit;
3046 3653 3144 3708 sed
3185 3652 3256 3707 ad
3315 3649 3514 3706 altiora

1925 3755 2144 3811 semper
2173 3740 2443 3808 attollens,
2466 3740 2618 3810 ipsos
2647 3741 2811 3796 etiam
2869 3741 2940 3797 ad
2975 3741 3245 3813 ampliora
3299 3754 3524 3813 prome-

1926 3829 2100 3885 renda
2127 3828 2406 3886 dilatando
2447 3829 2710 3885 extendit.
2755 3853 2778 3878 ι»

1999 3935 2132 3991 Cum
2163 3951 2294 3992 vero
2323 3935 2392 3990 ad
2410 3936 2676 4007 porticum
2700 3937 2814 4006 jam
2834 3937 3213 4010 pervenissent
3251 3939 3520 4009 ecclesiae,

1928 4023 2020 4079 ubi
2052 4024 2263 4095 species
2292 4041 2386 4080 seu
2407 4024 2590 4096 imago
2620 4027 2924 4098 regressuri
2954 4027 3182 4083 extremi
3219 4029 3520 4098 examinis,

1933 4127 2038 4184 quo
2069 4112 2226 4168 electi
2281 4129 2314 4168 a
2360 4113 2612 4183 reprobis
2669 4123 3042 4183 secernuntur,
3105 4116 3385 4188 eleganter
3425 4135 3528 4191 pro

1931 4201 2152 4257 modulo
2183 4201 2402 4256 humani
2421 4200 2629 4258 artificii
2661 4203 2982 4274 exprimitur
3003 4219 3172 4275 opere
3217 4206 3527 4279 sculptoris,

1934 4289 2226 4362 epiSCOpus
2254 4289 2528 4359 comitem,
2564 4290 2798 4345 futurum
2829 4292 2883 4345 in
2915 4293 3161 4362 proximo
3193 4308 3400 4367 regem,
3426 4311 3540 4352 ma-

1933 4394 2003 4433 nu
2034 4379 2296 4449 protraxit
2323 4377 2393 4433 ad
2423 4379 2615 4435 laevam
2635 4379 2853 4448 judicis,
2885 4381 2977 4434 ubi
3021 4397 3181 4454 reges
3241 4397 3363 4438 cum
3411 4385 3526 4440 suis

1935 4466 2243 4539 insignibus
2297 4467 2436 4522 inter
2489 4467 2774 4523 damnatos
2826 4469 3102 4524 audituri:
3141 4490 3163 4520 ι
3216 4470 3314 4538 Ite,
3359 4471 3535 4528 male-

233 4542 489 4632 speratur
518 4573 829 4613 reversura.
872 4559 988 4613 Nec
1023 4557 1212 4612 duram
1249 4563 1466 4628 reputet
1511 4555 1834 4611 excellentia
1862 4542 2083 4621 Ddicti,
2141 4555 2196 4610 in
2245 4556 2431 4627 ignem
2486 4564 2747 4612 aeternum
2801 4557 3022 4628 (Matth.
3076 4573 3208 4626 xxv,
3257 4560 3349 4631 ιι)
3384 4578 3399 4626 ;
3429 4582 3450 4610 ι
3499 4576 3534 4617 a

227 4657 412 4703 vestra
433 4647 580 4720 quod
610 4661 711 4701 nec
740 4645 884 4700 illius
908 4645 1100 4700 intuitu
1131 4645 1342 4700 ordinis
1385 4652 1586 4699 statuta
1634 4643 1833 4698 infrin-

232 4738 433 4808 gimus.
473 4738 534 4790 ln
567 4736 671 4790 hoc
701 4735 881 4806 potius
910 4734 1075 4790 clarae
1103 4733 1383 4789 memoria:
1412 4733 1629 4805 genitor
1656 4739 1836 4789 vester

237 4825 392 4881 vobis
422 4825 716 4878 imitandus
743 4831 1052 4890 censeatur,
1087 4823 1254 4896 quiin
1283 4821 1416 4877 viris
1473 4821 1748 4892 religiosis
1779 4820 1834 4875 id

235 4931 397 4986 quam
426 4913 659 4968 maxime
690 4913 1071 4979 venerabatur,
1103 4913 1148 4966 si
1193 4911 1384 4966 tradita
1418 4909 1518 4964 sibi
1567 4911 1835 4980 majorum

237 5003 481 5058 instituta
511 5001 684 5073 rigida
709 5010 761 5056 et
789 5001 1087 5057 inviolabili
1105 5001 1392 5057 devotione
1411 5000 1783 5056 observarent.
1811 5024 1830 5047 υ

302 5182 438 5245 \967)
470 5184 585 5244 Qus:
613 5185 720 5232 erat
745 5182 851 5232 dies
882 5181 941 5231 14
972 5181 1167 5243 Aprilis.

306 5267 442 5328 (268)
471 5267 554 5316 Sic
591 5267 767 5325 dictus,
809 5267 882 5316 vel
931 5265 1060 5328 quia,
1108 5266 1336 5315 fratribus
1385 5265 1488 5326 ejus
1527 5265 1585 5314 ad
1625 5267 1836 5314 honores

241 5335 565 5395 amplissimos
599 5335 658 5383 ab
685 5333 890 5382 llem'ico
915 5337 1054 5395 patre
1076 5332 1367 5391 sublimatis,
1394 5333 1496 5393 ipse
1521 5332 1652 5382 velut
1673 5331 1839 5392 junior

244 5400 364 5449 nihil
393 5401 628 5460 habebat,
653 5403 707 5448 ut
728 5399 902 5449 scribit
943 5399 1210 5457 Trivettus,
1238 5399 1332 5460 vel,
1378 5398 1487 5460 quia
1525 5412 1552 5448 a
1596 5398 1840 5449 Richardo

238 5467 390 5516 fratre
417 5468 569 5517 etiam
595 5467 789 5516 tandem
817 5466 1032 5515 obtentis
1057 5466 1202 5515 terris
1223 5466 1458 5527 spoliatus
1485 5466 1594 5515 fuit.

312 5547 456 5611 (269)
491 5571 510 5592 α
540 5550 715 5600 Statim
762 5549 952 5603 (scribit
986 5549 1258 5610 Coggehale
1296 5549 1418 5612 apud
1463 5549 1702 5610 Martene,
1746 5548 1836 5599 col.

242 5616 360 5679 859)
389 5617 600 5667 Chinum
627 5617 877 5667 castellum
903 5617 1038 5677 adiit,
1068 5615 1146 5664 ubi
1174 5617 1429 5666 thesaurus
1463 5616 1626 5678 regius
1667 5627 1840 5666 scrva-

1933 4644 2328 4716 gchennalibus
2356 4646 2651 4701 tortoribus
2681 4645 2962 4718 rapiuntur
2989 4646 3045 4701 in
3074 4654 3356 4714 tartarum,
3400 4657 3532 4706 tunc

1933 4734 2004 4788 ait
2026 4733 2314 4805 episcOpus
2356 4748 2419 4788 τα
2465 4735 2673 4790 Horum
2727 4735 2953 4804 ejulatus
3008 4743 3061 4792 et
3109 4736 3540 4795 interminabiles

1935 4821 2208 4878 cruciatus
2264 4821 2419 4878 vobis
2465 4823 2838 4879 indesinenter
2893 4824 3102 4879 animus
3164 4833 3538 4897 repraesentet.

1936 4911 2064 4966 Haec
2099 4920 2359 4983 perpetua
2426 4910 2696 4984 supplicia
2749 4913 2905 4969 vobis
2953 4901 3075 4970 ante
3115 4913 3302 4971 cordis
3353 4915 3542 4974 oculos

1934 5000 2151 5055 assidue
2182 5009 2480 5056 versentur.
2529 5002 2736 5057 Horum
2775 5002 3040 5058 malorum
3095 5003 3286 5059 sedula
3345 5021 3537 5062 recor-

1940 5181 2103 5244 batur,
2132 5185 2404 5247 traditoque
2429 5185 2522 5234 sibi
2565 5186 2760 5236 castello
2795 5189 2844 5235 et
2886 5186 3118 5236 thesauro
3154 5197 3181 5234 a
3207 5183 3420 5236 Roberto
3478 5186 3542 5238 de

1939 5251 2238 5313 'l‘urneham,
2269 5265 2379 5302 mox
2403 5253 2495 5302 alia
2523 5253 2742 5315 castella,
2765 5255 2887 5316 etc.,
2927 5251 3202 5315 occupavit.
3239 5269 3259 5300 ι

1939 5352 2142 5468 ωὲἒῖο)
2188 5353 2423 5404 Videlicet
2467 5354 2516 5404 in
2562 5355 2826 5418 Salmurio,
2874 5356 3016 5418 vulgo
3057 5355 3271 5418 Samur,
3321 5358 3371 5407 et
3416 5355 3547 5408 Sau-

2010 5513 2148 5576 (271)
2175 5514 2433 5576 Egregium
2458 5515 2652 5564 omnino
2679 5514 2738 5564 dc
2764 5514 2894 5564 illius
2911 5517 3146 5580 temporis
3170 5518 3542 5573 accuratissima

1943 5581 2383 5631 sanctimonialium
2411 5582 2575 5632 Fontis
2596 5582 2790 5632 Ebraldi
2815 5583 3037 5634 clausura
3065 5585 3399 5638 testimonium
3423 5586 3434 5637 l
