  <div class='ocr_page' id='page_1' title='image "/cluster/home/n/w/nwhite01/storage/ocr_20150623/153-154/uc1.31175019678096/541.png"; bbox 0 0 3938 6418; ppageno 0'>
   <div class='ocr_carea' id='block_1_1' title="bbox 442 332 571 385">
    <p class='ocr_par' dir='ltr' id='par_1_1' title="bbox 442 332 571 385">
     <span class='ocr_line' id='line_1_1' title="bbox 442 332 571 385; baseline 0.023 -3"><span class='ocrx_word' id='word_1_1' title='bbox 442 332 571 385; x_wconf 84' lang='grc'>1071</span> 
     </span>
    </p>
   </div>
   <div class='ocr_carea' id='block_1_2' title="bbox 1295 329 2836 388">
    <p class='ocr_par' dir='ltr' id='par_1_2' title="bbox 1295 329 2836 388">
     <span class='ocr_line' id='line_1_2' title="bbox 1295 329 2836 388; baseline 0 -2"><span class='ocrx_word' id='word_1_2' title='bbox 1295 333 1351 386; x_wconf 93' lang='lat' dir='ltr'><strong>S.</strong></span> <span class='ocrx_word' id='word_1_3' title='bbox 1397 332 1708 388; x_wconf 85' lang='lat' dir='ltr'><strong>HUGONIS</strong></span> <span class='ocrx_word' id='word_1_4' title='bbox 1746 330 1961 386; x_wconf 87' lang='lat' dir='ltr'><strong>EPlSC.</strong></span> <span class='ocrx_word' id='word_1_5' title='bbox 2004 329 2325 384; x_wconf 86' lang='lat' dir='ltr'><strong>LlNCOLN.</strong></span> <span class='ocrx_word' id='word_1_6' title='bbox 2368 330 2537 386; x_wconf 81' lang='lat' dir='ltr'><strong>0RD.</strong></span> <span class='ocrx_word' id='word_1_7' title='bbox 2587 333 2836 387; x_wconf 82' lang='lat' dir='ltr'><strong>CARTH.</strong></span> 
     </span>
    </p>
   </div>
   <div class='ocr_carea' id='block_1_3' title="bbox 3599 338 3740 392">
    <p class='ocr_par' dir='ltr' id='par_1_3' title="bbox 3599 338 3740 392">
     <span class='ocr_line' id='line_1_3' title="bbox 3599 338 3740 392; baseline 0.014 -2"><span class='ocrx_word' id='word_1_8' title='bbox 3599 340 3620 390; x_wconf 93' lang='lat'><strong>1</strong></span> <span class='ocrx_word' id='word_1_9' title='bbox 3633 338 3740 392; x_wconf 77' lang='lat'><strong>0&#39;72</strong></span> 
     </span>
    </p>
   </div>
   <div class='ocr_carea' id='block_1_4' title="bbox 441 453 3740 530">
    <p class='ocr_par' dir='ltr' id='par_1_4' title="bbox 441 453 3740 530">
     <span class='ocr_line' id='line_1_4' title="bbox 441 453 3740 530; baseline 0.001 -19"><span class='ocrx_word' id='word_1_10' title='bbox 441 456 587 512; x_wconf 98' lang='lat' dir='ltr'><strong>datio</strong></span> <span class='ocrx_word' id='word_1_11' title='bbox 617 457 813 512; x_wconf 77' lang='lat' dir='ltr'><strong>doceat</strong></span> <span class='ocrx_word' id='word_1_12' title='bbox 841 472 937 510; x_wconf 89' lang='lat' dir='ltr'><strong>vos</strong></span> <span class='ocrx_word' id='word_1_13' title='bbox 967 463 1164 526; x_wconf 91' lang='lat' dir='ltr'><strong>quanto</strong></span> <span class='ocrx_word' id='word_1_14' title='bbox 1185 455 1269 508; x_wconf 91' lang='lat' dir='ltr'><strong>sui</strong></span> <span class='ocrx_word' id='word_1_15' title='bbox 1298 455 1587 526; x_wconf 89' lang='lat' dir='ltr'><strong>dispendio</strong></span> <span class='ocrx_word' id='word_1_16' title='bbox 1643 455 1762 509; x_wconf 88' lang='lat' dir='ltr'><strong>aliis</strong></span> <span class='ocrx_word' id='word_1_17' title='bbox 1794 456 1859 508; x_wconf 91' lang='lat' dir='ltr'><strong>ad</strong></span> <span class='ocrx_word' id='word_1_18' title='bbox 1890 462 2026 509; x_wconf 85' lang='lat' dir='ltr'><strong>tem-</strong></span> <span class='ocrx_word' id='word_1_19' title='bbox 2048 456 2098 513; x_wconf 87' lang='lat' dir='ltr'><strong>A</strong></span> <span class='ocrx_word' id='word_1_20' title='bbox 2131 453 2186 506; x_wconf 90' lang='lat' dir='ltr'><strong>in</strong></span> <span class='ocrx_word' id='word_1_21' title='bbox 2216 469 2376 524; x_wconf 89' lang='lat' dir='ltr'><strong>quam</strong></span> <span class='ocrx_word' id='word_1_22' title='bbox 2409 454 2590 509; x_wconf 90' lang='lat' dir='ltr'><strong>oblata</strong></span> <span class='ocrx_word' id='word_1_23' title='bbox 2610 455 3092 526; x_wconf 80' lang='lat' dir='ltr'><strong>congregabantur</strong></span> <span class='ocrx_word' id='word_1_24' title='bbox 3115 471 3400 520; x_wconf 89' lang='lat' dir='ltr'><strong>;nummos</strong></span> <span class='ocrx_word' id='word_1_25' title='bbox 3428 457 3578 528; x_wconf 90' lang='lat' dir='ltr'><strong>ipsos</strong></span> <span class='ocrx_word' id='word_1_26' title='bbox 3605 475 3740 530; x_wconf 86' lang='lat' dir='ltr'><strong>pro-</strong></span> 
     </span>
    </p>
   </div>
   <div class='ocr_carea' id='block_1_5' title="bbox 440 542 2031 616">
    <p class='ocr_par' dir='ltr' id='par_1_5' title="bbox 440 542 2031 616">
     <span class='ocr_line' id='line_1_5' title="bbox 440 542 2031 616; baseline -0.001 -17"><span class='ocrx_word' id='word_1_27' title='bbox 440 561 544 616; x_wconf 92' lang='lat' dir='ltr'><strong>pus</strong></span> <span class='ocrx_word' id='word_1_28' title='bbox 573 545 844 600; x_wconf 91' lang='lat' dir='ltr'><strong>modicum</strong></span> <span class='ocrx_word' id='word_1_29' title='bbox 874 542 1248 614; x_wconf 72' lang='lat' dir='ltr'><strong>praeﬁciuntur</strong></span> <span class='ocrx_word' id='word_1_30' title='bbox 1289 544 1548 615; x_wconf 86' lang='lat' dir='ltr'><strong>regendis</strong></span> <span class='ocrx_word' id='word_1_31' title='bbox 1578 543 1906 612; x_wconf 85' lang='lat' dir='ltr'><strong>hominibus,</strong></span> <span class='ocrx_word' id='word_1_32' title='bbox 1941 542 2031 614; x_wconf 88' lang='lat' dir='ltr'><strong>qui</strong></span> 
     </span>
    </p>
   </div>
   <div class='ocr_carea' id='block_1_6' title="bbox 443 631 2026 705">
    <p class='ocr_par' dir='ltr' id='par_1_6' title="bbox 443 631 2026 705">
     <span class='ocr_line' id='line_1_6' title="bbox 443 631 2026 705; baseline -0.001 -17"><span class='ocrx_word' id='word_1_33' title='bbox 443 633 658 704; x_wconf 88' lang='lat' dir='ltr'><strong>seipsos</strong></span> <span class='ocrx_word' id='word_1_34' title='bbox 686 632 830 688; x_wconf 90' lang='lat' dir='ltr'><strong>male</strong></span> <span class='ocrx_word' id='word_1_35' title='bbox 870 632 1115 705; x_wconf 91' lang='lat' dir='ltr'><strong>regendo</strong></span> <span class='ocrx_word' id='word_1_36' title='bbox 1170 632 1286 686; x_wconf 87' lang='lat' dir='ltr'><strong>sine</strong></span> <span class='ocrx_word' id='word_1_37' title='bbox 1341 631 1449 687; x_wconf 87' lang='lat' dir='ltr'><strong>fine</strong></span> <span class='ocrx_word' id='word_1_38' title='bbox 1500 632 1782 688; x_wconf 88' lang='lat' dir='ltr'><strong>cruciandi</strong></span> <span class='ocrx_word' id='word_1_39' title='bbox 1830 633 2026 686; x_wconf 63' lang='lat' dir='ltr'><strong>daemo-</strong></span> 
     </span>
    </p>
   </div>
   <div class='ocr_carea' id='block_1_7' title="bbox 440 719 2030 790">
    <p class='ocr_par' dir='ltr' id='par_1_7' title="bbox 440 719 2030 790">
     <span class='ocr_line' id='line_1_7' title="bbox 440 719 2030 790; baseline -0.002 -14"><span class='ocrx_word' id='word_1_40' title='bbox 440 721 613 778; x_wconf 88' lang='lat' dir='ltr'><strong>niacis</strong></span> <span class='ocrx_word' id='word_1_41' title='bbox 646 721 1006 790; x_wconf 78' lang='lat' dir='ltr'><strong>subjiciuntur</strong></span> <span class='ocrx_word' id='word_1_42' title='bbox 1061 719 1362 790; x_wconf 71' lang='lat' dir='ltr'><strong>spiritibus.</strong></span> <span class='ocrx_word' id='word_1_43' title='bbox 1427 721 1554 776; x_wconf 72' lang='lat' dir='ltr'><strong>Haec</strong></span> <span class='ocrx_word' id='word_1_44' title='bbox 1603 720 1897 775; x_wconf 93' lang='lat' dir='ltr'><strong>dummodo</strong></span> <span class='ocrx_word' id='word_1_45' title='bbox 1947 719 2030 774; x_wconf 89' lang='lat' dir='ltr'><strong>vi-</strong></span> 
     </span>
    </p>
   </div>
   <div class='ocr_carea' id='block_1_8' title="bbox 435 807 2032 880">
    <p class='ocr_par' dir='ltr' id='par_1_8' title="bbox 435 807 2032 880">
     <span class='ocr_line' id='line_1_8' title="bbox 435 807 2032 880; baseline -0.001 -17"><span class='ocrx_word' id='word_1_46' title='bbox 435 817 552 865; x_wconf 88' lang='lat' dir='ltr'><strong>tare</strong></span> <span class='ocrx_word' id='word_1_47' title='bbox 581 808 726 875; x_wconf 91' lang='lat' dir='ltr'><strong>licet,</strong></span> <span class='ocrx_word' id='word_1_48' title='bbox 757 825 978 880; x_wconf 86' lang='lat' dir='ltr'><strong>semper</strong></span> <span class='ocrx_word' id='word_1_49' title='bbox 1021 808 1237 877; x_wconf 87' lang='lat' dir='ltr'><strong>expedit</strong></span> <span class='ocrx_word' id='word_1_50' title='bbox 1297 807 1592 863; x_wconf 86' lang='lat' dir='ltr'><strong>formidare</strong></span> <span class='ocrx_word' id='word_1_51' title='bbox 1623 823 1712 874; x_wconf 87' lang='lat' dir='ltr'><strong>ne,</strong></span> <span class='ocrx_word' id='word_1_52' title='bbox 1743 824 1866 864; x_wconf 90' lang='lat' dir='ltr'><strong>cum</strong></span> <span class='ocrx_word' id='word_1_53' title='bbox 1923 823 2032 862; x_wconf 92' lang='lat' dir='ltr'><strong>non</strong></span> 
     </span>
    </p>
   </div>
   <div class='ocr_carea' id='block_1_9' title="bbox 443 895 2033 971">
    <p class='ocr_par' dir='ltr' id='par_1_9' title="bbox 443 895 2033 971">
     <span class='ocr_line' id='line_1_9' title="bbox 443 895 2033 971; baseline -0.001 -19"><span class='ocrx_word' id='word_1_54' title='bbox 443 898 588 963; x_wconf 87' lang='lat' dir='ltr'><strong>licet,</strong></span> <span class='ocrx_word' id='word_1_55' title='bbox 617 897 821 971; x_wconf 89' lang='lat' dir='ltr'><strong>jugiter</strong></span> <span class='ocrx_word' id='word_1_56' title='bbox 848 897 1196 969; x_wconf 81' lang='lat' dir='ltr'><strong>postmodum</strong></span> <span class='ocrx_word' id='word_1_57' title='bbox 1219 896 1498 967; x_wconf 78' lang='lat' dir='ltr'><strong>contingat</strong></span> <span class='ocrx_word' id='word_1_58' title='bbox 1527 896 1781 952; x_wconf 89' lang='lat' dir='ltr'><strong>tolerare.</strong></span> <span class='ocrx_word' id='word_1_59' title='bbox 1821 921 1842 944; x_wconf 78' lang='grc' dir='ltr'><strong>ιι</strong></span> <span class='ocrx_word' id='word_1_60' title='bbox 1866 895 2033 951; x_wconf 90' lang='lat' dir='ltr'><strong>Dice-</strong></span> 
     </span>
    </p>
   </div>
   <div class='ocr_carea' id='block_1_10' title="bbox 436 984 2034 1058">
    <p class='ocr_par' dir='ltr' id='par_1_10' title="bbox 436 984 2034 1058">
     <span class='ocr_line' id='line_1_10' title="bbox 436 984 2034 1058; baseline -0.001 -18"><span class='ocrx_word' id='word_1_61' title='bbox 436 987 528 1041; x_wconf 88' lang='lat' dir='ltr'><strong>bat</strong></span> <span class='ocrx_word' id='word_1_62' title='bbox 557 1001 772 1058; x_wconf 88' lang='lat' dir='ltr'><strong>quoque</strong></span> <span class='ocrx_word' id='word_1_63' title='bbox 817 985 1131 1042; x_wconf 66' lang='lat' dir='ltr'><strong>caalaturam</strong></span> <span class='ocrx_word' id='word_1_64' title='bbox 1186 1001 1283 1040; x_wconf 89' lang='lat' dir='ltr'><strong>seu</strong></span> <span class='ocrx_word' id='word_1_65' title='bbox 1331 985 1599 1056; x_wconf 85' lang='lat' dir='ltr'><strong>picturam</strong></span> <span class='ocrx_word' id='word_1_66' title='bbox 1655 984 2034 1054; x_wconf 90' lang='lat' dir='ltr'><strong>hujuscemodi</strong></span> 
     </span>
    </p>
   </div>
   <div class='ocr_carea' id='block_1_11' title="bbox 435 1072 2032 1146">
    <p class='ocr_par' dir='ltr' id='par_1_11' title="bbox 435 1072 2032 1146">
     <span class='ocr_line' id='line_1_11' title="bbox 435 1072 2032 1146; baseline -0.002 -16"><span class='ocrx_word' id='word_1_67' title='bbox 435 1075 490 1130; x_wconf 91' lang='lat' dir='ltr'><strong>in</strong></span> <span class='ocrx_word' id='word_1_68' title='bbox 510 1074 644 1146; x_wconf 90' lang='lat' dir='ltr'><strong>ipsis</strong></span> <span class='ocrx_word' id='word_1_69' title='bbox 672 1073 1028 1130; x_wconf 84' lang='lat' dir='ltr'><strong>ecclesiarum</strong></span> <span class='ocrx_word' id='word_1_70' title='bbox 1064 1073 1302 1128; x_wconf 84' lang='lat' dir='ltr'><strong>aditibus</strong></span> <span class='ocrx_word' id='word_1_71' title='bbox 1332 1089 1576 1145; x_wconf 87' lang='lat' dir='ltr'><strong>congrua</strong></span> <span class='ocrx_word' id='word_1_72' title='bbox 1633 1073 1766 1127; x_wconf 88' lang='lat' dir='ltr'><strong>satis</strong></span> <span class='ocrx_word' id='word_1_73' title='bbox 1822 1072 2032 1127; x_wconf 88' lang='lat' dir='ltr'><strong>ratione</strong></span> 
     </span>
    </p>
   </div>
   <div class='ocr_carea' id='block_1_12' title="bbox 435 1159 2032 1235">
    <p class='ocr_par' dir='ltr' id='par_1_12' title="bbox 435 1159 2032 1235">
     <span class='ocr_line' id='line_1_12' title="bbox 435 1159 2032 1235; baseline -0.003 -16"><span class='ocrx_word' id='word_1_74' title='bbox 435 1163 676 1234; x_wconf 62' lang='lat' dir='ltr'><strong>praetexi,</strong></span> <span class='ocrx_word' id='word_1_75' title='bbox 711 1159 980 1235; x_wconf 81' lang='lat' dir='ltr'><strong>quatenus</strong></span> <span class='ocrx_word' id='word_1_76' title='bbox 1036 1161 1311 1225; x_wconf 88' lang='lat' dir='ltr'><strong>intraturi,</strong></span> <span class='ocrx_word' id='word_1_77' title='bbox 1362 1170 1413 1216; x_wconf 92' lang='lat' dir='ltr'><strong>et</strong></span> <span class='ocrx_word' id='word_1_78' title='bbox 1460 1177 1557 1231; x_wconf 87' lang='lat' dir='ltr'><strong>pro</strong></span> <span class='ocrx_word' id='word_1_79' title='bbox 1615 1161 2032 1216; x_wconf 79' lang='lat' dir='ltr'><strong>necessitatibus</strong></span> 
     </span>
    </p>
   </div>
   <div class='ocr_carea' id='block_1_13' title="bbox 436 1249 2031 1323">
    <p class='ocr_par' dir='ltr' id='par_1_13' title="bbox 436 1249 2031 1323">
     <span class='ocr_line' id='line_1_13' title="bbox 436 1249 2031 1323; baseline -0.003 -17"><span class='ocrx_word' id='word_1_80' title='bbox 436 1251 550 1306; x_wconf 88' lang='lat' dir='ltr'><strong>suis</strong></span> <span class='ocrx_word' id='word_1_81' title='bbox 581 1253 755 1306; x_wconf 89' lang='lat' dir='ltr'><strong>Deum</strong></span> <span class='ocrx_word' id='word_1_82' title='bbox 803 1249 1072 1323; x_wconf 76' lang='lat' dir='ltr'><strong>rogaturi,</strong></span> <span class='ocrx_word' id='word_1_83' title='bbox 1124 1250 1264 1304; x_wconf 88' lang='lat' dir='ltr'><strong>hanc</strong></span> <span class='ocrx_word' id='word_1_84' title='bbox 1303 1265 1566 1303; x_wconf 83' lang='lat' dir='ltr'><strong>summam</strong></span> <span class='ocrx_word' id='word_1_85' title='bbox 1616 1257 1668 1303; x_wconf 92' lang='lat' dir='ltr'><strong>et</strong></span> <span class='ocrx_word' id='word_1_86' title='bbox 1717 1264 2031 1319; x_wconf 86' lang='lat' dir='ltr'><strong>supremam</strong></span> 
     </span>
    </p>
   </div>
   <div class='ocr_carea' id='block_1_14' title="bbox 435 1337 2030 1407">
    <p class='ocr_par' dir='ltr' id='par_1_14' title="bbox 435 1337 2030 1407">
     <span class='ocr_line' id='line_1_14' title="bbox 435 1337 2030 1407; baseline -0.003 -12"><span class='ocrx_word' id='word_1_87' title='bbox 435 1339 815 1395; x_wconf 86' lang='lat' dir='ltr'><strong>necessitatem</strong></span> <span class='ocrx_word' id='word_1_88' title='bbox 849 1355 1002 1393; x_wconf 89' lang='lat' dir='ltr'><strong>suam</strong></span> <span class='ocrx_word' id='word_1_89' title='bbox 1032 1353 1154 1393; x_wconf 87' lang='lat' dir='ltr'><strong>esse</strong></span> <span class='ocrx_word' id='word_1_90' title='bbox 1184 1337 1379 1402; x_wconf 89' lang='lat' dir='ltr'><strong>sciant,</strong></span> <span class='ocrx_word' id='word_1_91' title='bbox 1412 1345 1469 1391; x_wconf 90' lang='lat' dir='ltr'><strong>ut</strong></span> <span class='ocrx_word' id='word_1_92' title='bbox 1499 1337 1790 1407; x_wconf 85' lang='lat' dir='ltr'><strong>impetrent</strong></span> <span class='ocrx_word' id='word_1_93' title='bbox 1819 1337 2030 1392; x_wconf 86' lang='lat' dir='ltr'><strong>veniam</strong></span> 
     </span>
    </p>
   </div>
   <div class='ocr_carea' id='block_1_15' title="bbox 430 1425 2032 1500">
    <p class='ocr_par' dir='ltr' id='par_1_15' title="bbox 430 1425 2032 1500">
     <span class='ocr_line' id='line_1_15' title="bbox 430 1425 2032 1500; baseline -0.003 -16"><span class='ocrx_word' id='word_1_94' title='bbox 430 1444 532 1500; x_wconf 90' lang='lat' dir='ltr'><strong>pro</strong></span> <span class='ocrx_word' id='word_1_95' title='bbox 564 1427 794 1491; x_wconf 90' lang='lat' dir='ltr'><strong>delictis,</strong></span> <span class='ocrx_word' id='word_1_96' title='bbox 828 1442 935 1498; x_wconf 86' lang='lat' dir='ltr'><strong>qua</strong></span> <span class='ocrx_word' id='word_1_97' title='bbox 964 1427 1269 1496; x_wconf 88' lang='lat' dir='ltr'><strong>impetrata,</strong></span> <span class='ocrx_word' id='word_1_98' title='bbox 1306 1434 1358 1479; x_wconf 91' lang='lat' dir='ltr'><strong>et</strong></span> <span class='ocrx_word' id='word_1_99' title='bbox 1386 1425 1562 1480; x_wconf 90' lang='lat' dir='ltr'><strong>securi</strong></span> <span class='ocrx_word' id='word_1_100' title='bbox 1615 1434 1969 1495; x_wconf 87' lang='lat' dir='ltr'><strong>permaneant</strong></span> <span class='ocrx_word' id='word_1_101' title='bbox 1998 1440 2032 1479; x_wconf 89' lang='lat' dir='ltr'><strong>a</strong></span> 
     </span>
    </p>
   </div>
   <div class='ocr_carea' id='block_1_16' title="bbox 433 1513 2026 1590">
    <p class='ocr_par' dir='ltr' id='par_1_16' title="bbox 433 1513 2026 1590">
     <span class='ocr_line' id='line_1_16' title="bbox 433 1513 2026 1590; baseline -0.002 -19"><span class='ocrx_word' id='word_1_102' title='bbox 433 1517 700 1590; x_wconf 73' lang='lat' dir='ltr'><strong>gehennae</strong></span> <span class='ocrx_word' id='word_1_103' title='bbox 729 1516 926 1587; x_wconf 75' lang='lat' dir='ltr'><strong>pmnis,</strong></span> <span class='ocrx_word' id='word_1_104' title='bbox 961 1523 1011 1570; x_wconf 92' lang='lat' dir='ltr'><strong>et</strong></span> <span class='ocrx_word' id='word_1_105' title='bbox 1041 1514 1312 1586; x_wconf 84' lang='lat' dir='ltr'><strong>gaudeant</strong></span> <span class='ocrx_word' id='word_1_106' title='bbox 1332 1515 1384 1567; x_wconf 91' lang='lat' dir='ltr'><strong>in</strong></span> <span class='ocrx_word' id='word_1_107' title='bbox 1416 1513 1628 1568; x_wconf 88' lang='lat' dir='ltr'><strong>deliciis</strong></span> <span class='ocrx_word' id='word_1_108' title='bbox 1659 1513 2026 1583; x_wconf 85' lang='lat' dir='ltr'><strong>sempiternis.</strong></span> 
     </span>
    </p>
   </div>
   <div class='ocr_carea' id='block_1_17' title="bbox 430 1602 1715 1678">
    <p class='ocr_par' dir='ltr' id='par_1_17' title="bbox 430 1602 1715 1678">
     <span class='ocr_line' id='line_1_17' title="bbox 430 1602 1715 1678; baseline -0.005 -17"><span class='ocrx_word' id='word_1_109' title='bbox 430 1606 499 1661; x_wconf 86' lang='lat' dir='ltr'><strong>Et</strong></span> <span class='ocrx_word' id='word_1_110' title='bbox 525 1605 747 1678; x_wconf 91' lang='lat' dir='ltr'><strong>quidem</strong></span> <span class='ocrx_word' id='word_1_111' title='bbox 773 1605 1062 1674; x_wconf 87' lang='lat' dir='ltr'><strong>episcopus</strong></span> <span class='ocrx_word' id='word_1_112' title='bbox 1091 1602 1218 1657; x_wconf 88' lang='lat' dir='ltr'><strong>talia</strong></span> <span class='ocrx_word' id='word_1_113' title='bbox 1265 1610 1586 1672; x_wconf 88' lang='lat' dir='ltr'><strong>prosecutus</strong></span> <span class='ocrx_word' id='word_1_114' title='bbox 1615 1609 1715 1655; x_wconf 88' lang='lat' dir='ltr'><strong>est.</strong></span> 
     </span>
    </p>
   </div>
   <div class='ocr_carea' id='block_1_18' title="bbox 502 1688 2024 1763">
    <p class='ocr_par' dir='ltr' id='par_1_18' title="bbox 502 1688 2024 1763">
     <span class='ocr_line' id='line_1_18' title="bbox 502 1688 2024 1763; baseline -0.004 -14"><span class='ocrx_word' id='word_1_115' title='bbox 502 1693 800 1749; x_wconf 88' lang='lat' dir='ltr'><strong>Transiens</strong></span> <span class='ocrx_word' id='word_1_116' title='bbox 828 1692 1028 1763; x_wconf 92' lang='lat' dir='ltr'><strong>quippe</strong></span> <span class='ocrx_word' id='word_1_117' title='bbox 1060 1706 1264 1759; x_wconf 90' lang='lat' dir='ltr'><strong>comes,</strong></span> <span class='ocrx_word' id='word_1_118' title='bbox 1297 1690 1350 1744; x_wconf 92' lang='lat' dir='ltr'><strong>in</strong></span> <span class='ocrx_word' id='word_1_119' title='bbox 1381 1690 1627 1760; x_wconf 90' lang='lat' dir='ltr'><strong>proximo</strong></span> <span class='ocrx_word' id='word_1_120' title='bbox 1659 1688 1868 1744; x_wconf 87' lang='lat' dir='ltr'><strong>futurus</strong></span> <span class='ocrx_word' id='word_1_121' title='bbox 1907 1705 2024 1752; x_wconf 87' lang='lat' dir='ltr'><strong>rex,</strong></span> 
     </span>
    </p>
   </div>
   <div class='ocr_carea' id='block_1_19' title="bbox 2125 541 2662 610">
    <p class='ocr_par' dir='ltr' id='par_1_19' title="bbox 2125 541 2662 610">
     <span class='ocr_line' id='line_1_19' title="bbox 2125 541 2662 610; baseline 0.004 -16"><span class='ocrx_word' id='word_1_122' title='bbox 2125 541 2341 610; x_wconf 89' lang='lat' dir='ltr'><strong>jiciens,</strong></span> <span class='ocrx_word' id='word_1_123' title='bbox 2376 541 2662 597; x_wconf 85' lang='lat' dir='ltr'><strong>abscessit.</strong></span> 
     </span>
    </p>
   </div>
   <div class='ocr_carea' id='block_1_20' title="bbox 2202 630 3735 707">
    <p class='ocr_par' dir='ltr' id='par_1_20' title="bbox 2202 630 3735 707">
     <span class='ocr_line' id='line_1_20' title="bbox 2202 630 3735 707; baseline 0.005 -25"><span class='ocrx_word' id='word_1_124' title='bbox 2202 630 2347 684; x_wconf 88' lang='lat' dir='ltr'><strong>Nihil</strong></span> <span class='ocrx_word' id='word_1_125' title='bbox 2379 646 2513 686; x_wconf 91' lang='lat' dir='ltr'><strong>vero</strong></span> <span class='ocrx_word' id='word_1_126' title='bbox 2534 631 2637 685; x_wconf 88' lang='lat' dir='ltr'><strong>sibi</strong></span> <span class='ocrx_word' id='word_1_127' title='bbox 2666 632 2733 686; x_wconf 93' lang='lat' dir='ltr'><strong>de</strong></span> <span class='ocrx_word' id='word_1_128' title='bbox 2762 631 3036 688; x_wconf 90' lang='lat' dir='ltr'><strong>oblatione</strong></span> <span class='ocrx_word' id='word_1_129' title='bbox 3068 633 3356 704; x_wconf 88' lang='lat' dir='ltr'><strong>quisquam</strong></span> <span class='ocrx_word' id='word_1_130' title='bbox 3416 650 3607 690; x_wconf 91' lang='lat' dir='ltr'><strong>eorum</strong></span> <span class='ocrx_word' id='word_1_131' title='bbox 3639 636 3735 707; x_wconf 89' lang='lat' dir='ltr'><strong>qui</strong></span> 
     </span>
    </p>
   </div>
   <div class='ocr_carea' id='block_1_21' title="bbox 2133 718 3729 793">
    <p class='ocr_par' dir='ltr' id='par_1_21' title="bbox 2133 718 3729 793">
     <span class='ocr_line' id='line_1_21' title="bbox 2133 718 3729 793; baseline 0.003 -20"><span class='ocrx_word' id='word_1_132' title='bbox 2133 718 2390 788; x_wconf 89' lang='lat' dir='ltr'><strong>episcopo</strong></span> <span class='ocrx_word' id='word_1_133' title='bbox 2421 719 2792 785; x_wconf 64' lang='lat' dir='ltr'><strong>adhaerebant,</strong></span> <span class='ocrx_word' id='word_1_134' title='bbox 2839 719 2893 774; x_wconf 91' lang='lat' dir='ltr'><strong>in</strong></span> <span class='ocrx_word' id='word_1_135' title='bbox 2943 720 3122 776; x_wconf 89' lang='lat' dir='ltr'><strong>aliena</strong></span> <span class='ocrx_word' id='word_1_136' title='bbox 3178 738 3414 793; x_wconf 87' lang='lat' dir='ltr'><strong>unquam</strong></span> <span class='ocrx_word' id='word_1_137' title='bbox 3473 724 3729 790; x_wconf 85' lang='lat' dir='ltr'><strong>ecclesia,</strong></span> 
     </span>
    </p>
   </div>
   <div class='ocr_carea' id='block_1_22' title="bbox 2131 805 3732 882">
    <p class='ocr_par' dir='ltr' id='par_1_22' title="bbox 2131 805 3732 882">
     <span class='ocr_line' id='line_1_22' title="bbox 2131 805 3732 882; baseline 0.005 -22"><span class='ocrx_word' id='word_1_138' title='bbox 2131 805 2235 860; x_wconf 91' lang='lat' dir='ltr'><strong>nisi</strong></span> <span class='ocrx_word' id='word_1_139' title='bbox 2264 805 2419 871; x_wconf 86' lang='lat' dir='ltr'><strong>forte,</strong></span> <span class='ocrx_word' id='word_1_140' title='bbox 2456 807 2547 861; x_wconf 94' lang='lat' dir='ltr'><strong>ubi</strong></span> <span class='ocrx_word' id='word_1_141' title='bbox 2605 807 2870 863; x_wconf 90' lang='lat' dir='ltr'><strong>ecclesias</strong></span> <span class='ocrx_word' id='word_1_142' title='bbox 2927 809 3239 875; x_wconf 87' lang='lat' dir='ltr'><strong>dedicaret,</strong></span> <span class='ocrx_word' id='word_1_143' title='bbox 3299 811 3531 866; x_wconf 90' lang='lat' dir='ltr'><strong>retinere</strong></span> <span class='ocrx_word' id='word_1_144' title='bbox 3587 829 3732 882; x_wconf 65' lang='lat' dir='ltr'><strong>pra:-</strong></span> 
     </span>
    </p>
   </div>
   <div class='ocr_carea' id='block_1_23' title="bbox 2133 895 3730 967">
    <p class='ocr_par' dir='ltr' id='par_1_23' title="bbox 2133 895 3730 967">
     <span class='ocr_line' id='line_1_23' title="bbox 2133 895 3730 967; baseline 0.004 -19"><span class='ocrx_word' id='word_1_145' title='bbox 2133 895 2380 965; x_wconf 86' lang='lat' dir='ltr'><strong>sumpsit,</strong></span> <span class='ocrx_word' id='word_1_146' title='bbox 2412 895 2626 951; x_wconf 89' lang='lat' dir='ltr'><strong>dicente</strong></span> <span class='ocrx_word' id='word_1_147' title='bbox 2656 895 2854 966; x_wconf 62' lang='lat' dir='ltr'><strong>sapius</strong></span> <span class='ocrx_word' id='word_1_148' title='bbox 2884 896 3022 967; x_wconf 89' lang='lat' dir='ltr'><strong>ipso,</strong></span> <span class='ocrx_word' id='word_1_149' title='bbox 3048 897 3182 952; x_wconf 88' lang='lat' dir='ltr'><strong>satis</strong></span> <span class='ocrx_word' id='word_1_150' title='bbox 3239 897 3496 967; x_wconf 89' lang='lat' dir='ltr'><strong>injustum</strong></span> <span class='ocrx_word' id='word_1_151' title='bbox 3553 899 3730 955; x_wconf 90' lang='lat' dir='ltr'><strong>videri</strong></span> 
     </span>
    </p>
   </div>
   <div class='ocr_carea' id='block_1_24' title="bbox 2133 983 3730 1058">
    <p class='ocr_par' dir='ltr' id='par_1_24' title="bbox 2133 983 3730 1058">
     <span class='ocr_line' id='line_1_24' title="bbox 2133 983 3730 1058; baseline 0.004 -22"><span class='ocrx_word' id='word_1_152' title='bbox 2133 983 2235 1037; x_wconf 91' lang='lat' dir='ltr'><strong>sibi</strong></span> <span class='ocrx_word' id='word_1_153' title='bbox 2281 991 2336 1037; x_wconf 89' lang='lat' dir='ltr'><strong>ut</strong></span> <span class='ocrx_word' id='word_1_154' title='bbox 2383 983 2453 1037; x_wconf 91' lang='lat' dir='ltr'><strong>ab</strong></span> <span class='ocrx_word' id='word_1_155' title='bbox 2501 998 2593 1037; x_wconf 84' lang='lat' dir='ltr'><strong>ara</strong></span> <span class='ocrx_word' id='word_1_156' title='bbox 2634 983 2858 1039; x_wconf 90' lang='lat' dir='ltr'><strong>alterius</strong></span> <span class='ocrx_word' id='word_1_157' title='bbox 2927 984 3004 1038; x_wconf 89' lang='lat' dir='ltr'><strong>illi</strong></span> <span class='ocrx_word' id='word_1_158' title='bbox 3076 985 3373 1057; x_wconf 88' lang='lat' dir='ltr'><strong>quidquam</strong></span> <span class='ocrx_word' id='word_1_159' title='bbox 3427 988 3730 1058; x_wconf 84' lang='lat' dir='ltr'><strong>temporale</strong></span> 
     </span>
    </p>
   </div>
   <div class='ocr_carea' id='block_1_25' title="bbox 2133 1071 3732 1144">
    <p class='ocr_par' dir='ltr' id='par_1_25' title="bbox 2133 1071 3732 1144">
     <span class='ocr_line' id='line_1_25' title="bbox 2133 1071 3732 1144; baseline 0.003 -20"><span class='ocrx_word' id='word_1_160' title='bbox 2133 1078 2430 1141; x_wconf 90' lang='lat' dir='ltr'><strong>asportent,</strong></span> <span class='ocrx_word' id='word_1_161' title='bbox 2455 1071 2546 1142; x_wconf 92' lang='lat' dir='ltr'><strong>qui</strong></span> <span class='ocrx_word' id='word_1_162' title='bbox 2584 1071 2652 1126; x_wconf 90' lang='lat' dir='ltr'><strong>de</strong></span> <span class='ocrx_word' id='word_1_163' title='bbox 2695 1072 2874 1144; x_wconf 86' lang='lat' dir='ltr'><strong>gratia</strong></span> <span class='ocrx_word' id='word_1_164' title='bbox 2927 1072 3106 1128; x_wconf 91' lang='lat' dir='ltr'><strong>locum</strong></span> <span class='ocrx_word' id='word_1_165' title='bbox 3151 1074 3328 1144; x_wconf 90' lang='lat' dir='ltr'><strong>ipsum</strong></span> <span class='ocrx_word' id='word_1_166' title='bbox 3377 1076 3732 1130; x_wconf 89' lang='lat' dir='ltr'><strong>custodientis</strong></span> 
     </span>
    </p>
   </div>
   <div class='ocr_carea' id='block_1_26' title="bbox 2133 1159 3728 1234">
    <p class='ocr_par' dir='ltr' id='par_1_26' title="bbox 2133 1159 3728 1234">
     <span class='ocr_line' id='line_1_26' title="bbox 2133 1159 3728 1234; baseline 0.004 -22"><span class='ocrx_word' id='word_1_167' title='bbox 2133 1159 2461 1229; x_wconf 90' lang='lat' dir='ltr'><strong>spiritualem</strong></span> <span class='ocrx_word' id='word_1_168' title='bbox 2493 1160 2753 1214; x_wconf 89' lang='lat' dir='ltr'><strong>mentium</strong></span> <span class='ocrx_word' id='word_1_169' title='bbox 2785 1159 3091 1215; x_wconf 88' lang='lat' dir='ltr'><strong>alimoniam</strong></span> <span class='ocrx_word' id='word_1_170' title='bbox 3122 1161 3322 1216; x_wconf 86' lang='lat' dir='ltr'><strong>ibidem</strong></span> <span class='ocrx_word' id='word_1_171' title='bbox 3381 1163 3728 1234; x_wconf 84' lang='lat' dir='ltr'><strong>participant.</strong></span> 
     </span>
    </p>
   </div>
   <div class='ocr_carea' id='block_1_27' title="bbox 2132 1247 3732 1323">
    <p class='ocr_par' dir='ltr' id='par_1_27' title="bbox 2132 1247 3732 1323">
     <span class='ocr_line' id='line_1_27' title="bbox 2132 1247 3732 1323; baseline 0.004 -23"><span class='ocrx_word' id='word_1_172' title='bbox 2132 1247 2246 1302; x_wconf 88' lang='lat' dir='ltr'><strong>Hoc</strong></span> <span class='ocrx_word' id='word_1_173' title='bbox 2268 1263 2486 1318; x_wconf 91' lang='lat' dir='ltr'><strong>quoque</strong></span> <span class='ocrx_word' id='word_1_174' title='bbox 2515 1256 2625 1302; x_wconf 90' lang='lat' dir='ltr'><strong>tam</strong></span> <span class='ocrx_word' id='word_1_175' title='bbox 2656 1248 2709 1301; x_wconf 93' lang='lat' dir='ltr'><strong>in</strong></span> <span class='ocrx_word' id='word_1_176' title='bbox 2733 1249 2974 1318; x_wconf 88' lang='lat' dir='ltr'><strong>propria,</strong></span> <span class='ocrx_word' id='word_1_177' title='bbox 3003 1264 3168 1319; x_wconf 90' lang='lat' dir='ltr'><strong>quam</strong></span> <span class='ocrx_word' id='word_1_178' title='bbox 3218 1251 3273 1304; x_wconf 89' lang='lat' dir='ltr'><strong>in</strong></span> <span class='ocrx_word' id='word_1_179' title='bbox 3301 1250 3480 1306; x_wconf 88' lang='lat' dir='ltr'><strong>aliena</strong></span> <span class='ocrx_word' id='word_1_180' title='bbox 3525 1251 3732 1323; x_wconf 90' lang='lat' dir='ltr'><strong>ubique</strong></span> 
     </span>
    </p>
   </div>
   <div class='ocr_carea' id='block_1_28' title="bbox 2132 1334 3731 1400">
    <p class='ocr_par' dir='ltr' id='par_1_28' title="bbox 2132 1334 3731 1400">
     <span class='ocr_line' id='line_1_28' title="bbox 2132 1334 3731 1400; baseline 0.004 -12"><span class='ocrx_word' id='word_1_181' title='bbox 2132 1334 2354 1390; x_wconf 62' lang='lat' dir='ltr'><strong>dioecesi</strong></span> <span class='ocrx_word' id='word_1_182' title='bbox 2384 1335 2734 1400; x_wconf 86' lang='lat' dir='ltr'><strong>observabat,</strong></span> <span class='ocrx_word' id='word_1_183' title='bbox 2781 1343 2831 1390; x_wconf 93' lang='lat' dir='ltr'><strong>et</strong></span> <span class='ocrx_word' id='word_1_184' title='bbox 2888 1336 3172 1392; x_wconf 88' lang='lat' dir='ltr'><strong>observari</strong></span> <span class='ocrx_word' id='word_1_185' title='bbox 3230 1353 3263 1391; x_wconf 92' lang='lat' dir='ltr'><strong>a</strong></span> <span class='ocrx_word' id='word_1_186' title='bbox 3313 1339 3425 1393; x_wconf 88' lang='lat' dir='ltr'><strong>suis</strong></span> <span class='ocrx_word' id='word_1_187' title='bbox 3475 1338 3731 1394; x_wconf 84' lang='lat' dir='ltr'><strong>faciebat.</strong></span> 
     </span>
    </p>
   </div>
   <div class='ocr_carea' id='block_1_29' title="bbox 2131 1422 3727 1498">
    <p class='ocr_par' dir='ltr' id='par_1_29' title="bbox 2131 1422 3727 1498">
     <span class='ocr_line' id='line_1_29' title="bbox 2131 1422 3727 1498; baseline 0.003 -22"><span class='ocrx_word' id='word_1_188' title='bbox 2131 1423 2244 1477; x_wconf 88' lang='lat' dir='ltr'><strong>Nec</strong></span> <span class='ocrx_word' id='word_1_189' title='bbox 2274 1423 2342 1477; x_wconf 92' lang='lat' dir='ltr'><strong>de</strong></span> <span class='ocrx_word' id='word_1_190' title='bbox 2362 1422 2461 1476; x_wconf 87' lang='lat' dir='ltr'><strong>ista</strong></span> <span class='ocrx_word' id='word_1_191' title='bbox 2505 1439 2642 1494; x_wconf 85' lang='lat' dir='ltr'><strong>ergo</strong></span> <span class='ocrx_word' id='word_1_192' title='bbox 2696 1423 2970 1478; x_wconf 90' lang='lat' dir='ltr'><strong>oblatione</strong></span> <span class='ocrx_word' id='word_1_193' title='bbox 3027 1425 3253 1494; x_wconf 88' lang='lat' dir='ltr'><strong>quilibet</strong></span> <span class='ocrx_word' id='word_1_194' title='bbox 3299 1441 3518 1480; x_wconf 89' lang='lat' dir='ltr'><strong>suorum</strong></span> <span class='ocrx_word' id='word_1_195' title='bbox 3567 1427 3727 1498; x_wconf 91' lang='lat' dir='ltr'><strong>quid-</strong></span> 
     </span>
    </p>
   </div>
   <div class='ocr_carea' id='block_1_30' title="bbox 2133 1511 3732 1586">
    <p class='ocr_par' dir='ltr' id='par_1_30' title="bbox 2133 1511 3732 1586">
     <span class='ocr_line' id='line_1_30' title="bbox 2133 1511 3732 1586; baseline 0.004 -23"><span class='ocrx_word' id='word_1_196' title='bbox 2133 1525 2295 1580; x_wconf 89' lang='lat' dir='ltr'><strong>quam</strong></span> <span class='ocrx_word' id='word_1_197' title='bbox 2339 1511 2568 1580; x_wconf 86' lang='lat' dir='ltr'><strong>accepit.</strong></span> <span class='ocrx_word' id='word_1_198' title='bbox 2634 1511 2933 1566; x_wconf 88' lang='lat' dir='ltr'><strong>Videbatur</strong></span> <span class='ocrx_word' id='word_1_199' title='bbox 2991 1521 3171 1567; x_wconf 87' lang='lat' dir='ltr'><strong>autem</strong></span> <span class='ocrx_word' id='word_1_200' title='bbox 3229 1522 3353 1569; x_wconf 91' lang='lat' dir='ltr'><strong>tunc</strong></span> <span class='ocrx_word' id='word_1_201' title='bbox 3403 1515 3732 1586; x_wconf 89' lang='lat' dir='ltr'><strong>quibusdam</strong></span> 
     </span>
    </p>
   </div>
   <div class='ocr_carea' id='block_1_31' title="bbox 2133 1599 3732 1673">
    <p class='ocr_par' dir='ltr' id='par_1_31' title="bbox 2133 1599 3732 1673">
     <span class='ocr_line' id='line_1_31' title="bbox 2133 1599 3732 1673; baseline 0.004 -21"><span class='ocrx_word' id='word_1_202' title='bbox 2133 1599 2260 1670; x_wconf 91' lang='lat' dir='ltr'><strong>quia</strong></span> <span class='ocrx_word' id='word_1_203' title='bbox 2293 1599 2582 1652; x_wconf 89' lang='lat' dir='ltr'><strong>Dominum</strong></span> <span class='ocrx_word' id='word_1_204' title='bbox 2612 1599 2667 1652; x_wconf 90' lang='lat' dir='ltr'><strong>in</strong></span> <span class='ocrx_word' id='word_1_205' title='bbox 2698 1599 2797 1654; x_wconf 87' lang='lat' dir='ltr'><strong>hoc</strong></span> <span class='ocrx_word' id='word_1_206' title='bbox 2826 1599 3132 1655; x_wconf 87' lang='lat' dir='ltr'><strong>imitaretur</strong></span> <span class='ocrx_word' id='word_1_207' title='bbox 3177 1599 3352 1656; x_wconf 83' lang='lat' dir='ltr'><strong>ﬁdelis</strong></span> <span class='ocrx_word' id='word_1_208' title='bbox 3382 1610 3435 1657; x_wconf 90' lang='lat' dir='ltr'><strong>et</strong></span> <span class='ocrx_word' id='word_1_209' title='bbox 3491 1604 3732 1673; x_wconf 88' lang='lat' dir='ltr'><strong>prudens</strong></span> 
     </span>
    </p>
   </div>
   <div class='ocr_carea' id='block_1_32' title="bbox 2131 1687 3733 1755">
    <p class='ocr_par' dir='ltr' id='par_1_32' title="bbox 2131 1687 3733 1755">
     <span class='ocr_line' id='line_1_32' title="bbox 2131 1687 3733 1755; baseline 0.002 -13"><span class='ocrx_word' id='word_1_210' title='bbox 2131 1702 2323 1742; x_wconf 91' lang='lat' dir='ltr'><strong>servus</strong></span> <span class='ocrx_word' id='word_1_211' title='bbox 2351 1687 2486 1755; x_wconf 88' lang='lat' dir='ltr'><strong>ejus.</strong></span> <span class='ocrx_word' id='word_1_212' title='bbox 2521 1688 2586 1743; x_wconf 93' lang='lat' dir='ltr'><strong>Ut</strong></span> <span class='ocrx_word' id='word_1_213' title='bbox 2615 1687 2760 1742; x_wconf 88' lang='lat' dir='ltr'><strong>enim</strong></span> <span class='ocrx_word' id='word_1_214' title='bbox 2791 1687 3054 1742; x_wconf 89' lang='lat' dir='ltr'><strong>Dominus</strong></span> <span class='ocrx_word' id='word_1_215' title='bbox 3083 1688 3152 1742; x_wconf 91' lang='lat' dir='ltr'><strong>ad</strong></span> <span class='ocrx_word' id='word_1_216' title='bbox 3180 1688 3310 1743; x_wconf 89' lang='lat' dir='ltr'><strong>Cain</strong></span> <span class='ocrx_word' id='word_1_217' title='bbox 3339 1698 3390 1744; x_wconf 89' lang='lat' dir='ltr'><strong>et</strong></span> <span class='ocrx_word' id='word_1_218' title='bbox 3408 1690 3478 1744; x_wconf 86' lang='lat' dir='ltr'><strong>ad</strong></span> <span class='ocrx_word' id='word_1_219' title='bbox 3499 1706 3733 1746; x_wconf 88' lang='lat' dir='ltr'><strong>munera</strong></span> 
     </span>
    </p>
   </div>
   <div class='ocr_carea' id='block_1_33' title="bbox 433 1772 3730 1866">
    <p class='ocr_par' dir='ltr' id='par_1_33' title="bbox 433 1772 3730 1866">
     <span class='ocr_line' id='line_1_33' title="bbox 433 1772 3730 1866; baseline 0 -33"><span class='ocrx_word' id='word_1_220' title='bbox 433 1786 485 1834; x_wconf 91' lang='lat' dir='ltr'><strong>et</strong></span> <span class='ocrx_word' id='word_1_221' title='bbox 543 1794 708 1832; x_wconf 89' lang='lat' dir='ltr'><strong>manu</strong></span> <span class='ocrx_word' id='word_1_222' title='bbox 765 1792 951 1832; x_wconf 88' lang='lat' dir='ltr'><strong>secum</strong></span> <span class='ocrx_word' id='word_1_223' title='bbox 1007 1775 1228 1829; x_wconf 86' lang='lat' dir='ltr'><strong>trahens</strong></span> <span class='ocrx_word' id='word_1_224' title='bbox 1277 1774 1591 1844; x_wconf 90' lang='lat' dir='ltr'><strong>episcopum</strong></span> <span class='ocrx_word' id='word_1_225' title='bbox 1641 1773 1710 1827; x_wconf 91' lang='lat' dir='ltr'><strong>ad</strong></span> <span class='ocrx_word' id='word_1_226' title='bbox 1765 1772 2028 1844; x_wconf 87' lang='lat' dir='ltr'><strong>parietem</strong></span> <span class='ocrx_word' id='word_1_227' title='bbox 2051 1803 2104 1866; x_wconf 79' lang='grc' dir='ltr'>Β</span> <span class='ocrx_word' id='word_1_228' title='bbox 2135 1776 2252 1844; x_wconf 85' lang='lat' dir='ltr'><strong>ejus</strong></span> <span class='ocrx_word' id='word_1_229' title='bbox 2280 1775 2410 1830; x_wconf 88' lang='lat' dir='ltr'><strong>olim</strong></span> <span class='ocrx_word' id='word_1_230' title='bbox 2439 1791 2548 1830; x_wconf 91' lang='lat' dir='ltr'><strong>non</strong></span> <span class='ocrx_word' id='word_1_231' title='bbox 2577 1775 2995 1845; x_wconf 78' lang='lat' dir='ltr'><strong>respexit(Gcn.</strong></span> <span class='ocrx_word' id='word_1_232' title='bbox 3029 1790 3106 1840; x_wconf 85' lang='lat' dir='ltr'><strong>tv,</strong></span> <span class='ocrx_word' id='word_1_233' title='bbox 3131 1779 3186 1846; x_wconf 80' lang='lat'><strong>5)</strong></span> <span class='ocrx_word' id='word_1_234' title='bbox 3219 1795 3234 1844; x_wconf 88' lang='lat'><strong>;</strong></span> <span class='ocrx_word' id='word_1_235' title='bbox 3266 1777 3340 1832; x_wconf 89' lang='lat' dir='ltr'><strong>ita</strong></span> <span class='ocrx_word' id='word_1_236' title='bbox 3354 1778 3518 1834; x_wconf 89' lang='lat' dir='ltr'><strong>modo</strong></span> <span class='ocrx_word' id='word_1_237' title='bbox 3538 1795 3730 1834; x_wconf 89' lang='lat' dir='ltr'><strong>servus</strong></span> 
     </span>
    </p>
   </div>
   <div class='ocr_carea' id='block_1_34' title="bbox 433 1860 2034 1938">
    <p class='ocr_par' dir='ltr' id='par_1_34' title="bbox 433 1860 2034 1938">
     <span class='ocr_line' id='line_1_34' title="bbox 433 1860 2034 1938; baseline -0.005 -16"><span class='ocrx_word' id='word_1_238' title='bbox 433 1865 764 1938; x_wconf 88' lang='lat' dir='ltr'><strong>oppositum,</strong></span> <span class='ocrx_word' id='word_1_239' title='bbox 797 1864 956 1936; x_wconf 90' lang='lat' dir='ltr'><strong>eique</strong></span> <span class='ocrx_word' id='word_1_240' title='bbox 983 1862 1278 1918; x_wconf 89' lang='lat' dir='ltr'><strong>ostendens</strong></span> <span class='ocrx_word' id='word_1_241' title='bbox 1316 1877 1485 1934; x_wconf 71' lang='lat' dir='ltr'><strong>reges,</strong></span> <span class='ocrx_word' id='word_1_242' title='bbox 1513 1861 1778 1932; x_wconf 89' lang='lat' dir='ltr'><strong>speciosis</strong></span> <span class='ocrx_word' id='word_1_243' title='bbox 1807 1860 2034 1932; x_wconf 85' lang='lat' dir='ltr'><strong>insigni-</strong></span> 
     </span>
    </p>
   </div>
   <div class='ocr_carea' id='block_1_35' title="bbox 369 1949 2028 2025">
    <p class='ocr_par' dir='ltr' id='par_1_35' title="bbox 369 1949 2028 2025">
     <span class='ocr_line' id='line_1_35' title="bbox 369 1949 2028 2025; baseline -0.004 -15"><span class='ocrx_word' id='word_1_244' title='bbox 369 1989 375 2004; x_wconf 80' lang='grc' dir='ltr'>ι</span> <span class='ocrx_word' id='word_1_245' title='bbox 433 1959 520 2010; x_wconf 89' lang='lat' dir='ltr'><strong>tos</strong></span> <span class='ocrx_word' id='word_1_246' title='bbox 540 1953 775 2020; x_wconf 88' lang='lat' dir='ltr'><strong>coronis,</strong></span> <span class='ocrx_word' id='word_1_247' title='bbox 835 1951 1084 2025; x_wconf 89' lang='lat' dir='ltr'><strong>angelico</strong></span> <span class='ocrx_word' id='word_1_248' title='bbox 1125 1951 1290 2006; x_wconf 90' lang='lat' dir='ltr'><strong>ductu</strong></span> <span class='ocrx_word' id='word_1_249' title='bbox 1319 1951 1373 2004; x_wconf 92' lang='lat' dir='ltr'><strong>in</strong></span> <span class='ocrx_word' id='word_1_250' title='bbox 1422 1950 1684 2022; x_wconf 81' lang='lat' dir='ltr'><strong>gaudium</strong></span> <span class='ocrx_word' id='word_1_251' title='bbox 1741 1949 2028 2004; x_wconf 89' lang='lat' dir='ltr'><strong>tendentes</strong></span> 
     </span>
    </p>
   </div>
   <div class='ocr_carea' id='block_1_36' title="bbox 436 2037 2028 2114">
    <p class='ocr_par' dir='ltr' id='par_1_36' title="bbox 436 2037 2028 2114">
     <span class='ocr_line' id='line_1_36' title="bbox 436 2037 2028 2114; baseline -0.003 -17"><span class='ocrx_word' id='word_1_252' title='bbox 436 2041 661 2114; x_wconf 88' lang='lat' dir='ltr'><strong>superni</strong></span> <span class='ocrx_word' id='word_1_253' title='bbox 692 2041 842 2114; x_wconf 84' lang='lat' dir='ltr'><strong>regis</strong></span> <span class='ocrx_word' id='word_1_254' title='bbox 884 2059 903 2096; x_wconf 91' lang='lat'><strong><em>:</em></strong></span> <span class='ocrx_word' id='word_1_255' title='bbox 958 2062 980 2088; x_wconf 76' lang='grc' dir='ltr'><strong>ει</strong></span> <span class='ocrx_word' id='word_1_256' title='bbox 1041 2040 1173 2104; x_wconf 87' lang='lat' dir='ltr'><strong>Hos,</strong></span> <span class='ocrx_word' id='word_1_257' title='bbox 1233 2038 1423 2110; x_wconf 89' lang='lat' dir='ltr'><strong>inquit,</strong></span> <span class='ocrx_word' id='word_1_258' title='bbox 1475 2037 1697 2092; x_wconf 90' lang='lat' dir='ltr'><strong>domine</strong></span> <span class='ocrx_word' id='word_1_259' title='bbox 1751 2037 2028 2108; x_wconf 89' lang='lat' dir='ltr'><strong>episcope,</strong></span> 
     </span>
    </p>
   </div>
   <div class='ocr_carea' id='block_1_37' title="bbox 435 2125 2030 2202">
    <p class='ocr_par' dir='ltr' id='par_1_37' title="bbox 435 2125 2030 2202">
     <span class='ocr_line' id='line_1_37' title="bbox 435 2125 2030 2202; baseline -0.004 -16"><span class='ocrx_word' id='word_1_260' title='bbox 435 2130 596 2186; x_wconf 87' lang='lat' dir='ltr'><strong>nobis</strong></span> <span class='ocrx_word' id='word_1_261' title='bbox 623 2129 802 2202; x_wconf 89' lang='lat' dir='ltr'><strong>potius</strong></span> <span class='ocrx_word' id='word_1_262' title='bbox 831 2128 1136 2184; x_wconf 68' lang='lat' dir='ltr'><strong>monstrare</strong></span> <span class='ocrx_word' id='word_1_263' title='bbox 1165 2126 1450 2192; x_wconf 88' lang='lat' dir='ltr'><strong>debuistis,</strong></span> <span class='ocrx_word' id='word_1_264' title='bbox 1473 2141 1703 2198; x_wconf 91' lang='lat' dir='ltr'><strong>quorum</strong></span> <span class='ocrx_word' id='word_1_265' title='bbox 1722 2125 2030 2196; x_wconf 89' lang='lat' dir='ltr'><strong>exemplum</strong></span> 
     </span>
    </p>
   </div>
   <div class='ocr_carea' id='block_1_38' title="bbox 438 2213 2028 2290">
    <p class='ocr_par' dir='ltr' id='par_1_38' title="bbox 438 2213 2028 2290">
     <span class='ocr_line' id='line_1_38' title="bbox 438 2213 2028 2290; baseline -0.005 -16"><span class='ocrx_word' id='word_1_266' title='bbox 438 2226 601 2290; x_wconf 86' lang='lat' dir='ltr'><strong>atque</strong></span> <span class='ocrx_word' id='word_1_267' title='bbox 658 2217 993 2274; x_wconf 88' lang='lat' dir='ltr'><strong>consortium</strong></span> <span class='ocrx_word' id='word_1_268' title='bbox 1056 2215 1211 2287; x_wconf 90' lang='lat' dir='ltr'><strong>sequi</strong></span> <span class='ocrx_word' id='word_1_269' title='bbox 1266 2222 1319 2270; x_wconf 94' lang='lat' dir='ltr'><strong>et</strong></span> <span class='ocrx_word' id='word_1_270' title='bbox 1369 2214 1589 2285; x_wconf 88' lang='lat' dir='ltr'><strong>assequi</strong></span> <span class='ocrx_word' id='word_1_271' title='bbox 1656 2213 1918 2268; x_wconf 87' lang='lat' dir='ltr'><strong>habemus</strong></span> <span class='ocrx_word' id='word_1_272' title='bbox 1974 2213 2028 2267; x_wconf 93' lang='lat' dir='ltr'><strong>in</strong></span> 
     </span>
    </p>
   </div>
   <div class='ocr_carea' id='block_1_39' title="bbox 431 2300 2031 2376">
    <p class='ocr_par' dir='ltr' id='par_1_39' title="bbox 431 2300 2031 2376">
     <span class='ocr_line' id='line_1_39' title="bbox 431 2300 2031 2376; baseline -0.005 -13"><span class='ocrx_word' id='word_1_273' title='bbox 431 2306 598 2363; x_wconf 89' lang='lat' dir='ltr'><strong>votis.</strong></span> <span class='ocrx_word' id='word_1_274' title='bbox 644 2331 664 2356; x_wconf 73' lang='grc' dir='ltr'><strong>υ</strong></span> <span class='ocrx_word' id='word_1_275' title='bbox 698 2307 829 2362; x_wconf 87' lang='lat' dir='ltr'><strong>Tam</strong></span> <span class='ocrx_word' id='word_1_276' title='bbox 860 2321 991 2362; x_wconf 89' lang='lat' dir='ltr'><strong>vero</strong></span> <span class='ocrx_word' id='word_1_277' title='bbox 1023 2304 1078 2358; x_wconf 89' lang='lat' dir='ltr'><strong>in</strong></span> <span class='ocrx_word' id='word_1_278' title='bbox 1107 2310 1267 2376; x_wconf 90' lang='lat' dir='ltr'><strong>gestu</strong></span> <span class='ocrx_word' id='word_1_279' title='bbox 1298 2311 1351 2358; x_wconf 91' lang='lat' dir='ltr'><strong>et</strong></span> <span class='ocrx_word' id='word_1_280' title='bbox 1371 2300 1536 2357; x_wconf 69' lang='lat' dir='ltr'><strong>aifatu</strong></span> <span class='ocrx_word' id='word_1_281' title='bbox 1565 2301 1656 2356; x_wconf 90' lang='lat' dir='ltr'><strong>ille</strong></span> <span class='ocrx_word' id='word_1_282' title='bbox 1699 2301 1888 2372; x_wconf 90' lang='lat' dir='ltr'><strong>paucis</strong></span> <span class='ocrx_word' id='word_1_283' title='bbox 1907 2309 2031 2371; x_wconf 90' lang='lat' dir='ltr'><strong>post</strong></span> 
     </span>
    </p>
   </div>
   <div class='ocr_carea' id='block_1_40' title="bbox 434 2389 2030 2456">
    <p class='ocr_par' dir='ltr' id='par_1_40' title="bbox 434 2389 2030 2456">
     <span class='ocr_line' id='line_1_40' title="bbox 434 2389 2030 2456; baseline -0.006 -5"><span class='ocrx_word' id='word_1_284' title='bbox 434 2395 540 2451; x_wconf 85' lang='lat' dir='ltr'><strong>hoc</strong></span> <span class='ocrx_word' id='word_1_285' title='bbox 559 2393 753 2450; x_wconf 89' lang='lat' dir='ltr'><strong>diebus</strong></span> <span class='ocrx_word' id='word_1_286' title='bbox 785 2393 1047 2448; x_wconf 91' lang='lat' dir='ltr'><strong>humilem</strong></span> <span class='ocrx_word' id='word_1_287' title='bbox 1079 2407 1138 2447; x_wconf 91' lang='lat' dir='ltr'><strong>se</strong></span> <span class='ocrx_word' id='word_1_288' title='bbox 1159 2390 1483 2446; x_wconf 89' lang='lat' dir='ltr'><strong>ostendebat</strong></span> <span class='ocrx_word' id='word_1_289' title='bbox 1512 2397 1564 2444; x_wconf 86' lang='lat' dir='ltr'><strong>et</strong></span> <span class='ocrx_word' id='word_1_290' title='bbox 1594 2389 1945 2456; x_wconf 90' lang='lat' dir='ltr'><strong>submissum,</strong></span> <span class='ocrx_word' id='word_1_291' title='bbox 1972 2396 2030 2443; x_wconf 90' lang='lat' dir='ltr'><strong>ut</strong></span> 
     </span>
    </p>
   </div>
   <div class='ocr_carea' id='block_1_41' title="bbox 433 2477 2025 2540">
    <p class='ocr_par' dir='ltr' id='par_1_41' title="bbox 433 2477 2025 2540">
     <span class='ocr_line' id='line_1_41' title="bbox 433 2477 2025 2540; baseline -0.003 -2"><span class='ocrx_word' id='word_1_292' title='bbox 433 2483 708 2540; x_wconf 83' lang='lat' dir='ltr'><strong>videretur</strong></span> <span class='ocrx_word' id='word_1_293' title='bbox 734 2482 956 2538; x_wconf 87' lang='lat' dir='ltr'><strong>modum</strong></span> <span class='ocrx_word' id='word_1_294' title='bbox 1004 2480 1292 2535; x_wconf 85' lang='lat' dir='ltr'><strong>excedere.</strong></span> <span class='ocrx_word' id='word_1_295' title='bbox 1350 2477 1778 2534; x_wconf 88' lang='lat' dir='ltr'><strong>Occurrentibus</strong></span> <span class='ocrx_word' id='word_1_296' title='bbox 1823 2477 1926 2531; x_wconf 90' lang='lat' dir='ltr'><strong>sibi</strong></span> <span class='ocrx_word' id='word_1_297' title='bbox 1955 2478 2025 2533; x_wconf 92' lang='lat' dir='ltr'><strong>ob</strong></span> 
     </span>
    </p>
   </div>
   <div class='ocr_carea' id='block_1_42' title="bbox 430 2565 2024 2638">
    <p class='ocr_par' dir='ltr' id='par_1_42' title="bbox 430 2565 2024 2638">
     <span class='ocr_line' id='line_1_42' title="bbox 430 2565 2024 2638; baseline -0.005 -11"><span class='ocrx_word' id='word_1_298' title='bbox 430 2571 532 2628; x_wconf 90' lang='lat' dir='ltr'><strong>iter</strong></span> <span class='ocrx_word' id='word_1_299' title='bbox 554 2570 821 2626; x_wconf 88' lang='lat' dir='ltr'><strong>mendicis</strong></span> <span class='ocrx_word' id='word_1_300' title='bbox 848 2585 913 2625; x_wconf 93' lang='lat' dir='ltr'><strong>ac</strong></span> <span class='ocrx_word' id='word_1_301' title='bbox 931 2569 1104 2624; x_wconf 81' lang='lat' dir='ltr'><strong>fausta</strong></span> <span class='ocrx_word' id='word_1_302' title='bbox 1160 2567 1610 2638; x_wconf 87' lang='lat' dir='ltr'><strong>imprecantibus,</strong></span> <span class='ocrx_word' id='word_1_303' title='bbox 1655 2581 1887 2636; x_wconf 89' lang='lat' dir='ltr'><strong>corpore</strong></span> <span class='ocrx_word' id='word_1_304' title='bbox 1935 2565 2024 2620; x_wconf 90' lang='lat' dir='ltr'><strong>in-</strong></span> 
     </span>
    </p>
   </div>
   <div class='ocr_carea' id='block_1_43' title="bbox 431 2654 2026 2730">
    <p class='ocr_par' dir='ltr' id='par_1_43' title="bbox 431 2654 2026 2730">
     <span class='ocr_line' id='line_1_43' title="bbox 431 2654 2026 2730; baseline -0.005 -14"><span class='ocrx_word' id='word_1_305' title='bbox 431 2667 658 2716; x_wconf 88' lang='lat' dir='ltr'><strong>curvato</strong></span> <span class='ocrx_word' id='word_1_306' title='bbox 687 2667 738 2714; x_wconf 93' lang='lat' dir='ltr'><strong>et</strong></span> <span class='ocrx_word' id='word_1_307' title='bbox 781 2658 957 2730; x_wconf 91' lang='lat' dir='ltr'><strong>capite</strong></span> <span class='ocrx_word' id='word_1_308' title='bbox 999 2657 1165 2711; x_wconf 89' lang='lat' dir='ltr'><strong>altius</strong></span> <span class='ocrx_word' id='word_1_309' title='bbox 1220 2655 1460 2712; x_wconf 91' lang='lat' dir='ltr'><strong>demisso</strong></span> <span class='ocrx_word' id='word_1_310' title='bbox 1505 2655 1711 2725; x_wconf 87' lang='lat' dir='ltr'><strong>gratias</strong></span> <span class='ocrx_word' id='word_1_311' title='bbox 1731 2654 2026 2724; x_wconf 89' lang='lat' dir='ltr'><strong>diligenter</strong></span> 
     </span>
    </p>
   </div>
   <div class='ocr_carea' id='block_1_44' title="bbox 428 2742 2024 2815">
    <p class='ocr_par' dir='ltr' id='par_1_44' title="bbox 428 2742 2024 2815">
     <span class='ocr_line' id='line_1_44' title="bbox 428 2742 2024 2815; baseline -0.005 -11"><span class='ocrx_word' id='word_1_312' title='bbox 428 2748 720 2804; x_wconf 83' lang='lat' dir='ltr'><strong>referebat.</strong></span> <span class='ocrx_word' id='word_1_313' title='bbox 769 2747 1080 2802; x_wconf 88' lang='lat' dir='ltr'><strong>Salutantes</strong></span> <span class='ocrx_word' id='word_1_314' title='bbox 1137 2760 1198 2799; x_wconf 91' lang='lat' dir='ltr'><strong>se</strong></span> <span class='ocrx_word' id='word_1_315' title='bbox 1243 2759 1518 2815; x_wconf 87' lang='lat' dir='ltr'><strong>pannosas</strong></span> <span class='ocrx_word' id='word_1_316' title='bbox 1563 2743 1724 2797; x_wconf 90' lang='lat' dir='ltr'><strong>etiam</strong></span> <span class='ocrx_word' id='word_1_317' title='bbox 1783 2742 2024 2798; x_wconf 90' lang='lat' dir='ltr'><strong>anicolas</strong></span> 
     </span>
    </p>
   </div>
   <div class='ocr_carea' id='block_1_45' title="bbox 426 2830 2023 2902">
    <p class='ocr_par' dir='ltr' id='par_1_45' title="bbox 426 2830 2023 2902">
     <span class='ocr_line' id='line_1_45' title="bbox 426 2830 2023 2902; baseline -0.005 -10"><span class='ocrx_word' id='word_1_318' title='bbox 426 2837 711 2893; x_wconf 89' lang='lat' dir='ltr'><strong>mitissime</strong></span> <span class='ocrx_word' id='word_1_319' title='bbox 738 2835 1090 2890; x_wconf 90' lang='lat' dir='ltr'><strong>resalutabat.</strong></span> <span class='ocrx_word' id='word_1_320' title='bbox 1124 2836 1193 2888; x_wconf 75' lang='lat' dir='ltr'><strong>At</strong></span> <span class='ocrx_word' id='word_1_321' title='bbox 1221 2847 1354 2888; x_wconf 91' lang='lat' dir='ltr'><strong>vero</strong></span> <span class='ocrx_word' id='word_1_322' title='bbox 1384 2839 1505 2902; x_wconf 91' lang='lat' dir='ltr'><strong>post</strong></span> <span class='ocrx_word' id='word_1_323' title='bbox 1534 2831 1790 2897; x_wconf 88' lang='lat' dir='ltr'><strong>triduum,</strong></span> <span class='ocrx_word' id='word_1_324' title='bbox 1843 2830 2023 2886; x_wconf 70' lang='lat' dir='ltr'><strong>laetifi-</strong></span> 
     </span>
    </p>
   </div>
   <div class='ocr_carea' id='block_1_46' title="bbox 427 2919 2021 2990">
    <p class='ocr_par' dir='ltr' id='par_1_46' title="bbox 427 2919 2021 2990">
     <span class='ocr_line' id='line_1_46' title="bbox 427 2919 2021 2990; baseline -0.006 -8"><span class='ocrx_word' id='word_1_325' title='bbox 427 2933 578 2982; x_wconf 88' lang='lat' dir='ltr'><strong>catos</strong></span> <span class='ocrx_word' id='word_1_326' title='bbox 605 2940 713 2980; x_wconf 91' lang='lat' dir='ltr'><strong>non</strong></span> <span class='ocrx_word' id='word_1_327' title='bbox 735 2923 1083 2980; x_wconf 88' lang='lat' dir='ltr'><strong>mediocriter</strong></span> <span class='ocrx_word' id='word_1_328' title='bbox 1111 2938 1178 2976; x_wconf 83' lang='lat' dir='ltr'><strong>ex</strong></span> <span class='ocrx_word' id='word_1_329' title='bbox 1208 2921 1292 2974; x_wconf 88' lang='lat' dir='ltr'><strong>his</strong></span> <span class='ocrx_word' id='word_1_330' title='bbox 1323 2928 1431 2974; x_wconf 89' lang='lat' dir='ltr'><strong>tam</strong></span> <span class='ocrx_word' id='word_1_331' title='bbox 1479 2919 1797 2990; x_wconf 88' lang='lat' dir='ltr'><strong>episcopum</strong></span> <span class='ocrx_word' id='word_1_332' title='bbox 1855 2933 2021 2989; x_wconf 90' lang='lat' dir='ltr'><strong>quam</strong></span> 
     </span>
    </p>
   </div>
   <div class='ocr_carea' id='block_1_47' title="bbox 427 3007 2020 3082">
    <p class='ocr_par' dir='ltr' id='par_1_47' title="bbox 427 3007 2020 3082">
     <span class='ocr_line' id='line_1_47' title="bbox 427 3007 2020 3082; baseline -0.004 -13"><span class='ocrx_word' id='word_1_333' title='bbox 427 3021 481 3070; x_wconf 90' lang='lat' dir='ltr'><strong>et</strong></span> <span class='ocrx_word' id='word_1_334' title='bbox 505 3013 641 3069; x_wconf 90' lang='lat' dir='ltr'><strong>alios</strong></span> <span class='ocrx_word' id='word_1_335' title='bbox 661 3013 766 3068; x_wconf 86' lang='lat' dir='ltr'><strong>ista</strong></span> <span class='ocrx_word' id='word_1_336' title='bbox 801 3011 1223 3082; x_wconf 88' lang='lat' dir='ltr'><strong>conspicientes,</strong></span> <span class='ocrx_word' id='word_1_337' title='bbox 1266 3024 1333 3063; x_wconf 86' lang='lat' dir='ltr'><strong>ex</strong></span> <span class='ocrx_word' id='word_1_338' title='bbox 1363 3007 1483 3062; x_wconf 89' lang='lat' dir='ltr'><strong>aliis</strong></span> <span class='ocrx_word' id='word_1_339' title='bbox 1539 3007 1708 3079; x_wconf 90' lang='lat' dir='ltr'><strong>gestis</strong></span> <span class='ocrx_word' id='word_1_340' title='bbox 1757 3014 1809 3062; x_wconf 90' lang='lat' dir='ltr'><strong>et</strong></span> <span class='ocrx_word' id='word_1_341' title='bbox 1858 3007 2020 3062; x_wconf 88' lang='lat' dir='ltr'><strong>dictis</strong></span> 
     </span>
    </p>
   </div>
   <div class='ocr_carea' id='block_1_48' title="bbox 427 3095 2018 3174">
    <p class='ocr_par' dir='ltr' id='par_1_48' title="bbox 427 3095 2018 3174">
     <span class='ocr_line' id='line_1_48' title="bbox 427 3095 2018 3174; baseline -0.005 -16"><span class='ocrx_word' id='word_1_342' title='bbox 427 3101 748 3174; x_wconf 86' lang='lat' dir='ltr'><strong>incongruis</strong></span> <span class='ocrx_word' id='word_1_343' title='bbox 787 3099 956 3155; x_wconf 90' lang='lat' dir='ltr'><strong>multo</strong></span> <span class='ocrx_word' id='word_1_344' title='bbox 1005 3097 1240 3168; x_wconf 89' lang='lat' dir='ltr'><strong>amplius</strong></span> <span class='ocrx_word' id='word_1_345' title='bbox 1287 3095 1643 3152; x_wconf 89' lang='lat' dir='ltr'><strong>contristavit.</strong></span> <span class='ocrx_word' id='word_1_346' title='bbox 1680 3097 1760 3150; x_wconf 87' lang='lat' dir='ltr'><strong>Ex</strong></span> <span class='ocrx_word' id='word_1_347' title='bbox 1817 3095 2018 3166; x_wconf 89' lang='lat' dir='ltr'><strong>quibus</strong></span> 
     </span>
    </p>
   </div>
   <div class='ocr_carea' id='block_1_49' title="bbox 2135 1863 3728 1934">
    <p class='ocr_par' dir='ltr' id='par_1_49' title="bbox 2135 1863 3728 1934">
     <span class='ocr_line' id='line_1_49' title="bbox 2135 1863 3728 1934; baseline 0.003 -16"><span class='ocrx_word' id='word_1_348' title='bbox 2135 1863 2396 1928; x_wconf 90' lang='lat' dir='ltr'><strong>Domini,</strong></span> <span class='ocrx_word' id='word_1_349' title='bbox 2458 1863 2584 1934; x_wconf 91' lang='lat' dir='ltr'><strong>quia</strong></span> <span class='ocrx_word' id='word_1_350' title='bbox 2633 1863 2875 1918; x_wconf 85' lang='lat' dir='ltr'><strong>muneris</strong></span> <span class='ocrx_word' id='word_1_351' title='bbox 2932 1863 3236 1920; x_wconf 89' lang='lat' dir='ltr'><strong>oblatorem</strong></span> <span class='ocrx_word' id='word_1_352' title='bbox 3293 1881 3400 1920; x_wconf 90' lang='lat' dir='ltr'><strong>non</strong></span> <span class='ocrx_word' id='word_1_353' title='bbox 3455 1866 3728 1924; x_wconf 86' lang='lat' dir='ltr'><strong>immerito</strong></span> 
     </span>
    </p>
   </div>
   <div class='ocr_carea' id='block_1_50' title="bbox 2131 1951 3597 2025">
    <p class='ocr_par' dir='ltr' id='par_1_50' title="bbox 2131 1951 3597 2025">
     <span class='ocr_line' id='line_1_50' title="bbox 2131 1951 3597 2025; baseline 0.001 -18"><span class='ocrx_word' id='word_1_354' title='bbox 2131 1951 2475 2022; x_wconf 88' lang='lat' dir='ltr'><strong>improbavit,</strong></span> <span class='ocrx_word' id='word_1_355' title='bbox 2509 1952 2628 2019; x_wconf 86' lang='lat' dir='ltr'><strong>ejus</strong></span> <span class='ocrx_word' id='word_1_356' title='bbox 2658 1951 2745 2007; x_wconf 90' lang='lat' dir='ltr'><strong>vel</strong></span> <span class='ocrx_word' id='word_1_357' title='bbox 2772 1968 2972 2007; x_wconf 90' lang='lat' dir='ltr'><strong>munus</strong></span> <span class='ocrx_word' id='word_1_358' title='bbox 2999 1961 3223 2024; x_wconf 87' lang='lat' dir='ltr'><strong>tangere</strong></span> <span class='ocrx_word' id='word_1_359' title='bbox 3254 1954 3597 2025; x_wconf 88' lang='lat' dir='ltr'><strong>contempsit.</strong></span> 
     </span>
    </p>
   </div>
   <div class='ocr_carea' id='block_1_51' title="bbox 2202 2039 3723 2112">
    <p class='ocr_par' dir='ltr' id='par_1_51' title="bbox 2202 2039 3723 2112">
     <span class='ocr_line' id='line_1_51' title="bbox 2202 2039 3723 2112; baseline 0.001 -17"><span class='ocrx_word' id='word_1_360' title='bbox 2202 2040 2443 2095; x_wconf 82' lang='lat' dir='ltr'><strong>Verbum</strong></span> <span class='ocrx_word' id='word_1_361' title='bbox 2465 2048 2646 2094; x_wconf 91' lang='lat' dir='ltr'><strong>autem</strong></span> <span class='ocrx_word' id='word_1_362' title='bbox 2677 2039 2894 2095; x_wconf 92' lang='lat' dir='ltr'><strong>Domini</strong></span> <span class='ocrx_word' id='word_1_363' title='bbox 2924 2039 3215 2112; x_wconf 83' lang='lat' dir='ltr'><strong>episcopus</strong></span> <span class='ocrx_word' id='word_1_364' title='bbox 3243 2042 3533 2096; x_wconf 87' lang='lat' dir='ltr'><strong>astantium</strong></span> <span class='ocrx_word' id='word_1_365' title='bbox 3578 2043 3723 2097; x_wconf 91' lang='lat' dir='ltr'><strong>mul-</strong></span> 
     </span>
    </p>
   </div>
   <div class='ocr_carea' id='block_1_52' title="bbox 2130 2128 3728 2199">
    <p class='ocr_par' dir='ltr' id='par_1_52' title="bbox 2130 2128 3728 2199">
     <span class='ocr_line' id='line_1_52' title="bbox 2130 2128 3728 2199; baseline 0.002 -17"><span class='ocrx_word' id='word_1_366' title='bbox 2130 2128 2355 2184; x_wconf 89' lang='lat' dir='ltr'><strong>titudine</strong></span> <span class='ocrx_word' id='word_1_367' title='bbox 2381 2128 2680 2199; x_wconf 67' lang='lat' dir='ltr'><strong>praedicare</strong></span> <span class='ocrx_word' id='word_1_368' title='bbox 2728 2144 2976 2194; x_wconf 87' lang='lat' dir='ltr'><strong>exorsus,</strong></span> <span class='ocrx_word' id='word_1_369' title='bbox 3028 2145 3152 2185; x_wconf 89' lang='lat' dir='ltr'><strong>cum</strong></span> <span class='ocrx_word' id='word_1_370' title='bbox 3198 2130 3267 2185; x_wconf 91' lang='lat' dir='ltr'><strong>de</strong></span> <span class='ocrx_word' id='word_1_371' title='bbox 3313 2130 3580 2186; x_wconf 91' lang='lat' dir='ltr'><strong>bonorum</strong></span> <span class='ocrx_word' id='word_1_372' title='bbox 3637 2131 3728 2186; x_wconf 85' lang='lat' dir='ltr'><strong>vel</strong></span> 
     </span>
    </p>
   </div>
   <div class='ocr_carea' id='block_1_53' title="bbox 2127 2217 3725 2290">
    <p class='ocr_par' dir='ltr' id='par_1_53' title="bbox 2127 2217 3725 2290">
     <span class='ocr_line' id='line_1_53' title="bbox 2127 2217 3725 2290; baseline 0.001 -18"><span class='ocrx_word' id='word_1_373' title='bbox 2127 2217 2394 2272; x_wconf 89' lang='lat' dir='ltr'><strong>malorum</strong></span> <span class='ocrx_word' id='word_1_374' title='bbox 2424 2217 2730 2288; x_wconf 88' lang='lat' dir='ltr'><strong>principum</strong></span> <span class='ocrx_word' id='word_1_375' title='bbox 2759 2217 3022 2282; x_wconf 86' lang='lat' dir='ltr'><strong>moribus,</strong></span> <span class='ocrx_word' id='word_1_376' title='bbox 3057 2226 3108 2273; x_wconf 92' lang='lat' dir='ltr'><strong>et</strong></span> <span class='ocrx_word' id='word_1_377' title='bbox 3138 2219 3376 2290; x_wconf 71' lang='lat' dir='ltr'><strong>praamiis</strong></span> <span class='ocrx_word' id='word_1_378' title='bbox 3406 2227 3529 2289; x_wconf 90' lang='lat' dir='ltr'><strong>post</strong></span> <span class='ocrx_word' id='word_1_379' title='bbox 3579 2218 3725 2274; x_wconf 79' lang='lat' dir='ltr'><strong>{utu-</strong></span> 
     </span>
    </p>
   </div>
   <div class='ocr_carea' id='block_1_54' title="bbox 2129 2305 3723 2372">
    <p class='ocr_par' dir='ltr' id='par_1_54' title="bbox 2129 2305 3723 2372">
     <span class='ocr_line' id='line_1_54' title="bbox 2129 2305 3723 2372; baseline 0.001 -12"><span class='ocrx_word' id='word_1_380' title='bbox 2129 2305 2204 2360; x_wconf 90' lang='lat' dir='ltr'><strong>ris</strong></span> <span class='ocrx_word' id='word_1_381' title='bbox 2225 2305 2388 2359; x_wconf 90' lang='lat' dir='ltr'><strong>multa</strong></span> <span class='ocrx_word' id='word_1_382' title='bbox 2418 2305 2737 2372; x_wconf 90' lang='lat' dir='ltr'><strong>dissereret,</strong></span> <span class='ocrx_word' id='word_1_383' title='bbox 2777 2305 2907 2360; x_wconf 91' lang='lat' dir='ltr'><strong>dum</strong></span> <span class='ocrx_word' id='word_1_384' title='bbox 2935 2305 3006 2359; x_wconf 91' lang='lat' dir='ltr'><strong>ab</strong></span> <span class='ocrx_word' id='word_1_385' title='bbox 3045 2305 3164 2361; x_wconf 88' lang='lat' dir='ltr'><strong>aliis</strong></span> <span class='ocrx_word' id='word_1_386' title='bbox 3195 2305 3389 2362; x_wconf 90' lang='lat' dir='ltr'><strong>devote</strong></span> <span class='ocrx_word' id='word_1_387' title='bbox 3446 2306 3723 2364; x_wconf 86' lang='lat' dir='ltr'><strong>acclama-</strong></span> 
     </span>
    </p>
   </div>
   <div class='ocr_carea' id='block_1_55' title="bbox 2128 2393 3722 2466">
    <p class='ocr_par' dir='ltr' id='par_1_55' title="bbox 2128 2393 3722 2466">
     <span class='ocr_line' id='line_1_55' title="bbox 2128 2393 3722 2466; baseline 0.003 -20"><span class='ocrx_word' id='word_1_388' title='bbox 2128 2401 2294 2462; x_wconf 89' lang='lat' dir='ltr'><strong>retur,</strong></span> <span class='ocrx_word' id='word_1_389' title='bbox 2349 2393 2453 2447; x_wconf 89' lang='lat' dir='ltr'><strong>sibi</strong></span> <span class='ocrx_word' id='word_1_390' title='bbox 2508 2393 2762 2464; x_wconf 82' lang='lat' dir='ltr'><strong>princeps</strong></span> <span class='ocrx_word' id='word_1_391' title='bbox 2803 2401 3150 2461; x_wconf 90' lang='lat' dir='ltr'><strong>memoratus,</strong></span> <span class='ocrx_word' id='word_1_392' title='bbox 3218 2410 3372 2450; x_wconf 91' lang='lat' dir='ltr'><strong>more</strong></span> <span class='ocrx_word' id='word_1_393' title='bbox 3419 2395 3722 2466; x_wconf 88' lang='lat' dir='ltr'><strong>principum</strong></span> 
     </span>
    </p>
   </div>
   <div class='ocr_carea' id='block_1_56' title="bbox 2126 2481 3725 2554">
    <p class='ocr_par' dir='ltr' id='par_1_56' title="bbox 2126 2481 3725 2554">
     <span class='ocr_line' id='line_1_56' title="bbox 2126 2481 3725 2554; baseline 0.001 -18"><span class='ocrx_word' id='word_1_394' title='bbox 2126 2482 2217 2553; x_wconf 90' lang='lat' dir='ltr'><strong>qui</strong></span> <span class='ocrx_word' id='word_1_395' title='bbox 2247 2497 2405 2536; x_wconf 88' lang='lat' dir='ltr'><strong>mane</strong></span> <span class='ocrx_word' id='word_1_396' title='bbox 2450 2481 2762 2547; x_wconf 89' lang='lat' dir='ltr'><strong>comedunt,</strong></span> <span class='ocrx_word' id='word_1_397' title='bbox 2804 2489 2912 2536; x_wconf 91' lang='lat' dir='ltr'><strong>tam</strong></span> <span class='ocrx_word' id='word_1_398' title='bbox 2967 2482 3250 2536; x_wconf 89' lang='lat' dir='ltr'><strong>materiam</strong></span> <span class='ocrx_word' id='word_1_399' title='bbox 3297 2498 3458 2554; x_wconf 91' lang='lat' dir='ltr'><strong>quam</strong></span> <span class='ocrx_word' id='word_1_400' title='bbox 3509 2499 3725 2538; x_wconf 89' lang='lat' dir='ltr'><strong>moram</strong></span> 
     </span>
    </p>
   </div>
   <div class='ocr_carea' id='block_1_57' title="bbox 2125 2569 3722 2640">
    <p class='ocr_par' dir='ltr' id='par_1_57' title="bbox 2125 2569 3722 2640">
     <span class='ocr_line' id='line_1_57' title="bbox 2125 2569 3722 2640; baseline 0.001 -16"><span class='ocrx_word' id='word_1_401' title='bbox 2125 2570 2394 2624; x_wconf 88' lang='lat' dir='ltr'><strong>sermonis</strong></span> <span class='ocrx_word' id='word_1_402' title='bbox 2441 2585 2548 2625; x_wconf 89' lang='lat' dir='ltr'><strong>non</strong></span> <span class='ocrx_word' id='word_1_403' title='bbox 2598 2585 2753 2640; x_wconf 68' lang='lat' dir='ltr'><strong>teque</strong></span> <span class='ocrx_word' id='word_1_404' title='bbox 2797 2569 2998 2635; x_wconf 82' lang='lat' dir='ltr'><strong>ferens,</strong></span> <span class='ocrx_word' id='word_1_405' title='bbox 3059 2571 3213 2625; x_wconf 88' lang='lat' dir='ltr'><strong>tertio</strong></span> <span class='ocrx_word' id='word_1_406' title='bbox 3262 2571 3410 2627; x_wconf 90' lang='lat' dir='ltr'><strong>misit</strong></span> <span class='ocrx_word' id='word_1_407' title='bbox 3445 2571 3514 2626; x_wconf 89' lang='lat' dir='ltr'><strong>ad</strong></span> <span class='ocrx_word' id='word_1_408' title='bbox 3570 2588 3722 2638; x_wconf 89' lang='lat' dir='ltr'><strong>eum,</strong></span> 
     </span>
    </p>
   </div>
   <div class='ocr_carea' id='block_1_58' title="bbox 2125 2658 3722 2730">
    <p class='ocr_par' dir='ltr' id='par_1_58' title="bbox 2125 2658 3722 2730">
     <span class='ocr_line' id='line_1_58' title="bbox 2125 2658 3722 2730; baseline 0.002 -18"><span class='ocrx_word' id='word_1_409' title='bbox 2125 2659 2376 2730; x_wconf 83' lang='lat' dir='ltr'><strong>ﬂagitans</strong></span> <span class='ocrx_word' id='word_1_410' title='bbox 2395 2658 2612 2724; x_wconf 85' lang='lat' dir='ltr'><strong>obnixe,</strong></span> <span class='ocrx_word' id='word_1_411' title='bbox 2647 2667 2705 2712; x_wconf 88' lang='lat' dir='ltr'><strong>ut</strong></span> <span class='ocrx_word' id='word_1_412' title='bbox 2735 2659 2976 2714; x_wconf 90' lang='lat' dir='ltr'><strong>sermoni</strong></span> <span class='ocrx_word' id='word_1_413' title='bbox 3004 2666 3202 2713; x_wconf 88' lang='lat' dir='ltr'><strong>metam</strong></span> <span class='ocrx_word' id='word_1_414' title='bbox 3235 2668 3418 2730; x_wconf 90' lang='lat' dir='ltr'><strong>ponat,</strong></span> <span class='ocrx_word' id='word_1_415' title='bbox 3452 2667 3506 2716; x_wconf 89' lang='lat' dir='ltr'><strong>et</strong></span> <span class='ocrx_word' id='word_1_416' title='bbox 3535 2661 3722 2716; x_wconf 90' lang='lat' dir='ltr'><strong>divina</strong></span> 
     </span>
    </p>
   </div>
   <div class='ocr_carea' id='block_1_59' title="bbox 2122 2746 3722 2818">
    <p class='ocr_par' dir='ltr' id='par_1_59' title="bbox 2122 2746 3722 2818">
     <span class='ocr_line' id='line_1_59' title="bbox 2122 2746 3722 2818; baseline 0.001 -16"><span class='ocrx_word' id='word_1_417' title='bbox 2122 2746 2378 2816; x_wconf 85' lang='lat' dir='ltr'><strong>celebret,</strong></span> <span class='ocrx_word' id='word_1_418' title='bbox 2427 2755 2696 2818; x_wconf 89' lang='lat' dir='ltr'><strong>quatenus</strong></span> <span class='ocrx_word' id='word_1_419' title='bbox 2778 2746 2880 2801; x_wconf 88' lang='lat' dir='ltr'><strong>sibi</strong></span> <span class='ocrx_word' id='word_1_420' title='bbox 2931 2755 3056 2817; x_wconf 91' lang='lat' dir='ltr'><strong>post</strong></span> <span class='ocrx_word' id='word_1_421' title='bbox 3110 2755 3261 2802; x_wconf 87' lang='lat' dir='ltr'><strong>tanta</strong></span> <span class='ocrx_word' id='word_1_422' title='bbox 3311 2747 3516 2817; x_wconf 91' lang='lat' dir='ltr'><strong>jejunia</strong></span> <span class='ocrx_word' id='word_1_423' title='bbox 3570 2749 3722 2804; x_wconf 86' lang='lat' dir='ltr'><strong>vesci</strong></span> 
     </span>
    </p>
   </div>
   <div class='ocr_carea' id='block_1_60' title="bbox 2120 2833 3722 2912">
    <p class='ocr_par' dir='ltr' id='par_1_60' title="bbox 2120 2833 3722 2912">
     <span class='ocr_line' id='line_1_60' title="bbox 2120 2833 3722 2912; baseline 0.001 -22"><span class='ocrx_word' id='word_1_424' title='bbox 2120 2835 2466 2891; x_wconf 87' lang='lat' dir='ltr'><strong>concedatur.</strong></span> <span class='ocrx_word' id='word_1_425' title='bbox 2544 2835 2652 2890; x_wconf 92' lang='lat' dir='ltr'><strong>Sed</strong></span> <span class='ocrx_word' id='word_1_426' title='bbox 2710 2833 2863 2890; x_wconf 81' lang='lat' dir='ltr'><strong>fortis</strong></span> <span class='ocrx_word' id='word_1_427' title='bbox 2911 2835 3320 2912; x_wconf 84' lang='lat' dir='ltr'><strong>evangelizator</strong></span> <span class='ocrx_word' id='word_1_428' title='bbox 3367 2844 3566 2900; x_wconf 89' lang='lat' dir='ltr'><strong>noster,</strong></span> <span class='ocrx_word' id='word_1_429' title='bbox 3626 2837 3722 2908; x_wconf 90' lang='lat' dir='ltr'><strong>qui</strong></span> 
     </span>
    </p>
   </div>
   <div class='ocr_carea' id='block_1_61' title="bbox 2119 2922 3714 2994">
    <p class='ocr_par' dir='ltr' id='par_1_61' title="bbox 2119 2922 3714 2994">
     <span class='ocr_line' id='line_1_61' title="bbox 2119 2922 3714 2994; baseline 0.002 -17"><span class='ocrx_word' id='word_1_430' title='bbox 2119 2939 2284 2994; x_wconf 90' lang='lat' dir='ltr'><strong>super</strong></span> <span class='ocrx_word' id='word_1_431' title='bbox 2312 2932 2552 2979; x_wconf 90' lang='lat' dir='ltr'><strong>montem</strong></span> <span class='ocrx_word' id='word_1_432' title='bbox 2590 2922 2867 2978; x_wconf 81' lang='lat' dir='ltr'><strong>excelsum</strong></span> <span class='ocrx_word' id='word_1_433' title='bbox 2923 2924 3262 2988; x_wconf 81' lang='lat' dir='ltr'><strong>ascenderat,</strong></span> <span class='ocrx_word' id='word_1_434' title='bbox 3302 2933 3424 2980; x_wconf 91' lang='lat' dir='ltr'><strong>vota</strong></span> <span class='ocrx_word' id='word_1_435' title='bbox 3467 2932 3520 2980; x_wconf 89' lang='lat' dir='ltr'><strong>et</strong></span> <span class='ocrx_word' id='word_1_436' title='bbox 3549 2940 3714 2980; x_wconf 89' lang='lat' dir='ltr'><strong>man-</strong></span> 
     </span>
    </p>
   </div>
   <div class='ocr_carea' id='block_1_62' title="bbox 2119 3011 3715 3083">
    <p class='ocr_par' dir='ltr' id='par_1_62' title="bbox 2119 3011 3715 3083">
     <span class='ocr_line' id='line_1_62' title="bbox 2119 3011 3715 3083; baseline 0.001 -17"><span class='ocrx_word' id='word_1_437' title='bbox 2119 3011 2247 3066; x_wconf 91' lang='lat' dir='ltr'><strong>data</strong></span> <span class='ocrx_word' id='word_1_438' title='bbox 2276 3012 2390 3080; x_wconf 92' lang='lat' dir='ltr'><strong>ejus</strong></span> <span class='ocrx_word' id='word_1_439' title='bbox 2423 3011 2752 3082; x_wconf 90' lang='lat' dir='ltr'><strong>despiciens,</strong></span> <span class='ocrx_word' id='word_1_440' title='bbox 2784 3011 2915 3082; x_wconf 88' lang='lat' dir='ltr'><strong>quin</strong></span> <span class='ocrx_word' id='word_1_441' title='bbox 2935 3019 2990 3066; x_wconf 91' lang='lat' dir='ltr'><strong>et</strong></span> <span class='ocrx_word' id='word_1_442' title='bbox 3017 3027 3208 3068; x_wconf 90' lang='lat' dir='ltr'><strong>vocem</strong></span> <span class='ocrx_word' id='word_1_443' title='bbox 3237 3011 3430 3068; x_wconf 84' lang='lat' dir='ltr'><strong>fortius</strong></span> <span class='ocrx_word' id='word_1_444' title='bbox 3450 3013 3715 3083; x_wconf 84' lang='lat' dir='ltr'><strong>exaltans,</strong></span> 
     </span>
    </p>
   </div>
   <div class='ocr_carea' id='block_1_63' title="bbox 2118 3099 3717 3171">
    <p class='ocr_par' dir='ltr' id='par_1_63' title="bbox 2118 3099 3717 3171">
     <span class='ocr_line' id='line_1_63' title="bbox 2118 3099 3717 3171; baseline 0.001 -17"><span class='ocrx_word' id='word_1_445' title='bbox 2118 3099 2518 3155; x_wconf 89' lang='lat' dir='ltr'><strong>multitudinem</strong></span> <span class='ocrx_word' id='word_1_446' title='bbox 2567 3099 2860 3154; x_wconf 89' lang='lat' dir='ltr'><strong>maximam</strong></span> <span class='ocrx_word' id='word_1_447' title='bbox 2912 3100 3224 3154; x_wconf 91' lang='lat' dir='ltr'><strong>auditorum</strong></span> <span class='ocrx_word' id='word_1_448' title='bbox 3279 3109 3388 3156; x_wconf 92' lang='lat' dir='ltr'><strong>tam</strong></span> <span class='ocrx_word' id='word_1_449' title='bbox 3436 3101 3528 3156; x_wconf 92' lang='lat' dir='ltr'><strong>diu</strong></span> <span class='ocrx_word' id='word_1_450' title='bbox 3572 3118 3717 3171; x_wconf 86' lang='lat' dir='ltr'><strong>pane</strong></span> 
     </span>
    </p>
   </div>
   <div class='ocr_carea' id='block_1_64' title="bbox 423 3156 3719 3263">
    <p class='ocr_par' dir='ltr' id='par_1_64' title="bbox 423 3156 3719 3263">
     <span class='ocr_line' id='line_1_64' title="bbox 423 3156 3719 3263; baseline -0.001 -16"><span class='ocrx_word' id='word_1_451' title='bbox 423 3156 731 3263; x_wconf 56' lang='lat' dir='ltr'><strong>compendii</strong></span> <span class='ocrx_word' id='word_1_452' title='bbox 759 3188 957 3262; x_wconf 84' lang='lat' dir='ltr'><strong>gratia,</strong></span> <span class='ocrx_word' id='word_1_453' title='bbox 986 3156 1219 3257; x_wconf 63' lang='lat' dir='ltr'><strong>plurima</strong></span> <span class='ocrx_word' id='word_1_454' title='bbox 1239 3184 1661 3256; x_wconf 89' lang='lat' dir='ltr'><strong>supprimentes,</strong></span> <span class='ocrx_word' id='word_1_455' title='bbox 1694 3156 1868 3254; x_wconf 75' lang='lat' dir='ltr'><strong>pauca</strong></span> <span class='ocrx_word' id='word_1_456' title='bbox 1924 3200 2015 3240; x_wconf 92' lang='lat' dir='ltr'><strong>re-</strong></span> <span class='ocrx_word' id='word_1_457' title='bbox 2043 3156 2092 3218; x_wconf 70' lang='grc' dir='ltr'>Ο</span> <span class='ocrx_word' id='word_1_458' title='bbox 2120 3187 2418 3259; x_wconf 90' lang='lat' dir='ltr'><strong>spiritualis</strong></span> <span class='ocrx_word' id='word_1_459' title='bbox 2447 3188 2711 3244; x_wconf 70' lang='lat' dir='ltr'><strong>doctrinae</strong></span> <span class='ocrx_word' id='word_1_460' title='bbox 2739 3187 2925 3243; x_wconf 90' lang='lat' dir='ltr'><strong>cibare</strong></span> <span class='ocrx_word' id='word_1_461' title='bbox 2959 3203 3071 3243; x_wconf 89' lang='lat' dir='ltr'><strong>non</strong></span> <span class='ocrx_word' id='word_1_462' title='bbox 3099 3187 3324 3256; x_wconf 87' lang='lat' dir='ltr'><strong>destitit,</strong></span> <span class='ocrx_word' id='word_1_463' title='bbox 3354 3189 3530 3245; x_wconf 91' lang='lat' dir='ltr'><strong>donec</strong></span> <span class='ocrx_word' id='word_1_464' title='bbox 3574 3156 3719 3244; x_wconf 35' lang='lat' dir='ltr'><strong>cun;</strong></span> 
     </span>
    </p>
   </div>
   <div class='ocr_carea' id='block_1_65' title="bbox 421 3272 2016 3347">
    <p class='ocr_par' dir='ltr' id='par_1_65' title="bbox 421 3272 2016 3347">
     <span class='ocr_line' id='line_1_65' title="bbox 421 3272 2016 3347; baseline -0.004 -12"><span class='ocrx_word' id='word_1_465' title='bbox 421 3279 666 3344; x_wconf 77' lang='lat' dir='ltr'><strong>ferimus,</strong></span> <span class='ocrx_word' id='word_1_466' title='bbox 691 3285 749 3332; x_wconf 89' lang='lat' dir='ltr'><strong>ut</strong></span> <span class='ocrx_word' id='word_1_467' title='bbox 775 3275 1027 3346; x_wconf 90' lang='lat' dir='ltr'><strong>conjiciat</strong></span> <span class='ocrx_word' id='word_1_468' title='bbox 1053 3275 1296 3347; x_wconf 90' lang='lat' dir='ltr'><strong>prudens</strong></span> <span class='ocrx_word' id='word_1_469' title='bbox 1339 3273 1574 3338; x_wconf 91' lang='lat' dir='ltr'><strong>auditor,</strong></span> <span class='ocrx_word' id='word_1_470' title='bbox 1629 3272 1720 3327; x_wconf 90' lang='lat' dir='ltr'><strong>ubi</strong></span> <span class='ocrx_word' id='word_1_471' title='bbox 1775 3288 2016 3344; x_wconf 83' lang='lat' dir='ltr'><strong>perpen-</strong></span> 
     </span>
    </p>
   </div>
   <div class='ocr_carea' id='block_1_66' title="bbox 417 3361 2014 3436">
    <p class='ocr_par' dir='ltr' id='par_1_66' title="bbox 417 3361 2014 3436">
     <span class='ocr_line' id='line_1_66' title="bbox 417 3361 2014 3436; baseline -0.004 -12"><span class='ocrx_word' id='word_1_472' title='bbox 417 3367 561 3424; x_wconf 87' lang='lat' dir='ltr'><strong>derit</strong></span> <span class='ocrx_word' id='word_1_473' title='bbox 588 3366 752 3422; x_wconf 91' lang='lat' dir='ltr'><strong>talem</strong></span> <span class='ocrx_word' id='word_1_474' title='bbox 781 3365 1038 3432; x_wconf 82' lang='lat' dir='ltr'><strong>radicem,</strong></span> <span class='ocrx_word' id='word_1_475' title='bbox 1065 3363 1282 3436; x_wconf 89' lang='lat' dir='ltr'><strong>qualem</strong></span> <span class='ocrx_word' id='word_1_476' title='bbox 1313 3361 1580 3418; x_wconf 64' lang='lat' dir='ltr'><strong>aestimare</strong></span> <span class='ocrx_word' id='word_1_477' title='bbox 1638 3361 1798 3416; x_wconf 90' lang='lat' dir='ltr'><strong>liceat</strong></span> <span class='ocrx_word' id='word_1_478' title='bbox 1851 3376 2014 3417; x_wconf 89' lang='lat' dir='ltr'><strong>secu-</strong></span> 
     </span>
    </p>
   </div>
   <div class='ocr_carea' id='block_1_67' title="bbox 416 3448 1831 3511">
    <p class='ocr_par' dir='ltr' id='par_1_67' title="bbox 416 3448 1831 3511">
     <span class='ocr_line' id='line_1_67' title="bbox 416 3448 1831 3511; baseline -0.006 -1"><span class='ocrx_word' id='word_1_479' title='bbox 416 3463 593 3511; x_wconf 87' lang='lat' dir='ltr'><strong>turam</strong></span> <span class='ocrx_word' id='word_1_480' title='bbox 623 3454 894 3510; x_wconf 80' lang='lat' dir='ltr'><strong>fructuum</strong></span> <span class='ocrx_word' id='word_1_481' title='bbox 925 3469 990 3509; x_wconf 81' lang='lat' dir='ltr'><strong>ex</strong></span> <span class='ocrx_word' id='word_1_482' title='bbox 1021 3452 1212 3508; x_wconf 87' lang='lat' dir='ltr'><strong>eadem</strong></span> <span class='ocrx_word' id='word_1_483' title='bbox 1234 3450 1427 3506; x_wconf 90' lang='lat' dir='ltr'><strong>arbore</strong></span> <span class='ocrx_word' id='word_1_484' title='bbox 1472 3448 1831 3504; x_wconf 79' lang='lat' dir='ltr'><strong>fertilitatem.</strong></span> 
     </span>
    </p>
   </div>
   <div class='ocr_carea' id='block_1_68' title="bbox 486 3536 2013 3614">
    <p class='ocr_par' dir='ltr' id='par_1_68' title="bbox 486 3536 2013 3614">
     <span class='ocr_line' id='line_1_68' title="bbox 486 3536 2013 3614; baseline -0.005 -14"><span class='ocrx_word' id='word_1_485' title='bbox 486 3544 621 3600; x_wconf 91' lang='lat' dir='ltr'><strong>Cum</strong></span> <span class='ocrx_word' id='word_1_486' title='bbox 653 3542 816 3614; x_wconf 87' lang='lat' dir='ltr'><strong>igitur</strong></span> <span class='ocrx_word' id='word_1_487' title='bbox 845 3541 936 3597; x_wconf 88' lang='lat' dir='ltr'><strong>die</strong></span> <span class='ocrx_word' id='word_1_488' title='bbox 984 3539 1351 3597; x_wconf 88' lang='lat' dir='ltr'><strong>sacratissimo</strong></span> <span class='ocrx_word' id='word_1_489' title='bbox 1398 3536 1838 3594; x_wconf 82' lang='lat' dir='ltr'><strong>Resurrectionis</strong></span> <span class='ocrx_word' id='word_1_490' title='bbox 1897 3536 2013 3592; x_wconf 92' lang='lat' dir='ltr'><strong>Do-</strong></span> 
     </span>
    </p>
   </div>
   <div class='ocr_carea' id='block_1_69' title="bbox 411 3625 2012 3702">
    <p class='ocr_par' dir='ltr' id='par_1_69' title="bbox 411 3625 2012 3702">
     <span class='ocr_line' id='line_1_69' title="bbox 411 3625 2012 3702; baseline -0.006 -14"><span class='ocrx_word' id='word_1_491' title='bbox 411 3631 628 3689; x_wconf 61' lang='lat' dir='ltr'><strong>minicae</strong></span> <span class='ocrx_word' id='word_1_492' title='bbox 647 3631 798 3702; x_wconf 70' lang='lat'><strong>(2&#39;72)</strong></span> <span class='ocrx_word' id='word_1_493' title='bbox 817 3629 1100 3686; x_wconf 89' lang='lat' dir='ltr'><strong>oblaturus</strong></span> <span class='ocrx_word' id='word_1_494' title='bbox 1130 3644 1193 3683; x_wconf 92' lang='lat' dir='ltr'><strong>ex</strong></span> <span class='ocrx_word' id='word_1_495' title='bbox 1225 3642 1380 3682; x_wconf 92' lang='lat' dir='ltr'><strong>more</strong></span> <span class='ocrx_word' id='word_1_496' title='bbox 1409 3625 1498 3680; x_wconf 90' lang='lat' dir='ltr'><strong>ille</strong></span> <span class='ocrx_word' id='word_1_497' title='bbox 1515 3625 1584 3680; x_wconf 90' lang='lat' dir='ltr'><strong>ad</strong></span> <span class='ocrx_word' id='word_1_498' title='bbox 1606 3639 1800 3679; x_wconf 87' lang='lat' dir='ltr'><strong>manus</strong></span> <span class='ocrx_word' id='word_1_499' title='bbox 1819 3639 2012 3681; x_wconf 87' lang='lat' dir='ltr'><strong>acces-</strong></span> 
     </span>
    </p>
   </div>
   <div class='ocr_carea' id='block_1_70' title="bbox 411 3712 2014 3792">
    <p class='ocr_par' dir='ltr' id='par_1_70' title="bbox 411 3712 2014 3792">
     <span class='ocr_line' id='line_1_70' title="bbox 411 3712 2014 3792; baseline -0.007 -15"><span class='ocrx_word' id='word_1_500' title='bbox 411 3721 572 3777; x_wconf 87' lang='lat' dir='ltr'><strong>sisset</strong></span> <span class='ocrx_word' id='word_1_501' title='bbox 601 3718 866 3792; x_wconf 90' lang='lat' dir='ltr'><strong>episcopi,</strong></span> <span class='ocrx_word' id='word_1_502' title='bbox 899 3717 1088 3772; x_wconf 88' lang='lat' dir='ltr'><strong>altario</strong></span> <span class='ocrx_word' id='word_1_503' title='bbox 1135 3714 1462 3779; x_wconf 90' lang='lat' dir='ltr'><strong>assistentis,</strong></span> <span class='ocrx_word' id='word_1_504' title='bbox 1496 3727 1664 3768; x_wconf 90' lang='lat' dir='ltr'><strong>aurea</strong></span> <span class='ocrx_word' id='word_1_505' title='bbox 1711 3712 1761 3767; x_wconf 92' lang='lat' dir='ltr'><strong>ei</strong></span> <span class='ocrx_word' id='word_1_506' title='bbox 1808 3712 2014 3767; x_wconf 83' lang='lat' dir='ltr'><strong>numis—</strong></span> 
     </span>
    </p>
   </div>
   <div class='ocr_carea' id='block_1_71' title="bbox 409 3800 2011 3873">
    <p class='ocr_par' dir='ltr' id='par_1_71' title="bbox 409 3800 2011 3873">
     <span class='ocr_line' id='line_1_71' title="bbox 409 3800 2011 3873; baseline -0.007 -7"><span class='ocrx_word' id='word_1_507' title='bbox 409 3817 556 3866; x_wconf 87' lang='lat' dir='ltr'><strong>mata</strong></span> <span class='ocrx_word' id='word_1_508' title='bbox 585 3823 618 3862; x_wconf 92' lang='lat' dir='ltr'><strong>a</strong></span> <span class='ocrx_word' id='word_1_509' title='bbox 647 3804 985 3864; x_wconf 91' lang='lat' dir='ltr'><strong>cubiculario</strong></span> <span class='ocrx_word' id='word_1_510' title='bbox 1016 3819 1134 3873; x_wconf 91' lang='lat' dir='ltr'><strong>suo,</strong></span> <span class='ocrx_word' id='word_1_511' title='bbox 1168 3803 1307 3858; x_wconf 87' lang='lat' dir='ltr'><strong>sicut</strong></span> <span class='ocrx_word' id='word_1_512' title='bbox 1335 3817 1456 3857; x_wconf 91' lang='lat' dir='ltr'><strong>mos</strong></span> <span class='ocrx_word' id='word_1_513' title='bbox 1487 3800 1673 3873; x_wconf 88' lang='lat' dir='ltr'><strong>regius</strong></span> <span class='ocrx_word' id='word_1_514' title='bbox 1703 3801 2011 3868; x_wconf 85' lang='lat' dir='ltr'><strong>exhibebat,</strong></span> 
     </span>
    </p>
   </div>
   <div class='ocr_carea' id='block_1_72' title="bbox 413 3888 2013 3964">
    <p class='ocr_par' dir='ltr' id='par_1_72' title="bbox 413 3888 2013 3964">
     <span class='ocr_line' id='line_1_72' title="bbox 413 3888 2013 3964; baseline -0.005 -12"><span class='ocrx_word' id='word_1_515' title='bbox 413 3897 499 3952; x_wconf 89' lang='lat' dir='ltr'><strong>bis</strong></span> <span class='ocrx_word' id='word_1_516' title='bbox 530 3911 664 3952; x_wconf 87' lang='lat' dir='ltr'><strong>sena</strong></span> <span class='ocrx_word' id='word_1_517' title='bbox 692 3895 963 3951; x_wconf 90' lang='lat' dir='ltr'><strong>dabantur</strong></span> <span class='ocrx_word' id='word_1_518' title='bbox 984 3893 1037 3948; x_wconf 90' lang='lat' dir='ltr'><strong>in</strong></span> <span class='ocrx_word' id='word_1_519' title='bbox 1069 3892 1329 3964; x_wconf 91' lang='lat' dir='ltr'><strong>palmam.</strong></span> <span class='ocrx_word' id='word_1_520' title='bbox 1364 3891 1492 3946; x_wconf 66' lang='lat' dir='ltr'><strong>Hinc</strong></span> <span class='ocrx_word' id='word_1_521' title='bbox 1523 3889 1613 3945; x_wconf 91' lang='lat' dir='ltr'><strong>ille</strong></span> <span class='ocrx_word' id='word_1_522' title='bbox 1643 3888 1873 3960; x_wconf 89' lang='lat' dir='ltr'><strong>stipatus</strong></span> <span class='ocrx_word' id='word_1_523' title='bbox 1911 3905 2013 3944; x_wconf 89' lang='lat' dir='ltr'><strong>un-</strong></span> 
     </span>
    </p>
   </div>
   <div class='ocr_carea' id='block_1_73' title="bbox 409 3978 2012 4058">
    <p class='ocr_par' dir='ltr' id='par_1_73' title="bbox 409 3978 2012 4058">
     <span class='ocr_line' id='line_1_73' title="bbox 409 3978 2012 4058; baseline -0.005 -17"><span class='ocrx_word' id='word_1_524' title='bbox 409 3985 572 4058; x_wconf 89' lang='lat' dir='ltr'><strong>dique</strong></span> <span class='ocrx_word' id='word_1_525' title='bbox 595 3983 737 4039; x_wconf 89' lang='lat' dir='ltr'><strong>haud</strong></span> <span class='ocrx_word' id='word_1_526' title='bbox 760 3981 976 4038; x_wconf 91' lang='lat' dir='ltr'><strong>modica</strong></span> <span class='ocrx_word' id='word_1_527' title='bbox 1004 3981 1162 4035; x_wconf 89' lang='lat' dir='ltr'><strong>turba</strong></span> <span class='ocrx_word' id='word_1_528' title='bbox 1192 3978 1494 4045; x_wconf 90' lang='lat' dir='ltr'><strong>mobilium,</strong></span> <span class='ocrx_word' id='word_1_529' title='bbox 1529 3993 1651 4034; x_wconf 91' lang='lat' dir='ltr'><strong>cum</strong></span> <span class='ocrx_word' id='word_1_530' title='bbox 1674 3985 1843 4032; x_wconf 88' lang='lat' dir='ltr'><strong>staret</strong></span> <span class='ocrx_word' id='word_1_531' title='bbox 1889 3985 2012 4034; x_wconf 88' lang='lat' dir='ltr'><strong>ante</strong></span> 
     </span>
    </p>
   </div>
   <div class='ocr_carea' id='block_1_74' title="bbox 411 4065 2010 4146">
    <p class='ocr_par' dir='ltr' id='par_1_74' title="bbox 411 4065 2010 4146">
     <span class='ocr_line' id='line_1_74' title="bbox 411 4065 2010 4146; baseline -0.006 -16"><span class='ocrx_word' id='word_1_532' title='bbox 411 4074 750 4146; x_wconf 89' lang='lat' dir='ltr'><strong>episcopum,</strong></span> <span class='ocrx_word' id='word_1_533' title='bbox 783 4070 983 4125; x_wconf 91' lang='lat' dir='ltr'><strong>diutius</strong></span> <span class='ocrx_word' id='word_1_534' title='bbox 1015 4069 1254 4134; x_wconf 89' lang='lat' dir='ltr'><strong>intuens,</strong></span> <span class='ocrx_word' id='word_1_535' title='bbox 1281 4075 1333 4122; x_wconf 93' lang='lat' dir='ltr'><strong>et</strong></span> <span class='ocrx_word' id='word_1_536' title='bbox 1362 4066 1518 4138; x_wconf 90' lang='lat' dir='ltr'><strong>quasi</strong></span> <span class='ocrx_word' id='word_1_537' title='bbox 1547 4065 1787 4121; x_wconf 91' lang='lat' dir='ltr'><strong>ludendo</strong></span> <span class='ocrx_word' id='word_1_538' title='bbox 1818 4065 2010 4138; x_wconf 83' lang='lat' dir='ltr'><strong>exagi-</strong></span> 
     </span>
    </p>
   </div>
   <div class='ocr_carea' id='block_1_75' title="bbox 406 4156 2012 4231">
    <p class='ocr_par' dir='ltr' id='par_1_75' title="bbox 406 4156 2012 4231">
     <span class='ocr_line' id='line_1_75' title="bbox 406 4156 2012 4231; baseline -0.006 -13"><span class='ocrx_word' id='word_1_539' title='bbox 406 4160 761 4231; x_wconf 88' lang='lat' dir='ltr'><strong>tans,tandiu</strong></span> <span class='ocrx_word' id='word_1_540' title='bbox 793 4158 989 4215; x_wconf 84' lang='lat' dir='ltr'><strong>offerre</strong></span> <span class='ocrx_word' id='word_1_541' title='bbox 1022 4156 1252 4225; x_wconf 89' lang='lat' dir='ltr'><strong>distulit,</strong></span> <span class='ocrx_word' id='word_1_542' title='bbox 1317 4171 1600 4227; x_wconf 88' lang='lat' dir='ltr'><strong>quousque</strong></span> <span class='ocrx_word' id='word_1_543' title='bbox 1647 4169 1838 4210; x_wconf 90' lang='lat' dir='ltr'><strong>omnes</strong></span> <span class='ocrx_word' id='word_1_544' title='bbox 1887 4170 2012 4210; x_wconf 88' lang='lat' dir='ltr'><strong>eum</strong></span> 
     </span>
    </p>
   </div>
   <div class='ocr_carea' id='block_1_76' title="bbox 409 4241 2007 4314">
    <p class='ocr_par' dir='ltr' id='par_1_76' title="bbox 409 4241 2007 4314">
     <span class='ocr_line' id='line_1_76' title="bbox 409 4241 2007 4314; baseline -0.006 -9"><span class='ocrx_word' id='word_1_545' title='bbox 409 4250 680 4306; x_wconf 89' lang='lat' dir='ltr'><strong>intuentes</strong></span> <span class='ocrx_word' id='word_1_546' title='bbox 744 4247 1092 4303; x_wconf 86' lang='lat' dir='ltr'><strong>mirarentur.</strong></span> <span class='ocrx_word' id='word_1_547' title='bbox 1148 4244 1387 4299; x_wconf 90' lang='lat' dir='ltr'><strong>Tandem</strong></span> <span class='ocrx_word' id='word_1_548' title='bbox 1443 4241 1643 4314; x_wconf 66' lang='lat' dir='ltr'><strong>praesul</strong></span> <span class='ocrx_word' id='word_1_549' title='bbox 1698 4250 1877 4297; x_wconf 90' lang='lat' dir='ltr'><strong>motus</strong></span> <span class='ocrx_word' id='word_1_550' title='bbox 1935 4242 2007 4297; x_wconf 93' lang='lat' dir='ltr'><strong>ob</strong></span> 
     </span>
    </p>
   </div>
   <div class='ocr_carea' id='block_1_77' title="bbox 407 4329 2007 4409">
    <p class='ocr_par' dir='ltr' id='par_1_77' title="bbox 407 4329 2007 4409">
     <span class='ocr_line' id='line_1_77' title="bbox 407 4329 2007 4409; baseline -0.006 -15"><span class='ocrx_word' id='word_1_551' title='bbox 407 4339 552 4394; x_wconf 90' lang='lat' dir='ltr'><strong>hunc</strong></span> <span class='ocrx_word' id='word_1_552' title='bbox 582 4337 699 4408; x_wconf 93' lang='lat' dir='ltr'><strong>ejus</strong></span> <span class='ocrx_word' id='word_1_553' title='bbox 729 4343 944 4409; x_wconf 88' lang='lat' dir='ltr'><strong>gestum</strong></span> <span class='ocrx_word' id='word_1_554' title='bbox 975 4334 1064 4388; x_wconf 88' lang='lat' dir='ltr'><strong>tali</strong></span> <span class='ocrx_word' id='word_1_555' title='bbox 1085 4334 1218 4389; x_wconf 89' lang='lat' dir='ltr'><strong>hora</strong></span> <span class='ocrx_word' id='word_1_556' title='bbox 1244 4339 1295 4388; x_wconf 89' lang='lat' dir='ltr'><strong>et</strong></span> <span class='ocrx_word' id='word_1_557' title='bbox 1326 4333 1382 4386; x_wconf 90' lang='lat' dir='ltr'><strong>in</strong></span> <span class='ocrx_word' id='word_1_558' title='bbox 1427 4331 1519 4385; x_wconf 88' lang='lat' dir='ltr'><strong>tali</strong></span> <span class='ocrx_word' id='word_1_559' title='bbox 1566 4331 1689 4386; x_wconf 91' lang='lat' dir='ltr'><strong>loco</strong></span> <span class='ocrx_word' id='word_1_560' title='bbox 1723 4347 1736 4384; x_wconf 91' lang='lat'>:</span> <span class='ocrx_word' id='word_1_561' title='bbox 1776 4350 1798 4381; x_wconf 74' lang='grc' dir='ltr'><strong>ε</strong></span> <span class='ocrx_word' id='word_1_562' title='bbox 1844 4329 2007 4398; x_wconf 88' lang='lat' dir='ltr'><strong>Quid,</strong></span> 
     </span>
    </p>
   </div>
   <div class='ocr_carea' id='block_1_78' title="bbox 410 4417 2010 4500">
    <p class='ocr_par' dir='ltr' id='par_1_78' title="bbox 410 4417 2010 4500">
     <span class='ocr_line' id='line_1_78' title="bbox 410 4417 2010 4500; baseline -0.006 -17"><span class='ocrx_word' id='word_1_563' title='bbox 410 4427 585 4500; x_wconf 92' lang='lat' dir='ltr'><strong>inquit</strong></span> <span class='ocrx_word' id='word_1_564' title='bbox 613 4426 682 4481; x_wconf 91' lang='lat' dir='ltr'><strong>ad</strong></span> <span class='ocrx_word' id='word_1_565' title='bbox 722 4441 865 4492; x_wconf 92' lang='lat' dir='ltr'><strong>eum,</strong></span> <span class='ocrx_word' id='word_1_566' title='bbox 891 4424 964 4478; x_wconf 90' lang='lat' dir='ltr'><strong>ita</strong></span> <span class='ocrx_word' id='word_1_567' title='bbox 993 4421 1220 4494; x_wconf 92' lang='lat' dir='ltr'><strong>respicis</strong></span> <span class='ocrx_word' id='word_1_568' title='bbox 1249 4421 1278 4475; x_wconf 74' lang='lat' dir='ltr'><strong>‘P</strong></span> <span class='ocrx_word' id='word_1_569' title='bbox 1315 4440 1335 4469; x_wconf 78' lang='grc' dir='ltr'><strong>ι</strong></span> <span class='ocrx_word' id='word_1_570' title='bbox 1370 4419 1466 4474; x_wconf 90' lang='lat' dir='ltr'><strong>Cui</strong></span> <span class='ocrx_word' id='word_1_571' title='bbox 1506 4419 1581 4473; x_wconf 86' lang='lat' dir='ltr'><strong>ait</strong></span> <span class='ocrx_word' id='word_1_572' title='bbox 1619 4417 1710 4473; x_wconf 91' lang='lat' dir='ltr'><strong>ille</strong></span> <span class='ocrx_word' id='word_1_573' title='bbox 1743 4433 1756 4473; x_wconf 88' lang='lat'><strong>:</strong></span> <span class='ocrx_word' id='word_1_574' title='bbox 1795 4440 1817 4466; x_wconf 75' lang='grc' dir='ltr'>ιι</span> <span class='ocrx_word' id='word_1_575' title='bbox 1871 4419 2010 4473; x_wconf 89' lang='lat' dir='ltr'><strong>Istos</strong></span> 
     </span>
    </p>
   </div>
   <div class='ocr_carea' id='block_1_79' title="bbox 2116 3276 3720 3349">
    <p class='ocr_par' dir='ltr' id='par_1_79' title="bbox 2116 3276 3720 3349">
     <span class='ocr_line' id='line_1_79' title="bbox 2116 3276 3720 3349; baseline -0.001 -16"><span class='ocrx_word' id='word_1_576' title='bbox 2116 3277 2216 3333; x_wconf 91' lang='lat' dir='ltr'><strong>ctis</strong></span> <span class='ocrx_word' id='word_1_577' title='bbox 2262 3276 2710 3342; x_wconf 88' lang='lat' dir='ltr'><strong>acclamantibus,</strong></span> <span class='ocrx_word' id='word_1_578' title='bbox 2788 3276 3039 3346; x_wconf 89' lang='lat' dir='ltr'><strong>plurimis</strong></span> <span class='ocrx_word' id='word_1_579' title='bbox 3089 3293 3309 3349; x_wconf 92' lang='lat' dir='ltr'><strong>quoque</strong></span> <span class='ocrx_word' id='word_1_580' title='bbox 3364 3277 3720 3348; x_wconf 85' lang='lat' dir='ltr'><strong>illacryman-</strong></span> 
     </span>
    </p>
   </div>
   <div class='ocr_carea' id='block_1_80' title="bbox 2113 3364 3719 3437">
    <p class='ocr_par' dir='ltr' id='par_1_80' title="bbox 2113 3364 3719 3437">
     <span class='ocr_line' id='line_1_80' title="bbox 2113 3364 3719 3437; baseline 0.002 -19"><span class='ocrx_word' id='word_1_581' title='bbox 2113 3365 2276 3432; x_wconf 88' lang='lat' dir='ltr'><strong>tibus,</strong></span> <span class='ocrx_word' id='word_1_582' title='bbox 2308 3364 2379 3420; x_wconf 91' lang='lat' dir='ltr'><strong>ad</strong></span> <span class='ocrx_word' id='word_1_583' title='bbox 2409 3365 2575 3437; x_wconf 89' lang='lat' dir='ltr'><strong>digne</strong></span> <span class='ocrx_word' id='word_1_584' title='bbox 2618 3364 3028 3435; x_wconf 91' lang='lat' dir='ltr'><strong>percipiendum</strong></span> <span class='ocrx_word' id='word_1_585' title='bbox 3083 3381 3277 3436; x_wconf 88' lang='lat' dir='ltr'><strong>panem</strong></span> <span class='ocrx_word' id='word_1_586' title='bbox 3335 3375 3719 3422; x_wconf 88' lang='lat' dir='ltr'><strong>sacramenta-</strong></span> 
     </span>
    </p>
   </div>
   <div class='ocr_carea' id='block_1_81' title="bbox 2114 3452 3716 3526">
    <p class='ocr_par' dir='ltr' id='par_1_81' title="bbox 2114 3452 3716 3526">
     <span class='ocr_line' id='line_1_81' title="bbox 2114 3452 3716 3526; baseline 0.001 -18"><span class='ocrx_word' id='word_1_587' title='bbox 2114 3453 2242 3520; x_wconf 88' lang='lat' dir='ltr'><strong>lem,</strong></span> <span class='ocrx_word' id='word_1_588' title='bbox 2283 3455 2379 3526; x_wconf 80' lang='lat' dir='ltr'><strong>qui</strong></span> <span class='ocrx_word' id='word_1_589' title='bbox 2424 3453 2490 3509; x_wconf 80' lang='lat' dir='ltr'><strong>de</strong></span> <span class='ocrx_word' id='word_1_590' title='bbox 2528 3455 2664 3508; x_wconf 68' lang='lat' dir='ltr'><strong>caelo</strong></span> <span class='ocrx_word' id='word_1_591' title='bbox 2688 3453 3012 3519; x_wconf 71' lang='lat' dir='ltr'><strong>descendit,</strong></span> <span class='ocrx_word' id='word_1_592' title='bbox 3061 3457 3119 3509; x_wconf 84' lang='lat' dir='ltr'><strong>et</strong></span> <span class='ocrx_word' id='word_1_593' title='bbox 3163 3452 3263 3509; x_wconf 84' lang='lat' dir='ltr'><strong>dat</strong></span> <span class='ocrx_word' id='word_1_594' title='bbox 3304 3457 3480 3511; x_wconf 85' lang='lat' dir='ltr'><strong>vitam</strong></span> <span class='ocrx_word' id='word_1_595' title='bbox 3497 3457 3716 3510; x_wconf 83' lang='lat' dir='ltr'><strong>mundo</strong></span> 
     </span>
    </p>
   </div>
   <div class='ocr_carea' id='block_1_82' title="bbox 2115 3540 3716 3613">
    <p class='ocr_par' dir='ltr' id='par_1_82' title="bbox 2115 3540 3716 3613">
     <span class='ocr_line' id='line_1_82' title="bbox 2115 3540 3716 3613; baseline 0 -15"><span class='ocrx_word' id='word_1_596' title='bbox 2115 3542 2302 3612; x_wconf 83' lang='lat' dir='ltr'><strong>(Joan.</strong></span> <span class='ocrx_word' id='word_1_597' title='bbox 2335 3556 2433 3607; x_wconf 82' lang='lat' dir='ltr'><strong>vn,</strong></span> <span class='ocrx_word' id='word_1_598' title='bbox 2467 3542 2596 3613; x_wconf 89' lang='lat'><strong>33),</strong></span> <span class='ocrx_word' id='word_1_599' title='bbox 2657 3557 2753 3596; x_wconf 91' lang='lat' dir='ltr'><strong>eos</strong></span> <span class='ocrx_word' id='word_1_600' title='bbox 2794 3540 3126 3598; x_wconf 73' lang='lat' dir='ltr'><strong>sufﬁcienter</strong></span> <span class='ocrx_word' id='word_1_601' title='bbox 3170 3557 3272 3612; x_wconf 92' lang='lat' dir='ltr'><strong>pro</strong></span> <span class='ocrx_word' id='word_1_602' title='bbox 3322 3550 3564 3613; x_wconf 90' lang='lat' dir='ltr'><strong>tempore</strong></span> <span class='ocrx_word' id='word_1_603' title='bbox 3621 3542 3716 3598; x_wconf 90' lang='lat' dir='ltr'><strong>in-</strong></span> 
     </span>
    </p>
   </div>
   <div class='ocr_carea' id='block_1_83' title="bbox 2113 3629 3718 3703">
    <p class='ocr_par' dir='ltr' id='par_1_83' title="bbox 2113 3629 3718 3703">
     <span class='ocr_line' id='line_1_83' title="bbox 2113 3629 3718 3703; baseline 0.001 -19"><span class='ocrx_word' id='word_1_604' title='bbox 2113 3629 2372 3686; x_wconf 83' lang='lat' dir='ltr'><strong>formaret</strong></span> <span class='ocrx_word' id='word_1_605' title='bbox 2401 3630 2573 3700; x_wconf 74' lang='lat'><strong>(273),</strong></span> <span class='ocrx_word' id='word_1_606' title='bbox 2620 3631 2719 3686; x_wconf 90' lang='lat' dir='ltr'><strong>llic</strong></span> <span class='ocrx_word' id='word_1_607' title='bbox 2776 3634 2971 3686; x_wconf 77' lang='lat' dir='ltr'><strong>autem</strong></span> <span class='ocrx_word' id='word_1_608' title='bbox 3018 3632 3082 3685; x_wconf 81' lang='lat' dir='ltr'><strong>in</strong></span> <span class='ocrx_word' id='word_1_609' title='bbox 3128 3632 3273 3687; x_wconf 75' lang='lat' dir='ltr'><strong>serie</strong></span> <span class='ocrx_word' id='word_1_610' title='bbox 3304 3647 3524 3703; x_wconf 68' lang='lat' dir='ltr'><strong>magna</strong></span> <span class='ocrx_word' id='word_1_611' title='bbox 3578 3632 3718 3686; x_wconf 64' lang='lat' dir='ltr'><strong>Vite</strong></span> 
     </span>
    </p>
   </div>
   <div class='ocr_carea' id='block_1_84' title="bbox 2112 3718 3715 3792">
    <p class='ocr_par' dir='ltr' id='par_1_84' title="bbox 2112 3718 3715 3792">
     <span class='ocr_line' id='line_1_84' title="bbox 2112 3718 3715 3792; baseline 0.001 -18"><span class='ocrx_word' id='word_1_612' title='bbox 2112 3720 2452 3774; x_wconf 79' lang='lat' dir='ltr'><strong>inseruntur</strong></span> <span class='ocrx_word' id='word_1_613' title='bbox 2465 3721 2637 3790; x_wconf 88' lang='lat' dir='ltr'><strong>plura</strong></span> <span class='ocrx_word' id='word_1_614' title='bbox 2665 3720 2821 3774; x_wconf 80' lang='lat' dir='ltr'><strong>mala</strong></span> <span class='ocrx_word' id='word_1_615' title='bbox 2849 3718 2918 3774; x_wconf 80' lang='lat' dir='ltr'><strong>de</strong></span> <span class='ocrx_word' id='word_1_616' title='bbox 2945 3734 3074 3790; x_wconf 76' lang='lat' dir='ltr'><strong>rege</strong></span> <span class='ocrx_word' id='word_1_617' title='bbox 3099 3721 3346 3788; x_wconf 64' lang='lat' dir='ltr'><strong>Joanne,</strong></span> <span class='ocrx_word' id='word_1_618' title='bbox 3373 3736 3494 3792; x_wconf 75' lang='lat' dir='ltr'><strong>qua:</strong></span> <span class='ocrx_word' id='word_1_619' title='bbox 3523 3719 3715 3777; x_wconf 75' lang='lat' dir='ltr'><strong>videre</strong></span> 
     </span>
    </p>
   </div>
   <div class='ocr_carea' id='block_1_85' title="bbox 2111 3807 3140 3880">
    <p class='ocr_par' dir='ltr' id='par_1_85' title="bbox 2111 3807 3140 3880">
     <span class='ocr_line' id='line_1_85' title="bbox 2111 3807 3140 3880; baseline -0.002 -16"><span class='ocrx_word' id='word_1_620' title='bbox 2111 3808 2323 3880; x_wconf 83' lang='lat' dir='ltr'><strong>poterit</strong></span> <span class='ocrx_word' id='word_1_621' title='bbox 2350 3807 2448 3874; x_wconf 88' lang='lat' dir='ltr'><strong>ibi,</strong></span> <span class='ocrx_word' id='word_1_622' title='bbox 2483 3809 2580 3880; x_wconf 83' lang='lat' dir='ltr'><strong>qui</strong></span> <span class='ocrx_word' id='word_1_623' title='bbox 2606 3807 2851 3865; x_wconf 82' lang='lat' dir='ltr'><strong>voluerit</strong></span> <span class='ocrx_word' id='word_1_624' title='bbox 2894 3808 3140 3864; x_wconf 79' lang='lat' dir='ltr'><strong>intueri.</strong></span> 
     </span>
    </p>
   </div>
   <div class='ocr_carea' id='block_1_86' title="bbox 2700 3958 3136 4016">
    <p class='ocr_par' dir='ltr' id='par_1_86' title="bbox 2700 3958 3136 4016">
     <span class='ocr_line' id='line_1_86' title="bbox 2700 3958 3136 4016; baseline 0 -2"><span class='ocrx_word' id='word_1_625' title='bbox 2700 3958 2928 4016; x_wconf 84' lang='lat' dir='ltr'><strong>CAPUT</strong></span> <span class='ocrx_word' id='word_1_626' title='bbox 2965 3958 3136 4014; x_wconf 81' lang='lat' dir='ltr'><strong>XVII.</strong></span> 
     </span>
    </p>
   </div>
   <div class='ocr_carea' id='block_1_87' title="bbox 2117 4082 3713 4154">
    <p class='ocr_par' dir='ltr' id='par_1_87' title="bbox 2117 4082 3713 4154">
     <span class='ocr_line' id='line_1_87' title="bbox 2117 4082 3713 4154; baseline 0.002 -17"><span class='ocrx_word' id='word_1_627' title='bbox 2117 4083 2374 4151; x_wconf 81' lang='lat' dir='ltr'><strong>Qualiter</strong></span> <span class='ocrx_word' id='word_1_628' title='bbox 2387 4086 2513 4154; x_wconf 76' lang='lat' dir='ltr'><strong>post</strong></span> <span class='ocrx_word' id='word_1_629' title='bbox 2527 4086 2767 4138; x_wconf 82' lang='lat' dir='ltr'><strong>mortem</strong></span> <span class='ocrx_word' id='word_1_630' title='bbox 2787 4083 2931 4153; x_wconf 78' lang='lat' dir='ltr'><strong>regis</strong></span> <span class='ocrx_word' id='word_1_631' title='bbox 2947 4082 3588 4154; x_wconf 74' lang='lat' dir='ltr'><strong>Richardirepatriando</strong></span> <span class='ocrx_word' id='word_1_632' title='bbox 3611 4082 3713 4140; x_wconf 82' lang='lat' dir='ltr'><strong>ho-</strong></span> 
     </span>
    </p>
   </div>
   <div class='ocr_carea' id='block_1_88' title="bbox 2185 4153 3714 4219">
    <p class='ocr_par' dir='ltr' id='par_1_88' title="bbox 2185 4153 3714 4219">
     <span class='ocr_line' id='line_1_88' title="bbox 2185 4153 3714 4219; baseline 0.001 -11"><span class='ocrx_word' id='word_1_633' title='bbox 2185 4155 2361 4209; x_wconf 80' lang='lat' dir='ltr'><strong>stium</strong></span> <span class='ocrx_word' id='word_1_634' title='bbox 2389 4153 2628 4209; x_wconf 73' lang='lat' dir='ltr'><strong>evaserit</strong></span> <span class='ocrx_word' id='word_1_635' title='bbox 2664 4154 2982 4219; x_wconf 76' lang='lat' dir='ltr'><strong>violentias,</strong></span> <span class='ocrx_word' id='word_1_636' title='bbox 3011 4157 3067 4208; x_wconf 82' lang='lat' dir='ltr'><strong>et</strong></span> <span class='ocrx_word' id='word_1_637' title='bbox 3087 4170 3121 4208; x_wconf 88' lang='lat' dir='ltr'><strong>a</strong></span> <span class='ocrx_word' id='word_1_638' title='bbox 3151 4153 3261 4208; x_wconf 83' lang='lat' dir='ltr'><strong>sibi</strong></span> <span class='ocrx_word' id='word_1_639' title='bbox 3280 4153 3714 4210; x_wconf 69' lang='lat' dir='ltr'><strong>Occurrentibus</strong></span> 
     </span>
    </p>
   </div>
   <div class='ocr_carea' id='block_1_89' title="bbox 2181 4224 3706 4298">
    <p class='ocr_par' dir='ltr' id='par_1_89' title="bbox 2181 4224 3706 4298">
     <span class='ocr_line' id='line_1_89' title="bbox 2181 4224 3706 4298; baseline 0.003 -20"><span class='ocrx_word' id='word_1_640' title='bbox 2181 4241 2309 4298; x_wconf 83' lang='lat' dir='ltr'><strong>cum</strong></span> <span class='ocrx_word' id='word_1_641' title='bbox 2337 4224 2544 4298; x_wconf 73' lang='lat' dir='ltr'><strong>gaudio</strong></span> <span class='ocrx_word' id='word_1_642' title='bbox 2559 4226 2647 4298; x_wconf 70' lang='lat' dir='ltr'><strong>sit</strong></span> <span class='ocrx_word' id='word_1_643' title='bbox 2684 4228 2999 4296; x_wconf 75' lang='lat' dir='ltr'><strong>susceptus.</strong></span> <span class='ocrx_word' id='word_1_644' title='bbox 3022 4225 3172 4279; x_wconf 85' lang='lat' dir='ltr'><strong>—Et</strong></span> <span class='ocrx_word' id='word_1_645' title='bbox 3200 4224 3300 4281; x_wconf 86' lang='lat' dir='ltr'><strong>hoc</strong></span> <span class='ocrx_word' id='word_1_646' title='bbox 3322 4228 3409 4282; x_wconf 80' lang='lat' dir='ltr'><strong>est</strong></span> <span class='ocrx_word' id='word_1_647' title='bbox 3438 4240 3565 4298; x_wconf 87' lang='lat' dir='ltr'><strong>cap.</strong></span> <span class='ocrx_word' id='word_1_648' title='bbox 3615 4227 3706 4292; x_wconf 79' lang='lat' dir='ltr'><strong>t2,</strong></span> 
     </span>
    </p>
   </div>
   <div class='ocr_carea' id='block_1_90' title="bbox 2182 4296 2650 4367">
    <p class='ocr_par' dir='ltr' id='par_1_90' title="bbox 2182 4296 2650 4367">
     <span class='ocr_line' id='line_1_90' title="bbox 2182 4296 2650 4367; baseline 0.002 -18"><span class='ocrx_word' id='word_1_649' title='bbox 2182 4296 2245 4349; x_wconf 83' lang='lat' dir='ltr'><strong>in</strong></span> <span class='ocrx_word' id='word_1_650' title='bbox 2268 4313 2474 4367; x_wconf 83' lang='lat' dir='ltr'><strong>magna</strong></span> <span class='ocrx_word' id='word_1_651' title='bbox 2511 4297 2650 4350; x_wconf 83' lang='lat' dir='ltr'><strong>Vita.</strong></span> 
     </span>
    </p>
   </div>
   <div class='ocr_carea' id='block_1_91' title="bbox 2180 4417 3698 4490">
    <p class='ocr_par' dir='ltr' id='par_1_91' title="bbox 2180 4417 3698 4490">
     <span class='ocr_line' id='line_1_91' title="bbox 2180 4417 3698 4490; baseline 0.001 -17"><span class='ocrx_word' id='word_1_652' title='bbox 2180 4419 2471 4474; x_wconf 89' lang='lat' dir='ltr'><strong>Sciendum</strong></span> <span class='ocrx_word' id='word_1_653' title='bbox 2519 4419 2700 4490; x_wconf 87' lang='lat' dir='ltr'><strong>itaque</strong></span> <span class='ocrx_word' id='word_1_654' title='bbox 2753 4419 2930 4489; x_wconf 90' lang='lat' dir='ltr'><strong>ipsum</strong></span> <span class='ocrx_word' id='word_1_655' title='bbox 2986 4435 3113 4474; x_wconf 92' lang='lat' dir='ltr'><strong>vere</strong></span> <span class='ocrx_word' id='word_1_656' title='bbox 3168 4417 3357 4474; x_wconf 88' lang='lat' dir='ltr'><strong>mundi</strong></span> <span class='ocrx_word' id='word_1_657' title='bbox 3431 4417 3698 4488; x_wconf 85' lang='lat' dir='ltr'><strong>exsulem,</strong></span> 
     </span>
    </p>
   </div>
   <div class='ocr_carea' id='block_1_92' title="bbox 411 4505 3710 4583">
    <p class='ocr_par' dir='ltr' id='par_1_92' title="bbox 411 4505 3710 4583">
     <span class='ocr_line' id='line_1_92' title="bbox 411 4505 3710 4583; baseline -0.002 -13"><span class='ocrx_word' id='word_1_658' title='bbox 411 4531 544 4572; x_wconf 89' lang='lat' dir='ltr'><strong>sane</strong></span> <span class='ocrx_word' id='word_1_659' title='bbox 571 4515 787 4570; x_wconf 87' lang='lat' dir='ltr'><strong>intueor</strong></span> <span class='ocrx_word' id='word_1_660' title='bbox 812 4528 1025 4578; x_wconf 89' lang='lat' dir='ltr'><strong>aureos,</strong></span> <span class='ocrx_word' id='word_1_661' title='bbox 1048 4526 1204 4583; x_wconf 90' lang='lat' dir='ltr'><strong>quos,</strong></span> <span class='ocrx_word' id='word_1_662' title='bbox 1243 4509 1288 4564; x_wconf 91' lang='lat' dir='ltr'><strong>si</strong></span> <span class='ocrx_word' id='word_1_663' title='bbox 1321 4517 1445 4563; x_wconf 90' lang='lat' dir='ltr'><strong>ante</strong></span> <span class='ocrx_word' id='word_1_664' title='bbox 1485 4507 1604 4562; x_wconf 92' lang='lat' dir='ltr'><strong>dies</strong></span> <span class='ocrx_word' id='word_1_665' title='bbox 1656 4505 2084 4576; x_wconf 90' lang='lat' dir='ltr'><strong>paucissimosD</strong></span> <span class='ocrx_word' id='word_1_666' title='bbox 2116 4516 2170 4563; x_wconf 92' lang='lat' dir='ltr'><strong>et</strong></span> <span class='ocrx_word' id='word_1_667' title='bbox 2226 4507 2348 4564; x_wconf 84' lang='lat' dir='ltr'><strong>coeli</strong></span> <span class='ocrx_word' id='word_1_668' title='bbox 2394 4507 2589 4573; x_wconf 84' lang='lat' dir='ltr'><strong>civem,</strong></span> <span class='ocrx_word' id='word_1_669' title='bbox 2637 4514 2834 4563; x_wconf 89' lang='lat' dir='ltr'><strong>extunc</strong></span> <span class='ocrx_word' id='word_1_670' title='bbox 2882 4523 3043 4579; x_wconf 89' lang='lat' dir='ltr'><strong>quam</strong></span> <span class='ocrx_word' id='word_1_671' title='bbox 3114 4507 3349 4562; x_wconf 85' lang='lat' dir='ltr'><strong>maxime</strong></span> <span class='ocrx_word' id='word_1_672' title='bbox 3416 4505 3710 4579; x_wconf 58' lang='lat' dir='ltr'><strong>prasentis</strong></span> 
     </span>
    </p>
   </div>
   <div class='ocr_carea' id='block_1_93' title="bbox 411 4592 2017 4670">
    <p class='ocr_par' dir='ltr' id='par_1_93' title="bbox 411 4592 2017 4670">
     <span class='ocr_line' id='line_1_93' title="bbox 411 4592 2017 4670; baseline -0.007 -11"><span class='ocrx_word' id='word_1_673' title='bbox 411 4603 732 4670; x_wconf 87' lang='lat' dir='ltr'><strong>tenuissem,</strong></span> <span class='ocrx_word' id='word_1_674' title='bbox 766 4617 877 4658; x_wconf 87' lang='lat' dir='ltr'><strong>non</strong></span> <span class='ocrx_word' id='word_1_675' title='bbox 890 4600 1046 4657; x_wconf 89' lang='lat' dir='ltr'><strong>vobis</strong></span> <span class='ocrx_word' id='word_1_676' title='bbox 1075 4599 1199 4654; x_wconf 92' lang='lat' dir='ltr'><strong>illos</strong></span> <span class='ocrx_word' id='word_1_677' title='bbox 1230 4595 1504 4660; x_wconf 72' lang='lat' dir='ltr'><strong>offerrem,</strong></span> <span class='ocrx_word' id='word_1_678' title='bbox 1540 4594 1638 4650; x_wconf 90' lang='lat' dir='ltr'><strong>sed</strong></span> <span class='ocrx_word' id='word_1_679' title='bbox 1667 4611 1804 4650; x_wconf 66' lang='lat' dir='ltr'><strong>mem</strong></span> <span class='ocrx_word' id='word_1_680' title='bbox 1834 4592 2017 4665; x_wconf 90' lang='lat' dir='ltr'><strong>potius</strong></span> 
     </span>
    </p>
   </div>
   <div class='ocr_carea' id='block_1_94' title="bbox 410 4680 2010 4752">
    <p class='ocr_par' dir='ltr' id='par_1_94' title="bbox 410 4680 2010 4752">
     <span class='ocr_line' id='line_1_94' title="bbox 410 4680 2010 4752; baseline -0.009 -3"><span class='ocrx_word' id='word_1_681' title='bbox 410 4708 679 4749; x_wconf 69' lang='lat' dir='ltr'><strong>crumena:</strong></span> <span class='ocrx_word' id='word_1_682' title='bbox 709 4689 996 4746; x_wconf 83' lang='lat' dir='ltr'><strong>inferrem.</strong></span> <span class='ocrx_word' id='word_1_683' title='bbox 1052 4688 1444 4743; x_wconf 87' lang='lat' dir='ltr'><strong>Verumtamen</strong></span> <span class='ocrx_word' id='word_1_684' title='bbox 1496 4683 1605 4752; x_wconf 86' lang='lat' dir='ltr'><strong>jam</strong></span> <span class='ocrx_word' id='word_1_685' title='bbox 1639 4682 1802 4738; x_wconf 91' lang='lat' dir='ltr'><strong>modo</strong></span> <span class='ocrx_word' id='word_1_686' title='bbox 1861 4680 2010 4738; x_wconf 87' lang='lat' dir='ltr'><strong>acci-</strong></span> 
     </span>
    </p>
   </div>
   <div class='ocr_carea' id='block_1_95' title="bbox 411 4769 2012 4852">
    <p class='ocr_par' dir='ltr' id='par_1_95' title="bbox 411 4769 2012 4852">
     <span class='ocr_line' id='line_1_95' title="bbox 411 4769 2012 4852; baseline -0.008 -16"><span class='ocrx_word' id='word_1_687' title='bbox 411 4782 521 4852; x_wconf 88' lang='lat' dir='ltr'><strong>pite</strong></span> <span class='ocrx_word' id='word_1_688' title='bbox 549 4781 692 4835; x_wconf 89' lang='lat' dir='ltr'><strong>illos.</strong></span> <span class='ocrx_word' id='word_1_689' title='bbox 734 4803 754 4826; x_wconf 69' lang='grc' dir='ltr'>ιι</span> <span class='ocrx_word' id='word_1_690' title='bbox 790 4778 1102 4850; x_wconf 87' lang='lat' dir='ltr'><strong>Indignatus</strong></span> <span class='ocrx_word' id='word_1_691' title='bbox 1135 4776 1205 4830; x_wconf 87' lang='lat' dir='ltr'><strong>ad</strong></span> <span class='ocrx_word' id='word_1_692' title='bbox 1236 4776 1352 4829; x_wconf 58' lang='lat' dir='ltr'><strong>hac</strong></span> <span class='ocrx_word' id='word_1_693' title='bbox 1375 4774 1457 4828; x_wconf 89' lang='lat' dir='ltr'><strong>vir</strong></span> <span class='ocrx_word' id='word_1_694' title='bbox 1483 4772 1600 4841; x_wconf 92' lang='lat' dir='ltr'><strong>Dei,</strong></span> <span class='ocrx_word' id='word_1_695' title='bbox 1635 4780 1688 4826; x_wconf 87' lang='lat' dir='ltr'><strong>et</strong></span> <span class='ocrx_word' id='word_1_696' title='bbox 1719 4770 1835 4826; x_wconf 84' lang='lat' dir='ltr'><strong>vice</strong></span> <span class='ocrx_word' id='word_1_697' title='bbox 1866 4769 2012 4824; x_wconf 91' lang='lat' dir='ltr'><strong>illius</strong></span> 
     </span>
    </p>
   </div>
   <div class='ocr_carea' id='block_1_96' title="bbox 413 4858 2014 4930">
    <p class='ocr_par' dir='ltr' id='par_1_96' title="bbox 413 4858 2014 4930">
     <span class='ocr_line' id='line_1_96' title="bbox 413 4858 2014 4930; baseline -0.008 -6"><span class='ocrx_word' id='word_1_698' title='bbox 413 4870 769 4924; x_wconf 89' lang='lat' dir='ltr'><strong>vehementer</strong></span> <span class='ocrx_word' id='word_1_699' title='bbox 798 4867 1152 4928; x_wconf 90' lang='lat' dir='ltr'><strong>erubescens,</strong></span> <span class='ocrx_word' id='word_1_700' title='bbox 1189 4870 1378 4918; x_wconf 84' lang='lat' dir='ltr'><strong>uterat</strong></span> <span class='ocrx_word' id='word_1_701' title='bbox 1407 4860 1603 4915; x_wconf 88' lang='lat' dir='ltr'><strong>mentis</strong></span> <span class='ocrx_word' id='word_1_702' title='bbox 1621 4859 1723 4930; x_wconf 67' lang='lat' dir='ltr'><strong>piae</strong></span> <span class='ocrx_word' id='word_1_703' title='bbox 1754 4866 1807 4914; x_wconf 89' lang='lat' dir='ltr'><strong>et</strong></span> <span class='ocrx_word' id='word_1_704' title='bbox 1829 4858 2014 4915; x_wconf 90' lang='lat' dir='ltr'><strong>cordis</strong></span> 
     </span>
    </p>
   </div>
   <div class='ocr_carea' id='block_1_97' title="bbox 415 4947 2012 5029">
    <p class='ocr_par' dir='ltr' id='par_1_97' title="bbox 415 4947 2012 5029">
     <span class='ocr_line' id='line_1_97' title="bbox 415 4947 2012 5029; baseline -0.006 -17"><span class='ocrx_word' id='word_1_705' title='bbox 415 4956 691 5029; x_wconf 85' lang='lat' dir='ltr'><strong>generosi,</strong></span> <span class='ocrx_word' id='word_1_706' title='bbox 724 4963 1038 5026; x_wconf 85' lang='lat' dir='ltr'><strong>protensum</strong></span> <span class='ocrx_word' id='word_1_707' title='bbox 1068 4953 1136 5006; x_wconf 90' lang='lat' dir='ltr'><strong>ad</strong></span> <span class='ocrx_word' id='word_1_708' title='bbox 1168 4969 1228 5006; x_wconf 88' lang='lat' dir='ltr'><strong>se</strong></span> <span class='ocrx_word' id='word_1_709' title='bbox 1283 4949 1502 5005; x_wconf 87' lang='lat' dir='ltr'><strong>retraxit</strong></span> <span class='ocrx_word' id='word_1_710' title='bbox 1552 4947 1848 5010; x_wconf 86' lang='lat' dir='ltr'><strong>brachium,</strong></span> <span class='ocrx_word' id='word_1_711' title='bbox 1910 4961 2012 5002; x_wconf 87' lang='lat' dir='ltr'><strong>nec</strong></span> 
     </span>
    </p>
   </div>
   <div class='ocr_carea' id='block_1_98' title="bbox 415 5036 2012 5114">
    <p class='ocr_par' dir='ltr' id='par_1_98' title="bbox 415 5036 2012 5114">
     <span class='ocr_line' id='line_1_98' title="bbox 415 5036 2012 5114; baseline -0.008 -14"><span class='ocrx_word' id='word_1_712' title='bbox 415 5046 558 5101; x_wconf 88' lang='lat' dir='ltr'><strong>illius</strong></span> <span class='ocrx_word' id='word_1_713' title='bbox 589 5061 778 5100; x_wconf 90' lang='lat' dir='ltr'><strong>aurum</strong></span> <span class='ocrx_word' id='word_1_714' title='bbox 808 5043 1128 5114; x_wconf 85' lang='lat' dir='ltr'><strong>contingere</strong></span> <span class='ocrx_word' id='word_1_715' title='bbox 1162 5056 1377 5110; x_wconf 88' lang='lat' dir='ltr'><strong>passus,</strong></span> <span class='ocrx_word' id='word_1_716' title='bbox 1411 5054 1511 5092; x_wconf 88' lang='lat' dir='ltr'><strong>nec</strong></span> <span class='ocrx_word' id='word_1_717' title='bbox 1535 5053 1686 5090; x_wconf 86' lang='lat' dir='ltr'><strong>suam</strong></span> <span class='ocrx_word' id='word_1_718' title='bbox 1729 5036 2012 5090; x_wconf 82' lang='lat' dir='ltr'><strong>dexteram</strong></span> 
     </span>
    </p>
   </div>
   <div class='ocr_carea' id='block_1_99' title="bbox 416 5123 2014 5190">
    <p class='ocr_par' dir='ltr' id='par_1_99' title="bbox 416 5123 2014 5190">
     <span class='ocr_line' id='line_1_99' title="bbox 416 5123 2014 5190; baseline -0.009 -1"><span class='ocrx_word' id='word_1_719' title='bbox 416 5150 509 5189; x_wconf 91' lang='lat' dir='ltr'><strong>ore</strong></span> <span class='ocrx_word' id='word_1_720' title='bbox 527 5143 634 5188; x_wconf 91' lang='lat' dir='ltr'><strong>tam</strong></span> <span class='ocrx_word' id='word_1_721' title='bbox 655 5147 818 5187; x_wconf 87' lang='lat' dir='ltr'><strong>avaro</strong></span> <span class='ocrx_word' id='word_1_722' title='bbox 860 5131 1131 5185; x_wconf 88' lang='lat' dir='ltr'><strong>sustinens</strong></span> <span class='ocrx_word' id='word_1_723' title='bbox 1171 5126 1423 5190; x_wconf 88' lang='lat' dir='ltr'><strong>osculari,</strong></span> <span class='ocrx_word' id='word_1_724' title='bbox 1485 5125 1722 5179; x_wconf 82' lang='lat' dir='ltr'><strong>fremens</strong></span> <span class='ocrx_word' id='word_1_725' title='bbox 1769 5137 1901 5177; x_wconf 89' lang='lat' dir='ltr'><strong>vero</strong></span> <span class='ocrx_word' id='word_1_726' title='bbox 1959 5123 2014 5176; x_wconf 89' lang='lat' dir='ltr'><strong>in</strong></span> 
     </span>
    </p>
   </div>
   <div class='ocr_carea' id='block_1_100' title="bbox 418 5210 2011 5293">
    <p class='ocr_par' dir='ltr' id='par_1_100' title="bbox 418 5210 2011 5293">
     <span class='ocr_line' id='line_1_100' title="bbox 418 5210 2011 5293; baseline -0.008 -16"><span class='ocrx_word' id='word_1_727' title='bbox 418 5223 616 5293; x_wconf 89' lang='lat' dir='ltr'><strong>seipso,</strong></span> <span class='ocrx_word' id='word_1_728' title='bbox 652 5229 704 5276; x_wconf 88' lang='lat' dir='ltr'><strong>et</strong></span> <span class='ocrx_word' id='word_1_729' title='bbox 733 5227 889 5290; x_wconf 89' lang='lat' dir='ltr'><strong>caput</strong></span> <span class='ocrx_word' id='word_1_730' title='bbox 919 5234 1075 5273; x_wconf 91' lang='lat' dir='ltr'><strong>suum</strong></span> <span class='ocrx_word' id='word_1_731' title='bbox 1116 5231 1377 5270; x_wconf 90' lang='lat' dir='ltr'><strong>movens:</strong></span> <span class='ocrx_word' id='word_1_732' title='bbox 1414 5235 1436 5265; x_wconf 79' lang='grc' dir='ltr'>ι</span> <span class='ocrx_word' id='word_1_733' title='bbox 1470 5213 1640 5277; x_wconf 86' lang='lat' dir='ltr'><strong>Jacta,</strong></span> <span class='ocrx_word' id='word_1_734' title='bbox 1695 5210 1886 5281; x_wconf 89' lang='lat' dir='ltr'><strong>inquit,</strong></span> <span class='ocrx_word' id='word_1_735' title='bbox 1937 5210 2011 5266; x_wconf 93' lang='lat' dir='ltr'><strong>ibi</strong></span> 
     </span>
    </p>
   </div>
   <div class='ocr_carea' id='block_1_101' title="bbox 423 5301 2006 5384">
    <p class='ocr_par' dir='ltr' id='par_1_101' title="bbox 423 5301 2006 5384">
     <span class='ocr_line' id='line_1_101' title="bbox 423 5301 2006 5384; baseline -0.009 -17"><span class='ocrx_word' id='word_1_736' title='bbox 423 5311 563 5384; x_wconf 82' lang='lat' dir='ltr'><strong>quod</strong></span> <span class='ocrx_word' id='word_1_737' title='bbox 591 5319 764 5378; x_wconf 89' lang='lat' dir='ltr'><strong>tenes,</strong></span> <span class='ocrx_word' id='word_1_738' title='bbox 807 5317 858 5363; x_wconf 92' lang='lat' dir='ltr'><strong>et</strong></span> <span class='ocrx_word' id='word_1_739' title='bbox 889 5306 1106 5362; x_wconf 85' lang='lat' dir='ltr'><strong>recede.</strong></span> <span class='ocrx_word' id='word_1_740' title='bbox 1143 5325 1164 5354; x_wconf 72' lang='grc' dir='ltr'><strong><em>ι</em></strong></span> <span class='ocrx_word' id='word_1_741' title='bbox 1201 5303 1305 5372; x_wconf 90' lang='lat' dir='ltr'><strong>Qui</strong></span> <span class='ocrx_word' id='word_1_742' title='bbox 1336 5303 1387 5356; x_wconf 90' lang='lat' dir='ltr'><strong>in</strong></span> <span class='ocrx_word' id='word_1_743' title='bbox 1419 5301 1619 5372; x_wconf 89' lang='lat' dir='ltr'><strong>pelvim</strong></span> <span class='ocrx_word' id='word_1_744' title='bbox 1673 5306 2006 5371; x_wconf 86' lang='lat' dir='ltr'><strong>argenteam,</strong></span> 
     </span>
    </p>
   </div>
   <div class='ocr_carea' id='block_1_102' title="bbox 489 5477 1746 5554">
    <p class='ocr_par' dir='ltr' id='par_1_102' title="bbox 489 5477 1746 5554">
     <span class='ocr_line' id='line_1_102' title="bbox 489 5477 1746 5554; baseline -0.009 -16"><span class='ocrx_word' id='word_1_745' title='bbox 489 5487 634 5554; x_wconf 76' lang='lat'><strong>(272)</strong></span> <span class='ocrx_word' id='word_1_746' title='bbox 662 5489 777 5550; x_wconf 75' lang='lat' dir='ltr'><strong>Quae</strong></span> <span class='ocrx_word' id='word_1_747' title='bbox 804 5499 861 5536; x_wconf 87' lang='lat' dir='ltr'><strong>eo</strong></span> <span class='ocrx_word' id='word_1_748' title='bbox 887 5497 1012 5535; x_wconf 87' lang='lat' dir='ltr'><strong>anno</strong></span> <span class='ocrx_word' id='word_1_749' title='bbox 1035 5483 1205 5534; x_wconf 85' lang='lat' dir='ltr'><strong>incidit</strong></span> <span class='ocrx_word' id='word_1_750' title='bbox 1229 5482 1278 5532; x_wconf 90' lang='lat' dir='ltr'><strong>in</strong></span> <span class='ocrx_word' id='word_1_751' title='bbox 1302 5481 1430 5532; x_wconf 85' lang='lat' dir='ltr'><strong>diem</strong></span> <span class='ocrx_word' id='word_1_752' title='bbox 1459 5480 1520 5530; x_wconf 82' lang='lat'><strong>18</strong></span> <span class='ocrx_word' id='word_1_753' title='bbox 1544 5477 1746 5542; x_wconf 78' lang='lat' dir='ltr'><strong>Aprilis.</strong></span> 
     </span>
    </p>
   </div>
   <div class='ocr_carea' id='block_1_103' title="bbox 490 5561 2011 5635">
    <p class='ocr_par' dir='ltr' id='par_1_103' title="bbox 490 5561 2011 5635">
     <span class='ocr_line' id='line_1_103' title="bbox 490 5561 2011 5635; baseline -0.006 -12"><span class='ocrx_word' id='word_1_754' title='bbox 490 5569 634 5635; x_wconf 79' lang='lat'><strong>(273)</strong></span> <span class='ocrx_word' id='word_1_755' title='bbox 659 5568 920 5622; x_wconf 85' lang='lat' dir='ltr'><strong>Subductis</strong></span> <span class='ocrx_word' id='word_1_756' title='bbox 940 5569 1128 5620; x_wconf 87' lang='lat' dir='ltr'><strong>duabus</strong></span> <span class='ocrx_word' id='word_1_757' title='bbox 1147 5565 1285 5635; x_wconf 80' lang='lat' dir='ltr'><strong>lineis</strong></span> <span class='ocrx_word' id='word_1_758' title='bbox 1299 5564 1538 5635; x_wconf 77' lang='lat' dir='ltr'><strong>agnoscit</strong></span> <span class='ocrx_word' id='word_1_759' title='bbox 1555 5565 1678 5635; x_wconf 71' lang='lat' dir='ltr'><strong>vita:</strong></span> <span class='ocrx_word' id='word_1_760' title='bbox 1703 5561 2011 5635; x_wconf 85' lang='lat' dir='ltr'><strong>abbre_viator</strong></span> 
     </span>
    </p>
   </div>
   <div class='ocr_carea' id='block_1_104' title="bbox 419 5628 2010 5700">
    <p class='ocr_par' dir='ltr' id='par_1_104' title="bbox 419 5628 2010 5700">
     <span class='ocr_line' id='line_1_104' title="bbox 419 5628 2010 5700; baseline -0.004 -12"><span class='ocrx_word' id='word_1_761' title='bbox 419 5651 472 5688; x_wconf 76' lang='lat' dir='ltr'><strong>se</strong></span> <span class='ocrx_word' id='word_1_762' title='bbox 495 5628 714 5690; x_wconf 76' lang='lat' dir='ltr'><strong>amisisse</strong></span> <span class='ocrx_word' id='word_1_763' title='bbox 737 5635 986 5698; x_wconf 84' lang='lat' dir='ltr'><strong>nonnulla,</strong></span> <span class='ocrx_word' id='word_1_764' title='bbox 1009 5633 1270 5700; x_wconf 77' lang='lat' dir='ltr'><strong>quaerenda</strong></span> <span class='ocrx_word' id='word_1_765' title='bbox 1296 5628 1562 5697; x_wconf 44' lang='lat' dir='ltr'><strong>in‘majori,</strong></span> <span class='ocrx_word' id='word_1_766' title='bbox 1591 5631 1636 5683; x_wconf 91' lang='lat' dir='ltr'><strong>id</strong></span> <span class='ocrx_word' id='word_1_767' title='bbox 1688 5632 1792 5694; x_wconf 87' lang='lat' dir='ltr'><strong>est,</strong></span> <span class='ocrx_word' id='word_1_768' title='bbox 1817 5628 1878 5680; x_wconf 91' lang='lat' dir='ltr'><strong>ab</strong></span> <span class='ocrx_word' id='word_1_769' title='bbox 1921 5641 2010 5682; x_wconf 87' lang='lat' dir='ltr'><strong>au-</strong></span> 
     </span>
    </p>
   </div>
   <div class='ocr_carea' id='block_1_105' title="bbox 421 5702 1003 5767">
    <p class='ocr_par' dir='ltr' id='par_1_105' title="bbox 421 5702 1003 5767">
     <span class='ocr_line' id='line_1_105' title="bbox 421 5702 1003 5767; baseline -0.005 -12"><span class='ocrx_word' id='word_1_770' title='bbox 421 5709 554 5756; x_wconf 89' lang='lat' dir='ltr'><strong>ctore</strong></span> <span class='ocrx_word' id='word_1_771' title='bbox 577 5704 688 5756; x_wconf 82' lang='lat' dir='ltr'><strong>Vita</strong></span> <span class='ocrx_word' id='word_1_772' title='bbox 712 5702 1003 5767; x_wconf 85' lang='lat' dir='ltr'><strong>conscripta.</strong></span> 
     </span>
    </p>
   </div>
   <div class='ocr_carea' id='block_1_106' title="bbox 2112 4594 3707 4668">
    <p class='ocr_par' dir='ltr' id='par_1_106' title="bbox 2112 4594 3707 4668">
     <span class='ocr_line' id='line_1_106' title="bbox 2112 4594 3707 4668; baseline 0 -18"><span class='ocrx_word' id='word_1_773' title='bbox 2112 4596 2374 4653; x_wconf 81' lang='lat' dir='ltr'><strong>incolatus</strong></span> <span class='ocrx_word' id='word_1_774' title='bbox 2403 4596 2484 4650; x_wconf 90' lang='lat' dir='ltr'><strong>sui</strong></span> <span class='ocrx_word' id='word_1_775' title='bbox 2514 4596 2799 4668; x_wconf 89' lang='lat' dir='ltr'><strong>dispendia</strong></span> <span class='ocrx_word' id='word_1_776' title='bbox 2819 4595 3184 4660; x_wconf 86' lang='lat' dir='ltr'><strong>exhorruisse,</strong></span> <span class='ocrx_word' id='word_1_777' title='bbox 3209 4603 3258 4650; x_wconf 93' lang='lat' dir='ltr'><strong>et</strong></span> <span class='ocrx_word' id='word_1_778' title='bbox 3297 4594 3532 4651; x_wconf 79' lang='lat' dir='ltr'><strong>caelestis</strong></span> <span class='ocrx_word' id='word_1_779' title='bbox 3559 4611 3707 4666; x_wconf 87' lang='lat' dir='ltr'><strong>quo-</strong></span> 
     </span>
    </p>
   </div>
   <div class='ocr_carea' id='block_1_107' title="bbox 2113 4682 3708 4757">
    <p class='ocr_par' dir='ltr' id='par_1_107' title="bbox 2113 4682 3708 4757">
     <span class='ocr_line' id='line_1_107' title="bbox 2113 4682 3708 4757; baseline 0 -18"><span class='ocrx_word' id='word_1_780' title='bbox 2113 4701 2216 4757; x_wconf 90' lang='lat' dir='ltr'><strong>que</strong></span> <span class='ocrx_word' id='word_1_781' title='bbox 2245 4684 2591 4740; x_wconf 88' lang='lat' dir='ltr'><strong>habitationis</strong></span> <span class='ocrx_word' id='word_1_782' title='bbox 2619 4684 2892 4740; x_wconf 89' lang='lat' dir='ltr'><strong>desiderio</strong></span> <span class='ocrx_word' id='word_1_783' title='bbox 2914 4684 3200 4757; x_wconf 85' lang='lat' dir='ltr'><strong>ﬂagrasse,</strong></span> <span class='ocrx_word' id='word_1_784' title='bbox 3241 4699 3306 4740; x_wconf 87' lang='lat' dir='ltr'><strong>ex</strong></span> <span class='ocrx_word' id='word_1_785' title='bbox 3337 4699 3444 4756; x_wconf 92' lang='lat' dir='ltr'><strong>quo</strong></span> <span class='ocrx_word' id='word_1_786' title='bbox 3489 4682 3708 4754; x_wconf 86' lang='lat' dir='ltr'><strong>plenius</strong></span> 
     </span>
    </p>
   </div>
   <div class='ocr_carea' id='block_1_108' title="bbox 2113 4772 3710 4845">
    <p class='ocr_par' dir='ltr' id='par_1_108' title="bbox 2113 4772 3710 4845">
     <span class='ocr_line' id='line_1_108' title="bbox 2113 4772 3710 4845; baseline 0 -18"><span class='ocrx_word' id='word_1_787' title='bbox 2113 4773 2496 4829; x_wconf 85' lang='lat' dir='ltr'><strong>animadvertit</strong></span> <span class='ocrx_word' id='word_1_788' title='bbox 2538 4781 2773 4844; x_wconf 89' lang='lat' dir='ltr'><strong>optatam</strong></span> <span class='ocrx_word' id='word_1_789' title='bbox 2820 4789 2850 4827; x_wconf 91' lang='lat' dir='ltr'><strong>a</strong></span> <span class='ocrx_word' id='word_1_790' title='bbox 2893 4772 3221 4844; x_wconf 88' lang='lat' dir='ltr'><strong>quibusdam</strong></span> <span class='ocrx_word' id='word_1_791' title='bbox 3268 4772 3427 4845; x_wconf 87' lang='lat' dir='ltr'><strong>regni</strong></span> <span class='ocrx_word' id='word_1_792' title='bbox 3464 4772 3710 4827; x_wconf 87' lang='lat' dir='ltr'><strong>mutatio-</strong></span> 
     </span>
    </p>
   </div>
   <div class='ocr_carea' id='block_1_109' title="bbox 2110 4862 3706 4934">
    <p class='ocr_par' dir='ltr' id='par_1_109' title="bbox 2110 4862 3706 4934">
     <span class='ocr_line' id='line_1_109' title="bbox 2110 4862 3706 4934; baseline -0.001 -18"><span class='ocrx_word' id='word_1_793' title='bbox 2110 4877 2236 4917; x_wconf 91' lang='lat' dir='ltr'><strong>nem</strong></span> <span class='ocrx_word' id='word_1_794' title='bbox 2279 4862 2349 4916; x_wconf 87' lang='lat' dir='ltr'><strong>ad</strong></span> <span class='ocrx_word' id='word_1_795' title='bbox 2420 4862 2682 4917; x_wconf 89' lang='lat' dir='ltr'><strong>deteriora</strong></span> <span class='ocrx_word' id='word_1_796' title='bbox 2749 4878 3014 4934; x_wconf 87' lang='lat' dir='ltr'><strong>vergere,</strong></span> <span class='ocrx_word' id='word_1_797' title='bbox 3075 4869 3126 4916; x_wconf 92' lang='lat' dir='ltr'><strong>et</strong></span> <span class='ocrx_word' id='word_1_798' title='bbox 3184 4868 3461 4932; x_wconf 90' lang='lat' dir='ltr'><strong>speratam</strong></span> <span class='ocrx_word' id='word_1_799' title='bbox 3531 4868 3706 4914; x_wconf 91' lang='lat' dir='ltr'><strong>status</strong></span> 
     </span>
    </p>
   </div>
   <div class='ocr_carea' id='block_1_110' title="bbox 2113 4949 3698 5018">
    <p class='ocr_par' dir='ltr' id='par_1_110' title="bbox 2113 4949 3698 5018">
     <span class='ocr_line' id='line_1_110' title="bbox 2113 4949 3698 5018; baseline -0.001 -13"><span class='ocrx_word' id='word_1_800' title='bbox 2113 4950 2464 5007; x_wconf 85' lang='lat' dir='ltr'><strong>ecclesiastici</strong></span> <span class='ocrx_word' id='word_1_801' title='bbox 2488 4949 2914 5005; x_wconf 84' lang='lat' dir='ltr'><strong>meliorationem</strong></span> <span class='ocrx_word' id='word_1_802' title='bbox 2934 4949 2990 5004; x_wconf 90' lang='lat' dir='ltr'><strong>in</strong></span> <span class='ocrx_word' id='word_1_803' title='bbox 3006 4949 3294 5005; x_wconf 88' lang='lat' dir='ltr'><strong>adversum</strong></span> <span class='ocrx_word' id='word_1_804' title='bbox 3309 4949 3500 5004; x_wconf 89' lang='lat' dir='ltr'><strong>cedere</strong></span> <span class='ocrx_word' id='word_1_805' title='bbox 3526 4950 3698 5018; x_wconf 68' lang='grc'><strong>(274).</strong></span> 
     </span>
    </p>
   </div>
   <div class='ocr_carea' id='block_1_111' title="bbox 2112 5037 3702 5110">
    <p class='ocr_par' dir='ltr' id='par_1_111' title="bbox 2112 5037 3702 5110">
     <span class='ocr_line' id='line_1_111' title="bbox 2112 5037 3702 5110; baseline -0.003 -16"><span class='ocrx_word' id='word_1_806' title='bbox 2112 5039 2196 5094; x_wconf 82' lang='lat' dir='ltr'><strong>Ad</strong></span> <span class='ocrx_word' id='word_1_807' title='bbox 2219 5039 2521 5094; x_wconf 81' lang='lat' dir='ltr'><strong>Ecclesiam</strong></span> <span class='ocrx_word' id='word_1_808' title='bbox 2551 5056 2682 5110; x_wconf 85' lang='lat' dir='ltr'><strong>ergo</strong></span> <span class='ocrx_word' id='word_1_809' title='bbox 2714 5056 2863 5093; x_wconf 89' lang='lat' dir='ltr'><strong>suam</strong></span> <span class='ocrx_word' id='word_1_810' title='bbox 2908 5039 3230 5110; x_wconf 90' lang='lat' dir='ltr'><strong>quantocius</strong></span> <span class='ocrx_word' id='word_1_811' title='bbox 3279 5037 3491 5093; x_wconf 87' lang='lat' dir='ltr'><strong>censuit</strong></span> <span class='ocrx_word' id='word_1_812' title='bbox 3538 5052 3702 5106; x_wconf 79' lang='lat' dir='ltr'><strong>repe-</strong></span> 
     </span>
    </p>
   </div>
   <div class='ocr_carea' id='block_1_112' title="bbox 2110 5125 3704 5197">
    <p class='ocr_par' dir='ltr' id='par_1_112' title="bbox 2110 5125 3704 5197">
     <span class='ocr_line' id='line_1_112' title="bbox 2110 5125 3704 5197; baseline -0.002 -16"><span class='ocrx_word' id='word_1_813' title='bbox 2110 5127 2368 5193; x_wconf 90' lang='lat' dir='ltr'><strong>dandum,</strong></span> <span class='ocrx_word' id='word_1_814' title='bbox 2405 5135 2670 5197; x_wconf 88' lang='lat' dir='ltr'><strong>quatenus</strong></span> <span class='ocrx_word' id='word_1_815' title='bbox 2700 5127 2860 5182; x_wconf 89' lang='lat' dir='ltr'><strong>saluti</strong></span> <span class='ocrx_word' id='word_1_816' title='bbox 2915 5127 3327 5183; x_wconf 90' lang='lat' dir='ltr'><strong>commissarum</strong></span> <span class='ocrx_word' id='word_1_817' title='bbox 3373 5125 3476 5180; x_wconf 90' lang='lat' dir='ltr'><strong>sibi</strong></span> <span class='ocrx_word' id='word_1_818' title='bbox 3530 5125 3704 5180; x_wconf 85' lang='lat' dir='ltr'><strong>soler-</strong></span> 
     </span>
    </p>
   </div>
   <div class='ocr_carea' id='block_1_113' title="bbox 2110 5213 3704 5286">
    <p class='ocr_par' dir='ltr' id='par_1_113' title="bbox 2110 5213 3704 5286">
     <span class='ocr_line' id='line_1_113' title="bbox 2110 5213 3704 5286; baseline -0.001 -17"><span class='ocrx_word' id='word_1_819' title='bbox 2110 5215 2212 5270; x_wconf 89' lang='lat' dir='ltr'><strong>tius</strong></span> <span class='ocrx_word' id='word_1_820' title='bbox 2242 5216 2550 5286; x_wconf 86' lang='lat' dir='ltr'><strong>provideret</strong></span> <span class='ocrx_word' id='word_1_821' title='bbox 2570 5216 2894 5278; x_wconf 84' lang='lat' dir='ltr'><strong>animarum,</strong></span> <span class='ocrx_word' id='word_1_822' title='bbox 2953 5216 3162 5286; x_wconf 90' lang='lat' dir='ltr'><strong>sibique</strong></span> <span class='ocrx_word' id='word_1_823' title='bbox 3218 5214 3438 5269; x_wconf 90' lang='lat' dir='ltr'><strong>liberius</strong></span> <span class='ocrx_word' id='word_1_824' title='bbox 3467 5229 3533 5268; x_wconf 87' lang='lat' dir='ltr'><strong>ex</strong></span> <span class='ocrx_word' id='word_1_825' title='bbox 3561 5213 3704 5268; x_wconf 87' lang='lat' dir='ltr'><strong>ube-</strong></span> 
     </span>
    </p>
   </div>
   <div class='ocr_carea' id='block_1_114' title="bbox 2111 5302 3703 5375">
    <p class='ocr_par' dir='ltr' id='par_1_114' title="bbox 2111 5302 3703 5375">
     <span class='ocr_line' id='line_1_114' title="bbox 2111 5302 3703 5375; baseline -0.003 -16"><span class='ocrx_word' id='word_1_826' title='bbox 2111 5305 2242 5360; x_wconf 90' lang='lat' dir='ltr'><strong>riori</strong></span> <span class='ocrx_word' id='word_1_827' title='bbox 2264 5304 2438 5360; x_wconf 87' lang='lat' dir='ltr'><strong>fructu</strong></span> <span class='ocrx_word' id='word_1_828' title='bbox 2469 5304 2684 5375; x_wconf 89' lang='lat' dir='ltr'><strong>pietatis</strong></span> <span class='ocrx_word' id='word_1_829' title='bbox 2722 5304 3050 5359; x_wconf 67' lang='lat' dir='ltr'><strong>omnimoda:</strong></span> <span class='ocrx_word' id='word_1_830' title='bbox 3087 5303 3152 5356; x_wconf 92' lang='lat' dir='ltr'><strong>ad</strong></span> <span class='ocrx_word' id='word_1_831' title='bbox 3211 5317 3448 5373; x_wconf 89' lang='lat' dir='ltr'><strong>superna</strong></span> <span class='ocrx_word' id='word_1_832' title='bbox 3502 5302 3703 5374; x_wconf 86' lang='lat' dir='ltr'><strong>gaudia</strong></span> 
     </span>
    </p>
   </div>
   <div class='ocr_carea' id='block_1_115' title="bbox 2177 5479 3701 5549">
    <p class='ocr_par' dir='ltr' id='par_1_115' title="bbox 2177 5479 3701 5549">
     <span class='ocr_line' id='line_1_115' title="bbox 2177 5479 3701 5549; baseline 0 -17"><span class='ocrx_word' id='word_1_833' title='bbox 2177 5483 2319 5545; x_wconf 72' lang='grc'>(274)</span> <span class='ocrx_word' id='word_1_834' title='bbox 2345 5483 2543 5532; x_wconf 87' lang='lat' dir='ltr'><strong>Factum</strong></span> <span class='ocrx_word' id='word_1_835' title='bbox 2566 5481 2613 5530; x_wconf 94' lang='lat' dir='ltr'><strong>in</strong></span> <span class='ocrx_word' id='word_1_836' title='bbox 2635 5494 2760 5531; x_wconf 89' lang='lat' dir='ltr'><strong>anno</strong></span> <span class='ocrx_word' id='word_1_837' title='bbox 2787 5481 2936 5549; x_wconf 69' lang='lat'><strong>1207,</strong></span> <span class='ocrx_word' id='word_1_838' title='bbox 2957 5494 3050 5549; x_wconf 88' lang='lat' dir='ltr'><strong>quo</strong></span> <span class='ocrx_word' id='word_1_839' title='bbox 3066 5479 3437 5549; x_wconf 76' lang='lat' dir='ltr'><strong>archiepiscopi,</strong></span> <span class='ocrx_word' id='word_1_840' title='bbox 3459 5479 3701 5545; x_wconf 89' lang='lat' dir='ltr'><strong>episcopi,</strong></span> 
     </span>
    </p>
   </div>
   <div class='ocr_carea' id='block_1_116' title="bbox 2108 5545 3707 5670">
    <p class='ocr_par' dir='ltr' id='par_1_116' title="bbox 2108 5545 3707 5670">
     <span class='ocr_line' id='line_1_116' title="bbox 2110 5545 3707 5668; baseline 0 -67"><span class='ocrx_word' id='word_1_841' title='bbox 2110 5549 2472 5668; x_wconf 52' lang='lat' dir='ltr'><strong>monacb‘i</strong></span> <span class='ocrx_word' id='word_1_842' title='bbox 2497 5549 2705 5614; x_wconf 86' lang='lat' dir='ltr'><strong>clericis,</strong></span> <span class='ocrx_word' id='word_1_843' title='bbox 2730 5549 2855 5613; x_wconf 88' lang='lat' dir='ltr'><strong>pulsi</strong></span> <span class='ocrx_word' id='word_1_844' title='bbox 2879 5548 2930 5600; x_wconf 89' lang='lat' dir='ltr'><strong>in</strong></span> <span class='ocrx_word' id='word_1_845' title='bbox 2950 5545 3177 5602; x_wconf 80' lang='lat' dir='ltr'><strong>exsilium</strong></span> <span class='ocrx_word' id='word_1_846' title='bbox 3191 5560 3288 5600; x_wconf 91' lang='lat' dir='ltr'><strong>non</strong></span> <span class='ocrx_word' id='word_1_847' title='bbox 3313 5545 3563 5600; x_wconf 86' lang='lat' dir='ltr'><strong>redierunt</strong></span> <span class='ocrx_word' id='word_1_848' title='bbox 3586 5552 3707 5601; x_wconf 86' lang='lat' dir='ltr'><strong>ante</strong></span> 
     </span>
     <span class='ocr_line' id='line_1_117' title="bbox 2108 5629 2463 5670; baseline -0.006 -1"><span class='ocrx_word' id='word_1_849' title='bbox 2108 5629 2286 5670; x_wconf 86' lang='lat' dir='ltr'><strong>annum</strong></span> <span class='ocrx_word' id='word_1_850' title='bbox 2451 5652 2463 5667; x_wconf 94' lang='lat'><strong>.</strong></span> 
     </span>
    </p>
   </div>
  </div>
