3938 6440
283 402 420 456 1073
1645 405 1822 459 VITA.

2032 405 2098 458 ῘΒ.
2142 405 2204 459 V.
3453 405 3587 457 1074

284 525 594 596 exquireret
639 533 1022 583 commeatum.
1081 527 1408 585 Valedieens
1453 528 1634 601 itaque
1671 544 1885 584 memo-
1915 527 2124 588 Asatis
2157 535 2208 582 et
2230 526 2394 582 anxie
2423 527 2473 582 ei
2530 527 2754 594 studuit,
2806 542 2927 598 quae
2975 525 3257 589 didicerat,
3317 523 3586 592 nuntiare,

282 622 404 668 rato
433 614 687 686 principi,
722 615 946 670 recessit
977 615 1044 669 ab
1075 631 1140 670 eo
1197 617 1439 673 secunda
1495 617 1624 672 feria
1657 618 1879 692 Paschae
1983 631 2143 670 orans
2182 615 2492 681 instantius,
2551 623 2608 670 ut
2663 615 2918 683 officium,
2949 615 3094 685 quod
3140 613 3360 685 agebat,
3395 612 3585 669 brevi-

281 702 456 772 (275).
492 704 738 774 Cumque
766 704 1104 774 pervenisset
1133 704 1203 758 ad
1251 705 1432 759 villam
1485 706 1800 776 quamdam,
1825 706 1878 758 in
1980 705 2102 758 tatis
2149 705 2474 760 lectionibus
2505 711 2882 774 percantaret;
2936 711 3202 775 quatenus
3256 701 3581 757 discursan-

282 806 392 861 qua
449 792 711 862 hospitari
769 793 1119 858 decreverat,
1154 801 1204 847 et
1235 809 1396 864 quam
1433 794 1624 848 incolae
1683 795 1877 849 Flcche
1979 794 2111 848 tium
2139 801 2474 848 armatorum
2504 809 2700 846 manus
2729 793 2896 846 dubia
2927 792 3104 846 adhuc
3143 791 3245 845 sub
3291 790 3414 846 luce
3443 789 3580 846 faci-

280 879 431 951 [276)
461 888 674 947 vocant,
708 880 993 952 ingressus
1033 881 1320 936 ecclesiam
1367 882 1564 936 missas
1594 883 1877 937 celebrare
1979 881 2083 935 lius
2105 882 2447 951 declinando,
2479 897 2602 936 cum
2642 881 2823 946 sociis,
2859 881 2951 951 qui
2987 881 3099 949 jam
3157 887 3578 950 praecesserant,
3627 893 3630 896 ‘

275 968 527 1036 parabat.
553 970 618 1022 Et
641 983 788 1036 ecce,
813 968 906 1023 illo
929 969 1158 1023 necdum
1191 970 1363 1024 sacris
1393 971 1635 1024 vestibus
1665 970 1874 1034 induto,
1979 970 2278 1025 instantem
2309 970 2472 1024 tutius
2505 976 2802 1041 perageret
2842 969 3079 1023 diaetam.
3138 969 3341 1022 Verum
3368 967 3478 1035 ille,
3519 974 3579 1021 ut

279 1055 480 1109 turbati
513 1056 581 1109 ad
641 1072 763 1111 eum
822 1064 1041 1111 currunt
1089 1057 1323 1111 ministri
1380 1058 1483 1122 sui,
1545 1058 1872 1125 nuntiantes,
1979 1058 2125 1112 hunc
2156 1073 2375 1128 quoque
2405 1058 2678 1112 turbinem
2710 1056 3016 1128 impavidus
3047 1056 3278 1126 excepit,
3311 1055 3391 1110 sic
3418 1063 3581 1110 tran-

277 1159 453 1214 equos
482 1151 535 1198 ct
577 1144 779 1198 rhedas
819 1144 988 1214 ipsius
1019 1145 1084 1198 ab
1114 1145 1256 1199 illius
1302 1146 1406 1201 loci
1436 1146 1752 1200 custodibus
1783 1163 1874 1200 re-
1979 1145 2145 1217 quille
2197 1161 2320 1201 eum
2383 1146 2529 1200 omni
2572 1145 2854 1216 diligentia
2907 1144 3120 1200 debitos
3177 1145 3295 1200 Deo
3341 1145 3576 1215 hymnos

277 1231 456 1300 tineri,
492 1233 758 1304 quosdam
791 1233 949 1287 etiam
983 1249 1046 1288 ex
1080 1234 1372 1306 sagmariis
1417 1249 1639 1288 suorum
1668 1249 1700 1288 a
1729 1250 1876 1304 prae-
1977 1234 2226 1288 exsolvit.
2253 1236 2368 1290 Nec
2399 1234 2559 1305 plane
2589 1234 2661 1290 ad
2690 1233 3056 1304 insipientiam
3095 1233 3222 1287 sibi.
3253 1233 3412 1298 Nam,
3445 1233 3574 1288 dum

277 1319 514 1374 donibus
556 1320 773 1375 abduci.
1978 1331 2236 1390 moratur,
2271 1323 2441 1378 adfuit
2469 1324 2714 1393 ejusdem
2743 1323 2849 1378 loci
2879 1323 3047 1376 abbas
3077 1321 3249 1393 (282),
3301 1321 3392 1393 qui
3419 1321 3573 1376 illum

352 1409 482 1462 Erat
513 1424 645 1464 vero
673 1409 726 1463 in
758 1409 1013 1464 comitatu
1036 1410 1205 1480 ipsius
1229 1411 1528 1466 Gilibertus
1561 1412 1874 1468 Revescen-
1976 1429 2145 1484 eques
2175 1413 2474 1483 praecessit,
2501 1421 2555 1467 et
2585 1429 2684 1483 per
2722 1411 3034 1466 semitamm
3064 1409 3391 1481 compendia
3434 1410 3574 1466 illa:-

276 1496 356 1550 sis
385 1497 535 1567 (277)
567 1497 878 1568 cpiscOpus,
939 1507 988 1552 et
1036 1499 1218 1554 clerici
1257 1499 1597 1555 diversorum
1628 1500 1873 1555 locorum
1980 1517 2096 1554 sum
2119 1500 2341 1555 deduxit
2371 1501 2513 1554 ultra
2543 1499 2778 1556 civitatis
2809 1499 3090 1554 suburbia.
3115 1500 3196 1553 Ex
3225 1498 3309 1554 his
3331 1513 3462 1554 vero
3479 1499 3574 1571 qui

276 1600 441 1654 quam
472 1584 706 1655 plurimi.
741 1584 843 1653 Qui
874 1601 1064 1642 omnes
1092 1587 1421 1643 unanimiter
1445 1589 1871 1659 rogabanteum,
1974 1589 2149 1660 ipsum
2171 1597 2586 1659 praecesserant,
2619 1588 2806 1659 plures
2845 1588 3128 1659 intercepti
3157 1595 3320 1659 atque
3368 1587 3574 1643 detenti

272 1681 546 1742 quatenus
568 1715 582 1734 .
655 1675 1026 1744 praetermissa
1084 1676 1155 1730 ob
1225 1683 1388 1731 tanta:
1451 1676 1792 1732 necessitatis
1821 1685 1874 1732 et
1974 1685 2098 1731 sunt
2127 1677 2309 1732 hostili
2339 1676 2615 1732 violentia.
2669 1676 2906 1748 Reliquit
2937 1683 3120 1730 autem
3150 1675 3351 1730 ibidem
3381 1675 3437 1730 in
3471 1691 3570 1731 cu-

274 1760 704 1829 perturbationis
789 1770 1042 1818 eventum
1124 1764 1416 1819 missarum
1485 1765 1868 1831 celebratione,
1973 1767 2146 1820 stodia
2176 1767 2423 1836 praedicti
2453 1765 2669 1820 abbatis
2698 1764 2898 1819 rhedas
2942 1765 3079 1819 duas
3116 1779 3241 1820 cum
3299 1763 3571 1836 aliquibus

273 1849 639 1921 Evangelium
670 1850 774 1904 sibi
826 1851 935 1923 legi
981 1859 1266 1907 contentus
1323 1852 1484 1919 foret,
1519 1861 1570 1908 et
1627 1861 1683 1907 ut
1714 1869 1773 1909 se
1821 1861 1872 1909 ct
1894 1883 1944 1942 Β
1973 1855 2130 1925 equis
2161 1862 2213 1909 et
2230 1855 2381 1909 varia
2400 1853 2759 1924 supellectili;
2793 1870 2916 1924 qua:
2941 1853 3127 1908 omnia
3147 1851 3370 1923 praefata
3398 1851 3571 1908 comi-

273 1952 406 1990 suos
457 1938 710 2007 expedire
769 1955 799 1992 a
855 1940 1014 1994 tantis
1085 1940 1344 2010 periculis
1391 1941 1710 1997 intenderet.
1763 1941 1868 2010 Qui
1894 1938 1936 1942 —
1973 1944 2105 1997 tissa
2137 1943 2208 1997 ad
2239 1943 2508 1998 civitatem
2531 1942 2710 2012 ipsam
2729 1941 2979 2012 sequenti
3025 1941 3116 1996 die
3143 1941 3462 2008 adveniens,
3499 1939 3570 1996 ad

274 2025 411 2078 nihil
467 2026 711 2080 turbatus
751 2043 816 2082 ex
864 2028 948 2082 his
988 2045 1109 2100 quae
1167 2029 1477 2100 raptoribus
1516 2031 1867 2102 gerebantur,
1971 2031 2152 2101 ipsum
2180 2031 2374 2086 deduci
2425 2030 2572 2096 fecit,
2631 2030 2972 2086 orationibus
3030 2030 3143 2085 suis
3203 2028 3444 2100 seipsam
3517 2037 3573 2085 et

274 2113 375 2168 sed
406 2129 508 2170 nec
536 2121 716 2169 motus
737 2131 804 2171 ex
832 2116 917 2170 his
947 2133 1068 2188 qua:
1097 2133 1127 2172 a
1159 2118 1444 2173 comitibus
1493 2119 1870 2190 suggereban-
1969 2117 2140 2173 tilium
2187 2135 2343 2174 suum
2375 2119 2619 2174 studiose
2676 2117 3088 2174 commendans.
3123 2118 3247 2190 Ipse
3302 2133 3436 2174 vero
3466 2118 3566 2174 Sa-

275 2209 387 2268 tur,
417 2209 476 2256 ut
506 2203 707 2258 surdus
754 2212 808 2259 et
864 2213 1042 2259 mutus
1088 2207 1154 2260 ad
1207 2207 1388 2261 audita
1436 2207 1628 2278 emptis
1664 2215 1870 2261 tantum
1970 2207 2218 2279 gicnsem
2249 2207 2504 2262 tendebat
2534 2207 2602 2262 ad
2631 2207 2824 2262 urbem
2854 2208 3027 2276 (283).

276 2291 585 2346 insistebat.
613 2293 729 2347 Nec
759 2293 1075 2363 simpliciter
1102 2302 1154 2349 et
1182 2295 1342 2365 plane
1374 2311 1589 2351 sacrum
1638 2304 1868 2351 conten-
2039 2297 2338 2366 Acceperat
2355 2311 2574 2368 quoque
2601 2295 2866 2350 relatione
2896 2295 3274 2365 plurimorum,
3305 2293 3558 2350 abbatem

271 2388 362 2433 tus
391 2379 628 2435 officium
659 2397 944 2452 peragere,
1003 2382 1111 2438 imo
1156 2384 1436 2449 sandaliis,
1498 2384 1700 2450 tunica,
1752 2384 1867 2439 dal-
1967 2383 2186 2454 Optimis
2209 2400 2330 2439 esse
2378 2383 2517 2456 [cod.
2577 2383 2829 2439 abbatem
2886 2383 2955 2439 de
2985 2382 3206 2454 optimis
3260 2398 3401 2451 esse,
3436 2382 3566 2455 etc.]

268 2467 470 2522 matica
499 2483 620 2523 eum
653 2471 860 2524 carteris
889 2470 1196 2542 insignibus
1241 2480 1418 2540 utens,
1471 2481 1528 2526 ut
1582 2472 1866 2528 universos
1968 2472 2162 2526 studiis
2215 2472 2558 2542 praedictum,
2579 2471 2876 2542 probisque
2931 2471 3176 2526 moribus
3228 2470 3386 2526 valde
3442 2469 3568 2525 insi-

271 2556 458 2611 divino
486 2557 744 2626 praesidio
803 2559 1001 2613 melius
1075 2561 1452 2625 communiret,
1499 2560 1865 2631 pontiﬁcalem
1972 2559 2206 2632 gnitum.
2239 2561 2484 2615 Audiens
2511 2575 2730 2632 quoque
2759 2559 2905 2615 illius
2934 2559 3244 2615 caanobium
3271 2574 3382 2615 non
3429 2574 3564 2630 pro-

269 2643 328 2698 in
388 2645 620 2716 agendis
701 2646 1135 2702 benedictionem
1209 2648 1574 2712 interserens,
1642 2650 1863 2704 missam
1965 2648 2052 2704 eul
2086 2664 2118 2702 a
2165 2648 2272 2713 via,
2324 2665 2429 2718 qua
2475 2648 2764 2718 pergebat,
2823 2647 3192 2716 constitutum,
3225 2647 3564 2720 cupiensque

267 2747 426 2787 more
458 2732 689 2787 solemni
733 2750 896 2805 quam
926 2735 1120 2790 devote
1150 2737 1381 2808 peregit.
1434 2736 1703 2792 Omnibus
1728 2754 1863 2810 ergo
1964 2737 2062 2792 viri
2115 2736 2213 2792 Dei
2233 2737 2480 2792 notitiam
2502 2737 2606 2791 sibi
2637 2751 2978 2807 comparare,
3003 2745 3056 2792 et
3082 2737 3198 2805 ejus
3225 2735 3563 2792 orationibus

265 2821 369 2876 rite
399 2822 704 2891 completis,
766 2823 893 2877 dum
953 2826 1124 2878 sacris
1180 2841 1240 2878 se
1297 2825 1442 2879 exuit
1512 2826 1859 2894 indumentis,
1964 2826 2204 2895 seipsum
2246 2825 2656 2891 commendare,
2707 2841 2810 2880 nec
2867 2824 3128 2895 temporis
3166 2823 3558 2896 inquietudine,

266 2918 558 2964 accurrunt
587 2910 758 2980 ipsius
785 2911 891 2966 loci
922 2913 1271 2983 magistratus
1303 2913 1356 2966 in
1378 2914 1687 2982 ecclesiam,
1723 2931 1859 2985 sup-
1962 2930 2064 2969 nec
2093 2913 2298 2968 itineris
2329 2913 2685 2984 longitudine,
2731 2913 2904 2983 potuit
2934 2913 3175 2969 revocari
3203 2913 3332 2984 quin
3373 2913 3441 2968 ad
3471 2913 3558 2984 ip-

263 2997 483 3068 pliciter
525 3006 576 3053 et
605 2999 803 3054 obnixe
834 3000 1046 3056 veniam
1078 3009 1346 3072 petentes,
1393 3003 1538 3072 quod
1584 3003 1850 3072 impedire
1962 3018 2080 3056 sum
2103 3001 2485 3074 inquirendum
2515 3001 2683 3057 alacri
2725 3001 3014 3057 devotione
3067 3008 3414 3072 prOperaret.
3453 3001 3558 3057 Per

264 3101 400 3140 suos
431 3085 515 3140 vel
545 3088 868 3156 perturbare
900 3090 1394 3160 praesumpsissent.
1421 3091 1701 3161 Spondent
1732 3106 1861 3162 quo-
1921 3133 1924 3136 .
1961 3090 2152 3145 devios
2181 3091 2363 3162 itaque
2396 3090 2618 3161 suisque
2664 3089 2919 3145 omnibus
2955 3090 3173 3162 ignotos
3217 3089 3404 3154 calles,
3431 3104 3554 3145 cum

265 3191 374 3244 que
395 3175 680 3246 obsequia,
715 3176 760 3229 si
808 3177 1130 3249 dignaretur
1187 3187 1512 3249 pernoctare
1543 3180 1596 3233 in
1626 3180 1766 3235 loco.
1801 3179 1856 3234 Si
1889 3234 1930 3250 Α
1960 3179 2145 3249 paucis
2182 3195 2404 3236 suorum
2430 3178 2499 3234 ad
2521 3178 2611 3233 diu
2635 3179 2917 3250 quaesitum
2938 3179 3160 3234 demum
3179 3178 3424 3249 pervenit
3446 3193 3539 3233 mo

262 3271 444 3318 autem
478 3264 692 3318 duxerit
720 3234 943 3320 ulterius
973 3234 1379 3336 procedendum
1399 3310 1412 3332 ,
1437 3268 1763 3323 conductum
1795 3285 1858 3324 ex
1885 3234 1932 3295 Ο
1961 3267 2291 3332 nasterium;
2323 3266 2537 3338 reliqui,
2601 3267 2968 3322 servientibus
2990 3274 3044 3322 et
3073 3266 3236 3322 sociis
3277 3257 3440 3323 recto
3468 3265 3556 3322 iti-

264 3351 380 3404 suis
416 3351 483 3406 ad
513 3352 628 3406 loca
662 3369 836 3424 usque
865 3354 1061 3408 tutiora
1104 3355 1446 3425 pollicentur.
1481 3355 1631 3424 Quos
1661 3357 1750 3411 ille
1773 3373 1860 3411 sa-
1967 3371 2099 3410 nere
2128 3355 2198 3410 ad
2226 3355 2416 3410 urbem
2445 3354 2766 3426 praemissis,
2819 3370 2924 3426 qua
2952 3363 3064 3410 erat
3096 3355 3215 3426 ipse
3260 3354 3555 3426 hospitium

261 3440 334 3494 tis
363 3439 603 3494 hilariter
636 3440 921 3507 allocutus,
946 3450 1004 3497 ut
1051 3451 1169 3498 erat
1213 3444 1476 3514 spirituali
1524 3445 1860 3514 jucunditate
1959 3443 2263 3497 subiturus.
2294 3443 2426 3497 Cum
2458 3442 2808 3514 cognovisset
2836 3458 2968 3497 vero
2998 3442 3253 3498 abbatem
3273 3450 3404 3498 tunc
3432 3457 3557 3498 esse

262 3543 330 3583 ac
361 3528 566 3583 caelesti
597 3530 832 3599 repletus
864 3531 1132 3597 convivio,
1157 3532 1486 3588 conductum
1508 3533 1718 3589 illorum
1751 3549 1858 3588 non
1957 3532 2257 3596 absentem,
2283 3531 2560 3587 celebrata
2580 3530 2752 3586 missa
2778 3530 3052 3597 discessit,
3097 3537 3272 3586 totum
3300 3529 3554 3586 videlicet

261 3633 550 3687 respuens,
587 3618 844 3673 continuo
872 3619 941 3673 ab
963 3620 1042 3675 eis
1074 3621 1320 3676 recessit.
1358 3622 1587 3693 Ipsaque
1616 3623 1703 3677 die
1734 3639 1856 3678 cum
1957 3620 2274 3690 expendens
2291 3619 2598 3676 devotionis
2627 3618 2732 3690 piae
2768 3626 3104 3692 unguentum
3133 3618 3186 3672 in
3217 3618 3338 3690 ipso
3386 3618 3552 3687 justo-

258 3705 519 3760 univesso
576 3706 830 3762 comitatu
883 3708 952 3762 ad
1014 3709 1400 3764 monasterium
1451 3710 1636 3765 Sancti
1714 3711 1856 3766 Petri
1957 3725 2079 3762 rum
2109 3708 2287 3778 capite
2316 3707 2652 3770 et,Domino
2709 3715 2900 3762 nostro
2949 3708 3080 3762 Jesu
3135 3706 3369 3773 Christo,
3404 3707 3550 3779 quod

261 3796 414 3862 (278)
473 3793 821 3850 ἱηδυὺιιὼίο
877 3797 1224 3852 constitutum
1271 3799 1672 3854 Cenomanensi
1726 3816 1854 3870 per-
1955 3795 2278 3867 participare
2306 3796 2626 3852 decreverat
2655 3811 2778 3852 cum
2827 3795 3047 3866 abbate,
3099 3793 3350 3850 membro
3377 3795 3549 3866 ipsius

259 3882 429 3937 venit.
1957 3893 2008 3940 et
2038 3900 2199 3940 servo
2228 3883 2372 3940 ﬁdeli
2404 3884 2695 3940 admodum
2740 3892 2794 3939 et
2821 3885 3076 3940 honesto.

325 3971 582 4042 Sequenti
636 3972 890 4042 diluculo,
925 3974 1050 4028 dum
1094 3977 1406 4032 matutinale
1467 3978 1580 4032 Deo
1628 3977 1855 4033 exsolvit
2026 3973 2144 4028 Jam
2163 3988 2296 4029 vero
2323 3981 2447 4044 post
2475 3972 2765 4041 haec,omni
2787 3972 3002 4028 sublato
3029 3972 3404 4044 cujuscunque
3420 3971 3551 4028 ditii-

253 4057 508 4126 oﬂiciur’n,
545 4068 598 4114 et
626 4060 820 4132 longas
868 4077 1017 4117 more
1047 4063 1206 4119 solito
1239 4065 1456 4120 recitari
1502 4065 1621 4120 facit
1671 4066 1856 4121 lectio-
1955 4061 2169 4116 cultatis
2197 4061 2498 4125 obstaculo,
2538 4061 2801 4117 Ecclesia
2847 4077 2960 4116 suae
3007 4061 3216 4134 gremio
3260 4059 3544 4132 excipitur,

255 4159 378 4209 nes,
411 4143 666 4198 tumultus
695 4144 892 4217 ingens
937 4161 969 4200 a
997 4147 1271 4202 mmnibus
1301 4149 1534 4204 civitatis
1555 4151 1844 4219 increpuit.
1953 4165 2141 4220 pacem
2198 4157 2502 4220 ex0ptatam
2559 4148 2684 4203 ﬁliis
2737 4157 3042 4220 reportans,
3090 4149 3261 4205 multo
3319 4150 3540 4222 quidem

256 4231 454 4285 Milites
475 4248 709 4303 namque
725 4247 845 4288 cum
885 4250 1046 4290 manu
1067 4246 1273 4290 armata
1294 4237 1485 4292 directi
1515 4253 1546 4291 a
1577 4238 1854 4293 comitissa
1953 4238 2172 4304 sudore,
2219 4237 2317 4292 sed
2357 4245 2410 4292 et
2455 4237 2740 4307 multiplici
2796 4238 3004 4292 honore
3050 4245 3284 4308 partam,
3333 4246 3388 4293 et
3434 4245 3548 4294 toto

254 4317 544 4374 Britanniae
576 4322 744 4390 (279),
779 4330 829 4376 et
861 4323 979 4390 ejus
1009 4323 1119 4378 ﬁlio
1151 4325 1385 4380 Arthuro
1417 4327 1565 4394 (280)
1597 4325 1852 4379 insultum
1951 4325 2120 4396 ipsius
2168 4325 2293 4380 vitae
2321 4325 2495 4396 spatio
2524 4324 2857 4379 duraturam.
2893 4324 3268 4381 Occurrebant
3311 4341 3442 4380 vero
3469 4325 3548 4381 illi

253 4405 527 4473 fecerunt,
563 4417 620 4462 ut
647 4410 914 4466 Joannem
950 4413 1398 4482 praenominatum
1436 4422 1714 4484 caperent.
1749 4413 1852 4481 Qui
1953 4415 2193 4485 undique
2221 4414 2385 4469 modo
2423 4430 2488 4468 ex
2519 4413 2757 4480 civitate,
2791 4421 2844 4468 et
2884 4413 2936 4467 in
2969 4412 3206 4477 civitate.
3235 4421 3288 4469 et
3315 4413 3371 4468 in
3399 4413 3545 4470 dia:-

253 4503 412 4550 nocte
434 4496 654 4567 quidem
703 4497 791 4552 illa
820 4499 947 4555 illuc
1007 4500 1322 4568 advenerat,
1357 4503 1454 4556 sed
1492 4503 1850 4573 praesentiens
1952 4503 2065 4557 cesi
2094 4518 2190 4557 sua
2221 4503 2395 4558 turbas
2429 4501 2726 4557 laetantium
2747 4509 2800 4556 et
2818 4501 3261 4572 applaudentium
3285 4510 3545 4574 tanquam

250 4583 480 4638 insidias
512 4584 614 4639 sibi
671 4594 915 4656 paratas,
975 4597 1101 4644 ante
1165 4589 1303 4645 lucis
1363 4598 1539 4645 ortum
1599 4590 1846 4646 clanculo
1882 4591 1932 4649 D
1953 4591 2081 4647 duci
2109 4591 2306 4646 eximio
2335 4590 2640 4646 sublimiter
2669 4589 3044 4661 triumphanti.
3075 4590 3299 4645 Plurimi
3327 4606 3547 4664 quoque

249 4672 445 4726 urbem
491 4675 888 4742 pertransierat
919 4678 1087 4745 (281).
1124 4679 1250 4733 Haec
1278 4687 1335 4732 ut
1363 4679 1592 4748 primum
1624 4680 1847 4749 agnovit
1946 4680 2048 4736 viri
2077 4679 2133 4735 in
2168 4679 2582 4746 Northmannia,
2616 4679 2670 4733 in
2700 4679 2899 4750 Anglia
2926 4694 3060 4735 vero
3090 4695 3154 4734 ex
3181 4679 3385 4751 populo
3438 4695 3546 4736 no-

250 4759 516 4816 Girardus
559 4762 774 4833 quidam
805 4781 868 4820 ex
927 4765 1140 4821 clericis
1187 4767 1446 4838 episc0pi,
1509 4767 1847 4823 turbulenter
1946 4769 2182 4825 manicae
2210 4768 2360 4822 urbis
2407 4769 2586 4822 situm.
2628 4791 2648 4815 n

319 4937 460 5003 (275)
488 4941 538 4990 Id
564 4947 657 4997 est.
691 4944 751 4992 19
788 4945 996 5007 Aprilis.
2015 4943 2154 5007 (279)
2179 4945 2460 4995 Constantia
2493 4944 2706 5004 nomine,
2733 4944 2830 4994 tilia
2855 4945 3039 4994 Conani
3083 4943 3220 4995 ducis
3258 4945 3541 5006 Britanniae,

324 5024 464 5092 (276)
492 5026 627 5074 Nunc
663 5028 732 5077 La
773 5029 971 5089 Fleche,
1013 5029 1165 5079 latine
1208 5031 1394 5092 Flexia,
1429 5031 1600 5082 civitas
1626 5035 1702 5082 est
1736 5043 1844 5081 cum
1946 5010 2746 5092 stultia{iiitllridi4ﬂ1_i1“enrici
2773 5012 2834 5071 Ην
2863 5011 2990 5074 regis
3015 5011 3220 5074 Anglia"
3258 5025 3364 5074 (ωε
3387 5013 3540 5064 dum“

249 5078 387 5150 arce,
408 5078 574 5141 decem
602 5092 704 5142 fere
731 5078 1229 5146 mananmdismg
1253 5078 1596 5159 λ’ἧᾱέςξιζνδῗ
1945 5083 2048 5127 tum
2074 5078 2310 5128 Gauirido
2337 5078 2562 5127 contulit.

320 5172 462 5244 (277)
493 5176 624 5226 Alias
649 5179 1044 5229 Rovccestrensis
1077 5181 1181 5230 sive
1209 5181 1442 5233 Boﬂ'ensis
1480 5183 1752 5244 episcopus.
1780 5185 1848 5232 De

2015 5161 2160 5226 (280)
2188 5163 2484 5244 ponstantize
2511 5166 2561 5212 et
2583 5161 2802 5212 Gaurridi
2841 5162 2960 5222 tilio,
3006 5172 3122 5213 tunc
3163 5162 3415 5214 duodecim
3461 5177 3547 5215 an-

248 5230 418 5312 quoin
445 5230 621 5312 Annal.
651 5245 868 5294 Winton.
897 5249 1030 5308 part.
1065 5261 1098 5308 ι,
1127 5230 1750 5312 Δημιίςεξὰὸῶξϐἶὶῖ
1779 5230 1848 5299 =15
1947 5241 2120 5279 “0mm
2147 5230 2474 5280 a‘lomsccnte-

245 5307 480 5378 scribitur
506 5309 565 5358 ad
596 5322 678 5378 an.
707 5313 838 5361 1185
861 5325 875 5361 :
900 5307 933 5357 7a
960 5307 1236 5364 Gilebertus
1259 5316 1319 5364 de
1355 5307 1609 5366 Glamvilla
1652 5307 1848 5366 Rolfen-
2016 5311 2161 5377 (i8!)
2188 5316 2624 5371 Cenomaneusem.
2653 5317 2704 5362 et
2723 5313 3076 5376 Rothomagum
3111 5321 3428 5378 perrexerat:
3468 5317 3549 5367 ubi

250 5375 322 5448 s‘s
344 5374 598 5448 episcopus
625 5377 780 5448 factus
808 5383 910 5448 est.
942 5399 962 5420 ι
993 5380 1074 5448 Et,
1111 5392 1221 5448 pag;
1261 5383 1399 5431 5t6:
1457 5399 1476 5428 ι
1523 5386 1660 5433 Auno
1701 5382 1846 5443 1214,
1945 5374 2174 5448 Joannes,
2197 5383 2571 5440 teste'l‘rivetto,
2597 5374 3021 5448 tt'igintaduoruin
3049 5374 3286 5434 annorum
3323 5374 3552 5448 princeps

246 5439 463 5511 durante
482 5442 641 5511 adhuc
666 5444 944 5511 interdicto,
983 5439 1371 5498 obiit'Gilbertus
1395 5449 1633 5499 Roﬂ‘ensis
1660 5439 1848 5511 episcol
1947 5447 1996 5495 in
2023 5439 2194 5497 octava
2221 5450 2441 5501 Paschas.
2467 5447 2544 5496 die
2561 5439 2634 5494 ⁷15
2660 5439 2837 5508 Aprilis
2859 5448 2971 5496 anni
2999 5439 3360 5511 1199,ducattis
3375 5439 3551 5502 North-

248 5519 357 5570 pus,
388 5509 468 5569 qui
494 5510 560 5557 30
578 5510 720 5558 annis
744 5511 1074 5573 episcopatum
1112 5514 1286 5563 tenuit.
1316 5530 1336 5560 ι
1692 5509 1702 5511 “
1951 5514 2162 5562 mannici
2190 5515 2349 5574 gladio
2376 5515 2562 5562 cinctus
2593 5512 2704 5561 fuit.

315 5590 450 5660 (278)
479 5593 548 5642 De
571 5593 769 5660 Cultura
795 5593 998 5656 dictum,
1023 5595 1082 5646 de
1107 5609 1202 5658 quo
1228 5597 1532 5648 Mabillonius
1559 5603 1594 5648 t.
1626 5601 1640 5647 l
1669 5601 1845 5649 Annal.
2019 5596 2155 5660 (282)
2181 5599 2234 5648 S.
2263 5599 2392 5649 Petri
2416 5599 2476 5648 de
2497 5597 2696 5647 Cultura
2722 5595 2806 5645 Dei
2835 5596 3006 5648 abbas.

244 5659 413 5738 92””
447 5672 463 5738 ἶ
497 5659 684 5738 ῗ.ῌ¹¹ί9,’
711 5659 868 5738 ίέίῖἷιίῗ
890 5662 951 5713 de
974 5662 1590 5738 Βε,ηἱοιιτὲιιψοιο‹ξῑιεξηε,
1611 5666 1849 5738 originem
2021 5676 2161 5735 (283,
2191 5675 2342 5738 Vulgo
2367 5677 2505 5737 δεδι,
2531 5676 2580 5724 in
2617 5671 2757 5732 cujus
2781 5674 3012 5729 suburbio
3053 5681 3325 5732 coenobium
3360 5680 3450 5730 sub
3490 5681 3556 5730 ti-

241 5725 596 5809 {638139}???
615 5727 906 5809 ἔξιηξεῗξξξλ
927 5727 1054 5809 (ψῆά
1085 5729 1402 5809 ἀὲβῴωπξξι,
1429 5725 1513 5809 De]
1557 5725 1847 5794 εβρειῖεηιιτν
1953 5725 2051 5792 tuto
2075 5743 2128 5792 S.
2157 5725 2375 5804 Martini,
2401 5725 2539 5803 cujus
2571 5743 2619 5790 et
2643 5725 2810 5801 abbas,
2841 5744 2892 5790 ut
2921 5725 3445 5809 videtin?."}viiﬁin6i§
3475 5725 3554 5797 hic

243 5793 592 5844 monasterium
614 5793 664 5843 in
686 5793 914 5844 suburbio
935 5795 1272 5846 Ceuomanicae
1297 5796 1431 5846 urbis
1455 5793 1633 5848 situm.
1654 5817 1674 5839 ι
1954 5793 2349 5860 commendatur,
