3938 6416
422 377 443 428 l
456 377 561 432 0⁸75

1263 375 1325 430 S.
1373 372 1691 431 HUGONIS
1727 370 1943 428 EPISC.
1984 367 2306 427 LINCOLN.
2350 367 2514 425 0RD.
2556 368 2803 425 CARTH.

3577 372 3710 426 1076

425 509 479 557 et
505 516 573 557 ex
605 500 755 558 clero
798 515 1025 572 prorsus
1075 499 1344 555 innumeri
1364 542 1378 565 ,
1426 498 1757 554 unanimiter
1784 505 1940 553 erant
1968 495 2019 552 ei
2037 497 2093 557 Α
2192 493 2441 549 Vidimus
2469 492 2759 566 quemdam
2790 493 2845 548 in
2873 494 3299 551 Londinensium
3329 496 3547 553 civitate
3567 513 3711 569 pras-

426 589 872 646 conclamantes:
904 588 1258 653 Benedictus,
1283 588 1379 660 qui
1397 589 1553 643 venit
1573 588 1633 642 in
1653 587 1882 641 nomine
1911 587 2020 641 Do-

427 679 577 733 mini
605 679 825 747 (Matth.
850 692 1015 742 xxm,
1048 680 1158 746 39).
1193 677 1315 747 Ipse
1332 691 1463 731 vero
1493 683 1660 731 totum
1691 675 1825 740 Deo,
1858 682 1911 728 et
1934 673 2020 727 ni-

428 766 505 821 hil
533 765 659 833 sibi,
691 765 938 820 tribuens
968 764 1326 820 benedicebat
1356 763 1664 830 Dominum,
1685 762 1777 835 qui
1804 778 2022 832 semper

429 855 485 909 in
506 853 762 910 omnibus
788 854 1099 926 triumphat.

984 997 1207 1054 CAPUT
1235 996 1430 1052 XVIII.

427 1122 580 1193 (284)
618 1123 872 1191 Qualiter
894 1121 1103 1177 habent
1122 1122 1185 1176 in
1210 1121 1353 1193 votis
1376 1119 1738 1193 Carthasiam
1766 1120 2018 1184 visitare,

498 1191 734 1250 cedendi
759 1194 999 1265 petitam
1020 1192 1453 1265 licentiamnon
1470 1191 1745 1265 obtinuit,
1768 1195 1825 1245 et
1854 1207 2023 1262 quam

499 1268 730 1320 strenue
751 1261 809 1319 se
827 1264 1058 1335 gesserit
1080 1265 1143 1318 in
1171 1263 1490 1335 causis_sib_i
1505 1261 1795 1335 delegatis,
1828 1261 1883 1335 ej
1904 1276 2022 1335 spe-

501 1335 735 1391 cialiter
760 1332 965 1390 contra
983 1332 1303 1405 quemdam,
1348 1332 1659 1405 lor-donum
1701 1332 1775 1405 de
1835 1332 2017 1405 Tum,

501 1408 756 1477 etquam
795 1421 962 1475 grave
990 1403 1171 1477 fuerit
1202 1403 1397 1477 tibiae
1415 1403 1482 1458 de
1516 1403 2024 1477 negotiissrecula-

501 1473 658 1532 ribus
674 1473 1068 1547 personaliter,
1091 1476 1498 1547 intromittere,
1532 1473 1655 1547 quae
1680 1473 1812 1529 aliis
1840 1473 2023 1545 impo~

500 1544 693 1603 nenda
713 1547 960 1613 censuit,
993 1544 1251 1614 ﬁdelibus
1280 1549 1336 1600 et
1362 1544 1641 1600 discretis.

501 1652 776 1707 Habuerat
803 1667 932 1706 sane
956 1666 1069 1721 jam
1099 1650 1189 1705 diu
1218 1649 1274 1705 in
1302 1650 1463 1719 votis,
1519 1656 1646 1705 ante
1700 1648 1824 1705 vitae
1876 1663 2024 1720 prae-

430 1740 603 1796 sentis
629 1755 939 1807 excursum,
972 1739 1263 1810 episcopus
1311 1738 1493 1794 locum
1543 1736 1845 1792 Carthusias
1873 1752 2023 1792 sem-

431 1844 534 1900 per
556 1836 791 1883 amatum
823 1828 997 1894 adire,
1023 1834 1330 1898 statumque
1360 1826 1570 1881 ordinis
1615 1824 2027 1897 praesentialiter
2055 1852 2107 1913 Β

432 1916 648 1983 intueri,
679 1924 735 1972 et
761 1916 951 1989 gregis
980 1915 1144 1982 illius,
1176 1930 1338 1987 quam
1357 1914 1558 1986 pusilli,
1579 1922 1691 1970 tam
1720 1922 1773 1970 et
1795 1914 2028 1970 sanctis-

430 2004 579 2070 simi,
600 2012 823 2075 aspectu
854 2011 909 2059 et
955 2003 1123 2059 aifatu
1152 2002 1365 2059 interna
1419 2018 1515 2057 sua
1544 2002 1815 2058 desideria
1844 2002 1914 2057 ab
1936 2018 2029 2058 ex-

433 2093 606 2149 ternis
649 2092 966 2148 tumultibus
1021 2090 1411 2163 aliquantulum
1457 2091 1778 2162 respirando
1805 2090 2028 2146 uberius

434 2180 702 2238 refovere.
735 2181 1028 2252 Optaverat
1052 2179 1297 2253 profecto
1318 2180 1482 2236 etiam
1513 2179 1743 2237 sarcina
1771 2187 2027 2251 pastora-

434 2270 505 2326 lis
533 2282 682 2326 cura
708 2285 777 2325 ex
807 2270 1041 2343 integro,
1072 2268 1121 2324 si
1142 2268 1364 2324 daretur
1391 2268 1642 2338 facultas,
1691 2268 2029 2333 renuntiare,

432 2373 558 2415 cum
610 2358 901 2414 mundanis
956 2357 1139 2414 litibus
1194 2357 1516 2413 decidendis
1592 2357 1691 2413 sub
1764 2364 2030 2428 praetextu

433 2446 734 2518 spiritualis
776 2445 937 2502 ofﬁcii
956 2487 972 2513 ,
1021 2445 1216 2501 ordine
1240 2487 1254 2511 ,
1310 2452 1369 2501 ut
1412 2444 1768 2511 memorabat,
1814 2460 2032 2516 praem

433 2543 603 2603 stero,
626 2535 756 2591 totis
775 2534 950 2591 ferme
978 2534 1173 2589 diebus
1202 2540 1490 2607 cogeretur
1505 2533 1793 2589 inservire.
1829 2555 1851 2580 σι
1886 2534 2025 2603 Jam,

436 2623 631 2697 inquit,
664 2623 877 2679 urbium
927 2630 1194 2695 prmtores
1222 2620 1311 2678 vel
1361 2621 1647 2693 praesides,
1689 2629 1744 2677 et
1786 2621 2032 2677 Ecclesi-

434 2727 591 2769 arum
619 2712 905 2785 presules,
937 2726 1005 2769 eo
1035 2710 1153 2767 fere
1179 2709 1301 2768 solo
1326 2710 1533 2767 distare
1568 2717 1864 2767 cernuntur
1883 2711 2031 2783 quod

435 2801 525 2857 isti
554 2799 845 2867 continuis,
874 2798 955 2855 illi
981 2799 1177 2856 diebus
1205 2798 1540 2870 interpolatis
1588 2806 1786 2855 vacant
1840 2786 2030 2854 foren-

436 2890 589 2946 sibus
616 2888 825 2961 litigiis.
858 2887 970 2944 Illis
1017 2887 1293 2945 interdum
1346 2886 1472 2944 licet
1495 2886 1576 2944 rei
1604 2886 1888 2943 familiaris
1918 2902 2031 2942 suae

434 2976 753 3033 utilitatibus
778 2975 1103 3042 consulere;
1132 2974 1255 3030 istis
1282 2975 1402 3046 ipsa
1424 2974 1586 3031 etiam
1610 2975 1915 3031 animarum
1940 2991 2032 3030 su-

438 3080 595 3123 arum
651 3065 876 3138 negotia
921 3064 1011 3120 vix
1059 3064 1393 3137 quandoque
1431 3063 1758 3135 permittitur
1777 3071 2029 3119 tractare.

513 3153 912 3211 Sollicitaverat
964 3153 1128 3209 etiam
1180 3152 1422 3209 secundo
1474 3151 1561 3208 vel
1635 3153 1795 3208 tertio
1868 3167 2034 3208 aures

442 3243 639 3300 summi
665 3241 940 3314 pontiﬁcis
959 3256 1057 3312 per
1076 3240 1433 3296 internuntios
1465 3256 1631 3312 super
1658 3240 2037 3310 hujuscemodi

441 3331 627 3389 cordis
656 3330 741 3387 sui
768 3329 1088 3403 proposito;
1121 3329 1220 3386 sed
1249 3336 1303 3385 et
1347 3329 1440 3385 ille
1471 3329 1782 3385 nullatenus
1840 3328 2036 3400 acqui-

442 3436 657 3487 escens,
692 3434 802 3476 non
823 3419 990 3475 modo
1044 3418 1359 3491 petitionem
1416 3418 1534 3488 ejus
1586 3417 1903 3488 repellebat,
1938 3417 2037 3471 sed

443 3518 499 3567 et
526 3509 803 3582 petitionis
830 3507 1162 3565 mediatores
1191 3507 1382 3563 durius
1401 3505 1753 3579 objurgabat.
1781 3505 2041 3562 Omnium

444 3599 590 3656 enim
620 3612 753 3655 sane
791 3596 1125 3653 difﬁciliores
1164 3603 1217 3652 et
1247 3595 1422 3667 magis
1468 3595 1671 3650 arduas
1695 3595 2040 3666 negotiorum

444 3686 772 3756 decisiones,
797 3700 936 3758 quas
964 3685 1104 3740 inter
1128 3683 1266 3739 ﬁnes
1295 3684 1462 3739 totius
1491 3682 1702 3755 Anglia:
1721 3681 2042 3739 auctoritate

447 3775 701 3832 ventilari
730 3774 1124 3846 contingebant
1155 3770 1476 3844 apostolica,
1517 3770 1775 3843 episcopo
1813 3770 2042 3843 delega-

448 3864 538 3918 bat
589 3861 954 3919 Lincolniensi
1011 3862 1181 3932 (285).
1235 3867 1475 3932 quoquot
1536 3859 1651 3915 suis
1707 3859 2043 3930 temporibus

448 3950 716 4008 Ecclesiae
743 3949 1119 4021 praesederunt
1162 3948 1394 4005 Romani
1426 3948 1622 4003 summi
1665 3946 1968 4019 pontifices.

522 4041 779 4095 Personas
835 4052 1052 4110 quoque
1132 4035 1484 4093 nihilominus
1515 4078 1529 4103 ,
1562 4044 1616 4092 et
1650 4036 1953 4093 mediocres
1992 4044 2045 4092 et

452 4126 672 4197 inﬁmae,
725 4133 981 4199 quantum
1034 4126 1105 4182 de
1143 4125 1353 4181 meritis
1417 4126 1818 4197 praesumebant
1864 4139 2045 4181 causae

453 4233 587 4283 suae,
620 4224 828 4271 tantum
858 4229 1043 4272 coram
1072 4229 1138 4271 eo
1167 4221 1357 4271 contra
1405 4228 1532 4271 suos
1562 4213 1911 4271 adversarios
1940 4230 2044 4285 op-

450 4306 641 4363 tabant
666 4304 899 4377 litigare.
933 4303 1061 4361 Illos
1090 4304 1255 4366 enim.
1309 4302 1424 4359 sive
1472 4303 1677 4359 viribus
1721 4302 2043 4369 niterentur,

453 4395 569 4451 sive
585 4400 925 4450 armarentur
943 4392 1103 4458 dolis,
1125 4393 1227 4447 sub
1247 4392 1496 4448 examine
1505 4391 1707 4461 judicis
1717 4392 2044 4461 justissimo,

453 4490 507 4539 et
548 4482 745 4539 veritas
790 4481 1001 4539 facilius
1057 4481 1436 4547 convincebat,
1496 4489 1550 4537 et
1605 4481 1836 4553 aequitas
1888 4480 2048 4537 citius

2122 591 2417 655 potentem,
2475 583 2775 637 Jordanum
2834 582 2902 637 de
2961 583 3119 637 Turri
3177 585 3490 655 vocitatum,
3549 602 3711 657 quem

2122 672 2441 727 auctoritate
2470 670 2677 725 domini
2708 685 2863 741 papae
2895 671 3191 726 litterarum
3232 672 3286 727 in
3308 674 3399 742 jus
3444 682 3714 729 traxerant

2121 776 2394 831 pauperes
2426 767 2478 814 et
2506 759 2689 830 pusilli
2717 760 2825 814 duo
2857 760 2956 814 sub
2986 760 3259 815 tutoribus
3287 762 3460 817 adhuc
3489 772 3713 835 agentes

2121 848 2353 920 Orphani
2382 864 2549 919 super
2568 847 2752 919 iniqua
2790 847 3103 903 detentione
3132 851 3490 921 quarumdam
3520 852 3715 906 domo-

2124 954 2266 1006 rum,
2313 935 2666 991 haereditaria
2712 937 3061 992 successione
3108 938 3243 1008 ipsis
3274 940 3711 1009 competentium.

2124 1025 2554 1095 Causamipsam
2610 1024 2664 1078 in
2721 1024 2901 1079 forum
2931 1024 3362 1082 ecclesiasticum
3393 1028 3594 1093 titulus,
3627 1027 3715 1083 cui

2122 1113 2405 1169 dicebatur
2432 1112 2605 1178 inniti,
2640 1112 2939 1168 adduxerat
2967 1128 3275 1169 usurarum.
3309 1115 3408 1171 Hic
3452 1115 3541 1171 die
3569 1132 3713 1186 pra:-

2122 1200 2249 1266 ﬁxa,
2280 1217 2390 1255 non
2415 1201 2572 1272 quasi
2599 1199 2927 1273 litigaturus,
2962 1202 3059 1257 sed
3089 1202 3242 1274 quasi
3297 1203 3405 1258 litis
3460 1220 3717 1276 progres-

2124 1306 2244 1345 sum
2300 1289 2648 1355 discissurus,
2709 1290 2777 1344 ad
2821 1291 3171 1361 episcopum,
3224 1291 3454 1363 plurimo
3488 1293 3716 1364 stipatus

2124 1378 2343 1449 agmine
2360 1419 2374 1445 ,
2419 1384 2880 1450 propugnatorum
2905 1379 3085 1450 potius
3114 1395 3276 1451 quam
3303 1381 3712 1447 advocatorum,

2124 1466 2371 1523 accessit.
2391 1466 2491 1522 Cui
2511 1466 2641 1522 dum
2659 1466 2993 1534 litteratoria,
3015 1467 3247 1524 simulet
3265 1468 3389 1523 viva
3417 1484 3549 1525 voce
3569 1469 3718 1523 inhi-

2127 1555 2359 1610 bitiones
2388 1570 2692 1628 precesque
2725 1554 3050 1611 obtulissent
3069 1556 3358 1628 stipatores
3387 1557 3488 1622 sui,
3508 1565 3615 1612 tam
3651 1573 3717 1612 ex

2125 1650 2276 1715 parte
2296 1642 2502 1699 domini
2530 1644 2679 1715 regis
2711 1660 2872 1715 quam
2893 1651 2946 1699 et
2973 1643 3199 1700 aliarum
3246 1645 3557 1700 sublimium
3615 1660 3719 1716 po-

2126 1738 2399 1799 testatum,
2431 1748 2534 1788 nec
2552 1748 2662 1787 non
2689 1738 2745 1788 et
2774 1732 2975 1788 civium
3006 1733 3366 1789 communiter
3395 1734 3721 1789 Londoncn-

2127 1821 2286 1887 sium,
2320 1837 2388 1876 ne
2418 1820 2472 1875 in
2503 1835 2671 1876 causa
2726 1820 2847 1891 ipsa
2900 1822 3240 1893 procederet,
3290 1822 3415 1895 quia
3444 1822 3490 1876 si
3519 1822 3722 1878 faceret

2127 1912 2251 1976 hoc,
2285 1918 2342 1965 ut
2371 1910 2710 1977 asserebant,
2742 1910 2796 1963 in
2848 1926 2962 1965 suae
3018 1910 3167 1965 urbis
3222 1911 3595 1983 praejudicium
3625 1928 3719 1967 re-

2128 1999 2415 2054 dundaret.
2484 1999 2617 2053 Cum
2674 2013 2807 2071 ergo
2846 2013 3163 2054 assessores
3189 1982 3245 2055 et
3303 2000 3589 2055 domestici
3636 2000 3721 2054 sui
3818 1982 3826 1993 “

2129 2087 2536 2143 subsistendum
2556 2102 2680 2143 esse
2710 2087 2765 2141 in
2795 2102 2966 2143 causa
2992 2087 3084 2142 illa
3104 2088 3433 2144 unanimiter
3452 2088 3719 2144 decerne-

2129 2184 2270 2241 rent,
2302 2176 2392 2231 ille
2436 2176 2571 2230 intra
2629 2175 2870 2247 seipsum
2926 2176 3205 2247 paululum
3261 2176 3587 2245 deliberans,
3620 2178 3721 2233 hac

2130 2266 2349 2320 demum
2405 2279 2540 2321 voce
2597 2280 2982 2335 oppressorem
3055 2264 3316 2336 opprimit
3371 2265 3718 2336 pupillorum.

2130 2353 2450 2409 Meminerat
2478 2352 2621 2408 enim
2678 2352 2769 2408 ille
2822 2354 3192 2424 orphauorum
3244 2361 3398 2425 pater
3428 2354 3723 2425 Scriptura:

2131 2442 2361 2498 dicentis
2393 2459 2408 2496 :
2446 2464 2469 2493 ι
2504 2441 2713 2513 Pupillo
2743 2450 2797 2495 tu
2843 2441 2953 2497 eris
2981 2442 3196 2510 adjutor
3224 2443 3406 2513 (1)δαὶ.
3452 2457 3512 2510 x,
3548 2445 3655 2513 14).
3698 2467 3720 2492 ι

2130 2530 2221 2586 Ait
2264 2530 2448 2603 itaque
2481 2548 2495 2585 :
2533 2552 2554 2581 ι
2607 2531 2848 2596 Revera,
2908 2530 3162 2599 Iordane,
3214 2546 3518 2603 quanquam
3561 2531 3722 2586 nobis

2132 2618 2402 2674 exstiteris
2432 2620 2653 2685 charos,
2684 2618 2993 2674 nullatenus
3013 2627 3195 2675 tamen
3214 2627 3402 2674 contra
3432 2621 3605 2676 Deum
3628 2619 3725 2675 tibi

2132 2706 2346 2764 deferre
2377 2707 2641 2763 valemus.
2674 2707 2894 2774 Verum,
2930 2706 3057 2779 quia
3111 2715 3304 2764 contra
3332 2715 3410 2763 tot
3461 2716 3515 2763 et
3540 2716 3721 2764 tantos

2132 2796 2373 2853 fautores
2400 2804 2523 2852 tuos
2560 2796 2677 2865 niti,
2720 2811 2831 2853 non
2877 2797 3041 2852 modo
3070 2796 3311 2867 parvulis
3361 2797 3500 2864 istis,
3532 2797 3640 2853 imo
3672 2805 3725 2853 et

2132 2885 2447 2957 nobisipsis,
2479 2886 2788 2958 nostrisque
2826 2886 3201 2956 conjudicibus
3230 2893 3443 2943 constat
3471 2902 3593 2943 esse
3641 2887 3726 2941 in-

2132 2974 2285 3042 utile,
2320 2974 2449 3045 quid
2483 2974 2653 3029 simus
2681 2974 2874 3041 acturi,
2905 2975 3159 3031 nolumus
3188 2982 3241 3031 te
3269 2974 3452 3030 latere.
3485 2976 3591 3031 Pro
3609 2992 3726 3032 me-

2133 3062 2254 3134 ipso
2283 3071 2464 3117 tamen
2482 3062 2678 3133 loquor
2710 3080 2723 3117 :
2757 3063 3022 3119 Liberabo
3053 3063 3289 3118 animam
3339 3079 3540 3119 meam.
3574 3065 3729 3121 Scri-

2134 3150 2257 3206 bam
2286 3166 2417 3223 ergo
2445 3150 2666 3206 domino
2694 3167 2847 3223 papae
2880 3151 3009 3225 quia
3037 3160 3094 3207 tu
3147 3152 3297 3209 solus
3325 3153 3380 3207 in
3423 3153 3580 3208 terris
3609 3153 3731 3209 istis

2138 3241 2255 3309 ejus
2294 3239 2655 3310 jurisdictioni
2699 3240 3042 3307 contradicis,
3093 3241 3317 3313 ejusque
3348 3242 3728 3298 auctoritatem

2138 3328 2287 3382 solus
2314 3334 2372 3382 tu
2403 3343 2667 3384 evacuare
2724 3324 3027 3385 contendis.
3068 3353 3089 3379 ιι
3126 3331 3237 3386 Hac
3288 3330 3382 3386 ille
3436 3332 3726 3400 sententia,

2139 3431 2205 3472 ac
2236 3416 2283 3470 si
2328 3417 2529 3488 sagitta
2563 3416 2829 3489 feriretur,
2887 3418 3372 3489 praedicordialiter
3415 3427 3590 3475 tactus
3618 3420 3733 3489 (ni-

2138 3504 2333 3560 mirum
2363 3504 2692 3578 intelligens,
2729 3507 2916 3579 quanti
2934 3506 3074 3562 foret
3113 3507 3375 3578 ponderis
3407 3508 3599 3563 relatio
3627 3509 3734 3564 ista

2139 3592 2194 3649 in
2241 3594 2464 3649 auribus
2512 3596 2706 3650 summi
2738 3594 3029 3665 pontificis,
3086 3596 3385 3667 praesertim
3431 3596 3632 3652 emissa
3661 3598 3734 3652 ab

2141 3698 2236 3737 ore
2266 3682 2364 3737 viri
2396 3683 2529 3738 tanti
2558 3683 2816 3756 nominis)
2847 3692 3077 3740 tractare
3108 3684 3273 3754 coepit
3327 3685 3382 3738 in
3435 3685 3736 3740 continenti

2143 3786 2264 3827 cum
2296 3771 2408 3826 suis
2438 3787 2601 3843 super
2646 3773 2980 3828 restitutione
3011 3772 3253 3828 facienda
3293 3773 3581 3829 destitutis.
3616 3776 3737 3830 Nec

2143 3861 2287 3915 enim
2318 3860 2482 3916 alium
2513 3861 2711 3916 exitum
2751 3862 2955 3917 invenit
3000 3862 3154 3916 alias.
3188 3862 3369 3918 Verba
3400 3863 3597 3934 quippe
3626 3863 3736 3918 viri

2136 3950 2289 4019 justi,
2315 3950 2452 4005 sicut
2480 3950 2681 4005 stimuli
2728 3949 2887 4022 quasi
2918 3950 2972 4004 in
3016 3950 3184 4005 altum
3207 3950 3392 4020 deﬁxi,
3424 3966 3531 4006 non
3586 3951 3732 4014 dico,

2144 4038 2357 4105 cedere,
2393 4038 2489 4092 sed
2519 4054 2619 4095 nec
2650 4039 2840 4110 attingi
2862 4038 3082 4110 quidem
3114 4039 3412 4094 rationibus
3444 4047 3536 4093 aut
3572 4039 3737 4093 blan-

2144 4126 2290 4182 ditiis
2321 4127 2605 4198 quiverant
2634 4127 2732 4183 viri
2761 4128 2815 4181 in
2869 4127 3218 4199 generatione
3276 4143 3373 4182 sua
3422 4127 3737 4197 prudentis-

2146 4215 2285 4271 simi.
2319 4217 2439 4270 Mox
2484 4216 2647 4287 igitur
2699 4216 3153 4287 conquerentibus
3179 4216 3248 4271 ad
3277 4216 3610 4287 condignum
3640 4230 3737 4271 sa-

2147 4304 2362 4371 tisfecit,
2401 4320 2504 4359 nec
2556 4304 2775 4376 quidem
2810 4305 2929 4359 sine
2985 4304 3212 4375 enormi,
3263 4313 3321 4359 ut
3359 4304 3608 4368 asseruit,
3643 4304 3733 4358 di-

2147 4393 2376 4465 spendio
2406 4401 2738 4463 sumptuum,
2774 4408 2910 4464 quos
2933 4394 2985 4447 in
3007 4393 3174 4449 fundo
3219 4394 3337 4465 ipse
3366 4393 3727 4463 expenderet.

2149 4481 2238 4538 Sic
2278 4497 2387 4536 una
2441 4482 2733 4553 brevisque
2788 4482 2891 4537 viri
2916 4482 3045 4550 justi
3103 4482 3332 4537 obtinuit
3363 4481 3616 4552 allegatio
3655 4482 3737 4547 id,

450 4570 801 4643 percellebat.
834 4571 971 4626 Nam
999 4577 1053 4627 et
1080 4570 1186 4626 hoc
1221 4585 1440 4641 quoque
1477 4569 1679 4625 donum
1701 4577 1988 4641 acceperat
2015 4566 2116 4626 aD
2147 4571 2292 4643 quod
2320 4571 2405 4626 vix
2443 4586 2677 4642 unquam
2710 4570 3024 4627 crederetur
3063 4571 3309 4627 obtinere
3340 4569 3741 4627 causidicorum

451 4662 591 4729 Deo,
621 4668 699 4731 ut,
730 4659 868 4737 sicut
916 4674 982 4715 eo
1038 4673 1201 4715 nemo
1246 4658 1388 4730 aequi
1428 4666 1481 4714 et
1519 4658 1649 4713 recti
1679 4658 1940 4727 tenacior,
1972 4658 2047 4713 ita

450 4766 615 4807 nemo
643 4748 977 4806 inveniretur
998 4748 1067 4803 de
1090 4746 1258 4813 facili,
1284 4747 1375 4817 qui
1406 4762 1472 4803 eo
1504 4747 1783 4802 videretur
1803 4747 2047 4802 velocior

452 4839 567 4895 sive
597 4838 808 4895 acutior
834 4836 889 4892 in
917 4836 1260 4893 discussione
1280 4835 1393 4891 veri
1425 4844 1477 4890 et
1497 4834 1640 4890 falsi.
1705 4834 1863 4903 Quod
1896 4836 1949 4890 in
1981 4851 2045 4890 eo

451 4927 794 4984 attendentes
821 4926 896 4992 hi,
927 4924 1017 4997 qui
1044 4924 1331 4995 peritiores
1368 4922 1424 4978 in
1474 4924 1594 4992 jure
1644 4931 1695 4978 et
1734 4923 1788 4977 in
1821 4924 2046 4978 ventila-

445 5016 684 5073 tionibus
722 5014 1023 5070 forensium
1053 5012 1169 5068 sive
1212 5012 1706 5068 ecclesiasticarum
1760 5028 2045 5067 causarum

448 5102 884 5161 exercitatissimi
942 5101 1301 5167 habebantur,
1365 5101 1645 5157 miraculis
1676 5101 2040 5168 ascribebant,

448 5194 575 5248 dum
607 5192 697 5247 ille
741 5190 925 5245 taliu'n
959 5191 1202 5244 insuetus
1260 5198 1313 5245 et
1368 5190 1525 5262 quasi
1575 5189 1761 5262 legum
1805 5189 2043 5256 nescius,

446 5280 691 5336 omnium
719 5279 1053 5349 praecederet
1071 5278 1343 5345 acumina,
1393 5287 1447 5333 et
1474 5278 1697 5348 ingenia
1725 5278 2047 5349 praevaleret

444 5369 910 5441 iurisperitorum.

519 5546 663 5626 (ξω)
723 5548 894 5601 Relata
953 5548 1003 5599 in
1063 5547 1154 5599 hoc
1214 5549 1373 5612 capite
1460 5548 1670 5601 diversis
1739 5548 2048 5610 contigerunt

458 5628 627 5668 annis.

520 5700 661 5768 (285)
686 5702 800 5766 Quae
825 5704 1011 5767 Hugoni
1037 5706 1202 5756 nostro
1227 5704 1277 5755 in
1300 5702 1458 5755 causis
1480 5699 1839 5763 archiepiscOpi
1861 5698 2047 5750 Ebora-

2149 4659 2482 4732 quantalibet
2519 4658 2827 4715 multitudo.

2217 4749 2365 4804 Licet
2394 4764 2545 4816 vero,
2581 4748 2632 4802 in
2657 4747 2922 4803 similibus
2952 4763 3200 4819 persaepe
3243 4747 3481 4813 casibus,
3517 4747 3740 4803 naufraé

2146 4838 2296 4911 ganti
2330 4837 2632 4891 subsidium
2660 4845 2943 4908 praestaret
2988 4836 3313 4892 innocentiae
3362 4853 3457 4891 seu
3503 4836 3736 4900 veritati,

2147 4926 2430 4997 indignum
2460 4933 2641 4981 tamen
2673 4925 2942 4997 pontiﬁcis
2990 4940 3156 4995 opera
3212 4924 3497 4994 reputabat
3527 4924 3739 4979 sollici-

2146 5015 2408 5081 tudinem,
2452 5031 2557 5086 qua
2621 5014 2766 5071 circa
2823 5022 3035 5069 terrena
3066 5021 3118 5069 et
3184 5012 3490 5067 transitoria
3543 5012 3743 5083 saepius

2146 5118 2309 5175 quam
2341 5120 2470 5175 ergo
2502 5102 2744 5159 coelestia
2775 5111 2827 5159 et
2883 5110 3085 5158 aeterna
3128 5110 3456 5157 versaretur.
3490 5101 3746 5156 Portabat

2146 5208 2298 5256 vero,
2322 5193 2419 5247 sed
2441 5192 2493 5246 in
2524 5193 2778 5263 angaria,
2813 5208 3028 5248 crucem
3070 5190 3382 5259 hujusmodi
3438 5190 3734 5255 actionum,

2146 5282 2215 5337 de
2256 5281 2425 5337 solius
2464 5282 2790 5336 obedientire
2844 5281 3058 5350 merito,
3117 5278 3477 5335 excusationis
3550 5279 3737 5348 potius

2144 5367 2461 5441 suffragium
2494 5385 2654 5441 quam
2682 5369 2964 5441 praemium
3004 5369 3082 5423 rei
3138 5365 3603 5434 commendabilis,
3642 5383 3742 5449 ex-

2147 5549 2306 5599 censis
2330 5563 2357 5599 a
2382 5549 2647 5600 Celestino
2667 5562 2787 5611 papa
2815 5550 3073 5600 commissa
3089 5549 3304 5605 fuerunt,
3333 5547 3485 5597 refert
3516 5547 3752 5597 Bamnius

2148 5618 2206 5666 ad
2234 5628 2388 5733 annos
2418 5618 2564 5676 lt9l,
2597 5616 2723 5666 1199
2747 5622 2796 5667 et
2827 5617 2983 5679 1195,
3029 5617 3160 5679 ipsas
3202 5628 3336 5678 papa!
3373 5616 3563 5665 litteras
3601 5614 3754 5664 addu~

2148 5696 2237 5733 ceu
2274 5697 2321 5733 υ.
