3938 6404
245 353 265 404 l
279 351 384 404 0'77

1615 345 1792 400 VITA.
1827 372 1895 382 —
1928 342 2053 398 LIB.
2099 347 2161 400 V.

3418 337 3554 394 10⁵18

244 483 524 546 spectans.
551 475 744 530 Verum
775 474 894 530 hac
936 473 1235 528 innumeris
1275 473 1581 539 verborum,
1618 487 1720 527 nec
1742 484 1847 523 non
1872 467 1923 528 Α
1951 484 2080 525 nere
2096 469 2680 545 cupiebant,perquem
2694 479 3077 546 postsanctum
3089 466 3548 527 Nicolamincom-

244 571 297 618 et
328 572 612 634 gestorum
643 564 760 632 ejus
793 578 900 617 non
933 570 1014 617 est
1037 578 1262 618 necesse
1292 562 1460 616 astrui
1483 558 1842 623 documentis,

246 668 370 723 quae
402 652 662 706 scribenti
693 651 762 705 ad
795 667 1014 705 manum
1039 652 1169 706 satis
1203 658 1572 715 occurrerent,
1606 665 1726 704 cum
1761 656 1842 701 ta-

247 738 315 792 lis
346 735 510 790 animi
541 736 607 789 sit
637 735 690 789 in
721 751 785 790 eo
819 751 880 790 ea
911 735 1301 808 irrefragabilis
1329 735 1665 806 approbatio,
1702 731 1845 804 quod

245 825 315 880 ad
344 824 626 895 proprium
661 824 965 878 scacarium
1000 823 1115 878 sive
1176 831 1486 894 computum
1538 823 1843 878 reddituum

249 913 335 967 vel
366 928 728 983 expensarum
761 929 976 966 suarum
1007 926 1279 984 nunquam
1319 911 1585 975 residere,
1619 919 1667 965 et
1702 926 1843 964 nun-

250 1018 410 1072 quam
456 1001 830 1069 hujuscemodi
879 1000 1074 1055 domus
1131 999 1368 1071 propria:
1417 999 1708 1054 ratiociniis
1757 999 1844 1052 di-

249 1098 450 1159 gnatus
488 1091 555 1144 sit
597 1091 897 1146 intendere.
963 1089 1118 1158 Quod
1151 1105 1282 1144 vero
1314 1089 1630 1160 episcopum
1663 1088 1844 1143 domui

249 1196 362 1234 sum
394 1179 533 1234 bene
564 1196 686 1234 esse
715 1178 1056 1251 propositum
1094 1187 1278 1232 monet
1307 1177 1598 1249 Apostolus
1622 1178 1670 1242 (I
1705 1179 1841 1232 Tim.

249 1283 328 1332 ιιι,
360 1268 436 1337 4),
475 1268 545 1322 ita
574 1268 906 1340 implendum
929 1267 1180 1332 docebat,
1214 1275 1264 1322 et
1292 1265 1367 1321 ita
1388 1265 1649 1337 implebat
1675 1273 1731 1321 ut
1759 1267 1844 1322 vi-

247 1357 323 1412 ris
354 1355 461 1412 lide
491 1365 542 1412 et
593 1357 922 1412 discretione
971 1356 1361 1427 Opinatissimis
1393 1371 1562 1426 opera
1593 1356 1710 1411 haec
1737 1355 1842 1409 im-

247 1453 600 1516 ponerentur,
637 1446 704 1501 de
737 1445 932 1517 quibus
983 1453 1239 1518 tanquam
1287 1445 1353 1499 de
1393 1444 1575 1515 seipso
1605 1444 1838 1499 conﬁde-

247 1541 350 1600 ret,
383 1535 511 1588 dum
542 1549 602 1590 se
630 1533 1192 1605 irreprehensibiliter
1213 1533 1497 1602 baberent,
1521 1549 1681 1588 secus
1711 1549 1844 1588 vero

247 1631 479 1696 agentes
510 1623 678 1694 (quod
710 1623 928 1695 quidem
959 1622 1049 1676 diu
1080 1622 1246 1678 latere
1276 1637 1383 1677 non
1407 1621 1601 1694 potuit)
1628 1621 1681 1676 in
1713 1637 1845 1677 con-

246 1711 440 1765 tinenti
471 1719 766 1766 moveret.
791 1712 906 1766 Nec
935 1711 1076 1765 enim
1100 1711 1316 1782 privato
1363 1726 1494 1783 erga
1548 1710 1844 1782 quemlibet

245 1815 454 1866 eorum,
511 1799 708 1871 quibus
774 1800 1213 1870 dispensationes
1269 1815 1447 1854 rerum
1512 1799 1914 1886 crediderat,B

247 1902 438 1942 amore
485 1889 806 1954 tenebatur;
857 1904 994 1959 quos
1044 1887 1180 1942 fides
1225 1896 1276 1943 et
1326 1887 1590 1942 industria
1633 1894 1844 1958 poterat

245 1976 652 2041 commendare,
685 1977 1015 2042 assumebat,
1073 1993 1182 2030 non
1211 1991 1348 2052 quos
1379 1976 1586 2048 quaevis
1644 1975 1844 2031 arctior

245 2065 612 2133 necessitudo,
646 2073 699 2120 ut
731 2065 954 2134 assolet,
987 2071 1200 2136 poterat
1230 2065 1492 2119 animare.

815 2210 1039 2265 CAPUT
1093 2209 1242 2263 XIX.

249 2317 508 2383 Qualiter
523 2333 660 2388 pace
678 2318 835 2371 inter
855 2333 1005 2386 rcges
1028 2317 1282 2372 Francus
1313 2319 1368 2370 et
1394 2316 1610 2383 Anglia:
1654 2319 1839 2385 refor-

316 2392 496 2453 mata,
520 2390 614 2443 cui
641 2392 695 2442 et
729 2391 922 2442 noster
953 2389 1101 2457 [iugo
1123 2389 1424 2457 intererat,
1458 2404 1492 2440 τι
1519 2402 1646 2457 rege
1667 2392 1722 2442 et
1739 2403 1839 2441 ar-

315 2458 925 2541 clitoiepiscolionaccepta
954 2456 1206 2541 licentia,
1241 2456 1711 2541 utuqorthus’im‘n
1740 2458 1840 2539 de-

315 2528 610 2594 clinaret;
647 2528 903 2584 Parisius
953 2528 1259 2593 veniendo,
1304 2528 1506 2583 ibidem
1563 2528 1839 2583 Ludovico

317 2602 464 2670 regis
487 2601 741 2656 Francire
769 2600 906 2667 ﬁlio,
964 2603 1018 2654 et
1064 2599 1311 2671 Arthuro
1352 2599 1588 2671 Joannis
1646 2600 1841 2671 nepoti

317 2672 693 2726 saluberrima
726 2675 808 2724 est
844 2671 1064 2726 locutus
1096 2687 1108 2724 :
1142 2673 1196 2724 et
1235 2669 1301 2724 de
1341 2670 1579 2740 quodam
1609 2669 1838 2724 :ibi’oc-

316 2746 587 2797 currente
616 2746 672 2796 et
697 2743 1104 2797 absolutionem
1133 2745 1394 2811 petente,
1428 2756 1592 2811 quem
1622 2743 1687 2795 in
1723 2742 1840 2794 An-

316 2813 435 2884 glia
492 2812 1085 2868 excommunicaverat
1144 2812 1322 2884 multo
1394 2816 1643 2881 tempore
1700 2815 1838 2866 tunc

319 2882 529 2956 elapso.
555 2915 622 2956 5—
645 2886 712 2938 Et
742 2884 841 2956 hoc
859 2886 944 2937 est
971 2883 1144 2956 capit.
1210 2885 1272 2935 l3
1305 2882 1366 2936 in
1425 2884 1567 2956 serie
1619 2899 1840 2952 magna:

326 2954 478 3078 Vitia,
502 2955 604 3009 sub
633 2969 736 3026 quo
763 2955 938 3008 etiam
977 2954 1307 3008 continetur
1345 2955 1664 3025 capitulum
1693 2969 1839 3024 prae-

326 3042 377 3078 :e
420 3041 540 3078 ens.

313 3041 540 3080 cedens.

315 3131 543 3202 Expleto
573 3130 787 3203 quidem
814 3131 926 3200 jam
959 3145 1102 3186 anno
1133 3131 1282 3202 (286)
1314 3139 1434 3202 post
1491 3131 1641 3202 regis
1669 3130 1836 3186 Joan-

245 3221 330 3275 nis
362 3221 767 3276 coronationem
806 3221 874 3275 ad
933 3220 1074 3275 illius
1113 3221 1426 3291 petitionem
1477 3221 1840 3275 transfretavit

245 3309 440 3365 iterum
473 3310 780 3381 episcopus,
815 3317 872 3363 ut
902 3309 1190 3364 interesset
1222 3309 1493 3381 colloquio
1515 3309 1686 3380 ipsius
1717 3325 1838 3365 cum

249 3415 378 3471 rege
410 3399 763 3464 Francorum,
800 3397 855 3452 in
900 3413 1008 3470 quo
1048 3399 1264 3453 demum
1297 3415 1403 3469 pax
1436 3399 1727 3453 reformata
1760 3407 1842 3453 est

246 3487 387 3542 inter
438 3504 554 3542 eos.
606 3487 901 3543 Videbatur
949 3487 1052 3542 sibi
1099 3488 1257 3560 liugo
1296 3496 1424 3542 tunc
1479 3495 1839 3558 opportunum

245 3575 522 3632 invenisse
569 3584 802 3647 tempus,
835 3583 893 3630 ut
937 3575 1157 3631 domum
1198 3576 1454 3631 inviseret
1483 3577 1840 3632 Carthusien-

245 3681 383 3720 sem.
419 3665 657 3720 Licentia
708 3665 874 3738 igitur
904 3681 932 3718 a
982 3680 1113 3736 rege
1147 3672 1197 3720 et
1255 3665 1665 3736 archiepiscopo
1696 3667 1840 3737 apud

245 3762 482 3808 castrum
512 3754 582 3809 de
613 3753 804 3808 Audeli
835 3754 997 3824 petita
1047 3762 1099 3809 et
1156 3764 1381 3826 accepta
1436 3757 1604 3826 (287),
1656 3755 1840 3810 ultima

245 3841 332 3898 die
367 3843 568 3899 Iliensis
603 3843 728 3897 Maii
762 3843 932 3914 (288),
957 3859 1076 3915 qua!
1110 3842 1208 3897 fuit
1252 3842 1384 3898 feria
1417 3853 1607 3916 quarta
1643 3845 1838 3900 Pente-

244 3940 447 3996 costcs,
491 3931 765 4002 proficisci
794 3932 977 4003 coepit.
1038 3932 1276 3986 Parisius
1324 3949 1453 3988 vero
1501 3934 1694 4001 iturus,
1744 3934 1833 3988 di-

245 4022 400 4075 vertit
445 4021 512 4075 ad
556 4021 774 4075 beatum
837 4021 1157 4092 Dionysium
1206 4021 1376 4092 (289).
1422 4022 1613 4077 Vicum
1659 4031 1840 4077 autem

243 4109 570 4165 clericorum
619 4109 768 4164 illum
819 4125 1098 4182 egressus,
1134 4110 1432 4166 innumerae
1481 4111 1530 4166 ei
1585 4127 1838 4166 occurre-

244 4197 371 4252 bant
405 4206 620 4254 turmze.
661 4199 986 4254 Catervatim
1020 4213 1257 4272 namque
1303 4200 1530 4254 ruebant
1587 4200 1654 4255 de
1699 4200 1838 4256 civi-

243 4294 353 4342 tate
399 4288 453 4342 in
492 4287 709 4344 obviam
767 4287 1064 4344 universali
1097 4309 1118 4339 ‹
1175 4288 1484 4344 scholarum
1539 4289 1838 4345 consultori

240 4376 413 4447 (290),
445 4401 466 4425 υ
492 4383 546 4430 ut
566 4377 633 4431 de
653 4375 744 4431 illo
767 4377 981 4449 quidam
1002 4377 1576 4450 versilicatorinsignis
1598 4379 1690 4434 ait.
1715 4379 1840 4435 Uni-

241 4481 530 4522 versarum
557 4482 696 4538 pene
726 4466 1003 4522 nationum
1032 4467 1342 4523 scholastici
1358 4483 1479 4523 cum
1501 4483 1688 4524 coram
1708 4484 1836 4525 cer-

310 4643 455 4710 (286)
505 4645 847 4697 Ecclesiastico
895 4646 1120 4708 forsitan,
1148 4659 1245 4697 non
1288 4647 1516 4698 naturali.
1572 4648 1622 4698 In
1676 4659 1840 4710 regem

239 4714 368 4763 enim
395 4714 607 4763 Joannes
632 4713 836 4764 Londini
887 4718 1144 4764 coronatus
1184 4715 1273 4764 fuit
1317 4727 1444 4764 anno
1491 4715 1637 4772 1109,
1677 4717 1726 4765 in
1763 4714 1843 4764 die

243 4781 557 4830 Ascensionis
581 4781 788 4840 Domini,
830 4794 936 4842 quae
962 4785 1068 4831 erat
1112 4781 1176 4831 27
1204 4781 1334 4838 Maii.
1380 4783 1455 4832 vel
1505 4782 1553 4832 in
1594 4782 1841 4832 Dominica

237 4845 367 4897 infra
394 4851 591 4896 octavas
615 4847 730 4897 dicti
759 4847 888 4907 festi,
916 4847 963 4897 id
988 4852 1082 4908 est,
1109 4849 1192 4905 50.
1209 4849 1326 4899 dicti
1352 4849 1551 4899 mensis.
1576 4851 1637 4900 Et
1663 4865 1689 4894 α
1715 4861 1842 4899 anno

247 4913 395 4973 1200,
432 4914 500 4962 uti
543 4913 714 4963 scribit
760 4914 1030 4972 Trivettus,
1070 4915 1119 4963 in
1159 4915 1454 4965 Ascensione
1497 4917 1707 4976 Domini,
1735 4928 1840 4978 quae

244 4979 536 5030 occurrebat
558 4980 635 5030 die
663 4980 724 5029 18
749 4981 880 5041 Maii,
908 4980 1038 5030 inter
1063 4981 1336 5032 Vernonem
1360 4986 1410 5032 et
1433 4983 1637 5033 insulam
1667 4983 1840 5033 Ande-

244 5045 355 5096 liaci
382 5047 430 5096 in
451 5046 724 5108 sub°cripta
771 5047 923 5096 forma
953 5059 1046 5107 pax
1073 5053 1123 5097 et
1143 5048 1398 5097 concordia
1425 5050 1553 5099 inter
1585 5053 1840 5111 utrumque

243 5125 406 5174 regem
437 5114 746 5163 reformatur.
777 5130 794 5158 υ
832 5114 901 5164 Ita
927 5114 1024 5163 ille.
1055 5114 1232 5164 Verum
1261 5128 1430 5176 pacem
1458 5117 1636 5166 factam
1660 5131 1708 5165 xi
1731 5117 1839 5166 Kal.

240 5178 366 5293 ἱ1)ιιιιὶἱ
514 5180 577 5229 22
602 5180 732 5241 Maii,
763 5192 822 5229 ex
858 5179 1062 5244 llogerio
1087 5181 1238 5230 refert
1261 5182 1536 5244 Reynaldus
1554 5183 1602 5233 in
1629 5183 1838 5246 Annal.,

278 5258 353 5293 aa.
453 5285 465 5293 .

241 5257 353 5308 pag.
382 5248 465 5296 47.

311 5345 455 5407 (287)
482 5349 623 5399 Circa
650 5350 762 5408 hoc,
787 5350 856 5398 uti
883 5363 943 5399 ex
962 5349 1185 5400 Trivetto
1209 5350 1437 5408 vidimus,
1467 5364 1579 5414 pax,
1605 5351 1682 5402 cui
1708 5353 1842 5412 llugo

245 5419 410 5465 noster
454 5415 684 5465 interfuit
714 5455 727 5474 ,
764 5416 978 5474 coaluit,
1027 5421 1076 5467 et
1123 5417 1261 5478 Hugo
1307 5417 1518 5468 obtinuit
1563 5419 1840 5468 facultatem

243 5479 448 5554 adeundi
473 5483 782 5554 Carthusiam
807 5487 857 5534 et
881 5487 1061 5533 caetera
1105 5481 1232 5545 loca,
1257 5483 1318 5534 de
1360 5483 1536 5547 quibus
1561 5485 1616 5535 tit
1664 5486 1844 5535 mentio

248 5548 293 5594 in
320 5548 651 5610 sequentibus.

312 5649 454 5714 (288)
481 5653 795 5702 Pcntecostes
816 5664 873 5701 eo
898 5663 1026 5701 anno
1050 5651 1285 5702 inciderat
1311 5653 1359 5703 in
1384 5652 1448 5701 28
1469 5653 1600 5713 Maii,
1629 5657 1676 5703 et
1703 5654 1841 5705 Feria

249 5722 420 5776 quarta
442 5719 492 5769 in
517 5719 574 5769 3t
609 5717 828 5778 ejusdem
854 5720 1052 5770 mensis.

1873 4549 1928 4611 D

1947 559 2210 628 parabilia
2243 576 2378 634 erga
2426 561 2655 617 clericos
2706 567 3042 634 agnoverant
3097 556 3340 615 exerceri
3371 556 3544 612 bene-

1947 645 2088 701 licia.
2149 647 2367 703 Cunctis
2415 649 2597 721 itaque
2646 648 2956 705 advenienti
2987 649 3040 703 in
3085 646 3303 703 nomine
3329 642 3548 701 Domini

1945 735 2415 806 applaudentibus,
2451 739 2535 792 his
2560 740 2748 794 osculo
2779 746 2830 794 et
2861 737 3096 810 alloquio
3122 780 3134 802 ,
3189 735 3296 790 illis
3326 739 3550 805 aspectu

1947 825 2064 878 solo
2097 841 2220 878 cum
2252 825 2629 882 benedictione
2683 827 2828 881 illius
2867 827 3167 898 glorianter
3220 820 3550 895 perfruenti-

1947 913 2066 978 bus,
2098 929 2129 968 a
2157 914 2432 968 nonnullis
2483 916 2552 970 ad
2599 915 2893 986 hospitium
2924 913 3311 988 urgentissime
3355 909 3548 966 invita-

1951 1002 2126 1056 batur.
2164 1001 2270 1057 Sed
2317 1004 2445 1057 dum
2492 1003 2748 1059 omnibus
2783 1004 2836 1058 in
2867 1005 2970 1060 hoc
2999 1001 3248 1058 satisfieri
3275 1016 3384 1056 non
3413 1015 3548 1072 pos-

1946 1098 2047 1158 set,
2081 1091 2172 1144 uni
2203 1099 2432 1158 tantum,
2467 1092 2556 1164 qui
2590 1092 2800 1163 pridem
2833 1108 2996 1164 prece
3026 1090 3259 1147 sollicita
3289 1089 3393 1144 hoc
3439 1087 3547 1142 im-

1944 1187 2158 1248 petrare
2188 1187 2484 1251 satagerat,
2511 1197 2634 1236 sese
2665 1181 2720 1235 in
2749 1181 2983 1252 hospitio
3014 1194 3121 1236 non
3152 1177 3394 1251 negavit.
3412 1176 3550 1232 Erat

1946 1267 2035 1323 liic
2066 1267 2256 1339 ipsius,
2290 1277 2348 1323 ut
2377 1268 2664 1325 dicebatur
2707 1277 2992 1341 cognatus,
3028 1267 3245 1324 nomine
3275 1267 3549 1339 Raymun-

1943 1355 2081 1422 dus,
2132 1357 2216 1412 vir
2273 1358 2440 1412 multa
2488 1359 2770 1413 honestate
2816 1357 3178 1429 conspicuus,
3226 1354 3294 1409 ab
3341 1355 3462 1426 ipso
3491 1353 3547 1408 in

1943 1445 2265 1502 canonicum
2287 1446 2740 1515 Lincolniensem,
2766 1461 2832 1504 ac
2851 1447 3070 1502 demum
3094 1445 3147 1501 in
3176 1441 3546 1501 archilevitam

1945 1533 2390 1605 Leycestrensem
2430 1543 2731 1607 promotus.

2016 1623 2366 1679 Venitautem
2397 1624 2450 1678 in
2472 1624 2764 1696 hospitium
2792 1623 2938 1679 illius
2959 1623 3198 1679 invisere
3227 1621 3548 1694 episcOpum

1944 1711 2325 1766 illustrissimae
2374 1711 2573 1767 indolis
2617 1711 2977 1777 adolescens,
3033 1711 3184 1784 regis
3213 1711 3548 1766 Francorum

1945 1799 2088 1854 ﬁlius
2133 1807 2186 1855 et
2233 1800 2412 1854 haeres
2444 1800 2778 1866 Ludovicus,
2821 1799 2914 1872 qui
2943 1799 3189 1871 proxime
3217 1798 3368 1869 (291)
3397 1812 3546 1852 sum-

1943 1894 2130 1958 pserat
2187 1886 2243 1942 in
2299 1887 2615 1961 conjugium
2671 1887 2974 1961 Anglorum
3031 1887 3178 1960 regis
3232 1893 3450 1957 neptem
3480 1900 3548 1941 ex
3595 1933 3614 1948 ,

1944 1991 2151 2043 sorore,
2185 1976 2569 2047 Hispaniarum
2597 1976 2850 2033 videlicet
2879 1975 3071 2048 regina
3090 2019 3106 2042 ,
3161 1974 3380 2031 nomine
3407 1974 3548 2030 Can-

1942 2064 2125 2118 didam
2158 2065 2330 2136 (292).
2366 2065 2523 2120 Venit
2546 2073 2725 2120 autem
2749 2081 2936 2120 secum
2957 2080 3130 2136 nepos
3150 2063 3343 2136 privati
3375 2061 3542 2133 regis,

1943 2154 2228 2218 Arlhurus,
2253 2153 2486 2209 Galfridi
2516 2154 2731 2210 comitis
2761 2153 3040 2209 Britonum
3072 2152 3346 2225 quondam
3377 2150 3542 2216 filius,

1940 2249 2068 2298 tunc
2099 2257 2273 2297 annos
2303 2243 2521 2298 circiter
2549 2240 2960 2314 quatuordecim
2991 2249 3167 2296 natus.
3200 2242 3314 2296 Hos
3343 2239 3544 2312 pariter

1942 2330 2256 2401 complexus
2301 2332 2461 2402 Hugo
2508 2331 2631 2402 pius
2676 2331 2872 2402 cuique
2927 2330 3137 2386 illorum
3169 2344 3412 2402 congrua
3438 2326 3546 2382 sibi

1940 2419 2148 2474 monita
2195 2418 2561 2476 saluberrima
2606 2419 2840 2475 dulciter
2885 2419 3198 2474 instillabat.
3231 2414 3543 2472 Ludovicus

1941 2507 2090 2562 vultu
2146 2507 2392 2578 placido,
2451 2525 2571 2580 quae
2600 2507 2948 2576 dicebantur,
2996 2507 3156 2562 avide
3202 2503 3536 2567 intendebat,

1939 2597 2208 2650 Arthurus
2237 2596 2415 2666 (293),
2467 2605 2825 2667 aspernanter
2851 2596 2906 2651 id
2935 2595 3172 2651 maxime
3200 2593 3540 2660 admittebat,

1940 2685 2083 2756 quod
2114 2701 2236 2739 eum
2289 2685 2358 2740 de
2414 2684 2704 2741 dilectione
2732 2692 2783 2740 et
2811 2700 2943 2756 pace
2973 2684 3042 2739 ad
3074 2691 3328 2756 patruum
3358 2695 3539 2748 suum,

1940 2789 2129 2846 regem
2160 2773 2480 2846 Anglorum,
2513 2774 2767 2830 habenda
2813 2772 3161 2829 admonebat.
3195 2772 3402 2828 Interea
3431 2771 3544 2828 Lu-

1941 2861 2166 2918 dovicus
2196 2861 2507 2933 pontificem
2536 2869 2688 2929 orat,
2739 2870 2798 2916 ut
2851 2877 3049 2917 novam
3095 2869 3340 2932 nuptam,
3373 2875 3538 2932 quam

1939 2950 2204 3017 duxerat,
2253 2951 2490 3006 invisere
2537 2951 2874 3024 dignaretur.
2925 2952 2995 3006 At
3040 2949 3132 3005 ille
3171 2949 3409 3022 benigne
3440 2963 3538 3004 an-

1939 3055 2146 3108 nuens,
2205 3039 2317 3094 suis
2373 3041 2605 3111 pedibus
2658 3039 2729 3095 ad
2759 3037 3066 3110 proximum
3095 3038 3247 3112 regis
3277 3037 3540 3109 palatium

1935 3127 2051 3196 ivit,
2083 3127 2338 3184 afﬂictam
2369 3144 2586 3201 quoque
2628 3143 2756 3184 casu
2811 3127 3019 3184 recenti
3076 3125 3539 3183 adolescentulam

1945 3217 2125 3272 verbis
2155 3217 2345 3288 paucis
2374 3217 2429 3272 in
2458 3225 2663 3273 tantum
2693 3215 3017 3274 exhilaravit
3043 3225 3100 3272 ut
3127 3216 3305 3271 statim
3332 3259 3344 3282 ,
3403 3229 3540 3270 moe-

1940 3321 2061 3362 rore
2093 3306 2424 3377 postposito,
2459 3323 2579 3378 qua:
2609 3306 2801 3362 diebus
2848 3305 3051 3378 aliquot
3094 3305 3343 3378 lugubris
3392 3303 3537 3360 ince-

1941 3394 2124 3462 debat,
2147 3395 2216 3450 de
2247 3402 2447 3451 caetero
2475 3403 2529 3450 et
2549 3395 2754 3450 vultum
2785 3402 2836 3450 et
2865 3393 3106 3450 animum
3128 3400 3344 3466 gereret
3375 3392 3538 3448 laetis-

1941 3484 2156 3538 simum.

2014 3574 2140 3628 Post
2160 3573 2295 3638 haec,
2321 3588 2445 3629 cum
2475 3573 2804 3629 Trecensem
2830 3573 2942 3642 jam
2972 3571 3323 3643 praeteriisset
3367 3569 3538 3627 comi-

1941 3669 2127 3731 talum,
2152 3662 2298 3718 venit
2318 3661 2389 3717 ad
2419 3678 2544 3717 eum
2561 3661 2646 3717 vir
2667 3661 2888 3734 quidam
2909 3661 3060 3733 (294)
3079 3675 3213 3716 voce
3234 3657 3537 3716 miserabili

1941 3751 2370 3806 misericordiam
2401 3750 2546 3806 illius
2574 3751 2891 3822 implorans.
2926 3749 3221 3805 Fatebatur
3249 3747 3394 3804 enim
3453 3765 3534 3816 se,

1940 3839 2113 3910 culpis
2145 3839 2257 3894 suis
2287 3839 2631 3912 exigentibus
2653 3881 2668 3908 ,
2702 3836 3276 3896 cxcommunicationis
3318 3845 3540 3893 senten-

1939 3928 2068 3983 tiam
2097 3929 2165 3982 ab
2222 3929 2342 4000 ipso
2399 3929 2680 4000 excepisse
2701 3973 2713 3994 ,
2773 3927 2915 3983 unde
2955 3943 3077 3985 cum
3107 3934 3255 3983 metu
3283 3926 3541 3984 continuo

1940 4013 2119 4071 ﬁnalis
2148 4016 2392 4073 interitus
2422 4017 2633 4073 crebris
2670 4016 2874 4089 jugiter
2899 4015 3206 4072 infortuniis
3249 4014 3540 4088 agebatur.

1941 4104 2232 4160 Sententiae
2289 4120 2456 4161 causa
2512 4105 2611 4160 ista
2665 4105 3021 4162 fuit:Fuerat
3050 4112 3235 4161 custos
3264 4102 3537 4176 quondam

1938 4193 2189 4250 villarum
2240 4193 2452 4249 comitis
2484 4193 2830 4264 Leycestrize,
2883 4209 2992 4265 quo
3022 4199 3267 4264 tempore
3297 4191 3383 4249 fur
3409 4191 3534 4264 qui-

1939 4283 2068 4338 dam
2095 4282 2148 4336 in
2176 4281 2467 4338 ecclesiam
2495 4281 2740 4354 confugit
2769 4282 2929 4348 villae,
2962 4297 3084 4354 qua:
3113 4286 3336 4337 vocatur
3363 4281 3536 4336 Brac-

1939 4371 2131 4439 keleia,
2191 4372 2344 4441 cujus
2403 4371 2522 4442 ipse
2577 4371 2789 4427 villicus
2835 4370 2958 4426 fuit.
2999 4371 3099 4426 Est
3128 4376 3311 4426 autem
3339 4367 3538 4424 fundus

1937 4461 2057 4533 ipse
2086 4461 2141 4516 in
2170 4460 2487 4532 episcopatu
2517 4458 2904 4516 Lincolniensi.
2938 4459 3201 4516 Dominus
3245 4456 3396 4512 fundi
3451 4471 3535 4515 au

2011 4637 2154 4704 (289)
2181 4640 2248 4690 De
2271 4637 2591 4689 celeberrimo
2611 4639 2704 4689 hoc
2732 4637 3034 4688 monasterio
3055 4638 3160 4690 ord.
3189 4639 3244 4688 S.
3289 4635 3542 4690 Benedicti

1941 4707 2219 4757 consulatur
2242 4705 2562 4768 Mabillonius,
2587 4709 2706 4756 tom.
2731 4707 2745 4756 Ι
2774 4705 2974 4767 Annal.,
3002 4717 3116 4769 pag.
3143 4706 3242 4756 3t0
3268 4710 3318 4757 et
3339 4719 3450 4770 seq.

2011 4809 2146 4865 (290)
2184 4809 2302 4872 Cap.
2331 4809 2396 4858 28
2421 4809 2611 4870 integer
2653 4809 2788 4858 cerni
2824 4807 3004 4872 poterit
3046 4821 3234 4871 versus,
3271 4807 3412 4871 cujus
3461 4809 3544 4861 hic

1939 4889 2055 4938 pars
2080 4889 2173 4926 una
2201 4878 2417 4941 ponitur.

2009 4978 2147 5043 (201)
2179 4980 2413 5031 Postridie
2437 4980 2544 5042 ejus
2563 4980 2678 5042 diei,
2706 4993 2797 5042 qua
2833 4990 2925 5042 pax
2956 4979 3082 5029 facta
3107 4979 3234 5031 inter
3278 4991 3434 5043 reges,
3460 4979 3531 5030 uti

1939 5047 2090 5096 refert
2113 5047 2389 5109 lleynaldus
2416 5051 2532 5098 Nota
2563 5047 2704 5112 (286)
2735 5049 2930 5098 citatus.

2010 5147 2151 5213 (292)
2174 5152 2307 5200 Hanc
2330 5151 2411 5201 alii
2449 5151 2696 5210 Blancam,
2738 5150 3044 5210 Blanchiam,
3083 5154 3132 5200 et
3172 5150 3413 5201 Blandum
3440 5163 3540 5200 vo-

1939 5219 2071 5266 cant.
2100 5217 2216 5267 Filia
2243 5219 2333 5267 fuit
2357 5218 2591 5280 Alphonsi
2632 5218 2736 5267 Vill
2779 5218 2908 5280 regis
2931 5218 3155 5268 Castaliae
3193 5230 3252 5268 ex
3280 5218 3545 5274 Eleonora.

1941 5284 2134 5398 ἔθητὶοὶ
2161 5285 2196 5334 ll
2227 5287 2359 5347 regis
2385 5285 2570 5347 Anglia:
2615 5284 2712 5334 tilia
2747 5289 2797 5334 et
2840 5289 2996 5334 mater
3033 5285 3088 5334 S.
3129 5283 3362 5335 Ludovici
3412 5286 3550 5349 regis

1981 5363 2176 5400 raucae.

1941 5519 1969 5569 d
2005 5452 2144 5568 €325)
2169 5454 2282 5504 lure
2309 5454 2440 5505 enim
2465 5457 2670 5518 paterno
2689 5453 2770 5517 jus
2806 5453 2854 5503 in
2879 5454 3065 5516 Anglia
3091 5467 3292 5518 regnum
3329 5458 3552 5520 praeten-

1976 5532 2001 5569 e
2040 5533 2063 5568 τι
2105 5554 2116 5568 .

1976 5532 2116 5569 θοηῐ.

2009 5622 2150 5686 (294)
2180 5623 2378 5672 Robcrti
2428 5623 2622 5672 comitis
2665 5622 2957 5684 Leycestrize
3005 5623 3248 5683 subditus,
3301 5625 3382 5685 qui
3433 5625 3551 5675 olim

1941 5688 2225 5751 deliquerat,
2253 5701 2377 5739 nunc
2404 5689 2761 5752 pmnitentiam,
2787 5690 2903 5740 olim
2930 5695 3168 5754 spretam,
3196 5690 3299 5739 ulto
3319 5690 3546 5753 suscipit.
