3938 6424
403 336 541 392 1079

1274 337 1335 392 S.
1384 333 1699 392 HUGONIS
1738 334 1952 391 EPISC.
1992 332 2316 390 LINCOLN.
2357 332 2521 390 0RD.
2564 331 2813 388 CARTH.

3561 335 3696 388 1080

402 466 511 519 tem
542 459 849 534 praecipuus
880 458 1097 516 habitus
1123 459 1220 516 fuit
1264 459 1321 516 in
1347 460 1558 517 bellicis
1604 460 1801 528 rebus;
1860 461 2072 521 lineaA
2101 458 2459 532 fugiendum,
2512 459 2623 527 jam
2671 456 2942 515 medicum
2999 455 3228 512 credidit
3299 457 3686 528 expetendum.

402 565 535 606 vero
564 548 848 621 sanguinis
876 549 1129 622 generosi
1158 549 1461 620 potioribus
1494 551 1651 624 regni
1680 550 1999 621 proceribus

396 637 749 709 jungebatur.
783 638 921 693 Hinc
950 638 1097 711 regis
1127 636 1315 693 favore
1346 638 1650 705 comitatus,
1682 654 1792 693 non
1822 638 2000 693 minus

404 725 517 782 suis
547 741 706 798 quam
755 726 859 780 sibi
902 726 1159 781 nonnulla
1188 734 1387 797 praeter
1407 727 1498 795 jus
1527 727 1827 798 usurpandi
1856 725 1998 780 fidu-

404 814 547 871 ciam
567 814 890 870 vindicabat.
916 813 1189 871 Ofliciales
1210 815 1390 886 itaque
1410 815 1555 870 illius
1587 823 1778 871 contra
1800 814 2001 870 monita

404 902 701 975 Scriptum
756 902 987 959 dicentis
1047 922 1060 958 :
1122 925 1144 955 ι
1205 904 1330 959 Noli
1385 920 1507 959 esse
1565 904 1789 958 nimium
1823 904 1999 973 justus

404 992 609 1063 (Eccle.
643 1006 755 1058 vn,
789 992 899 1063 17),
928 1012 951 1042 ι
976 992 1031 1047 in
1057 992 1353 1059 hominem,
1384 1000 1719 1064 quaerentem
1737 992 2000 1048 Ecclesiae

403 1079 835 1136 misericordiam
862 1123 875 1147 ,
929 1096 1125 1136 saevam
1158 1089 1474 1137 exercentes
1498 1081 1791 1151 justitiam,
1823 1080 2000 1152 ipsum

402 1168 475 1225 de
522 1168 721 1224 Christi
750 1169 904 1241 asylo
934 1169 1253 1240 productum
1282 1169 1409 1225 dolo
1428 1213 1441 1237 ,
1494 1178 1842 1241 peremerunt
1872 1187 1999 1226 sus-

398 1257 625 1328 pendio.
685 1258 835 1313 Tunc
888 1273 1020 1314 vero
1051 1258 1339 1329 episcopus
1368 1258 1423 1312 in
1453 1258 1831 1313 transmarinis
1863 1275 1999 1332 age-

402 1346 517 1401 bat.
541 1345 696 1402 Unde
725 1361 994 1415 reversus,
1018 1352 1090 1412 et,
1116 1345 1262 1419 quod
1284 1344 1481 1402 factum
1512 1355 1648 1411 erat.
1672 1362 1998 1420 agnoscens,

402 1434 727 1491 sententiam
744 1434 1055 1506 generalem
1084 1434 1141 1489 in
1169 1443 1420 1490 auctores
1451 1435 1815 1506 etcomplices
1843 1436 2002 1506 hujus

402 1521 675 1579 malefacti
728 1522 1112 1595 promulgavit.
1170 1523 1414 1596 Reliquis
1471 1540 1641 1591 vero,
1700 1524 1791 1596 qui
1839 1541 2004 1595 super

402 1610 712 1680 bujusmodi
744 1610 1035 1684 sacrilegio
1062 1611 1411 1677 canteriatam
1433 1612 1699 1683 gerebant
1721 1612 2004 1667 conscien-

402 1699 530 1755 tiam
558 1698 941 1756 ecclesiasticw
969 1698 1246 1754 humiliter
1290 1716 1348 1755 se
1397 1699 1805 1769 subjicientibus
1834 1699 2003 1755 disci-

402 1787 568 1860 plinae
592 1831 605 1853 ,
666 1786 756 1843 hic
813 1786 1200 1842 satisfactionis
1255 1787 1559 1843 abhorrens
1590 1788 2002 1856 districtionem,

404 1876 722 1947 relinquens
748 1875 1020 1946 Angliam,
1052 1875 1119 1931 ad
1152 1874 1434 1931 dominum
1482 1892 1641 1931 suum
1689 1876 2007 1949 confugerat

402 1963 459 2020 in
520 1963 847 2020 Neustriam.
918 1962 1200 2034 Siquidem
1255 1963 1522 2036 compulsi
1573 1971 1727 2019 erant
1782 1960 1869 2018 illi
1915 1964 2008 2036 qui

403 2066 599 2108 necem
652 2050 944 2107 intulerant
999 2050 1265 2123 fugitivo,
1326 2067 1430 2109 nec
1503 2068 1612 2109 non
1670 2060 1723 2108 et
1776 2052 1855 2107 illi
1915 2053 2007 2125 qui

404 2134 714 2213 proditione
758 2134 911 2192 illum
968 2135 1036 2191 de
1093 2136 1261 2207 septis
1292 2136 1542 2193 ecclesiae
1595 2145 2000 2208 protraxerunt,

403 2223 678 2292 omnibus,
708 2224 950 2296 exceptis
981 2222 1355 2293 femoralibus,
1387 2225 1630 2281 vestibus
1674 2225 1839 2297 nudi,
1892 2226 2008 2296 jam

401 2311 767 2386 putrefactum
815 2312 1050 2370 cadaver
1104 2312 1339 2368 hominis
1398 2312 1659 2380 effodere,
1694 2313 2007 2385 feretroque

402 2400 714 2474 impositum
747 2415 780 2456 a
809 2400 1088 2473 suspendii
1115 2400 1272 2468 loco,
1323 2401 1566 2458 humeris
1622 2401 1693 2457 ita
1723 2402 1884 2457 nudis
1904 2444 1918 2471 ,
1951 2402 2007 2457 in

402 2488 593 2547 villam
620 2504 723 2561 per
748 2489 909 2545 unius
958 2488 1074 2545 fere
1125 2489 1360 2545 milliarii
1416 2491 1652 2562 spatium
1698 2498 2002 2562 reportare.

403 2578 489 2636 Ad
516 2578 759 2635 omnium
793 2593 1008 2651 quoque
1037 2578 1223 2633 limina
1252 2578 1608 2635 ecclesiarum
1638 2578 1811 2651 ipsius
1839 2579 1946 2636 vici
1973 2594 2007 2633 a

402 2668 613 2725 cunctis
641 2666 789 2723 illius
818 2666 1042 2739 capituli
1068 2667 1403 2740 presbyteris
1434 2668 1742 2735 verberati,
1773 2668 2006 2725 circum-

402 2756 600 2829 portati
647 2755 896 2828 corporis
925 2756 1170 2812 membra
1195 2798 1209 2823 ,
1252 2756 1367 2826 jam
1394 2756 1682 2828 putredine
1713 2756 2003 2827 tabefacta,

402 2845 642 2919 prOpriis
670 2844 948 2913 manibus,
980 2852 1067 2916 et,
1116 2852 1175 2901 ut
1202 2845 1405 2902 dictum
1433 2852 1536 2916 est,
1570 2845 1730 2901 nudis
1786 2861 2005 2918 semper

405 2933 733 3006 corporibus
780 2933 836 2989 in
882 2934 1253 2990 caemeterium
1297 2934 1575 3003 basilicae,
1623 2935 1767 2990 unde
1823 2935 2003 2991 vivum

407 3023 706 3081 eduxerant
730 3066 744 3090 ,
804 3022 1039 3095 sepelire
1093 3030 1218 3078 sunt
1275 3023 1469 3091 coacti.
1530 3024 1659 3080 Post
1701 3025 1819 3080 haec
1847 3024 2009 3079 nudis

404 3112 634 3185 pedibus
652 3110 986 3168 Lincolniam
1016 3111 1191 3178 adire,
1214 3126 1280 3168 ac
1300 3128 1411 3183 prae
1439 3111 1646 3168 foribus
1665 3112 2005 3186 singularum

2103 546 2277 616 Quem
2308 547 2471 602 etiam
2515 545 2743 601 anhelus
2792 554 2843 600 et
2895 544 3084 611 anxius
3132 545 3349 599 demum
3404 545 3626 610 invenit,
3663 560 3696 598 a

2103 652 2211 707 quo
2244 643 2297 691 et
2350 634 2622 690 medelam
2676 633 2733 688 in
2779 633 3004 689 remotis
3048 634 3226 705 posito
3283 634 3371 688 vix
3431 634 3691 705 percepit,

2101 741 2262 796 quam
2296 724 2351 778 in
2387 724 2557 780 vicino
2586 731 2777 795 sponte
2807 722 3045 777 oblatam
3074 722 3315 793 recipere
3346 722 3690 792 contempsit.

2103 813 2384 884 Subiitque
2407 812 2517 882 jam
2549 812 2703 867 larius
2747 810 3026 882 septennis
3067 810 3339 867 sarcinam
3369 809 3696 881 poenitentia:

2102 902 2195 972 qui
2225 901 2527 956 breviorem
2566 900 2863 970 adimplere
2919 907 3337 970 contempserat.

2173 990 2437 1061 (295)}1ic
2467 992 2658 1045 autem
2681 991 2743 1044 in
2764 989 2963 1060 Magna
2999 989 3118 1044 Vita
3148 989 3425 1044 inseritur
3449 988 3697 1061 peregri-

2100 1080 2259 1135 natio
2280 1095 2448 1151 quam
2464 1079 2605 1149 fecit
2623 1080 2774 1148 Hugo
2795 1081 2987 1134 noster
3014 1077 3085 1132 ad
3116 1078 3175 1131 Β.
3209 1078 3539 1141 Antonium,
3566 1093 3696 1132 cum

2101 1168 2513 1223 miraculorum
2536 1166 2795 1239 plurium
2819 1166 3067 1238 ejusdem
3088 1166 3146 1220 Β.
3171 1165 3403 1221 Antonii
3425 1169 3579 1221 recta
3613 1180 3696 1219 re-

2102 1257 2395 1312 citatione.
2424 1255 2574 1323 Quod
2597 1258 2781 1311 totum
2797 1270 2899 1327 pro
2922 1254 3160 1309 vitanda
3178 1254 3536 1324 digressionis
3555 1268 3694 1325 pro-

2108 1344 2338 1400 lixitate
2366 1343 2928 1415 praetermittendum
2949 1346 3212 1398 censetur
3231 1342 3302 1396 ad
3314 1358 3582 1415 praesens.

2704 1485 2928 1541 CAPUT
2956 1484 3082 1539 XX.

2103 1593 2177 1647 De
2212 1590 2461 1647 adventu
2488 1591 2648 1646 illius
2676 1595 2731 1647 et
2765 1594 2994 1661 receptu
3022 1590 3181 1663 apud,
3225 1590 3693 1663 Gratianopolim,

2176 1666 2231 1717 et
2267 1663 2645 1726 Carthusiam,
2667 1665 2722 1717 et
2744 1662 2993 1733 qualiter
3010 1661 3069 1716 se
3084 1663 3147 1716 in
3168 1661 3301 1717 locis
3318 1662 3433 1715 illis
3449 1661 3693 1733 gerebat.

2176 1735 2254 1788 De
2270 1735 2430 1803 pacis
2448 1748 2551 1803 per
2569 1732 2763 1803 ipsum
2777 1732 3182 1803 reformatione
3203 1733 3361 1787 inter
3380 1732 3699 1803 episcopum

2033 1823 2086 1884 Β
2180 1808 2237 1859 et
2257 1800 2546 1858 consulem
2573 1800 2937 1884 {Benene-uses.
2969 1807 3025 1858 et
3054 1803 3365 1884 qualitera
3396 1800 3700 1884 Cartli‘usia

2174 1889 2500 1945 recessurus
2557 1873 2623 1928 de
2652 1874 2934 1945 reliquiis
2967 1873 3319 1929 ordinauerit
3356 1889 3389 1928 a
3420 1887 3476 1927 se
3508 1876 3564 1927 et
3592 1887 3691 1928 suo

2178 1944 2452 2000 monacho
2491 1944 2818 2016 exquisitis.

2180 2048 2391 2105 Debitis
2421 2065 2555 2122 ergo
2582 2049 2723 2105 votis
2753 2057 2983 2121 patrono
3026 2055 3177 2104 tanto
3208 2049 3288 2119 (S.
3314 2049 3571 2119 Antonio)
3602 2065 3697 2105 so—

2108 2137 2253 2205 lutis,
2279 2154 2403 2195 cum
2434 2146 2487 2193 et
2517 2138 2909 2193 xenodochium
2947 2138 3117 2209 ipsius
3165 2138 3269 2193 loci
3299 2138 3448 2209 (296)
3479 2138 3697 2192 visitas-

2110 2234 2210 2296 set,
2246 2234 2298 2282 et
2327 2226 2384 2281 in
2432 2226 2624 2281 solatia
2681 2227 2989 2282 victualium
3044 2227 3334 2296 pecuniam
3381 2227 3699 2282 custodibus

2107 2314 2297 2388 largiri
2324 2315 2678 2388 przecepisset
2706 2314 2952 2388 (grandis
2979 2315 3178 2387 quippe
3208 2314 3461 2369 debilium
3508 2315 3699 2370 multi-

2107 2404 2257 2470 tudo,
2291 2420 2426 2477 quos
2455 2412 2579 2459 ante
2611 2403 2947 2460 curationem
2968 2404 3191 2458 morbus
3242 2404 3406 2459 variis
3437 2405 3700 2461 membris

2106 2492 2355 2564 privavit,
2388 2492 2589 2548 ibidem
2641 2491 2909 2562 consistit)
2941 2491 3374 2563 Gratianopolim
3397 2494 3545 2562 (297)
3576 2509 3701 2565 pro-

2106 2579 2279 2637 ﬁcisci
2335 2580 2582 2636 instituit.
2622 2580 2754 2636 Inde
2810 2595 3046 2652 namque
3091 2581 3162 2635 ad
3202 2581 3542 2636 Carthusiam
3596 2598 3699 2654 per

2108 2669 2274 2725 ardua
2303 2670 2569 2725 montium
2600 2677 2652 2724 et
2681 2685 2872 2740 aspera
2900 2668 3112 2740 rupium
3151 2669 3255 2724 iter
3311 2670 3612 2741 expeditius
3643 2679 3697 2726 et

2107 2758 2352 2814 locorum
2385 2765 2575 2813 natura
2604 2766 2656 2812 et
2703 2758 3122 2813 commeantium
3182 2756 3484 2829 frequentia
3537 2767 3700 2830 pate-

2108 2847 2250 2903 fecit.
2277 2847 2441 2917 Cujus
2466 2848 2575 2919 jam
2595 2846 2882 2915 adventus,
2914 2862 3040 2901 mox
3070 2853 3128 2900 ut
3178 2846 3699 2918 Gratianopolitanis

2108 2936 2356 3003 innotuit,
2387 2935 2628 2991 universi
2645 2935 2849 3007 pariter
2868 2934 3081 2991 obviam
3116 2944 3277 2990 ruunt
3321 2935 3435 2991 viro
3476 2937 3546 2991 ad
3575 2952 3700 2992 mo—

2106 3024 2236 3079 dum
2257 3024 2556 3079 venerabili
2581 3032 2738 3079 extra
2761 3023 2913 3078 urbis
2934 3024 3156 3089 mmnia,
3184 3040 3248 3080 ac
3270 3033 3580 3095 susceptum
3599 3041 3703 3096 per

2109 3113 2301 3167 urbem
2333 3112 2570 3166 mediam
2602 3112 2824 3167 floribus
2853 3120 2903 3167 et
2932 3112 3113 3183 palliis
3146 3113 3491 3183 holosericis,
3514 3114 3703 3169 vario-

407 3182 571 3257 tanta:
601 3199 832 3256 civitatis
866 3199 1216 3257 ecclesiarum
1247 3182 1419 3256 latera
1448 3200 1681 3273 ﬂagellis
1712 3182 2006 3272 eiponere,
2030 3182 2078 3244 Ο
2110 3218 2215 3273 que
2248 3201 2451 3258 decore
2482 3201 2551 3256 ob
2572 3200 2690 3270 ejus
2719 3182 3084 3256 reverentiam
3118 3201 3431 3272 specialiter
3447 3182 3497 3257 et
3515 3203 3704 3273 splen-

410 3296 465 3346 et
493 3288 579 3344 his
608 3288 823 3355 similia,
855 3288 1077 3347 hiemali
1104 3289 1409 3361 praesertim
1456 3297 1719 3361 tempore,
1766 3290 1838 3345 ad
1867 3289 2005 3345 tole-

408 3377 641 3437 randum
671 3377 804 3435 satis
836 3393 1037 3451 aspera
1060 3378 1196 3449 jussi
1222 3385 1348 3433 sunt
1383 3378 1649 3450 perferre.

483 3468 611 3524 Haec
638 3466 761 3536 iste,
791 3467 860 3523 de
909 3484 1019 3545 quo
1040 3467 1237 3540 agitur,
1269 3483 1393 3524 cum
1424 3484 1566 3523 unus
1594 3474 1742 3522 esset
1771 3482 1835 3522 ex
1880 3466 2003 3533 illis,

408 3556 555 3614 ferre
600 3571 710 3613 non
763 3557 1072 3624 sustinens,
1131 3556 1385 3630 Angliam
1439 3555 1627 3611 maluit
1656 3555 1805 3611 exire
1844 3570 2007 3628 quam

408 3645 603 3719 Anglis
660 3662 727 3701 ex
784 3645 1060 3717 condigna
1087 3645 1406 3717 paenitentia
1432 3644 1695 3719 gaudium
1725 3643 2004 3699 exhibere.

410 3735 680 3791 Caeterum
706 3733 893 3806 (sicut)
917 3734 1068 3804 juxta
1098 3733 1419 3790 sententiam
1467 3733 1612 3788 beati
1658 3732 1761 3788 Job
1796 3747 1808 3786 :
1845 3755 1865 3780 α
1904 3731 2017 3811 Qui

408 3821 561 3879 timet
588 3823 863 3894 pruinam,
895 3821 1064 3878 irruet
1093 3837 1262 3893 super
1290 3838 1411 3877 eum
1446 3821 1538 3876 nix
1568 3822 1703 3892 (Job.
1728 3837 1806 3889 Vl,
1841 3824 1950 3892 16),
1982 3842 2003 3871 ι

408 3918 464 3967 et
491 3926 637 3982 saape
665 3910 1001 3982 periclitatur
1024 3911 1216 3967 morbo
1243 3953 1255 3977 ,
1309 3911 1401 3982 qui
1447 3926 1557 3966 non
1587 3911 1787 3982 patitur
1813 3926 2008 3981 aspere

408 3998 630 4055 tractari
659 4015 693 4054 a
721 3998 934 4055 medico
954 4041 969 4065 ,
999 3999 1123 4055 huic
1142 4014 1252 4055 non
1273 3998 1608 4055 dissimiliter
1630 4015 1695 4055 ex
1716 4015 1815 4054 suo
1845 3998 2010 4055 cessit

409 4086 656 4145 consilio.
709 4087 815 4157 Qui
861 4087 1005 4144 enim
1036 4095 1219 4144 reatus
1275 4088 1359 4144 sui
1416 4088 1583 4144 noluit
1613 4088 2008 4145 correctionem

410 4175 697 4244 sustinere,
732 4177 860 4233 dum
890 4177 1068 4234 adhuc
1095 4184 1260 4234 status
1310 4177 1393 4232 sui
1440 4177 1802 4249 integritatem
1839 4177 2009 4248 potuit

407 4263 665 4332 retinere,
688 4265 1071 4339 ingruentibus
1092 4266 1220 4323 hinc
1248 4266 1375 4322 inde
1406 4282 1573 4337 super
1601 4281 1726 4321 eum
1757 4265 2008 4321 adversi-

406 4360 577 4410 tatum
596 4354 872 4427 procellis,
896 4371 962 4411 eo
986 4372 1157 4429 usque
1178 4356 1394 4411 damnis
1414 4354 1639 4411 affectus
1667 4362 1750 4410 est
1770 4361 1824 4410 et
1844 4353 2008 4410 variis

404 4442 800 4513 incommodis,
836 4451 929 4510 ut,
976 4444 1116 4501 sicut
1143 4444 1440 4509 asserebat,
1473 4444 1699 4515 taederet
1728 4458 1852 4499 eum
1884 4442 2008 4498 vita

2107 3289 2287 3345 didius
2315 3297 2581 3356 ornatam,
2612 3306 2787 3362 usque
2843 3290 2911 3344 ad
2962 3290 3018 3345 S.
3064 3291 3286 3346 Joannis
3324 3291 3571 3361 Baptistae
3600 3307 3700 3348 ec—

2109 3378 2330 3433 clesiam
2363 3377 2733 3434 cathedralem
2758 3394 2882 3434 cum
2912 3378 3138 3434 canticis
3167 3378 3362 3435 laetitiae
3391 3388 3441 3435 et
3472 3380 3702 3435 solemni

2108 3467 2382 3523 deducunt
2436 3467 2809 3537 processione.
2856 3467 2985 3522 Erat
3028 3475 3208 3523 autem
3258 3468 3527 3523 natalitius
3582 3470 3721 3539 dies‘

2108 3556 2351 3624 ejusdem
2384 3556 2552 3627 (298),
2604 3564 2729 3627 post
2785 3556 3003 3612 unicam
3051 3557 3241 3612 mundi
3278 3556 3552 3612 dominam
3603 3558 3699 3613 Dei

2108 3644 2461 3711 Genitricem,
2495 3652 2606 3699 tam
2639 3645 2846 3700 ordinis
2890 3645 3290 3700 Carthusiensis
3322 3662 3481 3718 quam
3509 3649 3696 3718 etepi-

2109 3733 2259 3804 sc0pi
2281 3733 2471 3803 nostri,
2505 3733 2755 3804 specialis
2787 3734 3055 3799 advocati,
3076 3735 3435 3805 praecursoris
3460 3736 3695 3791 Domini.

2108 3820 2215 3877 Ubi
2241 3821 2460 3876 missam
2489 3822 2761 3891 majorem
2790 3822 3025 3877 maxima
3054 3838 3178 3878 cum
3224 3823 3510 3879 devotione
3540 3824 3700 3896 Hugo

2108 3909 2420 3976 celebravit,
2463 3918 2513 3966 et
2550 3918 2675 3982 post
2730 3910 3091 3981 Evangelium
3136 3927 3443 3967 sermonem
3474 3910 3596 3968 fecit
3627 3913 3697 3967 ad

2106 3999 2367 4070 pepulum
2395 3999 2545 4054 mine.
2585 3999 2863 4056 suavitatis
2903 4008 3123 4055 nectare
3163 4000 3458 4056 conditum.
3502 4001 3699 4071 Sicque

2108 4088 2438 4159 geminatam
2468 4087 2730 4153 laetitiam,
2762 4096 2815 4144 et
2859 4103 3054 4144 annuae
3096 4088 3475 4155 solemnitatis,
3510 4098 3562 4144 et
3582 4090 3700 4160 pri-

2107 4192 2209 4230 maa
2238 4184 2359 4247 post
2381 4176 2743 4247 episcOpatum
2774 4176 3097 4232 visitationis
3123 4193 3256 4242 suae,
3290 4177 3499 4233 civibus
3520 4194 3698 4250 quon-

2108 4265 2232 4320 dam
2263 4273 2314 4319 et
2335 4264 2590 4319 fratribus
2620 4266 2733 4320 suis
2763 4264 3001 4320 salubris
3032 4264 3255 4337 alloquii
3302 4266 3474 4339 gratia
3505 4283 3697 4321 cumu-

2107 4353 2254 4419 lavit,
2289 4360 2343 4407 ut
2372 4369 2515 4424 pane
2547 4354 2908 4425 lacrymarum
2940 4354 3149 4410 cibaret
3179 4370 3293 4421 eos,
3330 4355 3468 4409 dans
3497 4355 3576 4410 eis
3595 4371 3701 4426 po-

2109 4449 2221 4496 tum
2250 4442 2307 4496 in
2336 4442 2616 4513 lacrymis,
2666 4443 2764 4497 sed
2789 4442 2845 4496 in
2890 4458 3149 4497 mensura
3183 4443 3360 4515 (Psal.
3396 4458 3586 4503 nxxx,
3620 4446 3695 4511 6).

405 4548 537 4588 suae.
570 4532 787 4588 Domini
817 4549 1034 4605 quoque
1065 4533 1168 4601 sui,
1194 4533 1280 4589 cui
1307 4541 1568 4604 przestare
1590 4531 1912 4604 obsequium
1943 4547 2001 4585 se
2025 4554 2075 4615 D
2107 4531 2278 4585 Tanta
2309 4531 2542 4602 denique
2573 4547 2696 4586 cum
2744 4531 3058 4595 humilitate,
3080 4532 3280 4602 talique
3319 4549 3382 4586 ex
3412 4532 3701 4586 devotione

403 4620 700 4676 arbitratus
729 4629 845 4688 est,
893 4622 1021 4677 dum
1070 4630 1254 4679 contra
1311 4622 1630 4693 episc0pum
1660 4619 2001 4676 recalcitrare

403 4709 557 4764 nisus
586 4717 701 4780 est,
752 4709 889 4765 adeo
936 4711 1167 4784 gratiam
1212 4711 1316 4765 sibi
1361 4716 1608 4765 senserat
1649 4725 1715 4764 ex
1749 4710 1855 4765 hoc
1881 4708 2001 4779 ipso

397 4798 668 4855 sublatam
687 4841 701 4864 ,
734 4807 792 4855 ut
820 4815 943 4854 eum
972 4799 1025 4853 in
1058 4815 1158 4854 suo
1206 4814 1308 4854 nec
1338 4798 1604 4869 obsequio
1635 4798 1839 4853 sineret
1868 4813 1999 4867 per-

400 4903 657 4951 manere.
707 4904 809 4943 nec
865 4887 919 4941 in
968 4903 1068 4942 suo
1121 4895 1347 4959 aspectu
1408 4887 1639 4941 libenter
1686 4902 1807 4941 eum
1837 4885 2000 4940 vellet

399 4992 684 5048 apparere.
717 4975 821 5044 Qui
852 4992 1109 5033 reversus
1139 4976 1359 5032 tandem
1390 4976 1445 5030 in
1489 4992 1567 5043 se,
1596 4992 1757 5047 quem
1788 4975 1999 5030 censuit

466 5152 612 5219 (295)
633 5154 823 5206 Omittit
866 5154 1178 5206 abbreviator
1212 5157 1450 5218 qundam,
1488 5168 1595 5217 quae
1630 5156 1673 5206 si
1709 5155 1990 5217 addidisset,

2106 4618 2365 4692 suffragia
2397 4619 2704 4674 orationum
2734 4620 2802 4673 ab
2843 4619 3113 4675 universis
3162 4620 3401 4691 expetiit,
3437 4619 3704 4692 exiguita-

2103 4716 2209 4762 tem
2233 4709 2313 4762 sui
2347 4716 2399 4762 et
2437 4707 2811 4780 indignitatem
2872 4723 3237 4780 exaggerans,
3272 4726 3431 4780 quem
3463 4724 3698 4777 superna

2100 4796 2344 4868 dignatio
2375 4797 2443 4852 de
2474 4805 2711 4852 stercore
2740 4797 3004 4852 elevatum
3027 4797 3351 4853 collocasset
3373 4798 3424 4851 in
3456 4796 3693 4863 sublimi,

2100 4892 2158 4940 ut
2187 4886 2256 4939 ab
2286 4886 2459 4941 oculis
2508 4886 2749 4940 omnium
2778 4886 2954 4940 exitus
3000 4901 3265 4957 aquarum
3296 4886 3591 4942 educerent
3611 4885 3697 4940 la-

2100 4974 2302 5044 crymis
2331 4973 2654 5029 distillantes
2683 4974 2825 5030 oculi
2857 4974 2960 5030 sui.

2094 5153 2213 5203 cella
2241 5165 2347 5202 cum
2376 5152 2609 5215 adjuncto
2650 5154 2983 5217 Xenodochio,
3012 5154 3300 5219 recipiendis
3338 5155 3543 5204 Antonio
3590 5154 3703 5216 igne

396 5220 536 5272 labor
558 5233 654 5272 non
679 5221 851 5272 fuisset
875 5221 1036 5273 inanis
1059 5222 1121 5273 ob
1161 5223 1520 5286 antiquitatem,
1567 5222 1776 5273 maxime
1811 5222 1851 5272 si
1878 5223 1991 5272 talia
2091 5219 2428 5270 laborantibus
2456 5221 2665 5271 infirmis
2689 5222 2941 5284 deputato.
2971 5238 2990 5268 ι

396 5287 558 5340 forent
580 5288 909 5339 Bollandianis
930 5289 978 5338 in
1004 5289 1113 5340 Vita
1137 5291 1190 5340 S.
1213 5290 1409 5340 Antonii
1433 5291 1699 5353 incognita.

465 5372 603 5434 (296)
652 5387 672 5419 ι
699 5373 811 5423 Hzec
845 5376 919 5423 est
962 5374 1016 5423 S.
1070 5374 1266 5425 Antonii
1314 5374 1522 5424 ecclesia
1564 5375 1624 5425 de
1676 5377 1804 5425 mota
1842 5386 1991 5437 prope

394 5438 631 5490 Viennam
660 5439 829 5501 (verba
860 5442 972 5490 sunt
994 5440 1258 5491 Mabillonii
1300 5444 1420 5491 tom.
1446 5442 1485 5490 V
1524 5442 1700 5492 annal.
1721 5441 1903 5490 Bened.
1934 5455 1979 5503 p.

394 5505 515 5568 569)
543 5505 600 5557 ad
624 5518 769 5568 quam
796 5508 957 5571 magni
978 5507 1104 5558 illius
1137 5509 1187 5558 S.
1236 5509 1437 5559 Antonii
1475 5520 1666 5571 corpus,
1703 5508 1881 5557 saeculo
1919 5522 1988 5566 xi,

393 5572 683 5625 translatum
712 5573 928 5637 tradunt,
955 5575 1035 5626 ubi
1061 5578 1224 5626 erecta
1249 5588 1276 5624 a
1302 5574 1477 5626 Montis
1511 5574 1709 5635 Maioris
1739 5576 1992 5626 monachis

2163 5300 2304 5359 (297)
2331 5299 2482 5360 Vulgo
2504 5300 2763 5361 Grenoblc,
2788 5301 3103 5362 Delphinatus
3122 5302 3235 5350 urbs
3253 5300 3508 5362 primaria,
3537 5300 3582 5349 in
3607 5314 3701 5354 una

2093 5368 2239 5416 sedes
2266 5367 2553 5430 episcopalis
2577 5380 2589 5427 ;
2619 5367 2668 5416 in
2696 5380 2789 5428 qua
2817 5372 2925 5429 post
2946 5372 3167 5417 sanctum
3204 5369 3455 5427 nugonem
3478 5379 3565 5416 sex
3615 5367 3698 5416 alii

2099 5440 2443 5484 successerunt
2468 5445 2526 5482 ex
2550 5433 2722 5483 ordine
2746 5435 3079 5484 Carthusiensi
3105 5435 3358 5497 assumpti.

2162 5512 2303 5575 (298)
2333 5512 2421 5574 Qui
2441 5512 2505 5561 24
2535 5512 2662 5562 Junii
2688 5524 2845 5562 annue
2884 5514 3110 5574 recurrit,
3139 5525 3232 5574 quo
3254 5518 3304 5563 et
3329 5514 3380 5563 S.
3408 5514 3545 5575 Hugo
3569 5511 3683 5561 illuc

2093 5582 2177 5630 aut
2200 5579 2490 5642 praecedenti
2517 5579 2594 5630 die
2620 5579 2774 5640 venit,
2804 5579 3066 5629 honoriﬁce
3093 5582 3324 5642 receptus
