3938 6408
184 345 317 398 1081
1568 343 1749 400 VITA.

1884 342 2012 399 LIB.
2047 344 2111 398 V.
3359 344 3496 400 1082

256 466 562 539 Baptizavit
615 482 832 540 quoque
860 467 979 539 ipsa
1009 468 1098 524 die
1144 483 1374 540 puerum
1416 468 1530 537 jam
1578 474 1801 538 septen-
1822 469 1875 531 Α
1977 466 2276 524 Veniebant
2302 468 2432 526 illuc
2460 469 2638 543 gratia
2665 468 2917 526 visitandi
2944 480 3070 526 cum
3098 467 3343 542 episcopi
3369 484 3508 525 non-

185 572 316 611 nem
344 556 517 627 (299),
550 556 719 611 filium
767 556 953 611 militis
1002 557 1367 612 strenuissimi
1413 556 1680 617 Willelmi
1727 556 1798 611 de
1896 555 2048 623 nulli,
2079 557 2263 613 clerici
2295 574 2513 630 quoque
2543 566 2596 613 et
2623 558 2746 613 laici
2787 575 2948 630 quam
2994 558 3211 630 plurimi
3240 573 3509 629 pauperes

178 644 396 701 Avalim
424 644 607 700 fratris
664 645 766 711 sui,
819 662 982 717 quem
1032 645 1100 701 de
1148 646 1318 701 sacris
1363 645 1603 700 fontibus
1649 661 1795 716 prte-
1893 643 1951 699 in
2000 644 2179 701 vicina
2234 654 2644 702 commanentes
2708 647 2987 717 parochia,
3036 646 3195 718 quasi
3259 646 3329 701 ad
3377 646 3503 703 olim

179 733 265 788 sul
313 735 466 805 (300)
512 733 1049 806 Gratianopolitanus
1103 735 1360 806 suscepit.
1413 735 1659 806 Cumque
1688 749 1793 805 pa-

179 829 333 876 truus
374 822 548 893 ipsius
587 824 744 894 pueri
783 823 1136 878 vehementer
1177 823 1421 890 instaret,
1472 832 1531 878 ut
1575 823 1795 879 nomine

178 925 300 976 suo,
338 911 485 983 quod
515 918 634 967 erat
666 912 878 977 Petrus,
912 910 1101 966 vocari
1129 911 1425 977 debuisset,
1459 919 1794 984 suggerente

175 998 527 1069 praesentium
554 999 841 1070 scriptore,
875 998 1155 1070 respondit
1184 999 1234 1055 ei
1263 1000 1424 1071 Hugo
1457 1017 1471 1053 :
1509 1020 1530 1050 ι
1565 1001 1791 1071 Nequa-

177 1102 361 1158 quam,
396 1087 492 1143 sed
521 1087 806 1144 vocabitur
830 1087 1072 1143 Joannes
1097 1107 1110 1154 ;
1142 1087 1466 1159 praajudicat
1495 1088 1639 1143 enim
1669 1087 1789 1153 tibi,

180 1181 233 1230 et
262 1174 367 1231 loci
396 1182 450 1230 et
479 1174 588 1230 diei
617 1175 908 1246 praesentis
935 1183 1218 1248 patronus.
1262 1175 1582 1249 Peregimus
1611 1184 1791 1232 autem

178 1271 341 1320 tantae
371 1262 729 1321 solemnitatis
759 1265 907 1320 diem
948 1280 1070 1321 cum
1116 1265 1362 1334 ejusdem
1410 1264 1640 1321 civitatis
1670 1265 1791 1336 epi-

180 1366 366 1423 scopo,
400 1367 429 1406 a
481 1367 590 1424 quo
638 1359 748 1407 tam
811 1352 1101 1424 splendide
1152 1352 1310 1409 nobis
1357 1352 1596 1408 exhibita
1643 1360 1788 1422 sunt,

179 1456 516 1513 quaecunque
535 1441 659 1510 jura
688 1441 906 1512 hospitii
958 1441 1271 1514 exigebant,
1305 1448 1363 1496 ut
1410 1441 1625 1497 videtur
1668 1457 1791 1497 mo-

176 1529 279 1583 dus
306 1528 425 1600 ipse
454 1530 721 1585 excedere
751 1530 993 1585 modum.
1018 1531 1240 1588 Diceres
1272 1538 1399 1587 tunc
1426 1530 1790 1601 dapsilitatem

175 1617 621 1689 Burgundionum
653 1618 830 1689 ipsum
875 1633 1091 1691 quoque
1132 1618 1329 1674 vicisse
1358 1618 1539 1674 luxum
1573 1618 1792 1674 eﬂ'usio-

178 1705 261 1760 nis
290 1704 666 1778 Anglicorum.
709 1728 731 1756 ι

1895 733 2319 802 conclamatum,
2354 744 2407 790 et
2453 737 2568 803 jam
2615 736 2919 791 redivivum
2971 734 3362 806 propriumque
3399 750 3504 806 pa-

1897 828 2113 876 rentum
2144 823 2491 879 confluebant
2520 824 2768 879 certatim
2797 825 2862 878 ad
2894 839 3040 879 eum.
3094 822 3246 892 Quos
3274 822 3366 878 ille
3395 838 3505 879 non

1893 908 2089 980 impari
2118 909 2317 967 affectu
2345 911 2661 983 complexus
2707 920 2760 967 et
2806 912 3152 979 deosculans,
3202 910 3503 967 amicabili-

1894 1004 1979 1052 ter
2007 1007 2405 1071 cognoscentes
2446 1016 2506 1056 se
2552 1001 3007 1073 recognoscebat.
3056 1000 3192 1055 Cum
3221 999 3417 1071 quibus
3448 1006 3503 1054 et

1892 1084 2175 1141 familiaria
2232 1088 2471 1144 miscens
2501 1088 2788 1160 colloquia,
2821 1105 2883 1144 se
2909 1088 3133 1160 parvulo
3162 1087 3241 1143 illi
3269 1087 3500 1144 doceba‘t

1893 1181 1946 1229 et
1974 1173 2129 1230 factis
2156 1183 2209 1231 et
2236 1176 2440 1242 verbis,
2483 1176 2845 1243 consimilem,
2892 1193 3056 1249 quem
3099 1176 3363 1249 magister
3389 1174 3499 1231 mi—

1893 1262 1959 1317 tis
1987 1270 2041 1318 et
2080 1264 2298 1318 humilis
2341 1264 2455 1320 suis
2495 1266 2778 1336 proposuit
2824 1265 2877 1319 in
2931 1264 3233 1338 Evangelia
3278 1264 3500 1319 imitan-

1891 1350 2020 1405 dum
2048 1352 2351 1423 discipulis.
2384 1353 2709 1409 Cumulabat
2733 1369 2865 1410 vero
2897 1353 3231 1409 aﬁ‘abilitatis
3263 1353 3499 1425 gratiam

1890 1454 2086 1494 manus
2119 1456 2344 1497 munere
2373 1456 2481 1497 non
2530 1457 2714 1513 parca,
2747 1442 2876 1514 quia
2917 1441 3140 1515 vigebat
3168 1441 3225 1496 in
3253 1457 3318 1496 eo
3347 1439 3498 1511 pari-

1891 1534 1987 1593 ter,
2022 1535 2075 1582 et
2105 1528 2291 1601 lingua
2321 1530 2594 1596 eucharis,
2627 1538 2678 1585 et
2726 1530 2947 1586 dextera
2989 1528 3254 1585 liberalis.
3304 1529 3501 1584 Mansit

1890 1630 2107 1687 quoque
2154 1617 2299 1687 apud
2364 1617 2696 1688 inferiorem,
2741 1618 2834 1673 ubi
2897 1618 3149 1674 conversi
3181 1626 3495 1686 morantur,

1887 1704 2276 1760 habitationem
2304 1705 2495 1761 diebus
2523 1706 2747 1778 aliquot,
2797 1714 2856 1762 ut
2880 1706 3032 1778 ipsos
3074 1706 3238 1762 etiam
3278 1706 3497 1762 satiaret

240 1793 374 1850 Inde
405 1810 619 1849 summo
651 1796 977 1865 (301)mane
1011 1795 1290 1867 sequentis
1324 1794 1857 1883 diluculitenden-B
1888 1791 1959 1846 ab
1989 1791 2247 1847 uberibus
2288 1794 2680 1850 consolationis
2730 1811 2863 1864 suae,
2896 1803 2949 1849 et
2992 1794 3232 1851 vicissim
3283 1794 3401 1866 ipse
3430 1811 3496 1851 ex

173 1880 314 1936 tibus
343 1882 502 1938 nobis
532 1883 894 1950 Carthusiam,
926 1884 1197 1953 majorem
1243 1900 1385 1955 pene
1414 1882 1620 1938 itineris
1648 1899 1782 1954 par-

171 1977 280 2025 tem
310 1970 542 2042 pedibus
570 1970 844 2028 conticere
875 1972 1236 2045 cogebantur,
1289 1987 1429 2044 quos
1457 1972 1583 2044 equi
1611 1973 1779 2028 vehe-

167 2058 317 2113 bant.
350 2061 629 2115 Ascensus
660 2059 805 2115 enim
835 2061 1122 2117 continuos
1171 2077 1269 2131 per
1318 2061 1491 2116 ardua
1544 2069 1598 2116 et
1644 2076 1783 2117 con-

166 2146 394 2219 fragosa
421 2148 621 2203 montis
648 2149 822 2204 latera
870 2150 997 2221 equi
1042 2164 1262 2204 sessore
1312 2149 1465 2205 vacui
1494 2149 1582 2206 vix
1613 2150 1782 2220 expli-

168 2235 406 2302 cabant;
456 2237 734 2292 burdones
797 2246 977 2292 autem
1037 2237 1113 2293 vel
1160 2236 1301 2293 asini
1369 2238 1512 2293 hunc
1559 2237 1783 2294 liberius

163 2332 451 2395 permeant
481 2325 696 2381 callem.
730 2326 1037 2397 Episcopus
1076 2327 1261 2391 etiam,
1316 2326 1652 2382 neccesitate
1682 2342 1781 2382 co-

164 2420 349 2485 gente,
397 2428 698 2469 conversus
744 2413 800 2468 in
866 2414 1130 2486 peditem,
1191 2414 1359 2469 nimio
1404 2414 1532 2470 licet
1581 2415 1781 2471 sudore

165 2502 466 2557 lacesceret
495 2500 618 2574 [pro
647 2501 1014 2575 lassesceret],
1068 2503 1259 2574 spiritu
1286 2510 1467 2558 tamen
1496 2511 1782 2575 promptus

169 2597 224 2645 et
251 2589 448 2655 alacer,
482 2591 663 2646 socios
705 2591 942 2646 meando
986 2591 1242 2646 lassabat.
1293 2592 1353 2646 Id
1395 2600 1579 2647 tamen
1626 2592 1780 2648 solli-

171 2677 314 2734 citus
359 2677 702 2749 providebat,
770 2686 826 2734 ut
873 2679 1273 2734 dormientibus
1331 2687 1575 2751 tempore
1617 2680 1780 2736 meri-

165 2765 334 2822 diano
399 2768 549 2837 (302)
597 2766 857 2822 fratribus
902 2768 968 2823 ad
1031 2768 1182 2839 ipsos
1229 2768 1555 2839 perveniret.
1603 2769 1779 2825 Cave-

166 2855 259 2909 bat
321 2855 466 2910 enim
533 2872 902 2928 summopere,
962 2873 1032 2912 ne
1105 2873 1236 2911 suus
1290 2857 1554 2913 adventus
1617 2858 1776 2929 quie-

166 2951 277 2998 tem
354 2944 569 2998 illorum
643 2944 833 3000 saltem
902 2945 1118 3001 modice
1199 2944 1497 3002 infestaret.
1569 2946 1767 3001 Mansit

161 3032 311 3103 apud
354 3047 470 3101 eos,
523 3032 697 3087 tribus
743 3032 1056 3105 septimanis
1104 3034 1255 3104 (303)
1308 3035 1562 3089 continue
1610 3035 1768 3105 quasi

160 3137 305 3174 unus
362 3137 428 3175 ex
460 3120 585 3177 eis?
625 3121 777 3193 horis
821 3122 1057 3177 maxime
1100 3122 1385 3177 nocturnis
1431 3122 1777 3193 psallentium

171 3224 455 3281 nunquam
530 3210 700 3265 choro
777 3209 1009 3265 fratrum
1068 3211 1288 3279 absens,
1364 3210 1668 3266 dormiebat
1719 3212 1773 3267 in

157 3298 300 3354 cella
321 3297 557 3353 solitaria
613 3314 831 3370 semper
889 3299 1057 3354 solus.
1118 3298 1237 3369 Quo
1285 3298 1448 3354 etiam
1498 3307 1763 3370 tempore,

159 3386 234 3440 'rbi
266 3394 528 3457 quantum
575 3387 838 3455 hauserit,
890 3395 1218 3460 quantumve
1254 3388 1547 3458 sumpserit
1591 3404 1657 3443 ex
1688 3389 1772 3442 vi-

155 3475 304 3531 caria
329 3475 617 3532 collatione
664 3476 908 3531 virorum
951 3484 1256 3532 sanctorum
1304 3476 1609 3531 dulcedinis
1654 3476 1771 3548 spi-

161 3563 396 3630 ritualis,
431 3563 631 3620 nostris
660 3580 822 3620 nemo
850 3580 883 3620 a
929 3565 1088 3620 nobis
1128 3572 1403 3636 exspectat
1452 3564 1648 3620 litteris
1676 3581 1769 3621 ex-

157 3652 391 3722 plicari;
426 3652 479 3708 id
506 3668 742 3724 namque
785 3669 885 3708 nec
933 3653 1049 3724 ipse
1092 3653 1272 3709 verbis
1319 3652 1534 3724 quidem
1583 3661 1769 3725 posset

158 3739 328 3808 effari,
363 3741 451 3814 qui
484 3742 652 3798 rebus
681 3742 915 3814 idipsum
945 3751 1219 3799 meruerat
1247 3742 1499 3814 experiri.

224 3917 368 3983 (299)
392 3920 769 3983 Distinguendus
812 3921 893 3972 hic
919 3934 1043 3985 puer
1080 3923 1141 3973 ab
1166 3922 1319 3974 altero
1344 3923 1491 3974 etiam
1530 3922 1764 3974 Willelmi

157 3986 334 4037 fratris
357 3988 411 4037 S.
438 3988 653 4049 Hugonis
678 3988 797 4049 ﬁlio,
822 3989 958 4049 cujus
978 3990 1032 4039 tit
1057 3990 1240 4041 mentio
1263 3990 1349 4040 lib.
1377 4004 1452 4050 Ill,
1473 4004 1518 4040 c.
1548 3991 1629 4040 15.
1667 3992 1764 4041 iste

156 4053 337 4102 etenim
363 4053 690 4116 applaudebat
713 4056 921 4116 Hugoni,
950 4058 1105 4107 adhuc
1125 4057 1274 4118 priori
1315 4056 1362 4106 in
1385 4056 1642 4107 Witham?
1683 4058 1764 4108 hic

153 4131 268 4169 vero
293 4120 569 4182 baptizatur
594 4120 656 4171 ab
678 4121 756 4171 illo
769 4121 871 4183 jam
905 4124 1149 4186 episcopo,
1189 4123 1358 4174 ultimo
1395 4123 1507 4173 vita:
1550 4128 1601 4174 ct
1640 4124 1763 4186 epis-

155 4189 358 4247 copatus
382 4199 531 4238 anno.

223 4269 369 4332 (500)
397 4272 1097 4336 l'rtesulGratianopoiitauus,
1148 4286 1277 4324 anno
1325 4274 1473 4337 1200,
1516 4276 1627 4324 erat
1674 4278 1761 4326 aut

150 4335 386 4397 Joannes,
415 4342 497 4388 aut
519 4335 1059 4399 Guillelmus,’uterque
1083 4335 1465 4391 Carthusianus.
1479 4341 1546 4390 De
1574 4341 1760 4390 Joanne

151 4404 351 4453 consule
376 4404 604 4455 adnotata
631 4406 692 4456 ad
712 4406 809 4455 lib.
836 4420 891 4467 ιι,
919 4420 964 4455 c.
992 4407 1042 4455 2.
1067 4407 1136 4457 De
1157 4408 1412 4458 Guillelmo
1446 4408 1515 4457 ita
1544 4407 1761 4457 referunt

149 4469 483 4520 Carthusiani.
532 4491 554 4513 ι
586 4473 644 4521 ι).
694 4473 980 4525 Guillelmls
1005 4486 1122 4524 vere
1158 4474 1265 4535 pius
1312 4474 1425 4523 huic
1471 4491 1489 4516 ν
1539 4473 1753 4536 (Joanni,

153 4547 294 4604 quem
323 4537 459 4587 aiunt
485 4542 724 4588 mortuum
751 4552 879 4590 anno
906 4540 1054 4600 1194,
1082 4541 1189 4590 Kal.
1216 4538 1369 4604 Junii)
1402 4561 1421 4580 ι
1450 4540 1686 4590 successit
1710 4547 1760 4592 et
1780 4536 1830 4595 D

149 4601 268 4651 obiit
293 4616 423 4653 anno
449 4604 601 4654 1225.
628 4605 804 4655 Abbati
829 4610 993 4656 autem
1018 4608 1223 4657 Morotio
1241 4601 1450 4657 Joannes
1475 4607 1633 4657 adhuc
1653 4611 1760 4657 erat

150 4667 198 4716 in
236 4668 361 4719 vivis
398 4682 526 4720 anno
552 4670 699 4723 1219.
725 4673 839 4722 dum
864 4674 929 4723 ita
952 4672 1012 4722 de
1038 4685 1094 4723 eo
1118 4673 1291 4724 scribit
1318 4710 1329 4722 .
1364 4688 1388 4721 tl
1413 4672 1588 4723 Saaculi
1639 4685 1759 4727 vero

146 4734 490 4798 subsequentis
514 4736 879 4797 undevigesimo
922 4751 1053 4788 anno
1087 4741 1256 4790 urbem
1300 4740 1591 4790 restauravit
1638 4758 1659 4781 ι
1688 4741 1757 4790 De

149 4801 413 4853 Guillelmo
437 4802 564 4853 idem
592 4805 862 4855 Morotius:
898 4821 918 4852 ιι
954 4807 1094 4856 Anno
1138 4807 1284 4867 1221,
1327 4806 1612 4856 Guillelmus
1644 4804 1748 4867 jam

148 4872 313 4936 sextus
336 4881 393 4918 ex
420 4870 676 4920 cmnobitis
699 4872 1101 4934 protocarthusiaa
1127 4873 1372 4936 diptychis
1398 4872 1545 4933 hujus
1587 4873 1756 4922 Eccle-

148 4933 233 4982 sia:
260 4950 278 4980 ι
317 4936 634 5003 (Gratianop.
662 4933 734 4996 )1!
763 4938 971 4988 infertur
1019 4933 1294 5003 episcopus,
1342 4943 1391 4990 et
1427 4940 1543 4989 licet
1580 4938 1755 4995 brevis

149 5004 335 5070 pastor,
359 5001 585 5070 nimirum
604 5003 731 5053 infra
758 5004 1017 5054 triennium
1044 5001 1218 5063 elatus,
1241 5008 1646 5070 prcedecessorum
1675 5008 1752 5055 ta-

149 5077 255 5138 men
286 5068 424 5138 dotes
448 5069 741 5138 adgequans.
784 5072 1074 5133 probitatis,
1114 5068 1260 5133 quam
1305 5074 1352 5123 in
1392 5071 1752 5123 absolutissimo

147 5134 383 5190 ejusmodi
407 5136 727 5197 perfer-tionis
751 5138 913 5198 Lycen
938 5138 1187 5194 hauserat.
1228 5139 1459 5190 eximium
1495 5138 1748 5199 specimen

145 5199 420 5269 gt'tcbuit.»
452 5202 567 5269 [hoc
592 5204 840 5266 Morotius,
867 5204 1067 5254 Joannis
1114 5206 1335 5269 regimen
1375 5205 1661 5268 extendens,
1701 5209 1749 5255 et

146 5263 391 5317 Gnillelmi
419 5268 661 5318 minuens.

204 5349 344 5411 (501)
370 5352 456 5401 Die
499 5352 690 5402 scilicet
737 5353 802 5403 23
843 5355 967 5405 Junii
1013 5356 1407 5408 tetenderuntad
1434 5356 1744 5408 Carthusiam

141 5413 293 5465 tribus
317 5418 526 5468 circiter
552 5420 841 5471 milliaribus
870 5421 1205 5484 Gratianopoli
1236 5424 1517 5475 distantem.

207 5500 349 5562 (502)
377 5502 590 5565 Hugonis
616 5502 759 5565 igitur
795 5505 1095 5567 temporibus
1129 5508 1322 5570 vigebat
1347 5510 1505 5561 adhuc
1532 5524 1744 5563 consue-

1888 1895 2078 1935 eorum
2104 1880 2393 1952 colloquiis
2424 1890 2476 1938 et
2504 1883 2752 1939 moribus
2781 1883 3141 1954 disciplinatis
3181 1883 3497 1954 epularetur

1887 1968 2040 2039 quasi
2071 1969 2140 2023 ab
2161 1970 2382 2028 introitu
2411 1970 2605 2042 gloriae
2633 1972 2898 2042 gentium.
2948 1973 3156 2027 Horum
3185 1971 3330 2027 enim
3359 1987 3496 2028 non-

1881 2056 2015 2110 nulli
2046 2072 2080 2111 a
2120 2056 2229 2112 lata
2273 2057 2627 2114 mundialium
2676 2060 2950 2115 actionum
2990 2060 3078 2115 via
3125 2060 3384 2133 digressi,
3422 2059 3494 2115 il—

1880 2143 2099 2217 lamque
2126 2153 2330 2202 arctam
2360 2155 2414 2201 et
2456 2147 2687 2202 arduam
2729 2148 2890 2214 viam,
2941 2165 3063 2220 quae
3105 2149 3255 2205 ducit
3294 2149 3365 2227 ad
3413 2148 3495 2204 vi-

1881 2242 2012 2300 tam,
2046 2234 2281 2306 ingressi
2311 2251 2410 2306 spe
2430 2235 2573 2291 felici
2598 2237 2982 2307 exspectabant
3002 2236 3239 2308 paradisi
3259 2237 3487 2292 aditum.

1882 2322 1978 2378 His
2007 2331 2273 2394 praeterea
2298 2324 2511 2392 diebus,
2545 2325 2705 2381 eertis
2736 2333 2789 2381 et
2827 2326 2993 2392 horis,
3046 2341 3105 2382 se
3134 2326 3485 2397 pauperibus,

1880 2410 1949 2465 ad
2004 2410 2289 2467 visendum
2336 2428 2459 2467 eum
2508 2413 2927 2480 conﬂuentibus,
2991 2415 3315 2486 exponebat,
3366 2430 3488 2470 cum

1881 2499 2098 2573 quibus,
2133 2500 2208 2556 ita
2235 2500 2511 2557 socialiter
2534 2502 2699 2558 verba
2720 2503 3063 2573 conserebat,
3089 2511 3146 2558 ut
3163 2503 3310 2559 inter
3337 2504 3487 2575 ipsos

1880 2588 2131 2644 residens
2158 2589 2277 2645 solo
2334 2598 2660 2646 monstraret
2714 2591 2903 2647 habitu
2952 2592 3279 2657 monacbali,
3339 2593 3487 2665 quod

1882 2692 1988 2732 non
2021 2684 2167 2733 esset
2196 2678 2334 2733 alius
2364 2694 2525 2750 quam
2551 2696 2691 2735 unus
2723 2696 2789 2735 ex
2817 2681 2978 2753 ipsis.

1953 2766 2321 2822 Insinuaverat
2349 2768 2513 2823 etiam
2543 2768 2592 2823 ei
2612 2768 2902 2840 episcopus
2941 2769 3282 2827 Genevensis
3311 2770 3481 2841 (304),

1881 2862 2085 2925 quanto
2115 2870 2238 2909 eum
2268 2872 2399 2911 suus
2427 2857 2619 2912 consul
2647 2858 2798 2928 (305)
2846 2858 3162 2929 przejudicio
3184 2858 3345 2915 annis
3369 2859 3484 2929 jam

1880 2949 1963 2997 ter
1983 2943 2265 3013 quaternis
2293 2943 2659 3015 depressisset
2693 2961 2704 2999 :
2740 2945 2885 3001 unde
2920 2946 3139 3003 vinculo
3170 2963 3484 3003 excommu-

1877 3030 2161 3088 nicationis
2190 3040 2241 3088 et
2271 3032 2634 3089 anathematis
2661 3033 2840 3105 ipsum
2887 3036 2957 3089 ab
3002 3035 3131 3090 olim
3177 3036 3482 3093 inundave-

1881 3127 1962 3174 rat
1987 3122 2158 3190 (506),
2191 3121 2263 3176 ob
2293 3122 2448 3191 cujus
2476 3121 2636 3177 etiam
2666 3130 2869 3178 metum
2900 3122 3174 3179 civitatem
3203 3124 3482 3195 propriam

1876 3207 2093 3281 ingredi
2139 3225 2248 3264 non
2295 3210 2553 3266 audebat.
2605 3212 2767 3278 Nam,
2815 3211 2861 3267 si
2907 3228 3008 3268 nos
3057 3213 3325 3269 memoria
3372 3229 3482 3270 non

1876 3295 2030 3366 fallit,
2078 3299 2359 3354 asserebat
2423 3299 2514 3354 ille
2569 3300 2669 3354 tria
2717 3301 2829 3369 jam
2885 3300 3156 3356 efﬂuxisse
3212 3317 3478 3357 annorum

1872 3384 2084 3453 lustra,
2134 3403 2200 3442 ex
2264 3403 2371 3459 quo
2421 3388 2610 3444 sedem
2673 3404 2785 3447 suae
2845 3389 3175 3444 cathedralis
3229 3390 3479 3446 ecclesiae

1871 3474 2177 3545 prohibitus
2207 3483 2291 3531 est
2321 3476 2495 3531 adire.
2528 3477 2678 3532 Tunc
2708 3476 2863 3532 fortis
2893 3477 2982 3532 ille
3012 3486 3199 3534 noster
3227 3486 3281 3534 et
3312 3478 3473 3546 fidus,

1869 3570 1928 3617 ut
1956 3562 2025 3618 de
2054 3562 2146 3618 illo
2176 3562 2462 3620 versificus
2511 3564 2730 3636 quidem
2779 3564 2975 3621 cecinit
3022 3566 3194 3638 (307),
3232 3587 3254 3618 ι
3288 3575 3472 3638 pasto-

1870 3667 1992 3706 rum
2022 3651 2267 3717 baculus,
2304 3672 2327 3703 ι
2360 3652 2652 3724 plurimum
2697 3654 2984 3711 consolans
3012 3663 3066 3711 et
3112 3655 3476 3711 corroborans

1866 3738 2093 3796 fratrem
2121 3740 2373 3798 afﬂictum
2404 3749 2458 3798 et
2488 3750 2760 3810 moestum,
2813 3743 2956 3798 misit
2984 3743 3305 3816 quantocius
3332 3744 3473 3816 prio-

1866 3920 2001 3984 tudo,
2029 3934 2123 3985 qua
2161 3924 2478 3976 Carthusiani
2500 3927 2609 3987 post
2634 3927 2899 3978 matutinas
2923 3926 2984 3978 ad
3020 3930 3203 3981 lectum
3226 3939 3324 3980 non
3347 3929 3473 3981 redi-

1865 3987 2001 4061 bant,
2056 3993 2108 4039 at
2154 4003 2401 4061 somnum,
2448 4003 2592 4061 quem
2641 3998 2788 4044 noctu
2825 3993 3162 4061 neglexerant,
3199 3995 3473 4047 meridiano

1860 4058 2452 4173 garlﬁratqreesrtesumebant.
2490 4058 2606 4120 Quae
2632 4058 2925 4112 consuetudo
2967 4064 3203 4128 temporis
3241 4077 3470 4116 successu

2026 4135 2053 4171 a
2161 4161 2174 4172 .

2026 4135 2053 4171 a
2080 4135 2174 4172 est.

1932 4205 2071 4279 (505)
2095 4208 2194 4258 Sub
2221 4209 2299 4259 his
2321 4209 2470 4279 etiam
2496 4212 2842 4279 comprehendi
2882 4212 2986 4264 dies
3022 4213 3093 4265 illi
3118 4214 3319 4277 aliquot,
3343 4229 3466 4279 quos

1861 4272 1989 4346 apud
2016 4285 2282 4346 conversos
2324 4277 2505 4346 exegit,
2527 4272 2815 4346 _videntur;
2844 4292 2973 4346 nam,
2999 4284 3050 4330 et
3090 4272 3316 4344 sequitur
3355 4272 3470 4346 post

1861 4338 2068 4401 spatium
2096 4342 2242 4392 trium
2268 4338 2686 4394 hebdomadarum
2719 4357 2773 4395 se
2801 4338 2863 4394 ad
2898 4344 3102 4397 reditum
3145 4338 3460 4412 diSposuisse.

1929 4432 2067 4493 (501)
2097 4432 2389 4483 Antholiuus
2412 4432 2626 4495 nomine,
2671 4435 2794 4485 alias
2816 4437 3131 4493 Nantclinus.
3159 4440 3210 4488 et
3244 4438 3462 4490 Name!-

1857 4511 1982 4559 mus,
2013 4512 2073 4549 ex
2100 4500 2261 4561 priore
2282 4500 2552 4550 tiarthusim
2577 4500 2816 4552 Wallonis
2854 4515 2981 4553 anno
3011 4505 3157 4565 1185,
3186 4505 3372 4556 electus
3409 4507 3460 4558 in

1858 4576 2136 4637 episcopum
2181 4566 2684 4637 G_ebennen_s_em,_qui
2709 4569 2941 4637 vigesimo
2965 4570 3275 4633 episcopatus
3310 4584 3460 4637 anno,

1858 4631 1905 4681 id
1931 4637 2027 4695 est,
2056 4645 2182 4685 anno
2211 4632 2358 4694 1205,
2387 4632 2550 4683 idibus
2574 4634 2825 4685 Februarii
2846 4634 2983 4685 obiit.

1926 4724 2066 4790 (305)
2089 4725 2394 4787 Guillelmus,
2416 4724 2518 4775 sive
2543 4727 2835 4778 Wilhelmus
2858 4729 2898 4785 Ι.
2915 4740 3082 4780 comes
3100 4730 3454 4782 Gebennensis.

1855 4794 1954 4843 Iste
1993 4794 2100 4852 fuit,
2138 4806 2302 4856 quem,
2336 4794 2463 4842 teste
2507 4793 2685 4845 abbate
2730 4795 2952 4856 Morotio,
2994 4796 3150 4847 altero
3173 4801 3452 4861 asuscepto

1855 4861 2133 4922 episcopatu
2158 4872 2317 4927 anno,
2335 4861 2477 4927 sexto
2522 4861 2629 4911 Kal.
2679 4862 2987 4925 Septembris
3035 4863 3194 4913 hanno
3236 4864 3453 4927 imperii,

1852 4931 2021 4988 utpote
2048 4927 2279 4977 Ecclesiae
2305 4925 2444 4975 bonis
2492 4928 2752 4979 multifaria
2794 4928 3048 4993 infestum,
3091 4925 3456 4982 obtinuit‘sub-

1853 4994 1979 5044 mitti
2000 4993 2310 5044 Antholinus.
2714 5016 2721 5017 ν

1853 4994 1979 5044 mitti
2000 4993 2310 5045 Antholinus.
2714 5016 2721 5017 ί

1942 5077 2061 5141 506)
2078 5079 2146 5127 Eo
2178 5079 2286 5141 ipso
2310 5082 2552 5143 tempore.
2575 5093 2669 5142 quo
2685 5080 2847 5131 hanno
2872 5081 3061 5143 imperii
3085 5080 3337 5143 subjectus
3361 5084 3458 5138 fuit

1849 5146 2079 5205 praefatus
2101 5158 2285 5205 comes,
2328 5146 2554 5198 videlicet
2592 5160 2720 5197 anno
2760 5148 2907 5208 1180,
2935 5162 2962 5197 a
3000 5161 3093 5210 quo
3130 5152 3205 5199 ter
3228 5153 3453 5211 quaterni

1846 5212 1960 5261 anni
1986 5212 2047 5261 ad
2070 5224 2253 5261 annum
2284 5212 2411 5263 1200
2436 5214 2540 5264 fere
2565 5213 2871 5274 eflluxerant,
2896 5215 2983 5266 sed
3008 5217 3221 5267 nondum
3247 5217 3340 5268 tria
3364 5232 3452 5268 an-

1847 5289 2018 5328 norum
2044 5278 2217 5338 lustra,
2248 5279 2342 5329 nisi
2386 5281 2684 5337 inchoativa,
2716 5280 2808 5331 nisi
2852 5283 3080 5339 lustrum.
3107 5283 3234 5343 quod
3272 5288 3322 5334 et
3358 5287 3450 5337 viri

1844 5343 1974 5412 docti
2011 5345 2200 5412 rectius
2223 5345 2427 5410 faciunt,
2450 5359 2541 5411 pro
2565 5352 2762 5410 quatuor
2797 5347 3051 5412 planorum
3088 5361 3328 5401 annorum
3356 5353 3452 5403 cir-

1844 5411 1952 5460 culo
1975 5411 2114 5461 malis
2140 5413 2383 5475 accipere.

1909 5511 2053 5578 (307)
2081 5514 2188 5564 Vid.
2218 5527 2325 5577 cap.
2355 5515 2446 5565 ult.
