3938 6434
462 383 599 438 1083

1328 384 1383 440 S.
1424 381 1740 441 HUGONIS
1777 381 1994 440 EPISC.
2037 382 2362 441 LINCOLN.
2406 382 2571 442 0RD.
2615 384 2866 443 CARTH.

3630 384 3764 442 1084

458 494 548 563 τρε
575 506 716 564 duos
754 522 820 563 ex
867 506 1060 564 ordine
1092 506 1409 577 Carthusiae,
1450 516 1510 564 ut
1557 507 1812 565 comitem
1860 508 2067 565 diutino
2086 509 2146 573 Α
2242 507 2375 565 Cum
2422 525 2555 566 vero
2602 526 2669 566 ex
2731 509 2964 566 maxima
3008 510 3296 567 devotione
3354 509 3770 566 sollicitudinem

458 594 700 666 corporis
742 595 1012 669 languore
1059 604 1394 653 maceratum
1441 597 1879 667 exhortarentur,
1932 614 2071 670 qua-

457 690 616 738 tenus
661 683 804 754 patri
836 699 936 739 suo
958 684 1218 757 episcopo
1242 693 1297 741 et
1344 685 1610 741 Ecclesiae
1648 686 1803 740 matri
1834 702 1948 742 sua:
1981 702 2071 741 re-

461 770 742 828 conciliari
790 770 1089 829 festinaret.
1141 774 1324 829 Posuit
1382 789 1600 846 quoque
1654 774 1824 829 verba
1871 774 1926 828 in
1976 790 2072 829 ore

461 875 671 926 eorum,
702 860 759 915 id
787 861 1063 933 praecipue
1092 862 1415 918 discendum
1469 862 1519 917 ei
1552 862 1851 931 inculcans,
1883 871 1942 916 ut
1970 879 2071 934 pa-

457 948 558 1003 tris
586 946 918 1021 flagellantis
958 951 1186 1022 gratiam
1209 958 1484 1022 satageret
1505 950 1804 1022 inquirere,
1827 966 1898 1005 ne
1924 966 2072 1007 mor-

460 1044 512 1092 te
541 1036 701 1093 citius
730 1036 975 1094 irruente
1012 1037 1167 1094 ﬁeret
1216 1039 1447 1095 extorris
1477 1055 1506 1094 a
1534 1038 1766 1094 ﬁliorum
1812 1039 1911 1094 Dei
1960 1041 2073 1094 hae-

462 1124 713 1180 reditate.
749 1125 865 1184 Hos
894 1141 1029 1182 vero
1059 1126 1150 1183 ille
1181 1126 1250 1181 ad
1277 1144 1339 1182 se
1370 1126 1493 1181 talia
1537 1127 1843 1198 loquentes,
1876 1142 2072 1198 asper-

460 1220 655 1268 nanter
680 1213 901 1286 quidem
934 1214 1156 1271 audivit.
1193 1214 1324 1285 Sed,
1373 1223 1661 1287 postquam
1710 1223 2069 1283 recesserunt,

463 1301 689 1357 obtentu
720 1301 821 1358 viri
848 1302 970 1368 Dei,
1004 1310 1063 1358 ut
1083 1302 1202 1374 ipse
1245 1303 1585 1374 perhibebat,
1617 1304 1671 1357 in
1703 1319 1763 1360 se
1804 1318 2073 1372 reversus,

462 1403 530 1447 ac
558 1389 872 1446 medullitus
903 1390 974 1446 ad
1005 1391 1115 1447 vim
1145 1390 1460 1460 verborum,
1496 1407 1619 1464 qua:
1664 1391 1742 1447 illi
1773 1392 2075 1448 mandave-

462 1485 566 1545 rat,
599 1486 978 1551 compunctus,
1013 1479 1281 1545 ecclesire,
1317 1496 1477 1552 quam
1506 1480 1738 1551 laeserat,
1773 1480 2075 1549 satisfecit;

464 1566 654 1639 sicque
712 1567 991 1624 absolutus
1079 1568 1363 1640 primuma
1437 1568 1726 1637 sententia,
1814 1568 2011 1625 deinde
2043 1584 2077 1625 a

464 1655 648 1711 carnis
679 1656 912 1722 sarcina,
942 1656 995 1711 in
1025 1672 1161 1728 pace
1209 1656 1431 1728 quievit.

542 1744 672 1800 Post
701 1743 937 1815 spatium
984 1752 1163 1801 autem
1206 1745 1368 1801 trium
1414 1743 1901 1813 hebdomadarum,
1955 1746 2076 1817 epi-

2171 605 2396 671 gereret
2442 614 2609 669 super
2651 599 3009 671 acquisitione
3071 608 3181 655 tam
3230 598 3460 654 salubris
3505 598 3771 654 thesauris

2170 686 2364 741 institit
2410 702 2772 760 magnopere,
2841 696 3107 759 quatenus
3168 688 3236 742 de
3296 703 3525 759 corpore
3588 687 3773 760 magni

2172 775 2371 829 Christi
2402 775 2758 842 confessoris,
2790 776 3160 848 praecipuique
3198 777 3586 832 monachorum
3619 776 3773 830 ducis

2173 870 2222 918 et
2253 862 2582 934 legislatoris
2611 863 2886 918 Benedicti
2919 864 3123 935 aliquid
3163 864 3449 919 obtineret.
3484 864 3657 934 Super
3684 863 3775 916 tali

2173 966 2392 1022 quoque
2420 951 2697 1006 desiderio
2729 968 2827 1006 suo
2855 952 3063 1006 litteras
3080 952 3275 1006 direxit
3296 951 3624 1007 aﬁ'ectuosas
3642 951 3775 1005 viris
3828 984 3833 991 ο

2174 1039 2581 1094 venerabilibus
2629 1039 2815 1094 abbati
2845 1047 2898 1093 et
2942 1040 3225 1096 monachis
3272 1040 3508 1095 coenobii
3563 1039 3775 1094 Floria-

2173 1126 2355 1181 censis
2420 1126 2590 1199 (309),
2642 1128 2735 1182 ubi
2778 1128 3121 1183 sanctissima
3161 1128 3296 1182 tanti
3338 1128 3511 1182 Patris
3555 1126 3773 1199 requie-

2175 1222 2331 1270 scunt
2362 1230 2509 1278 ossa,
2545 1215 2793 1271 scribens
2823 1216 2923 1286 eis,
2971 1225 3025 1272 et
3070 1216 3290 1272 mittens
3335 1231 3433 1288 per
3483 1215 3776 1287 quemdam

2175 1319 2361 1359 eorum
2391 1303 2638 1372 fratrem,
2692 1312 2745 1359 et
2792 1305 3135 1371 monachum,
3183 1312 3237 1359 et
3278 1304 3558 1360 custodem
3599 1304 3774 1373 (310),

2176 1392 2535 1464 quarumdam
2567 1400 2895 1460 sanctarum,
2945 1409 3078 1464 quas
3108 1408 3291 1449 secum
3338 1392 3630 1448 Lincolnize
3669 1391 3779 1446 ob-

2175 1481 2413 1535 tinuerat
2436 1480 2794 1552 reliquiarum
2834 1480 3261 1553 possessionem,
3309 1480 3461 1551 petiit
3502 1478 3778 1542 obnixius,

2177 1577 2442 1641 quatenus
2473 1570 2574 1625 sibi
2604 1570 2964 1641 dignarentur
2989 1569 3255 1641 impertiri
3284 1569 3352 1625 de
3374 1569 3527 1639 copia
3555 1582 3782 1622 suarum

2175 1659 2231 1712 in
2260 1659 2361 1713 hac
2392 1665 2547 1729 parte
2576 1658 2909 1713 divitiarum.
2942 1657 3086 1728 Quid
3123 1659 3328 1713 multa?
3375 1656 3533 1711 rediit
3559 1656 3781 1710 tandem

2175 1746 2472 1802 litterarum
2494 1745 2729 1816 bajulus,
2779 1753 2944 1818 atque
2990 1746 3164 1801 attulit
3209 1746 3329 1801 viro
3371 1752 3555 1801 sancto
3586 1751 3639 1799 et
3684 1744 3786 1798 de-

469 1847 669 1904 scopus
713 1832 894 1889 sciens
949 1833 1212 1905 scriptum
1280 1849 1404 1889 esse
1435 1852 1455 1889 :
1507 1859 1527 1880 -
1579 1833 1868 1906 Relinquet
1912 1835 2075 1891 homo
2106 1834 2525 1925 Bsideriorum,
2575 1833 2835 1890 desiderii
2879 1834 2961 1889 sui
3006 1834 3298 1906 precisque
3346 1849 3458 1888 suae
3501 1831 3782 1900 effectum,

478 1928 693 1992 patrem
722 1928 775 1976 et
802 1928 1051 1989 matrem,
1087 1930 1138 1977 et
1166 1921 1463 1978 adhmrebit
1490 1922 1647 1978 uxori
1675 1938 1789 1979 suae
1814 1922 1973 1993 (Gen.
2007 1938 2066 1990 ll,

474 2008 613 2081 2i);
640 2008 708 2064 ad
736 2009 1000 2066 Ecclesia:
1028 2025 1235 2080 curam,
1269 2026 1431 2083 quam
1471 2010 1601 2066 olim
1632 2010 1736 2066 sibi
1765 2011 2069 2082 desponde-

471 2105 570 2163 rat,
606 2096 785 2153 redire
816 2098 1134 2169 disponens,
1170 2107 1368 2170 printer
1409 2098 1516 2155 alia
1543 2099 1788 2165 donaria,
1837 2100 2072 2172 pignora

473 2183 928 2241 inaestimabiliter
951 2185 1196 2258 pretiosa
1223 2186 1505 2254 Ecclesiae,
1536 2203 1570 2243 a
1613 2186 1766 2256 cujus
1811 2187 2072 2243 uberibus

471 2272 526 2329 in
552 2274 728 2330 virum
756 2275 1055 2346 perfectum
1105 2274 1403 2343 coaluerat,
1447 2276 1560 2345 jam
1601 2276 1847 2331 ultimum
1879 2276 1929 2332 ei
1972 2291 2071 2331 va-

469 2359 749 2433 lefaciens,
776 2363 999 2437 jamque
1029 2363 1339 2432 discedens,
1373 2364 1428 2421 in
1469 2373 1790 2437 perpetuam
1837 2365 1923 2420 sui
1952 2379 2072 2421 me-

469 2451 702 2507 moriam
749 2451 1064 2525 dereliquit.
1104 2453 1346 2511 Habebat
1403 2454 1549 2513 enim
1603 2454 1659 2509 in
1699 2454 1915 2511 scriniis
1963 2454 2074 2510 suis

469 2539 747 2612 capsulam
776 2548 1116 2614 argenteam,
1153 2558 1315 2615 quam
1345 2542 1402 2598 in
1448 2542 1791 2599 basilicarum
1844 2541 2069 2599 dedica-

466 2628 707 2685 tionibus
732 2628 1154 2686 circumferebat
1182 2632 1236 2686 in
1264 2631 1556 2703 :manibus,
1606 2632 1911 2688 numerosis
1941 2647 2073 2687 san-

467 2724 674 2774 ctorum
693 2726 1110 2792 sanctarumque
1133 2719 1374 2793 reliquiis
1395 2720 1633 2793 plenam.
1667 2721 1779 2776 Has
1808 2720 1895 2777 vel
1922 2721 2074 2793 ipse-

470 2813 598 2874 met,
630 2806 718 2863 vel
763 2806 1005 2879 ipsorum
1050 2809 1378 2865 scriniorum
1427 2817 1632 2877 custos,
1679 2810 1977 2866 monachus
2022 2818 2076 2866 et

471 2894 788 2967 capellanus
817 2912 967 2964 suus,
999 2895 1249 2969 plerique
1278 2897 1333 2952 in
1365 2897 1502 2955 locis
1532 2897 1915 2971 acquisiverat.
1967 2899 2075 2955 Sed

470 2983 764 3056 episcopus
779 3000 813 3040 a
843 3001 903 3041 se
922 2984 1249 3058 perquisitas
1265 2986 1381 3042 viro
1410 2986 1819 3059 religiosissimo
1841 2987 2075 3042 Carthu-

474 3073 641 3128 siensi
672 3073 917 3129 sacristaz
946 3089 1134 3129 coram
1163 3075 1344 3145 priore
1376 3082 1429 3131 et
1477 3075 1738 3131 fratribus
1779 3075 1995 3131 tradidit
2023 3076 2078 3131 in

470 3160 596 3217 loco
626 3160 719 3216 illo
748 3162 1157 3218 conservandus
1190 3178 1203 3217 :
1233 3164 1497 3220 monacho
1517 3172 1697 3220 autem
1719 3180 1845 3220 suas
1875 3163 2078 3219 dimisit

475 3249 545 3305 ad
575 3248 855 3322 proprium
886 3251 1271 3307 monasterium
1302 3252 1690 3325 apportandas.

1095 3430 1321 3488 CAPUT
1352 3430 1503 3487 XXI.

475 3556 657 3626 Quam
679 3557 909 3614 devotus
931 3558 1225 3613 exstiterit
1246 3559 1310 3612 in
1341 3556 1717 3629 reliquiarum
1748 3559 2079 3629 sanctorum

551 3629 879 3700 visitratione
900 3632 957 3684 et
977 3629 1392 3700 conquisitione
1416 3626 1637 3692 earum,
1671 3631 1728 3683 et
1749 3627 1998 3700 qualiter
2013 3626 2078 3682 de

545 3700 625 3755 eis
653 3699 917 3768 ﬁnaliter
935 3698 1242 3753 ordinavit.
1268 3728 1337 3738 --—
1358 3700 1428 3753 Et
1449 3698 1779 3753 continetur
1790 3699 1853 3752 in
1873 3713 2081 3767 magna

556 3773 677 3828 Vita
705 3769 807 3825 sub
835 3785 960 3841 cap.
997 3771 1082 3835 14,
1103 3769 1260 3824 circa
1273 3769 1522 3824 medium
1552 3769 1713 3823 illius
1740 3769 2005 3840 capituli.

550 3892 691 3963 Quia
722 3891 874 3964 (308)
905 3907 1033 3948 vero
1080 3892 1150 3949 de
1196 3899 1513 3947 sanctorum
1556 3891 1801 3964 reliquiis
1852 3891 2081 3948 fecimus

478 3980 834 4051 mentionem,
865 3996 974 4036 non
1002 3980 1219 4036 videtur
1234 3980 1488 4048 otiosum,
1512 3980 1611 4037 sed
1638 3981 1703 4036 ad
1736 3980 1964 4053 gloriam
1994 3980 2082 4037 vel

479 4068 897 4126 mdiﬁeationem
925 4068 1270 4126 Audientium
1320 4085 1462 4136 esse,
1520 4069 1569 4124 si
1616 4069 1684 4125 de
1731 4070 1817 4124 his
1847 4069 2083 4126 breviter

480 4159 663 4214 adhuc
692 4157 869 4230 aliqua
899 4157 1219 4215 referamus.
1269 4158 1517 4213 Iusserat
1562 4166 1743 4214 autem
1791 4159 2083 4230 episcopus

479 4246 583 4302 sibi
612 4246 871 4301 annulum
901 4245 1020 4303 ﬁeri
1059 4262 1124 4303 ex
1173 4262 1303 4302 auro
1358 4245 1652 4319 purissimo
1709 4255 1761 4303 et
1808 4247 2084 4319 lapidibus

477 4335 754 4409 pretiosis,
783 4336 1078 4393 habentem
1106 4336 1163 4390 in
1191 4344 1366 4407 parte,
1416 4352 1536 4408 quas
1582 4336 1812 4410 digitum
1843 4337 2082 4393 exterius

480 4419 777 4487 ambiebat,
812 4421 970 4493 quasi
1008 4420 1285 4493 quoddam
1330 4436 1650 4490 concavum,
1699 4420 1844 4494 quod
1872 4420 2083 4492 reposi-

478 4509 680 4577 torium
712 4525 835 4566 esse
864 4509 1035 4566 voluit
1062 4519 1370 4567 sanctarum
1421 4509 1790 4582 reliquiarum.
1824 4510 1956 4565 Erat
1985 4526 2082 4564 au-

2177 1938 2344 1977 unum
2373 1921 2628 1978 videlicet
2657 1922 2875 1978 dentem
2904 1938 2970 1978 ex
2989 1922 3244 1977 dentibus
3275 1921 3450 1977 sancti
3481 1935 3603 1975 cum
3633 1919 3787 1990 palla

2175 2010 2344 2081 (311),
2377 2026 2484 2082 qua
2530 2019 2684 2066 erant
2736 2010 2959 2066 involuti
3016 2010 3198 2066 crines
3252 2008 3427 2064 sancti
3480 2007 3780 2073 Benedicti,

2174 2114 2283 2153 non
2314 2099 2531 2155 modica
2572 2098 2841 2170 portione.
2902 2097 3100 2154 Habuit
3147 2112 3363 2169 quoque
3414 2096 3468 2150 in
3526 2096 3783 2150 manibus

2175 2186 2320 2242 idem
2352 2186 2567 2257 bajulus
2613 2186 2927 2257 reciprocas
2975 2186 3194 2241 illorum
3247 2185 3477 2251 litteras,
3529 2184 3598 2239 ad
3640 2199 3782 2255 quos

2173 2273 2374 2329 missus
2436 2274 2615 2330 fuerat
2679 2274 2873 2346 quibus
2920 2282 2974 2329 et
3031 2282 3181 2329 tanto
3244 2272 3386 2328 Patri
3441 2271 3786 2327 salutationis

2175 2363 2372 2419 debitae
2400 2364 2733 2435 rependebat
2769 2363 3113 2435 obsequium,
3147 2369 3200 2417 et
3245 2360 3566 2416 muneribus
3594 2369 3784 2416 trans-

2174 2452 2358 2507 missis
2386 2451 2743 2507 indubitatum
2782 2451 3092 2507 referebant
3140 2449 3531 2505 testimonium.
3567 2447 3786 2516 Quibus

2175 2541 2395 2596 tandem
2426 2539 2665 2611 acceptis
2715 2547 2767 2594 et
2818 2538 2995 2604 lectis,
3056 2537 3141 2593 vir
3196 2537 3296 2592 Dei
3342 2537 3482 2592 miro
3529 2535 3782 2607 gestiens

2175 2628 2394 2702 gaudio,
2429 2628 2593 2697 jussit
2649 2626 2922 2698 extemplo
2980 2624 3255 2682 aurificem
3301 2640 3456 2680 suum
3499 2623 3786 2687 accersiri,

2177 2717 2267 2789 qui
2318 2716 2372 2771 in
2420 2724 2599 2773 castro
2636 2716 2807 2788 ipsius
2850 2714 3125 2784 manebat,
3176 2712 3537 2770 Banvenbiria
3571 2727 3785 2769 nuneu-

2175 2814 2323 2878 pato.

2246 2896 2449 2951 Verum
2478 2902 2725 2965 tempore
2752 2893 2847 2948 illo
2874 2908 2980 2966 quo
2996 2893 3113 2949 haec
3142 2899 3302 2965 gesta
3330 2898 3474 2960 sunt,
3507 2890 3787 2947 consiste-

2177 2983 2270 3037 bat
2317 2982 2608 3054 episcopus
2650 2982 2705 3036 in
2750 2980 2997 3037 manerio
3040 2996 3158 3051 suo,
3206 2980 3351 3052 quod
3397 2979 3788 3036 Dorcacestria

2178 3072 2326 3141 (312)
2359 3070 2573 3135 dicitur,
2606 3076 2661 3125 et
2690 3069 2838 3141 quod
2881 3068 3118 3124 distabat
3162 3067 3483 3137 milliaribus
3530 3066 3644 3122 fere
3687 3067 3789 3121 tri-

2178 3158 2330 3231 ginta
2356 3174 2386 3212 a
2414 3165 2599 3214 castro
2628 3157 3046 3228 praenominato.
3080 3158 3311 3222 Interea,
3342 3155 3470 3211 dum
3502 3154 3792 3211 instruitur

2107 3224 2154 3287 Ο
2178 3224 2417 3312 nuntius,
2449 3246 2540 3318 qui
2571 3224 2683 3301 erat
2727 3245 3059 3301 aurifabrum
3106 3245 3462 3311 adducturus,
3512 3252 3793 3316 quatenus

2178 3336 2538 3390 instrumenta
2580 3334 2797 3404 juberet
2862 3334 3039 3406 ipsum
3084 3347 3271 3389 secum
3316 3330 3530 3399 afferre,
3581 3331 3790 3404 quibus

2179 3422 2394 3493 aperire
2465 3423 2852 3479 convenienter
2900 3422 3183 3494 potuisset,
3254 3421 3557 3493 iterumque
3595 3420 3790 3476 reclu-

2179 3511 2313 3567 dere
2377 3511 2637 3567 annulum
2705 3511 3160 3567 sacramentalem
3201 3508 3442 3581 episcopi
3490 3509 3592 3578 (sic
3637 3508 3793 3564 enim

2181 3599 2606 3673 cognominabat
2635 3616 2779 3666 eum,
2827 3600 2955 3672 quia
3000 3599 3057 3654 in
3095 3599 3353 3654 ordinum
3399 3605 3453 3653 et
3497 3611 3796 3652 consecra—

2182 3689 2386 3744 tionum
2417 3688 2879 3745 celebrationibus
2907 3687 2976 3742 ad
2995 3687 3302 3743 devotionis
3330 3685 3657 3742 incentivum
3686 3684 3791 3741 illo

2181 3777 2518 3851 frequentius
2545 3776 2817 3847 utebatur)
2837 3791 2965 3833 ecce
2985 3776 3182 3844 subito,
3217 3775 3308 3847 qui
3322 3775 3542 3844 jubetur
3561 3773 3789 3844 inquiri,

2181 3865 2391 3922 aurifex
2419 3865 2592 3932 adest,
2626 3873 2677 3920 et
2703 3873 2813 3921 tam
2841 3864 3176 3937 inopinatam
3217 3879 3380 3936 quam
3425 3869 3661 3933 Optatam
3695 3862 3786 3917 sui

2182 3955 2528 4027 praesentiam
2559 3954 2923 4027 gaudentibus
2943 3953 3143 4024 pariter
3164 3960 3217 4007 et
3238 3951 3576 4022 stupentibus
3605 3948 3790 4006 affert.

2183 4044 2496 4115 Requisitus
2547 4057 2677 4098 vero
2743 4042 3009 4097 adventus
3057 4041 3140 4096 sui
3193 4055 3435 4105 causam,
3487 4037 3794 4093 affirmabat

2182 4132 2469 4188 dormienti
2500 4131 2602 4186 sibi
2630 4131 2778 4187 circa
2820 4130 2997 4186 noctis
3045 4129 3281 4185 medium
3323 4128 3557 4183 astitisse
3587 4143 3791 4198 quem-

2183 4222 2328 4291 dam,
2366 4221 2454 4293 qui
2480 4220 2699 4290 juberet
2728 4235 2851 4274 eum
2880 4234 3005 4274 mox
3047 4218 3116 4273 ad
3162 4218 3475 4289 episcopum
3506 4215 3789 4271 festinare.

2188 4331 2208 4360 ι
2247 4310 2381 4364 Sunt
2401 4308 2566 4375 enim,
2599 4308 2790 4380 inquit,
2822 4308 2873 4363 ei
2910 4306 3245 4362 transmissae
3291 4305 3530 4376 reliquie:
3574 4304 3792 4374 pretio-

2185 4398 2436 4465 sissimte,
2466 4412 2602 4469 quas
2632 4405 2682 4452 te
2712 4402 2926 4467 oportet
2954 4395 3010 4450 in
3040 4395 3156 4464 ejus
3212 4393 3416 4448 annulo
3462 4391 3791 4448 recondere.

2185 4488 2362 4559 Surge
2391 4501 2524 4558 ergo
2554 4484 2831 4553 velociter,
2861 4483 3074 4556 iterque
3128 4483 3201 4538 ad
3242 4482 3557 4554 episcopum
3585 4496 3795 4553 aggre—

479 4576 590 4653 tem
619 4598 755 4654 illud
777 4598 1181 4670 receptaculum
1237 4600 1308 4654 ad
1358 4569 1585 4670 quatuor
1629 4598 1743 4654 fere
1788 4598 2082 4672 digitorum
2112 4582 2164 4642 D
2184 4576 2336 4630 ἀπε·
2366 4595 2388 4625 ’
2422 4575 2507 4630 Ad
2533 4574 2672 4672 hfmc
2698 4589 2889 4671 νοίξθῖη
2936 4587 3199 4672 θκέυεξιξξ
3230 4585 3263 4625 ⁸
3309 4584 3520 4669 ῗοτθηον
3569 4569 3643 4623 im
3671 4585 3797 4667 5“?

484 4702 795 4743 mensuram
826 4688 1068 4760 undique
1096 4687 1280 4743 latum.
1313 4689 1374 4743 In
1404 4687 1510 4743 hoc
1548 4686 1828 4758 portiones
1859 4702 2090 4758 conges-

484 4783 631 4832 serat
661 4785 975 4834 sanctorum
1002 4777 1295 4850 pignorum
1336 4776 1405 4833 ad
1448 4793 1734 4833 numerum
1782 4791 1955 4848 usque
1986 4776 2087 4832 tri-

480 4882 777 4923 canarium.

558 5040 699 5109 (508)
727 5044 969 5093 Contenta
994 5042 1136 5105 hujus
1155 5041 1328 5109 capitis
1352 5040 1462 5091 aliis
1485 5041 1706 5091 evenisse
1731 5039 1890 5104 annis,
1917 5051 2013 5090 non
2039 5038 2089 5089 in

476 5110 589 5161 solo
608 5110 704 5160 hoc
726 5109 920 5168 itinere,
950 5120 1011 5158 ex
1036 5111 1264 5159 contextu
1286 5108 1459 5170 liquet.

560 5237 700 5299 (509)
728 5236 1010 5287 Coenobium
1039 5238 1117 5287 est
1150 5237 1293 5299 longe
1316 5235 1712 5297 celeberrimum,
1735 5235 1886 5285 situm
1929 5235 1989 5286 ad
2014 5235 2093 5285 Li-

493 5305 646 5365 gerim
662 5303 885 5355 ditecesis
911 5303 1291 5363 Aurelianensis,
1309 5302 1369 5352 de
1392 5314 1486 5363 quo
1512 5303 1694 5363 passim
1714 5304 1982 5363 scriptores
2006 5304 2094 5353 lte-

494 5384 601 5423 rum
630 5370 1049 5422 Benedictinarum
1066 5370 1308 5433 Jepezius,
1332 5368 1627 5432 Bucellinus,
1647 5368 1970 5432 Mabillonius,
1994 5374 2090 5419 etc.

561 5491 700 5555 (310)
743 5490 946 5542 Videtur
992 5491 1260 5542 monachus
1314 5491 1395 5541 hic
1437 5490 1587 5541 fuisse
1623 5490 1858 5552 Morinus,
1909 5490 1987 5553 qui
2031 5490 2092 5540 ad

493 5559 680 5611 calcem
728 5571 833 5622 cap.
890 5558 976 5622 26,
1017 5558 1232 5621 Hugonis
1280 5558 1456 5609 dicitur
1497 5555 1647 5608 fuisse
1687 5558 2094 5619 eleemosynarius

493 5626 619 5690 apud
647 5626 795 5690 stobe
822 5629 1016 5688 portum
1044 5625 1317 5676 defunctus.
1346 5625 1495 5675 Certe
1518 5625 1639 5675 alius
1681 5624 1773 5674 fuit
1808 5623 1868 5673 ab
1894 5628 2094 5674 auctore

494 5689 639 5755 Vitta,
667 5689 782 5744 dum
812 5692 890 5743 hic
914 5692 1297 5752 Cantuariensis,
1328 5692 1407 5741 ille
1433 5692 1756 5742 Floriacensis
1800 5691 1889 5741 fuit
1928 5703 2094 5741 mona-

497 5764 617 5813 chus
643 5781 655 5822 ;
684 5761 766 5813 hic
792 5772 979 5823 quoque
1015 5771 1114 5810 non
1139 5759 1231 5810 nisi
1258 5760 1404 5812 unica
1429 5764 1563 5811 nocte
1589 5758 1773 5821 Hugoni
1809 5758 1963 5808 abfuit
2006 5758 2097 5809 iste

2187 4679 2391 4735 pensos
2424 4662 2682 4733 gerebam
2714 4662 2924 4716 animos
2965 4667 3023 4715 ut
3063 4659 3197 4715 nihil
3239 4658 3559 4729 cujusquam
3605 4656 3793 4727 operis

2190 4760 2417 4807 tractare
2445 4766 2685 4823 possem,
2717 4765 2998 4822 quousque
3027 4749 3096 4804 ad
3125 4763 3223 4804 vos
3271 4746 3376 4802 ista
3422 4745 3682 4811 dicturus,
3718 4753 3791 4809 et,

2188 4840 2231 4894 si
2268 4856 2397 4896 vera
2428 4847 2630 4907 essent,
2664 4855 2786 4910 quae
2811 4837 3115 4905 audieram,
3148 4836 3474 4907 probaturus
3519 4834 3783 4891 venirem.

2188 5033 2305 5072 vero
2330 5020 2581 5072 Lincolnia
2615 5019 2883 5071 Floriacum
2910 5019 3088 5070 missus
3108 5020 3159 5068 et
3182 5015 3298 5068 inde
3325 5014 3476 5067 redux
3517 5014 3790 5064 Dorcaces-

2189 5088 2300 5139 trite
2323 5100 2492 5139 sacras
2518 5086 2748 5151 reliquias
2772 5086 2960 5149 Hugoni
2984 5084 3322 5149 praesentavit.

2259 5188 2403 5254 (511)
2423 5189 2496 5241 Ob
2516 5189 2708 5258 dentem
2730 5189 2778 5258 in
2804 5191 2968 5258 monte
2982 5188 3184 5258 Cassino
3207 5201 3234 5237 a
3248 5184 3626 5258 quodam__clam
3651 5181 3793 5258 abla-

2189 5253 2312 5318 tum,
2338 5260 2393 5307 ut
2415 5257 2539 5320 apud
2576 5256 2792 5306 Bolland.
2818 5255 2866 5304 in
2893 5254 3002 5304 Vita
3023 5256 3077 5305 S.
3104 5254 3351 5305 Benedicti
3373 5253 3573 5320 legitur,
3599 5253 3794 5320 cogitur

2192 5324 2251 5373 ad
2276 5316 2629 5374 restitutionem
2678 5325 2745 5381 is,
2773 5321 2854 5383 qui
2898 5321 3193 5380 abstulerat;
3225 5321 3306 5370 hic
3340 5321 3464 5370 mira
3491 5317 3577 5368 Dei
3626 5316 3793 5383 provi-

2190 5390 2353 5441 dentia
2380 5393 2602 5442 monetur
2629 5393 2678 5440 et
2700 5382 2898 5451 urgetur
2922 5387 3133 5451 aurifex,
3159 5391 3211 5438 ut
3226 5389 3477 5451 Bugonem
3500 5384 3644 5435 adeat
3667 5382 3791 5431 deu-

2193 5462 2291 5508 tem
2320 5458 2499 5508 annulo
2525 5457 2817 5507 inclusums.

2262 5558 2405 5620 (312)
2454 5560 2630 5617 Locus,
2673 5557 2801 5627 unde
2838 5557 3155 5627 episcopatus
3179 5555 3491 5627 Lincolniam
3526 5551 3795 5627 translatus

2195 5627 2304 5677 fuit.
2331 5627 2556 5676 Castrum
2581 5637 2696 5675 vero
2743 5623 3072 5674 Banvenbiria
3109 5623 3191 5674 ubi
3237 5624 3383 5673 situm
3434 5633 3528 5670 non
3578 5620 3793 5669 invenio.

2192 5694 2336 5743 Forte
2360 5691 2610 5743 Lincolnia
2633 5703 2728 5741 non
2754 5690 2919 5753 procul
2942 5690 3118 5755 aberit,
3143 5691 3342 5753 triginta
3370 5689 3473 5739 fere
3503 5684 3796 5737 milliaribus

2194 5760 2382 5811 distans
2406 5774 2433 5808 a
2459 5759 2811 5809 Dorcacestria.
