3938 6400
184 364 325 420 1085

1559 359 1742 418 VITA.
1775 388 1845 403 --
1873 356 1998 418 LIB.
2045 363 2111 420 V.

3358 364 3495 421 1086

198 512 221 536 α
258 489 407 545 Ecce
438 487 606 561 igitur
633 503 757 560 ego,
793 497 844 544 et
875 505 1001 546 ecce
1042 488 1296 545 utensilia
1323 491 1480 545 mea!
1538 487 1650 543 Vos
1679 485 1791 541 uti-
1823 484 1873 547 Α
1894 488 2071 544 vanda
2099 489 2277 557 nobis,
2309 506 2433 547 cum
2464 490 2693 548 facultas
2721 490 2899 560 datur,
2922 505 3032 548 non
3054 490 3434 565 acquirimus?
3465 511 3489 543 ι

196 577 333 631 mini
362 576 589 633 artificis
605 592 794 649 opera,
819 578 955 633 sicut
986 578 1157 633 scitis.
1195 598 1218 628 ι
1250 579 1379 633 Haec
1403 576 1673 649 siquidem
1706 590 1797 630 ar-

195 664 358 721 tiﬁcis
388 665 652 721 revelatio
682 674 839 737 atque
889 666 1080 722 relatio
1137 674 1189 722 et
1239 665 1615 723 certitudincm
1663 663 1795 719 reli-

196 755 447 827 quiarum
489 755 777 821 roboravit,
813 762 863 810 et
912 755 1206 811 cumulavit
1234 755 1471 810 laetitiam
1520 753 1792 819 omnibus,

198 843 289 914 qui
318 852 618 914 praesentes
650 844 750 898 ista
796 852 1186 917 cognoverant.
1230 843 1467 899 Partitus
1495 850 1576 899 est
1614 850 1792 897 autem

198 931 516 1002 quibusdam
547 932 840 987 abbatibus
870 940 921 987 et
953 932 1091 998 aliis,
1138 932 1231 1004 qui
1258 931 1637 997 interfuerunt,
1661 930 1793 986 viris

194 1019 471 1093 religiosis
498 1021 662 1076 homo
693 1021 1106 1077 liberalissimus
1146 1020 1520 1092 portiunculas
1549 1020 1617 1074 de
1646 1019 1794 1090 palla

193 1125 355 1181 quam
400 1117 752 1181 susceperat;
784 1111 1004 1165 dentem
1061 1125 1192 1165 vero
1238 1109 1562 1164 suavissime
1594 1107 1792 1179 saepius

194 1198 572 1254 deosculatum
602 1199 655 1253 in
677 1199 881 1255 annulo
912 1214 1012 1255 suo
1041 1198 1246 1255 recludi
1276 1198 1425 1253 fecit.

1968 578 2091 633 Alio
2121 595 2339 653 quoque
2368 588 2615 652 tempore
2643 581 2789 652 apud
2830 581 3067 655 burgum
3126 581 3309 637 Sancti
3346 579 3494 636 Petri

1896 666 2047 737 (316)
2079 668 2147 723 de
2197 668 2421 724 brachio
2480 669 2707 741 gloriosi
2762 670 2912 741 regis
2969 678 3023 725 et
3070 669 3323 741 Martyris
3379 669 3491 725 Os-

1895 755 2057 810 waldi
2100 758 2270 828 (quod
2327 758 2503 813 adhuc
2558 773 2682 813 cum
2730 758 2950 813 ossibus
2996 766 3047 813 et
3103 758 3266 830 pelle,
3328 772 3491 814 carne

1894 844 2054 898 etiam
2085 853 2348 912 cruenta;
2383 855 2641 919 tanquam
2683 855 2933 903 recenter
2978 847 3048 903 de
3103 862 3337 918 corpore
3365 846 3489 903 vivo

1892 934 2133 988 excisum
2162 936 2515 1005 monstratur)
2552 952 2811 1001 nervum,
2859 935 2950 1007 qui
2981 936 3340 1007 prominebat,
3364 935 3487 991 len-

1890 1029 2004 1076 tum
2035 1039 2253 1094 quoque
2284 1031 2336 1078 et
2365 1025 2586 1078 mollem
2626 1025 2791 1080 ductu
2844 1040 2904 1079 se
2951 1024 3311 1081 contrectanti
3338 1039 3487 1096 prae-

1892 1110 2072 1178 bebat,
2104 1112 2323 1168 cultello
2345 1112 2563 1179 excidit,
2595 1120 2753 1185 atque
2799 1113 3131 1170 servandum
3188 1113 3335 1169 omni
3363 1129 3488 1170 cum

1890 1201 2190 1255 reverentia
2221 1201 2324 1256 sibi
2353 1202 2593 1257 retinuit.

264 1287 421 1359 Apud
443 1287 730 1359 Festapum
754 1288 902 1360 (313)
923 1304 1141 1361 quoque
1158 1287 1372 1358 insigne
1401 1286 1791 1342 monasterium
1961 1289 2091 1345 Haec
2121 1289 2305 1362 itaque
2327 1305 2451 1345 cum
2501 1290 2640 1356 aliis,
2704 1306 2841 1363 quas
2891 1306 3209 1347 enumerare
3260 1291 3488 1365 longum

193 1376 261 1431 de
308 1391 435 1431 osse
482 1376 693 1432 brachii
742 1377 891 1447 (314)
939 1377 1269 1432 beatissimm
1314 1374 1514 1432 Christi
1541 1375 1788 1432 dilectri-
1891 1385 1992 1447 est,
2027 1378 2202 1434 sacris
2233 1379 2482 1451 reliquiis
2518 1379 2573 1434 in
2604 1379 2807 1434 annulo
2827 1380 3133 1451 composuit
3153 1380 3350 1453 saepius
3379 1397 3490 1437 me-

194 1464 271 1519 cis
300 1464 484 1520 Mariae
514 1464 853 1538 Magdalenen
883 1465 992 1521 duo
1008 1465 1287 1521 mordicus
1325 1464 1561 1520 excussit
1597 1463 1788 1519 frusta.
1889 1472 2118 1521 morato.
2151 1465 2286 1521 Cum
2317 1475 2498 1522 autem
2528 1468 2649 1524 vice
2690 1468 2925 1540 quadam
2957 1483 2990 1523 a
3017 1468 3263 1539 partibus
3299 1475 3486 1525 trans-

192 1553 375 1624 Ipsum
399 1562 578 1608 autem
611 1569 673 1609 os
700 1554 880 1608 nullus
911 1562 1036 1609 tunc
1065 1553 1437 1626 praesentium;
1481 1552 1567 1608 vel
1597 1552 1786 1618 abbas,
1890 1553 2118 1608 marinis
2176 1555 2417 1611 venisset
2475 1556 2832 1622 Lincolniam,
2864 1557 3009 1612 hunc
3046 1557 3304 1613 annulum
3333 1573 3487 1614 more

190 1642 285 1697 vel
304 1643 606 1698 monachus
635 1642 930 1714 aliquando
958 1643 1273 1714 inspexerat
1298 1641 1541 1715 tegmine
1561 1642 1783 1696 nudum.
1889 1642 2119 1698 solemni
2147 1642 2204 1698 in
2233 1650 2430 1699 munus
2455 1645 2721 1699 obtulerat
2750 1660 2917 1716 super
2947 1644 3119 1702 altare
3150 1646 3325 1702 beatae
3357 1647 3484 1704 Vir-

188 1731 319 1785 Erat
349 1730 492 1786 enim
514 1729 821 1803 duplicibus
840 1731 1036 1803 pannis
1067 1731 1260 1786 sericis
1290 1738 1343 1785 et
1370 1730 1515 1786 lineo
1555 1729 1788 1801 simplici
1890 1732 2035 1805 ginis
2059 1732 2309 1788 similiter
2338 1732 2414 1787 ibi
2444 1733 2861 1790 asservandum.
2894 1735 3065 1805 Hujus
3102 1743 3292 1806 postea
3324 1735 3484 1792 obla-

189 1819 499 1876 arctissime
526 1820 786 1875 insutum.
846 1820 1010 1889 Cujus
1054 1820 1448 1891 inspectionem
1505 1819 1633 1874 dum
1665 1819 1784 1891 epi-
1818 1846 1863 1904 Β
1887 1820 2050 1875 tionis
2080 1820 2382 1887 immemor,
2409 1822 2587 1892 ipsum
2645 1839 2861 1895 quoque
2907 1823 3066 1878 toties
3120 1832 3483 1880 memoratum

190 1923 360 1981 scopo
388 1907 649 1981 ﬂagitanti
681 1908 937 1964 exhibere
968 1908 1147 1963 nullus
1175 1908 1414 1976 auderet,
1454 1907 1562 1975 ille,
1598 1923 1630 1963 a
1652 1922 1784 1980 quo-
1887 1908 2145 1964 annulum
2177 1910 2655 1966 Carthusiensibus
2687 1927 2810 1967 cum
2832 1912 3042 1968 caeteris
3071 1912 3190 1967 dari
3238 1912 3483 1986 reliquiis

189 1998 316 2052 dam
345 1997 559 2052 notario
618 2013 717 2052 suo
774 1996 1094 2069 scalpellum
1126 1996 1411 2068 arripiens,
1471 1996 1786 2052 festinanter
1884 1997 2190 2070 imperavit.
2223 1998 2359 2055 Cum
2387 2007 2568 2055 autem
2614 2001 2681 2054 ad
2730 2001 3045 2057 memoriam
3093 2001 3144 2056 ei
3173 2001 3483 2058 reduxisset

188 2084 281 2141 ﬁla
324 2085 609 2153 dissecuit,
645 2094 807 2158 atque
864 2084 1161 2143 involutum
1219 2086 1350 2141 illud
1381 2086 1654 2155 dissucns,
1690 2101 1784 2140 sa-
1886 2088 2186 2143 monachus
2217 2104 2347 2143 suus
2380 2089 2550 2160 (317),
2583 2089 2828 2160 ipsorum
2852 2106 3133 2146 sacrorum
3164 2099 3368 2159 custos,
3400 2090 3482 2147 fa-

182 2173 553 2230 cratissimum
582 2190 647 2230 os
680 2175 763 2229 ori
806 2181 859 2230 et
888 2174 1090 2231 osculis
1121 2174 1231 2230 suis
1261 2181 1576 2230 reverenter
1606 2173 1787 2246 appli-
1887 2184 2030 2231 ctam
2061 2176 2129 2231 ab
2172 2192 2238 2231 eo
2295 2177 2507 2249 pridem
2565 2178 2749 2233 annuli
2804 2179 3188 2247 donationem,
3221 2180 3479 2235 annulum

188 2262 317 2318 cuit.
354 2268 399 2317 A
431 2278 537 2335 quo
567 2263 695 2318 dum
726 2263 1089 2334 impressione
1144 2263 1439 2337 digitorum
1469 2262 1603 2318 nihil
1659 2262 1784 2335 qui-
1878 2265 2041 2333 jussit
2061 2264 2326 2322 Ecclesia
2359 2266 2726 2322 Lincolnicnsi
2757 2267 2965 2323 restitui
2991 2285 3005 2322 :
3037 2268 3316 2340 capsulam
3346 2285 3479 2325 vero

187 2352 359 2407 visset
389 2360 664 2420 excutere,
698 2352 850 2424 prius
870 2352 1147 2421 incisivos,
1172 2352 1369 2408 deinde
1390 2351 1629 2408 molares
1647 2352 1785 2407 den-

180 2449 268 2497 tes
299 2442 568 2514 apposuit,
601 2457 835 2514 quorum
882 2440 1090 2497 viribus
1119 2441 1255 2497 duas
1312 2440 1438 2497 inde
1465 2441 1622 2498 citius
1649 2457 1781 2514 por-

180 2531 359 2586 tiones
390 2530 627 2602 abrupit,
663 2546 800 2603 quas
825 2530 1062 2586 dextera:
1080 2530 1183 2585 ista
1204 2529 1489 2586 scribentis
1521 2530 1669 2602 (315)
1701 2530 1784 2586 in-

179 2619 323 2685 tulit,
356 2619 426 2674 ita
474 2619 664 2675 dicens
699 2636 712 2675 :
753 2642 773 2666 u
810 2619 982 2675 Serva
1012 2619 1171 2674 nobis
1217 2620 1335 2676 haec
1391 2619 1716 2691 perOptime.
1753 2641 1776 2670 ι

176 2707 481 2764 Cernentes
511 2723 645 2763 vero
679 2708 784 2765 hoc
841 2708 1010 2763 abbas
1031 2716 1083 2763 et
1126 2708 1398 2775 monachi,
1426 2709 1540 2778 jam
1569 2709 1780 2780 pridem

175 2804 461 2869 stupentes
495 2804 547 2852 et
566 2796 769 2868 pavidi,
802 2813 946 2851 nunc
976 2812 1105 2852 vero
1127 2796 1414 2852 saevientes
1445 2803 1497 2852 et
1517 2796 1660 2865 irati,
1680 2813 1779 2852 ex-

174 2886 553 2943 clamaverunt
588 2901 601 2940 :
640 2905 661 2936 ι
697 2886 840 2941 Proh
861 2884 1048 2941 nefas!
1074 2886 1434 2940 credebamus
1463 2886 1779 2957 episcopum

173 2974 546 3031 venerationis
578 2974 801 3030 obtentu
822 2973 1114 3046 expetiisse
1136 2974 1252 3029 hanc
1284 2989 1445 3029 sacra
1467 2973 1773 3041 referenda,

171 3072 224 3119 et
254 3078 385 3119 ecce
413 3062 519 3117 ritu
551 3063 746 3119 canino
778 3064 892 3119 hazc
914 3063 1167 3117 dentibus
1197 3062 1415 3117 tradidit
1444 3062 1720 3118 lanianda.
1750 3084 1771 3112 ν

170 3152 326 3222 Quos
347 3152 473 3208 talia
503 3158 901 3224 prosequentes
923 3152 1013 3207 ille
1044 3151 1256 3206 blandis
1280 3151 1622 3207 sermonibus
1640 3151 1775 3208 deli-

169 3241 326 3308 nivit,
374 3241 561 3297 dicens
611 3241 750 3297 inter
795 3249 990 3297 caetera
1034 3241 1262 3296 verbum
1305 3241 1661 3297 memorabile
1697 3256 1709 3295 :
1752 3264 1772 3292 ι

171 3331 249 3398 Si,
287 3330 477 3403 inquit,
512 3329 684 3402 ipsius
719 3331 903 3387 Sancti
952 3338 1266 3387 sanctorum
1297 3330 1461 3401 paulo
1492 3338 1614 3385 ante
1645 3346 1774 3387 cor-

164 3436 270 3492 pus
291 3419 697 3475 sanctissimum
741 3418 926 3491 digitis
977 3418 1101 3474 licet
1140 3418 1381 3491 indignis
1411 3419 1773 3475 contrectavi-

169 3525 310 3575 mus,
344 3507 600 3563 dentibus
629 3523 846 3580 quoque
878 3507 966 3563 vel
996 3506 1154 3561 labiis
1175 3514 1517 3563 attrectatum
1549 3508 1618 3562 ad
1637 3508 1774 3563 inte-

166 3598 310 3654 riora
328 3606 515 3653 nostra
535 3597 952 3663 transmisimus,
974 3612 1138 3669 quare
1163 3611 1273 3651 non
1289 3597 1447 3651 etiam
1463 3605 1773 3653 sanctorum

165 3687 282 3755 ejus
300 3685 549 3741 membra
567 3685 636 3740 ad
658 3684 827 3740 nostri
844 3684 1118 3740 munimen
1141 3692 1193 3739 et
1212 3685 1452 3756 ipsorum
1472 3685 1772 3742 veneratio-

161 3790 285 3829 nem
318 3782 482 3847 atque
506 3774 824 3829 memoriam
853 3773 1010 3828 nobis
1043 3773 1343 3844 impensius
1375 3774 1771 3847 conciliandam

162 3861 480 3920 fiducialiter
530 3869 898 3929 attrectamus,
946 3869 996 3917 ct
1025 3861 1208 3917 debito
1240 3878 1361 3918 cum
1408 3862 1613 3918 honore
1646 3879 1768 3918 ser-

231 4043 375 4105 (515)
414 4047 552 4096 Nunc
598 4047 926 4103 Fiscamnum,
969 4046 1110 4101 vulgo
1155 4047 1358 4104 Fescan,
1406 4060 1494 4097 seu
1538 4048 1766 4111 Fécamp,

159 4124 248 4174 pro
268 4112 573 4173 virginibus,
601 4113 732 4163 circa
775 4125 954 4164 annum
989 4112 1089 4163 658
1129 4113 1402 4177 fundatum,
1446 4127 1574 4165 nunc
1601 4126 1770 4165 mona-

160 4179 367 4229 chorum
395 4181 501 4230 ord.
530 4181 582 4230 8.
611 4180 794 4230 Bened.
822 4194 849 4230 a
872 4193 956 4230 sua
976 4180 1081 4242 jam
1119 4180 1234 4231 inde
1266 4182 1642 4243 restauratione,
1673 4195 1769 4233 sae-

163 4245 270 4314 culo
296 4259 332 4295 x
357 4245 511 4296 facta.
568 4245 682 4298 Vide
724 4247 971 4314 Habillon.
1009 4250 1130 4298 tom.
1156 4248 1175 4296 l
1202 4248 1378 4298 Annal.
1420 4248 1623 4313 Bened.,
1652 4261 1765 4314 pag.

160 4310 280 4375 M7,
307 4315 360 4363 et
385 4315 497 4362 tom.
534 4314 592 4375 ll,
622 4327 672 4376 p.
708 4313 829 4377 510,
853 4326 911 4364 ac
935 4315 1107 4365 iterum
1129 4318 1228 4365 tom
1250 4314 1329 4377 ιν,
1358 4328 1407 4377 p.
1437 4316 1550 4365 152.

230 4394 379 4461 (514)
413 4398 555 4448 Plura
590 4397 651 4448 de
677 4399 913 4460 reliquiis,
953 4398 1067 4459 quin
1092 4403 1141 4449 et
1173 4399 1234 4448 de
1267 4398 1480 4449 brachiis
1502 4401 1556 4450 Β.
1603 4402 1766 4453 Mariae

161 4464 463 4525 Magdalena:
489 4469 747 4515 recensent
770 4466 1090 4527 Bollandiani,
1117 4471 1160 4515 t.
1189 4467 1245 4524 V,
1288 4467 1470 4516 mensis
1499 4468 1626 4518 Julii.
1676 4470 1766 4520 Ve-

162 4542 271 4581 rum
296 4532 357 4581 de
382 4533 474 4581 hoc
500 4544 607 4581 osse
634 4532 820 4582 brachii
858 4533 989 4583 nulla
1014 4532 1193 4582 abillis
1216 4532 1272 4582 ﬁt
1291 4534 1493 4583 mentio.

228 4611 372 4677 (515)
399 4615 622 4679 Scipsum
649 4619 818 4665 auctor
842 4616 1089 4678 intelligit.
1117 4617 1256 4667 Unde
1283 4619 1333 4667 et
1368 4618 1473 4667 haec
1500 4620 1628 4670 actio
1662 4632 1760 4672 uno

160 4682 398 4733 extribus
424 4683 680 4744 postremis
705 4685 814 4732 vitae
836 4684 888 4733 S.
918 4684 1133 4747 Hugonis
1158 4685 1299 4734 annis
1329 4685 1550 4746 contigit.

226 4766 369 4832 (516)
398 4768 538 4827 Apud
567 4767 776 4833 burgum
800 4767 850 4818 S.
880 4768 1043 4818 Petri.
1078 4767 1360 4819 Coanobium
1380 4781 1468 4831 per
1504 4772 1758 4834 antiquum

158 4834 265 4884 0rd.
293 4835 347 4884 8.
390 4834 572 4884 Bencd.
598 4835 648 4883 in
674 4834 866 4896 Anglia,
893 4836 1014 4885 alias
1050 4835 1232 4887 dictum
1257 4838 1663 4899 Petroburgense,
1700 4840 1760 4889 de

157 4913 250 4963 quo
275 4900 582 4951 Mabillonius
620 4904 739 4951 tom.
766 4902 783 4951 Ι
810 4902 985 4952 Annal.
1028 4903 1231 4964 Bened,
1270 4903 1331 4953 ad
1352 4916 1433 4953 an.
1466 4906 1584 4955 655.
1614 4906 1754 4957 Aliud

158 4967 473 5028 estejusdem
502 4967 679 5017 ibidem
706 4969 889 5019 ordinis
932 4972 984 5019 8.
1026 4971 1155 5019 Petri
1183 4973 1528 5021 monasterium
1563 4973 1761 5023 Gloces-

154 5036 339 5084 trense.
369 5035 437 5084 De
463 5034 632 5096 priori.
660 5036 849 5086 scilicet
886 5037 1259 5098 Petroburgcnsi
1304 5038 1455 5088 fusius
1500 5038 1659 5100 agitur
1709 5041 1758 5090 in

159 5100 411 5150 Monastici
438 5100 691 5161 Anglicani
719 5104 756 5151 t.
785 5102 824 5164 l,
850 5115 905 5165 p.
940 5104 1025 5164 63,
1066 5115 1128 5153 ex
1154 5116 1250 5165 quo
1273 5104 1542 5155 clausulam
1589 5107 1715 5157 addo
1739 5120 1753 5157 :

159 5181 179 5233 ε
206 5171 347 5217 Anno
365 5167 485 5226 970,
513 5168 567 5216 8.
599 5167 906 5219 Adelwoldus
939 5170 1192 5233 episcopus
1218 5171 1481 5221 Wintonia:
1506 5174 1758 5224 transtulit

155 5232 213 5282 de
255 5233 537 5302 cmmrterio
582 5234 629 5302 in
669 5235 924 5285 ecclesiam
961 5232 1196 5298 reliquias
1235 5239 1288 5287 8.
1333 5239 1594 5302 Swithuni,
1634 5244 1753 5301 etc.,

160 5300 515 5372 monasterium
562 5300 707 5372 etiam
732 5303 817 5372 _de
854 5303 1276 5372 Medeshamstede
1314 5300 1754 5372 (Petroburgense)

154 5371 434 5434 restaurare
460 5368 624 5428 coepit,
654 5371 704 5418 et
728 5368 932 5429 burgum
958 5370 1010 5419 S.
1038 5372 1168 5421 Petri
1194 5372 1479 5434 appellavit,
1505 5384 1632 5422 anno
1666 5368 1756 5424 de-

154 5432 412 5482 solationis
434 5445 535 5482 sua:
561 5434 813 5495 aequaliter
849 5436 1143 5486 centesimo.
1177 5452 1203 5484 io
1227 5432 1362 5487 Hanc
1402 5439 1754 5490 desolationem

155 5498 334 5548 factam
362 5498 424 5548 ad
447 5511 627 5549 annum
651 5503 747 5551 770
768 5502 920 5551 refert
945 5503 1251 5553 Mabillonius
1277 5511 1314 5554 t.
1344 5506 1407 5555 lll
1445 5506 1625 5556 Annal.
1664 5508 1757 5556 Be-

156 5564 293 5626 ned.,
318 5578 369 5628 p.
404 5564 522 5614 167.
548 5567 697 5617 Porro
733 5568 793 5617 de
822 5570 1125 5620 monasterio
1149 5573 1201 5621 S.
1246 5572 1375 5621 Petri
1422 5573 1753 5623 Gloccstrensi

153 5632 312 5691 agitur
339 5632 391 5683 in
418 5633 670 5683 Monastici
718 5634 860 5696 Angl.
914 5638 1037 5687 tom.
1076 5637 1114 5698 1,
1154 5650 1203 5700 p.
1245 5638 1359 5700 108,
1406 5642 1454 5689 et
1495 5639 1752 5704 asseritur,

1781 4570 1835 4630 D

1884 2369 1949 2409 ex
1979 2369 2116 2409 auro
2147 2363 2196 2410 et
2226 2355 2460 2425 gemmis
2506 2354 2878 2423 fabrefactam,
2911 2373 3034 2429 quae
3089 2357 3231 2430 apud
3258 2357 3478 2414 Lincol-

1883 2443 2026 2497 niam
2058 2442 2158 2499 fuit
2208 2443 2263 2498 in
2307 2443 2521 2499 scriniis
2566 2446 2698 2511 suis,
2744 2445 2823 2501 eis
2874 2446 3191 2502 mittendam
3218 2447 3385 2515 dedit,
3423 2447 3478 2503 in

1884 2548 1992 2603 qua
2013 2540 2414 2605 reponerentur
2445 2532 2655 2589 collatae
2682 2533 2853 2604 ipsius
2874 2534 3118 2608 reliquim
3139 2542 3471 2592 sanctorum.

1882 2619 2040 2690 Quod
2071 2621 2263 2677 eodem
2284 2623 2556 2679 monacho
2603 2629 2885 2697 satagente
2914 2631 3037 2696 post
3057 2639 3343 2681 excessum
3373 2624 3474 2681 viri

1882 2710 2054 2767 sancti
2072 2710 2352 2782 impletum
2374 2720 2475 2767 est.

2452 2856 2678 2913 CAPUT
2723 2857 2902 2913 XXII.

1876 2979 1953 3034 De
1975 2980 2108 3035 (dcis
2139 2997 2261 3056 qua;
2285 2982 2661 3056 pertransivit
2689 2981 2755 3037 de
2786 2980 3087 3056 Carthasia
3125 2984 3189 3038 in
3211 2982 3474 3056 Angliam

1948 3052 2299 3128 revertendo,
2329 3052 2471 3128 etde
2499 3054 2822 3128 θέας-981³ζί8
2838 3054 2903 3128 in
2944 3053 3164 3128 iisdem,
3197 3058 3254 3110 et
3282 3052 3471 3128 quali-

1950 3126 2040 3198 ter
2070 3125 2250 3192 fuerit
2280 3127 2585 3194 antequam
2608 3122 2963 3180 Londonium
2994 3127 3216 3181 veniret
3243 3122 3473 3198 aspritu-

1950 3193 2083 3249 dine
2113 3193 2508 3266 pergravatas.

1947 3317 2176 3388 Expleta
2204 3333 2334 3374 vero
2364 3317 2655 3391 largitione
2684 3317 2929 3389 prmfata,
2963 3319 3256 3391 episcopus
3285 3321 3355 3375 ad
3391 3320 3475 3376 in-

1875 3405 2076 3461 feriora
2107 3422 2495 3463 conversorum
2526 3407 2835 3463 habitacula
2865 3409 3119 3464 continue
3167 3409 3470 3465 descendit.

1874 3495 1974 3550 Die
1991 3504 2212 3566 postera
2233 3496 2533 3552 Carthusiaa
2555 3496 2655 3552 Dei
2686 3496 3122 3553 benedictionem
3139 3497 3469 3570 imprecans,

1875 3592 1927 3639 et
1956 3599 2110 3639 suam
2140 3584 2404 3655 largiens,
2440 3600 2667 3656 corpore
2696 3593 2853 3641 tenus
2883 3585 3137 3642 discessit
3165 3602 3196 3640 a
3225 3582 3365 3651 loco,
3416 3586 3471 3642 in

1874 3689 1982 3744 quo
2012 3674 2179 3730 corde
2202 3674 2410 3746 jugiter
2450 3674 2750 3745 permansit
2779 3682 2833 3730 et
2863 3675 3065 3731 animo.
3097 3675 3341 3748 Rogatus
3368 3692 3472 3732 au-

1872 3769 1980 3816 tem
1999 3762 2198 3832 saepius
2245 3762 2636 3818 instantissime
2681 3778 2714 3818 a
2740 3763 2857 3818 viro
2913 3762 3111 3818 devoto
3142 3770 3194 3818 et
3222 3770 3465 3831 strenuo,

1871 3849 2038 3920 priori
2068 3850 2254 3931 Sapcti
2283 3851 2523 3907 Dominii
2566 3853 2715 3922 (3l8)
2739 3859 3007 3925 quatenus
3038 3851 3281 3923 domum,
3306 3869 3471 3926 quam

1870 4025 1995 4086 quod
2023 4024 2314 4087 Etheltleda,
2335 4024 2432 4076 tilia
2459 4026 2589 4088 regis
2613 4026 2856 4087 IE'fredii,
2890 4047 2911 4070 α
2933 4039 3042 4078 ama
3064 4029 3120 4078 Β.
3146 4028 3357 4080 Oswaldi
3394 4043 3472 4081 re-

1869 4092 1944 4152 gis
1966 4104 2026 4141 ex
2052 4092 2317 4143 Bardeneia
2344 4093 2406 4142 ad
2431 4094 2525 4143 hoc
2562 4094 2902 4145 Glocestrense
2937 4096 2991 4145 S.
3019 4096 3149 4146 Petri
3195 4095 3470 4148 cmnobium

1870 4159 2196 4209 transtulerit.
2225 4173 2249 4205 ι
2274 4158 2476 4220 lbidem,
2504 4172 2615 4223 pag.
2648 4160 2762 4223 142,
2805 4162 3190 4215 Bardeneianum
3230 4168 3471 4215 monaste-

1875 4225 2051 4275 terium
2080 4224 2129 4275 in
2150 4238 2267 4288 agro
2299 4225 2629 4276 Lincolnicnsi
2671 4226 2987 4288 describitur,
3023 4242 3080 4278 ac
3121 4229 3253 4279 inter
3289 4234 3469 4283 caetera

1869 4295 2167 4360 memoratur
2196 4312 2217 4333 α
2245 4305 2420 4354 corpus
2441 4293 2494 4343 S.
2521 4292 2754 4354 Oswaldi,
2782 4294 2995 4357 primum
3019 4295 3267 4346 Bardeniae
3303 4298 3471 4360 sepul-

1867 4362 1971 4409 tum
1994 4358 2075 4408 ubi
2119 4364 2260 4409 erant
2298 4359 2345 4408 id
2372 4360 2604 4420 temporis
2646 4361 2852 4411 trecenti
2894 4362 3140 4423 monachi,
3172 4381 3194 4404 ι
3217 4366 3313 4413 etc.
3351 4358 3470 4425 Quae

1865 4425 1979 4476 dum
2003 4425 2097 4485 legi
2123 4428 2171 4475 et
2192 4425 2321 4476 inter
2347 4438 2401 4476 se
2426 4426 2625 4483 contuli,
2654 4427 2775 4490 ccepi
2795 4427 3017 4478 dubitare
3030 4428 3092 4478 de
3116 4428 3317 4479 brachio
3347 4430 3469 4483 dicti

1865 4492 1918 4542 S.
1945 4491 2175 4553 Oswaldi,
2204 4497 2364 4543 utrum
2397 4493 2446 4542 in
2473 4493 2846 4554 Petroburgensi
2890 4493 2967 4544 vel
2992 4494 3042 4545 in
3064 4494 3389 4548 Glocestrensi
3407 4498 3463 4549 S.

1866 4559 1997 4609 Petri
2020 4559 2239 4609 coenobio
2262 4559 2522 4610 exstiterit.
2550 4560 2643 4611 Sed
2670 4560 2871 4611 dubium
2912 4559 3076 4621 solvit,
3123 4564 3270 4624 quod,
3309 4567 3362 4612 ut
3385 4576 3468 4614 re-

1864 4627 1959 4676 fert
1979 4626 2279 4676 Mabillonius
2304 4629 2341 4675 t.
2381 4625 2442 4685 V,
2472 4627 2647 4677 Annal.
2688 4640 2801 4691 pag.
2830 4627 2948 4677 .175.
2983 4629 3140 4690 Caput
3172 4630 3226 4679 S.
3252 4628 3465 4682 Oswaldi

1862 4705 1957 4742 una
1986 4704 2095 4742 cum
2122 4705 2324 4754 corpore
2347 4694 2401 4743 S.
2429 4693 2704 4753 Chutberti,
2726 4705 2852 4744 anno
2881 4693 3028 4758 1001,
3057 4694 3202 4745 fuerit
3225 4694 3276 4745 in
3303 4697 3465 4747 eccle-

1861 4760 1934 4809 sia
1960 4759 2273 4810 Dunelmensi
2299 4764 2566 4823 repertum.
2593 4760 2644 4811 Si
2670 4760 2801 4811 enim
2827 4763 2974 4823 caput
3008 4762 3060 4812 S.
3103 4761 3248 4826 Regis
3286 4763 3463 4815 Dunel-

1865 4838 2015 4885 mum,
2038 4839 2126 4875 cur
2152 4839 2244 4876 non
2271 4832 2320 4878 et
2341 4826 2558 4889 ejusdem
2602 4826 2862 4878 brachium
2905 4828 2964 4879 ad
3001 4829 3347 4880 monasterium
3372 4830 3464 4881 Pe-

1862 4893 2181 4989 trpburgense
2216 4894 2370 4956 potuit
2394 4893 2651 4945 transferri
2676 4896 2779 4945 sive
2804 4894 3087 4958 Bardcneia,
3127 4896 3231 4946 sive
3260 4895 3464 4947 ϐιασθε-

1861 4959 1957 5010 tria
1981 4959 1994 5009 ἓ

1929 5064 2071 5131 (517)
2088 5062 2363 5131 {tenacitas
2397 5076 2538 5114 suus.
2567 5064 2699 5126 Quod
2724 5064 2941 5128 seipsum
2974 5069 3145 5116 auctor
3165 5066 3246 5117 hic
3268 5066 3460 5131 innuat,

1858 5131 1978 5180 satis
2020 5126 2238 5181 indicant
2279 5132 2572 5192 sequentia:
2604 5152 2625 5173 ι
2658 5126 2999 5193 Quod—eodem
3055 5134 3293 5184 monacho
3321 5126 3461 5185 sata;

1860 5201 2003 5259 gente
2027 5204 2138 5260 post
2174 5209 2424 5266 excessum
2476 5198 2567 5247 viri
2591 5199 2748 5266 sancti
2794 5198 3046 5260 impletum
3081 5204 3173 5250 est.
3204 5216 3223 5246 ι
3259 5202 3459 5252 Auctori

1859 5265 2038 5331 ctenim
2065 5270 2243 5330 quanta
2269 5265 2406 5326 Ηυεο
2431 5270 2541 5316 ante
2583 5265 2768 5316 obitum
2800 5277 2939 5317 suum
2979 5266 3301 5331 commiserit,
3327 5267 3458 5320 intra

1857 5329 2059 5381 dicetur.

1924 5434 2061 5495 (318)
2088 5435 2217 5485 Cella
2242 5438 2336 5494 est,
2363 5434 2441 5483 cui
2464 5433 2722 5495 aliquando
2763 5435 2957 5497 praefuit
2991 5436 3162 5487 Petrus
3184 5437 3456 5489 Venerabi-

1855 5499 1915 5550 lis
1939 5500 2092 5569 abbas
2116 5500 2465 5551 Cluniacensis.
2494 5501 2572 5569 De
2587 5502 3009 5569 ouo_M.:billonius
3027 5505 3153 5569 tom.
3173 5504 3232 5566 V,
3253 5505 3453 5569 Annal.,

1857 5580 1906 5630 p.
1936 5568 2025 5616 111
2059 5586 2069 5615 :
2099 5569 2401 5618 Constitutus
2442 5569 2533 5627 est,
2560 5566 2734 5629 inquit,
2762 5567 2938 5618 deinde
2964 5567 3101 5619 cella:
3133 5570 3193 5622 dc
3237 5566 3452 5625 Domena

1855 5634 2076 5685 diwcesis
2093 5634 2558 5697 GratianOpolitana:
2584 5636 2894 5704 praepositus.
2933 5650 2960 5680 ι)
