3938 6406
447 348 587 403 108³7

1347 345 1403 401 S.
1432 343 1748 404 HUGONIS
1786 343 2003 401 EPISC.
2045 343 2367 402 LINCOLN.
2402 344 2567 402 0RD.
2600 345 2848 403 CARTH.

3607 351 3747 404 1088

443 471 694 544 regebat,
728 470 952 529 visitare
968 470 1273 543 praesentiae
1301 487 1415 528 sum
1444 471 1770 545 dignaretur
1790 485 2041 537 accessu,
2064 471 2120 533 Α
2148 470 2408 527 tolluntur
2434 470 2740 543 praeconiis.
2774 469 3106 527 Asserebant
3144 485 3361 542 quoque
3393 469 3539 525 illius
3566 470 3747 528 adhuc

448 560 520 617 ad
549 561 666 629 ejus
697 560 888 617 cellam
916 560 1155 617 divertit.
1191 559 1294 629 Qui
1324 576 1448 615 eum
1476 576 1586 615 una
1617 576 1740 615 cum
1785 558 2046 614 fratribus

451 649 566 704 suis
594 648 900 719 suscipiens
942 648 1252 704 obviatione
1307 648 1540 703 solemni
1597 648 1743 703 velut
1789 646 2045 718 angelum

451 736 571 803 Dei,
606 736 719 808 egit
747 753 870 791 cum
893 753 958 792 eo
981 737 1125 792 diem
1154 737 1454 792 solemnem
1485 736 1541 790 in
1569 736 1753 791 cordis
1783 735 1966 791 laztitia
1993 742 2047 790 et

452 824 804 880 exsultatione
854 824 1140 896 spirituali.
1201 824 1537 895 Disponebat
1567 840 1697 879 vero
1755 824 2047 895 episcopus

453 912 687 968 invisere
717 929 935 985 quoque
954 912 1559 968 Willam-Behedictam
1587 914 1771 983 (3t9);
1804 912 1883 967 sic
1903 911 2048 967 enim

453 1009 681 1057 vocatur
710 1001 868 1067 cella,
900 1001 957 1056 in
984 1017 1093 1074 qua
1117 1016 1288 1057 sacrae
1315 1000 1596 1072 religionis
1615 1000 1803 1055 libavit
1822 1000 2050 1071 primor-

452 1089 560 1145 dia.
596 1089 845 1146 Dictante
873 1105 1002 1146 vero
1032 1088 1242 1145 ratione
1272 1089 1479 1144 itineris
1524 1089 1672 1159 prius
1707 1088 1952 1160 perrexit
1976 1088 2047 1143 ad

453 1177 754 1244 castellum,
786 1178 930 1250 quod
952 1177 1130 1233 fuerat
1160 1177 1333 1231 Patris
1355 1177 1456 1246 sui,
1490 1177 1546 1231 in
1577 1193 1685 1248 quo
1705 1177 2047 1232 mansionem

450 1265 747 1333 habebant,
780 1274 833 1321 et
861 1282 969 1321 non
998 1266 1270 1322 modicam
1296 1264 1722 1321 dominationem
1740 1266 1848 1320 duo
1879 1265 2049 1336 ipsius

454 1354 725 1427 germani,
758 1353 1073 1410 Willelmus
1100 1354 1353 1410 videlicet
1382 1362 1435 1408 et
1471 1355 1681 1408 Petrus.
1714 1352 1781 1407 Hi
1829 1369 2049 1424 semper

454 1444 762 1516 Hugonem,
796 1451 984 1516 utpote
1032 1442 1237 1498 milites
1282 1442 1509 1506 strenui,
1553 1442 1629 1496 ita
1676 1441 1744 1496 ad
1802 1441 2049 1496 veritatis

452 1546 671 1586 cursum
700 1531 925 1588 incitare
952 1531 1286 1604 gaudebant,
1318 1538 1378 1585 ut
1426 1530 1565 1585 solet
1619 1529 1859 1585 admisso
1889 1530 2049 1585 subdi

452 1619 808 1692 calcarequo.
843 1620 889 1675 Ο
926 1619 1141 1691 quoties
1186 1618 1295 1683 isti,
1353 1633 1463 1674 non
1516 1625 1723 1673 tantum
1766 1618 2045 1688 episcopo,

455 1707 552 1763 sed
584 1715 636 1763 et
667 1707 991 1764 consiliariis
1029 1721 1247 1779 quoque
1275 1706 1465 1777 ipsius,
1498 1714 1551 1761 et
1579 1714 1880 1778 praasentes
1919 1723 2049 1779 sug-

2147 559 2339 630 primae
2357 559 2533 615 aetatis
2565 559 2716 615 initia
2775 560 3007 631 quadam
3064 559 3241 614 insitae
3292 557 3504 613 virtutis
3558 558 3745 630 lingua

2148 647 2340 703 futurae
2395 648 2697 703 sanctitatis
2735 648 2790 702 in
2831 663 2897 703 eo
2956 646 3337 717 pronuntiasse
3386 646 3639 717 insignia.
3676 648 3747 700 At

2149 735 2241 791 ille
2270 743 2506 792 castrum
2533 744 2788 807 repentes
2808 735 2987 791 denuo
3008 742 3390 806 praenotatum,
3414 750 3521 789 una
3540 735 3743 789 ibidem

2149 831 2307 880 nocte
2340 824 2563 895 quievit.

2221 912 2349 967 inde
2372 913 2483 981 jam
2514 912 2763 968 festinato
2785 912 2839 967 in
2869 912 3122 986 Angliam
3162 911 3411 979 tendens,
3445 914 3514 968 ad
3546 913 3745 969 Belen-

2150 1016 2263 1055 sem
2287 1002 2438 1071 (320)
2468 1001 2640 1056 altera
2676 1000 2969 1056 metatione
2999 1001 3218 1057 devenit
3250 1001 3455 1055 urbem.
3502 1001 3581 1055 Ibi
3618 1017 3746 1056 cra-

2151 1097 2257 1143 tem
2291 1090 2443 1159 (321)
2475 1088 2715 1144 dimidia:
2751 1104 2947 1143 manus
2975 1089 3331 1160 praecursoris
3359 1088 3576 1145 Domini
3621 1105 3747 1145 cum

2150 1177 2337 1247 digitis
2366 1177 2556 1243 tribus,
2588 1178 2769 1232 medio
2814 1177 3023 1233 scilicet
3081 1185 3136 1231 et
3188 1176 3332 1231 binis
3377 1177 3742 1243 inferioribus,

2150 1280 2282 1321 cure
2310 1264 2487 1320 adhuc
2518 1265 2686 1321 nitide
2716 1265 2981 1333 vestitam,
3022 1266 3303 1336 suscipere
3332 1265 3528 1321 meruit
3584 1281 3747 1320 oscu-

2150 1352 2395 1408 landum.
2456 1352 2631 1421 Quam
2690 1353 3060 1425 discooperire
3116 1353 3425 1424 nudamque
3479 1353 3663 1408 videre
3716 1369 3751 1407 a

2148 1441 2394 1512 pluribus
2426 1450 2568 1496 retro
2598 1443 2757 1497 annis
2783 1457 2946 1497 nemo
2975 1441 3228 1497 audebat.
3265 1444 3464 1497 Verum
3492 1442 3746 1512 pedisse-

2151 1545 2291 1601 quus
2334 1538 2388 1584 et
2435 1530 2654 1585 vernula
2715 1530 2888 1601 ipsius
2933 1530 3113 1601 Hugo,
3198 1529 3457 1601 peculiari
3503 1530 3748 1602 ﬂagrans

2150 1633 2343 1673 amore
2366 1618 2450 1672 sui
2470 1618 2701 1689 patroni,
2751 1617 3114 1689 fiduciamque
3170 1634 3299 1690 erga
3346 1618 3524 1689 ipsum
3553 1626 3749 1673 nactus

2151 1706 2487 1775 ulteriorem,
2519 1707 2623 1761 hoc
2652 1705 2835 1761 facere
2862 1706 3087 1761 minime
3134 1705 3461 1773 formidavit,
3495 1721 3747 1778 congau—

450 1803 768 1868 gesserunt,
798 1803 860 1851 et
890 1795 1148 1850 absentes
1168 1794 1582 1861 mandaverunt,
1612 1811 1681 1849 ne
1705 1794 1761 1849 in
1789 1794 2048 1849 falsorum
2069 1825 2121 1884 B
2152 1795 2408 1849 dentibus
2439 1810 2571 1849 sane
2593 1794 2867 1850 canonicis
2894 1794 3067 1865 ipsius
3085 1794 3373 1860 Ecclesize,
3404 1794 3551 1865 quod
3572 1794 3747 1848 virum

454 1884 682 1941 fratrum
714 1900 811 1939 seu
839 1882 1147 1940 crudelium
1202 1882 1547 1938 dominorum
1575 1882 2048 1953 persecutionibus

451 1973 635 2029 animo
663 1972 781 2044 ipse
825 1970 1155 2027 lassaretur!
1190 1971 1527 2026 Asserebant
1555 1970 1720 2027 inalle
1767 1987 1828 2025 se
1860 1979 2048 2025 natum

454 2061 632 2134 ipsum
654 2075 765 2116 non
783 2059 969 2126 fuisse,
997 2075 1160 2131 quam
1192 2075 1315 2113 eum
1338 2066 1528 2114 contra
1548 2059 1760 2114 natales
1782 2059 2049 2130 ingenuos

455 2151 527 2206 ad
556 2148 965 2221 depressionem
994 2147 1260 2203 libertatis
1318 2146 1832 2213 ecclesiasticorum,
1864 2148 1951 2203 vel
1979 2148 2049 2202 ad

455 2245 790 2294 momentum
817 2237 1001 2292 animo
1025 2236 1394 2309 degenerante
1410 2235 1666 2291 cessisse.
1700 2235 1783 2291 Ad
1812 2237 1913 2291 hos
1946 2235 2050 2306 igi-

452 2336 547 2383 tur
566 2325 877 2397 hospitandi
904 2324 1076 2396 gratia
1112 2327 1359 2391 veniens,
1392 2340 1501 2380 non
1556 2324 1785 2379 istorum
1840 2324 2049 2379 solum-

452 2414 638 2480 modo,
664 2414 762 2469 sed
792 2421 845 2468 et
874 2412 1156 2478 nobilium,
1215 2412 1576 2468 mediocrium
1606 2419 1658 2467 et
1709 2410 2047 2467 infirmorum

454 2503 579 2559 loca
606 2501 786 2558 vicina
815 2501 1066 2567 accessit,
1116 2508 1170 2555 et
1219 2500 1571 2556 incolentium
1630 2498 1884 2555 uniformi
1913 2515 2049 2555 con-

455 2590 817 2665 gratulatione
859 2589 1166 2661 suscipitur,
1200 2603 1233 2644 a
1281 2589 1479 2661 quibus
1538 2596 1592 2644 et
1634 2588 1798 2644 biduo
1846 2588 2050 2643 ibidem

454 2679 744 2735 detinetur.

524 2768 626 2823 Die
655 2767 876 2841 demum
905 2767 1067 2822 tertia
1095 2766 1164 2821 ad
1211 2765 1527 2822 canonicam
1557 2765 1805 2837 pervenit
1862 2765 2048 2820 Villm-

446 2855 776 2921 Benedicta),
811 2870 969 2928 quam
1000 2855 1108 2911 loci
1135 2854 1329 2910 incolte
1360 2854 1781 2926 Vilarborneyth
1838 2852 2049 2924 vulgari

446 2945 731 3018 appellant
760 2944 1000 3000 nomine.
1028 2945 1144 2999 Nec
1160 2951 1243 2998 est
1265 2943 1412 2999 dictu
1434 2942 1614 3009 facile,
1638 2950 1899 3014 quantum
1917 2958 2049 2996 suus

454 3035 722 3091 adventus
750 3032 1063 3104 praestiterit
1092 3031 1410 3103 tripudium,
1457 3047 1566 3087 non
1597 3032 1773 3087 solum
1803 3031 2049 3100 ejusdem

446 3123 555 3179 loci
591 3122 806 3189 incolis,
859 3121 968 3176 imo
999 3128 1051 3175 et
1080 3119 1334 3175 omnibus
1370 3119 1790 3191 circumquaque
1829 3119 2045 3175 vicinis.

2151 1882 2486 1954 reperissent
2508 1890 2669 1938 tantae
2698 1883 2964 1953 puritatis,
2997 1882 3088 1954 qui
3117 1883 3221 1938 hoc
3252 1890 3516 1938 attentare
3546 1882 3754 1954 dignis-

2147 1971 2286 2027 sime
2304 1970 2588 2042 potuisset.
2626 1971 2911 2026 Praamissa
2931 1971 3097 2044 igitur
3132 1978 3477 2041 peccatorum
3526 1968 3751 2025 confes-

2150 2059 2326 2128 sione,
2360 2058 2721 2123 absolutione,
2756 2067 2810 2114 et
2852 2059 3097 2114 oratione
3126 2059 3431 2127 subjuncta,
3493 2073 3755 2114 revereno

2149 2147 2279 2202 dum
2319 2147 2451 2201 illud
2509 2147 2896 2214 sanctuarium,
2930 2147 3169 2219 tegmine
3228 2147 3505 2214 nudatum,
3539 2145 3753 2202 cunctis

2153 2236 2514 2306 praesentibus
2558 2235 2737 2306 palam
2792 2235 3187 2306 inspiciendum
3233 2234 3558 2290 ostenditur.
3592 2235 3750 2305 lpsos

2151 2336 2370 2391 quoque
2401 2320 2677 2384 articulos,
2711 2319 2801 2391 qui
2831 2319 3124 2392 tetigerant
3166 2326 3413 2374 sanctum
3444 2318 3544 2373 Dei
3575 2318 3751 2373 verti-

2153 2424 2295 2474 cem,
2358 2408 2651 2479 episcopus
2708 2407 2896 2480 digitis
2951 2407 3063 2461 suis
3138 2416 3386 2479 tangere,
3435 2406 3752 2484 osculisque

2153 2496 2419 2561 lambere,
2452 2511 2801 2568 nequaquam
2829 2496 3136 2551 verebatur.
3196 2497 3335 2551 Data
3364 2495 3531 2550 etiam
3588 2502 3756 2550 caete-

2148 2586 2227 2640 ris
2260 2584 2658 2650 benedictione,
2691 2584 2783 2656 qui
2812 2584 3165 2641 circumcirca
3209 2582 3370 2655 proni
3426 2583 3750 2650 adorabant,

2150 2673 2271 2745 ipse
2300 2673 2353 2728 in
2384 2673 2616 2728 sublime
2663 2673 2786 2728 illos
2827 2673 3164 2746 porrigebat,
3195 2680 3249 2728 et
3296 2688 3397 2727 nos
3425 2672 3664 2742 desuper
3693 2672 3754 2725 in

2150 2762 2328 2817 crucis
2349 2762 2574 2817 modum
2603 2762 2809 2817 eisdem
2841 2761 3218 2834 consignabat.
3243 2761 3322 2816 De
3351 2760 3591 2832 quodam
3622 2759 3751 2831 qui-

2149 2851 2276 2905 dem
2303 2866 2484 2921 panno
2513 2866 2789 2921 purpureo
2817 2859 2980 2921 atque
3009 2849 3394 2914 vetustissimo,
3427 2848 3519 2921 qui
3548 2847 3749 2902 diutis—

2150 2939 2286 2994 sime
2314 2938 2439 2994 huic
2468 2938 2781 2994 sanctuario
2799 2979 2814 3005 ,
2844 2937 2980 2992 illud
3009 2937 3262 3008 tegendo,
3293 2936 3598 3003 inhaeserat,
3635 2951 3754 2990 non

2149 3027 2420 3082 modicam
2478 3026 2780 3097 portionem
2836 3025 3040 3091 incidit,
3100 3041 3263 3096 quam
3319 3040 3418 3079 suo
3475 3025 3757 3080 monacho

2153 3131 2363 3170 summa
2392 3131 2514 3170 cum
2545 3114 2833 3170 devotione
2862 3114 3298 3185 amplectendam
3328 3114 3495 3169 dedit.

448 3211 612 3267 Dedit
640 3179 823 3265 autem
856 3209 1121 3265 Ecclesia:
1174 3208 1251 3263 illi
1294 3179 1678 3263 bibliothecam
1810 3224 1858 3263 ε.
1894 3208 2053 3263 codi-
2079 3179 2127 3240 Ο
2228 3204 2289 3258 In
2332 3205 2436 3259 hoc
2491 3211 2668 3259 autem
2699 3204 2889 3258 itinere
2940 3179 3173 3275 quatuor
3202 3203 3285 3257 sui
3314 3201 3522 3257 ordinis
3550 3201 3751 3257 domos

448 3315 566 3356 cem
589 3314 874 3354 sacrorum
892 3298 1230 3367 Bibliorum),
1250 3297 1441 3353 decem
1470 3304 1835 3368 comparatam
1855 3296 2054 3351 marcis

447 3382 681 3456 argenti.
714 3381 907 3437 Invisit
933 3389 986 3437 et
1006 3381 1277 3449 cellulam,
1309 3381 1483 3450 cujus,
1513 3387 1573 3435 ut
1601 3395 1769 3451 supra
1798 3379 2049 3445 diximus,

446 3472 749 3544 prioratum
785 3471 1060 3543 quondam
1080 3470 1404 3526 adolescens
1421 3475 1693 3542 gesserat,
1728 3483 1848 3539 quae
1879 3468 2052 3523 nomi-

447 3568 606 3616 natur
633 3560 703 3615 ad
737 3567 984 3615 sanctum
1015 3558 1326 3613 Maximum.
1361 3559 1422 3612 In
1452 3557 1537 3612 bis
1573 3572 1704 3612 vero
1724 3556 1858 3611 locis
1878 3555 2052 3611 valla-

446 3649 721 3705 banteum
756 3648 860 3703 viri
890 3647 1154 3718 decrepiti
1197 3654 1253 3702 et
1306 3662 1469 3702 senes
1497 3660 1633 3700 cano
1689 3645 1884 3716 capite,
1918 3661 2052 3700 anus

448 3738 610 3794 etiam
641 3737 885 3793 incurvae
917 3743 970 3790 et
1017 3735 1270 3790 mulieres
1302 3734 1459 3789 annis
1506 3740 1797 3803 provectze.
1843 3734 1925 3788 Ab
1968 3733 2052 3788 his

447 3825 668 3898 Hugoni
699 3823 1088 3895 plaudentibus
1116 3821 1362 3895 Hugonis
1401 3820 1704 3877 rudimenta
1756 3820 1895 3877 inter
1922 3837 2052 3877 eos-

447 3915 613 3981 dem;
645 3912 795 3969 velut
821 3912 1013 3977 lilium,
1042 3911 1314 3984 quondam
1353 3910 1741 3984 germinantia,
1768 3905 1921 3965 iniris
1964 3920 2050 3966 at-

517 4092 648 4155 (5t9)
673 4091 1001 4143 Consulantur
1022 4095 1148 4142 noue
1174 4091 1234 4142 ad
1256 4091 1343 4142 lib.
1375 4105 1410 4153 I,
1439 4104 1549 4155 cap.
1575 4093 1625 4143 1.

521 4175 1030 4253 (320)_Bellic,ensem,
1061 4175 1252 4253 Byllgy,
1278 4177 1466 4253 scilicet
1492 4177 1684 4253 urbem,
1711 4177 1761 4253 in
1778 4188 1881 4253 qua
1921 4176 2049 4253 epis-

449 4257 597 4320 copus
615 4244 706 4320 sub
728 4244 1144 4320 archiepiscopatu
1170 4244 1537 4320 vesontioneusi
1578 4245 1681 4295 sedi
1711 4244 1964 4320 Bellicensi
1978 4254 2049 4320 ex

447 4311 782 4363 Carthasianis
804 4311 1105 4374 praefuerunt
1147 4310 1360 4373 episcopi
1405 4315 1593 4372 septem
1635 4311 1814 4360 szeculo
1858 4322 1948 4358 xu.
1978 4310 2048 4358 Ex

447 4379 621 4443 quibus
646 4377 941 4432 Bernardus.
984 4378 1142 4428 omnis
1191 4377 1387 4428 virtutis
1411 4380 1460 4427 et
1490 4379 1767 4427 sanctitatis
1790 4375 2050 4443 speculum

447 4448 676 4507 przeerat,
720 4456 849 4495 anno
892 4444 1045 4507 1200,
1086 4448 1135 4494 et
1178 4444 1298 4494 obiit
1323 4455 1453 4494 anno
1499 4444 1648 4503 t207,
1692 4442 1849 4506 pridie
1892 4445 2050 4493 Nonas

444 4513 578 4563 Maii.
606 4516 688 4563 aut
713 4514 766 4562 ut
789 4511 983 4563 quidam
1011 4512 1199 4563 volunt.
1238 4523 1369 4561 anno
1398 4510 1544 4561 1208.

494 4526 578 4573 au,
606 4523 688 4563 aut
713 4523 766 4562 ιιι
789 4523 983 4575 (ιιιισιιιω
1011 4523 1199 4574 νοιιιηι,
1238 4523 1369 4561 anno
1398 4523 1544 4561 I‘ZUU.

514 4596 652 4661 (321)
680 4597 748 4647 De
771 4599 907 4646 crate
949 4597 1040 4647 hac
1065 4596 1188 4646 nihil
1233 4596 1360 4657 apud
1397 4594 1772 4661 Bollandianos,
1799 4593 1882 4661 ubi
1905 4592 1967 4645 de
1997 4594 2050 4661 δ.

446 4659 631 4715 Joanne
657 4664 879 4726 Baptista
903 4667 1073 4725 agunt,
1101 4662 1311 4712 invenio.
1356 4661 1593 4712 Referunt
1630 4660 1698 4711 illi
1741 4659 1961 4721 quzedam
1997 4660 2057 4710 de

447 4729 651 4781 brachio
673 4732 723 4780 et
745 4731 805 4780 de
832 4743 976 4781 manu
999 4730 1203 4779 dextera
1228 4728 1361 4789 quasi
1402 4740 1533 4777 anno
1562 4727 1710 4777 1:263.
1739 4726 2057 4780 Cistercium.

448 4798 565 4861 quin
590 4800 642 4848 et
684 4796 928 4848 Rhodium
981 4795 1251 4846 translatis.
1300 4794 1477 4844 Verum
1515 4794 1708 4854 utrique
1743 4793 2059 4861 translationi

447 4859 683 4928 praevalet
724 4875 819 4924 quo
873 4861 936 4913 ad
974 4862 1210 4925 temporis
1265 4861 1611 4928 antiquitatem
1654 4859 1871 4928 Ecclesia
1918 4859 2062 4908 Belli-

447 4927 626 4993 censis,
652 4930 744 4980 nisi
765 4929 968 4979 forsitan
995 4941 1057 4978 ex
1081 4928 1173 4977 hac
1203 4927 1419 4989 reliquiae
1445 4928 1521 4976 ha:
1547 4929 1631 4977 aut
1655 4927 1948 4977 Cistercium
1976 4931 2063 4975 aut

445 4997 673 5048 Rhodum
689 4997 789 5045 sint
808 4995 1057 5045 translata
1072 5030 1083 5043 .

518 5077 661 5142 (522)
684 5077 1016 5138 Carthusiam,
1040 5077 1242 5127 scilicet
1266 5074 1530 5139 majorem,
1559 5089 1685 5127 anno
1714 5076 1864 5136 1084,
1886 5076 2063 5128 tunda-

449 5148 573 5209 tam,
604 5146 653 5195 in
690 5158 783 5208 qua
821 5157 875 5194 se
902 5145 1035 5205 Hugo
1078 5146 1255 5193 noster
1302 5145 1402 5193 Deo
1437 5143 1744 5193 consecravit
1763 5156 1853 5206 per
1890 5144 2065 5194 emissa

449 5216 581 5263 vota.

520 5294 661 5359 (323)
708 5296 824 5357 Quae
870 5294 1019 5345 etiam
1070 5295 1268 5345 Alvcria
1299 5293 1597 5355 nomina'ur,
1647 5294 1740 5344 sita
1765 5295 1814 5344 in
1856 5296 2066 5356 Bressia,

449 5362 640 5413 fundari
667 5367 824 5424 empta
850 5374 977 5411 anno
1010 5360 1159 5422 “22,
1190 5364 1241 5410 et
1269 5360 1432 5410 ordini
1458 5363 1547 5411 sub
1572 5362 1788 5423 Guigone
1814 5362 1872 5422 V,
1901 5363 2069 5425 priore

451 5429 721 5480 Carthusiae
748 5428 902 5479 unita.

523 5512 666 5578 (32t)
697 5512 922 5564 Arbitror
947 5512 1207 5576 legendum
1238 5512 1360 5574 fore,
1389 5512 1643 5563 Lavinium
1681 5514 1783 5564 sive
1816 5513 2074 5577 Luvignia.

2151 3291 2333 3346 invisit
2362 3299 2413 3346 et
2444 3291 2630 3356 adivit,
2671 3291 3008 3346 Carthusiam
3067 3292 3214 3361 (322)
3272 3290 3543 3356 videlicet,
3580 3289 3756 3345 Alve-

2156 3380 2291 3434 riam
2335 3380 2505 3449 (323),
2547 3379 2818 3435 Jovinium
2850 3380 2999 3450 (324)
3022 3387 3076 3434 et
3114 3378 3327 3434 Vallem
3381 3378 3565 3434 Sancti
3596 3379 3749 3433 Petri

2152 3469 2322 3537 (325;.
2355 3467 2571 3523 Alveria
2599 3483 2720 3522 cum
2749 3475 2896 3523 esset
2941 3474 3165 3538 prOpter
3185 3467 3302 3522 loca
3332 3456 3614 3522 montuosa
3643 3482 3747 3522 ac-

2150 3572 2310 3612 cessu
2327 3555 2568 3633 difﬁcilis
2587 3564 2641 3612 et
2666 3556 2736 3611 ab
2765 3556 2957 3611 itinere
2987 3564 3176 3611 nostro
3199 3555 3474 3620 remotior,
3498 3556 3598 3611 hac
3621 3571 3752 3625 spe-

2152 3645 2362 3702 cialiter
2372 3645 2440 3700 de
2462 3660 2627 3700 causa
2643 3644 2881 3715 expetiit.
2902 3644 3146 3700 Belensis
3157 3643 3432 3716 quondam
3445 3643 3743 3715 episcOpus

2149 3733 2320 3805 (326),
2336 3750 2402 3789 ex
2422 3733 2607 3804 priore
2626 3734 2869 3803 ejusdem
2889 3732 3084 3788 domus
3105 3742 3413 3804 assumptus
3453 3732 3520 3786 ad
3539 3733 3736 3787 cathe-

2149 3817 2323 3885 dram,
2356 3833 2524 3873 onere
2546 3819 2661 3887 jam
2682 3834 2829 3874 curae
2865 3816 3156 3889 pastoralis
3195 3817 3424 3887 abjecto,
3457 3815 3530 3871 ibi
3551 3815 3736 3871 denuo

2148 3906 2451 3977 simplicem
2464 3914 2516 3962 et
2549 3905 2848 3962 cellicolam
2884 3905 3155 3972 eﬁ'ecerat,
3178 3913 3233 3960 ut
3269 3904 3583 3961 ccelestibus
3603 3904 3753 3959 desi-

2148 4099 2278 4149 cum,
2325 4086 2463 4149 cujus
2500 4086 2772 4138 Carthusite
2817 4084 3030 4137 fundata
3071 4086 3302 4136 chartam
3345 4084 3554 4136 exhibet
3596 4084 3760 4139 Lucas

2147 4154 2388 4206 Acberius
2412 4158 2534 4204 tom.
2562 4154 2624 4203 lll
2648 4154 2902 4217 Spicileg.,
2925 4166 3037 4217 pag.
3060 4152 3182 4203 542.

2216 4254 2361 4317 (525)
2383 4256 2641 4307 Carthusia
2663 4260 2738 4305 est
2761 4255 2811 4305 in
2833 4255 3033 4306 dimcesi
3057 4253 3364 4305 Laudunensi
3392 4254 3526 4304 circa
3571 4265 3758 4303 annum

2151 4322 2280 4371 1140
2306 4323 2530 4384 fundata,
2558 4323 2633 4372 cui
2657 4321 2832 4373 deinde
2857 4322 3071 4384 praefuit,
3098 4334 3193 4383 qua
3234 4322 3391 4384 prior,
3434 4320 3759 4381 Engelbertus

2145 4389 2239 4439 sub
2267 4389 2440 4439 Basilio
2464 4391 2625 4439 adhuc
2664 4390 2824 4452 priore
2863 4388 3154 4449 Carthasim,
3201 4390 3370 4449 postea
3391 4388 3551 4437 factus
3575 4386 3766 4450 episco-

2150 4468 2241 4519 pus
2265 4455 2602 4506 Cabilonensis
2627 4468 2643 4514 ς
2669 4460 2719 4504 et
2762 4455 3006 4515 resignato
3043 4454 3331 4517 episcopatu
3370 4454 3508 4517 prior
3551 4453 3769 4503 Cartha-

2076 4539 2126 4597 ι)
2153 4522 2239 4597 sia;
2264 4524 2438 4597 Montis
2473 4522 2583 4597 Dei.
2610 4522 2799 4597 Obiisse
2823 4522 3006 4597 dicitur
3029 4519 3558 4597 cir'ca_an.num
3584 4520 3663 4569 die
3703 4520 3770 4568 13

2153 4588 2425 4639 Februarii.
2473 4590 2545 4639 De
2584 4601 2641 4639 eo
2674 4588 2834 4650 agitur
2880 4594 2999 4638 tem.
3050 4587 3110 4636 IV
3156 4587 3329 4637 Gallia:
3379 4587 3604 4647 Christ.,
3648 4597 3765 4648 pag.

2154 4656 2272 4717 895,
2296 4656 2381 4706 sed
2407 4668 2518 4706 cum
2564 4655 2654 4705 levi
2702 4667 2891 4717 errore,
2939 4653 3031 4703 nisi
3060 4653 3136 4704 bis
3176 4654 3323 4704 fuerit
3352 4654 3493 4717 prior
3519 4652 3669 4703 Vallis
3696 4652 3759 4702 S.

2154 4723 2307 4783 Petri,
2344 4725 2459 4773 ante
2498 4721 2688 4772 scilicet
2724 4724 2773 4771 et
2811 4724 2921 4784 post
2945 4720 3297 4784 episcopatum.

2228 4821 2493 4888 (326)15te
2518 4825 2626 4873 erat
2648 4825 2701 4874 S.
2728 4822 2994 4873 Artholdus
3032 4822 3135 4872 sive
3183 4820 3462 4873 Arthaudus
3500 4832 3559 4870 ex
3602 4819 3767 4883 priore

2159 4890 2435 4940 Carthusiaa
2461 4890 2666 4940 Alve-iaa
2697 4890 2952 4952 episcopus
2998 4888 3305 4939 Bellicensis.
3347 4889 3417 4937 De
3456 4899 3553 4950 quo
3593 4888 3770 4937 Petrus

2159 4957 2449 5007 Franciscus
2471 4956 2740 5007 Chiﬂletius
2765 4956 2814 5005 in
2836 4955 3136 5016 praefatione
3162 4955 3224 5005 ad
3254 4953 3475 5005 Manuale
3517 4953 3766 5003 solitario-

2161 5036 2270 5073 rum
2293 5024 2396 5073 haec
2434 5023 2581 5072 hibet
2610 5037 2621 5067 :
2652 5023 2734 5072 Vir
2759 5023 2844 5071 Dei
2885 5021 3198 5082 Arthandus,
3227 5021 3310 5082 qui
3351 5025 3405 5070 ut
3444 5019 3616 5069 beatus
3639 5019 3768 5082 apud

2162 5102 2275 5140 suos
2300 5090 2472 5139 colitur
2513 5088 2669 5152 pridie
2706 5091 2867 5138 Nonas
2904 5088 3134 5147 octobris,
3164 5100 3226 5137 ex
3260 5086 3586 5138 Carthusiano
3621 5098 3767 5152 grege

2165 5157 2223 5207 ad
2252 5150 2568 5205 Bellicensem
2596 5156 2909 5217 praesulatum
2956 5158 3199 5215 arctatus,
3242 5154 3378 5203 senio
3412 5152 3663 5202 contectus
3704 5150 3767 5200 ad

2166 5222 2363 5274 claustri
2387 5222 2461 5272 sui
2486 5222 2699 5283 quietem
2728 5222 2937 5282 rediens,
2965 5222 3016 5271 in
3040 5222 3246 5272 Alveria:
3271 5231 3438 5269 eremo
3462 5220 3509 5267 in
3535 5231 3653 5280 pace
3668 5219 3766 5268 Deo

2167 5290 2390 5352 spiritum
2419 5288 2647 5339 reddidit.
2671 5305 2698 5333 ι)
2724 5288 2856 5337 Obiit
2878 5291 3039 5337 autem
3066 5288 3194 5337 sicut
3219 5286 3417 5336 tradunt
3451 5285 3768 5335 Carthasien-

2167 5356 2292 5406 sium
2313 5356 2579 5417 memoria),
2615 5370 2634 5400 α
2661 5354 2902 5404 continuis
2926 5354 3085 5405 clarus
3134 5352 3381 5404 miraculis
3418 5352 3572 5415 pridie
3612 5353 3768 5401 Nonas

2168 5423 2407 5483 Octobris,
2435 5434 2563 5472 anno
2596 5421 2734 5471 I206.
2769 5442 2788 5462 ι
