3938 6460
163 365 295 416 1089

1511 359 1696 414 νιΤΑ.
1743 387 1812 397 -
1851 356 1977 411 LIB.
2025 358 2084 412 V.

3330 359 3466 411 1090

169 484 332 537 deriis
376 483 600 536 liberius
636 482 940 536 inserviret.
985 481 1090 549 Qui
1121 481 1288 536 nostri
1318 480 1588 551 pontificis
1608 481 1773 552 longo
1793 483 1844 540 Α
1875 481 2146 534 munitas.
2189 501 2209 528 ν
2245 479 2402 548 Quod
2435 496 2570 550 erga
2600 496 2700 535 nos
2729 479 3114 535 Cluniacenses
3145 480 3249 535 hoc
3279 479 3471 535 ordine

169 587 232 626 ex
263 580 506 641 tempore
536 579 844 624 exmstuans
874 569 1168 638 desiderio,
1190 569 1356 624 affatu
1395 570 1564 639 ipsius
1591 577 1642 623 et
1674 585 1769 624 as-

170 668 328 730 pectu
345 659 598 729 cupiebat
630 657 863 713 refoveri
888 677 902 723 ;
938 659 1081 728 quod
1102 659 1266 712 etiam
1286 675 1386 728 per
1406 657 1772 712 internuntios

173 748 220 802 ei
243 764 386 817 saepe
407 747 734 800 innotuerat.
753 747 1099 802 Processerat
1116 746 1336 817 quidem
1355 746 1439 801 vir
1461 746 1548 800 ille
1582 746 1772 800 beatus

171 836 224 890 in
255 835 445 890 diebus
477 835 610 899 suis,
637 842 690 888 et
720 835 996 888 mediante
1022 835 1136 901 jam
1172 835 1464 889 mundanae
1495 834 1631 890 lucis
1671 850 1772 889 oc-

174 939 301 978 casu
335 923 402 977 ad
434 922 920 978 indeterminabilis
950 922 1057 977 diei
1090 923 1404 993 suspirabat
1434 923 1769 994 ingressum.

174 1013 286 1068 Nec
301 1011 598 1066 dissimiles
612 1011 794 1077 animi,
817 1011 1062 1082 quamvis
1084 1012 1138 1065 in
1155 1019 1310 1066 aetate
1330 1010 1580 1065 dissimili
1599 1012 1770 1081 (327),

173 1108 360 1155 nostro
392 1098 632 1170 pontifici
663 1107 836 1154 erant.
871 1101 990 1153 Jam
1020 1099 1164 1154 enim
1194 1100 1399 1154 caduca
1419 1099 1618 1167 omnia,
1657 1115 1775 1170 qum

175 1187 330 1242 annis
377 1187 479 1242 sub
533 1188 736 1242 teneris
811 1204 1028 1257 semper
1085 1188 1456 1258 vilipenderat,
1504 1188 1557 1241 in
1617 1188 1775 1260 gravi

178 1276 338 1331 etiam
371 1275 588 1330 fastidio
617 1276 875 1330 habebat.
916 1275 1115 1346 Optato
1149 1276 1317 1348 igitur
1347 1285 1578 1347 uterque
1629 1276 1774 1346 poti-

177 1373 259 1418 tus
281 1364 572 1434 colloquio,
609 1364 808 1433 singuli
841 1364 1191 1419 conscientiae
1239 1380 1349 1419 suae
1397 1379 1650 1420 recessus
1711 1381 1775 1421 ex

175 1453 400 1506 alternae
464 1452 762 1506 sanctitatis
847 1451 1085 1522 fulgore,
1163 1452 1291 1506 dum
1358 1470 1452 1509 sua
1537 1453 1776 1509 vicissim

176 1539 391 1596 occulta
437 1540 702 1609 pandunt,
740 1540 1138 1610 splendidiores
1187 1541 1437 1595 reddunt.
1501 1540 1605 1609 Qui
1656 1550 1776 1595 tan-

175 1629 299 1683 dem
357 1627 520 1682 simul
571 1628 638 1682 ad
687 1643 974 1684 commune
1030 1628 1254 1682 fratrum
1305 1629 1545 1684 omnium
1607 1646 1777 1684 vene-

173 1725 297 1772 runt
373 1716 723 1788 colloquium.
773 1717 921 1771 Tunc
968 1732 1000 1771 a
1072 1717 1439 1772 Lincolniensi
1525 1718 1779 1774 dominus

174 1805 448 1876 quondam
480 1803 726 1859 Belensis
758 1804 989 1860 formam
1010 1805 1158 1876 pacis
1185 1805 1328 1860 inter
1349 1822 1508 1878 reges
1558 1816 1780 1863 nostros
1799 1831 1852 1892 Β

173 1893 320 1948 inita:
351 1893 455 1947 sibi
485 1893 640 1963 petiit
675 1909 856 1948 coram
887 1893 1145 1949 fratribus
1203 1895 1393 1950 retexi.
1446 1896 1588 1950 Nam
1635 1913 1774 1952 con-

174 1982 375 2038 cordize
415 1981 632 2036 illorum
692 1981 868 2053 ipsum
917 1982 1234 2038 interfuisse
1290 1993 1639 2056 cognoverat.
1692 1986 1776 2040 Ad

174 2085 343 2142 quam
386 2069 489 2124 viri
538 2071 669 2124 tanti
723 2071 1041 2141 petitionem
1091 2070 1520 2127 ferventissimus
1568 2074 1776 2128 ordinis

176 2157 400 2223 zelator,
453 2158 594 2212 haud
649 2158 864 2214 modice
919 2159 1290 2225 contristatus,
1343 2162 1415 2215 ita
1475 2161 1667 2217 leniter
1723 2169 1777 2218 et

175 2246 331 2318 quasi
354 2246 591 2314 jocando
633 2253 706 2304 ait
749 2261 762 2300 :
799 2270 819 2294 α
873 2247 918 2302 Ο
979 2248 1149 2315 Pater,
1192 2248 1466 2320 inquiens,
1526 2266 1777 2305 rumores

173 2333 367 2388 audire
399 2342 451 2388 et
481 2333 684 2389 referre
715 2335 816 2389 etsi
847 2335 1007 2392 liceat
1036 2336 1330 2407 episcopis,
1364 2337 1463 2392 sed
1492 2339 1777 2394 monachis

174 2438 283 2477 non
316 2422 438 2477 licet
471 2442 484 2488 ;
520 2423 574 2476 in
606 2424 772 2478 cellas
803 2423 888 2479 vel
918 2425 1212 2480 claustrum
1267 2442 1517 2482 rumores
1560 2428 1777 2500 ingredi

173 2527 285 2566 non
319 2511 477 2577 licet;
504 2511 671 2566 urbes
701 2513 976 2578 deserere,
998 2522 1049 2568 et
1078 2514 1131 2568 in
1162 2514 1506 2570 solitudinem
1536 2533 1779 2572 rumores

173 2598 371 2654 afferre
401 2615 510 2654 non
540 2600 684 2656 licet.
724 2621 745 2650 ι
765 2602 891 2656 Hii-)0
921 2601 1111 2656 dicens
1133 2602 1199 2656 ad
1221 2603 1516 2674 spiritualis
1537 2605 1779 2661 adifica-

171 2687 338 2742 tionis
360 2689 612 2756 studium,
628 2689 946 2760 postpositis
957 2691 1288 2760 rumoribus,
1305 2693 1473 2747 verba
1490 2695 1776 2750 convertit.

247 2776 505 2847 Sequitur
533 2793 692 2848 quam
758 2778 954 2833 devote
1017 2779 1333 2836 Cluniacum
1403 2781 1589 2836 adierit
1632 2784 1781 2852 (328)

174 2871 230 2919 et
281 2879 444 2936 quam
528 2867 986 2922 reverendissime
1045 2884 1078 2922 a
1145 2876 1291 2923 tanta
1363 2869 1506 2924 illius
1582 2880 1784 2928 sanetze

173 2952 537 3007 multitudinis
603 2953 900 3025 frequentia
964 2965 1222 3027 exceptus
1292 2957 1390 3024 sit,
1467 2967 1517 3013 et
1579 2972 1783 3032 quanta

172 3040 430 3109 ejusdem
502 3043 949 3114 congregationis
1021 3044 1271 3100 instantia
1344 3047 1520 3103 triduo
1596 3065 1783 3105 secum

171 3130 608 3201 morari;atque
669 3131 814 3186 vires
897 3141 1017 3203 post
1075 3133 1316 3189 laborem
1393 3136 1462 3190 sit
1532 3139 1782 3208 compul-

171 3234 270 3272 sus
322 3234 618 3274 resumere.
680 3221 842 3288 Cujus
899 3221 1005 3276 loci
1074 3221 1418 3294 disciplinam
1484 3225 1541 3279 in
1587 3227 1777 3290 choro,

170 3307 228 3360 in
262 3305 506 3362 claustro
538 3308 672 3362 etin
716 3308 1024 3377 refectorio,
1087 3310 1230 3366 inter
1285 3328 1380 3367 eos
1439 3311 1782 3370 familiariter

169 3394 381 3450 missas
412 3395 663 3450 diversas
703 3396 1010 3462 celebrans,
1035 3406 1088 3452 et
1119 3413 1238 3455 cum
1288 3400 1367 3454 eis
1415 3403 1616 3471 pariter
1643 3420 1780 3458 con-

168 3498 432 3549 vescens,
469 3499 591 3539 cum
622 3485 834 3556 plenius
866 3487 1187 3543 attendisset
1215 3504 1279 3544 ac
1310 3489 1600 3560 plurimum
1631 3508 1783 3548 com-

169 3573 516 3638 mendasset,
551 3574 631 3628 sic
653 3575 871 3628 demum
892 3575 964 3629 ait
995 3592 1011 3630 :
1049 3597 1070 3627 α
1106 3577 1266 3646 Vere,
1299 3578 1346 3632 si
1375 3579 1558 3635 locum
1615 3581 1778 3650 hunc,

170 3669 232 3715 ut
263 3661 454 3726 modo,
481 3662 860 3731 pervidissem,
898 3671 950 3718 et
969 3665 1204 3721 necdum
1261 3667 1599 3724 Carthusiam
1646 3671 1778 3725 ada-

169 3764 443 3814 massem,
479 3766 634 3804 suum
671 3767 760 3806 me
801 3751 1093 3808 Cluniacus
1158 3757 1484 3811 monachum
1530 3757 1773 3814 fecisset.

171 3837 474 3906 Quoddam
504 3838 647 3894 inter
676 3847 876 3894 caetera
919 3841 1166 3911 speciale
1185 3843 1387 3899 ibidem
1426 3846 1559 3901 vidit
1589 3855 1640 3902 et
1669 3848 1785 3904 lau-

171 3926 354 3991 davit,
382 3927 526 3996 quod
573 3927 775 3984 idcirco
802 3929 1038 3984 breviter
1068 3931 1283 4002 paginae
1333 3933 1621 3990 inserimus
1659 3936 1785 4008 quia

164 4031 196 4069 a
232 4016 404 4070 beato
432 4015 723 4072 Benedicto
753 4017 1056 4072 institutum
1083 4019 1150 4074 ab
1183 4021 1436 4076 omnibus
1466 4023 1665 4096 ubique
1697 4025 1784 4080 lo-

167 4120 371 4159 corum
413 4105 712 4169 monachis,
787 4122 891 4161 nec
945 4106 1144 4164 lectum
1201 4110 1462 4166 miramur
1520 4122 1572 4166 et
1627 4114 1785 4184 quasi

163 4191 449 4248 oblivioni
483 4193 754 4246 traditum.
787 4197 974 4266 Agens
1030 4212 1266 4269 namque
1297 4200 1365 4254 de
1422 4201 1785 4271 suscipiendis

165 4279 494 4350 hospitibus
525 4280 580 4333 in
628 4279 840 4352 Regula
911 4299 1010 4338 sua
1069 4285 1415 4341 beatissimus
1461 4289 1786 4345 Benedictus

164 4370 321 4424 inter
359 4377 558 4424 caetera
579 4369 709 4424 dicit
731 4385 742 4424 :
763 4372 1184 4441 legaturcoram
1210 4376 1423 4447 hospite
1453 4378 1548 4433 lex
1569 4379 1782 4449 divina,

169 4462 241 4514 ut
274 4458 651 4526 aediﬁcetur;
684 4458 886 4516 deinde
933 4463 1118 4518 omnis
1171 4465 1224 4519 ei
1281 4465 1620 4522 exhibentur
1675 4468 1786 4523 hu-

241 4636 400 4700 (327)
441 4635 796 4703 Sexagenarius
817 4637 1047 4688 nimirum
1067 4640 1165 4688 tum
1193 4643 1318 4703 erat,
1340 4641 1409 4691 ait
1432 4641 1705 4693 Chifﬂetius
1727 4655 1786 4693 ex

161 4705 416 4772 Surio,S.
437 4702 596 4763 Hugo,
617 4714 723 4751 cum
752 4708 860 4772 erat
884 4705 1071 4772 affectae
1088 4705 1190 4766 jam
1215 4708 1374 4758 aetatis
1400 4710 1461 4758 Β.
1484 4710 1782 4772 Arthaudus,

161 4787 222 4823 ac
270 4771 500 4838 fortasse
528 4771 870 4838 nonagenario
919 4771 1094 4833 major.
1136 4774 1312 4823 Senem
1348 4776 1625 4838 capularem
1675 4771 1785 4828 eum

160 4849 320 4888 vocat
348 4835 510 4906 abbas
527 4836 776 4906 Morotius.
796 4838 1134 4906 Ce‘ntenariam
1153 4835 1426 4904 crederem;
1443 4843 1504 4906 si,
1522 4847 1576 4893 ut
1589 4843 1784 4906 dicitur,

166 4907 373 4970 primus
404 4900 497 4951 fuit
518 4903 789 4953 Carthusia:
814 4904 1022 4955 Alveriaa
1047 4908 1201 4967 prior.

235 4985 730 5056 (328)7‘Claniacurn
753 4988 956 5050 adierit,
998 4990 1089 5056 sub
1122 4992 1320 5054 Hugone
1345 4992 1383 5041 V
1408 5005 1470 5042 ex
1494 4994 1788 5056 Radingensi

163 5056 360 5123 abbate
376 5052 699 5123 Cluniacensi
713 5090 735 5123 ._
779 5056 843 5104 De
874 5051 1106 5106 Cluniaco
1133 5051 1330 5120 ejusque
1353 5059 1607 5110 abbatibus
1632 5051 1792 5123 agitur

163 5124 213 5173 in
255 5120 575 5171 bibliotheca
601 5119 817 5169 Cluniae.
846 5123 1050 5172 Andreae
1077 5119 1367 5186 Quercetani
1390 5139 1474 5176 seu
1503 5129 1572 5177 Du
1597 5119 1789 5180 Chasne

161 5194 214 5239 et
243 5191 294 5239 in
325 5186 506 5255 Gallia;
531 5186 716 5255 Christ,
741 5191 875 5255 temo
899 5189 978 5251 IV,
1005 5191 1095 5240 cel.
1124 5192 1248 5240 1117
1274 5197 1321 5242 et
1342 5205 1446 5255 seq.
1470 5195 1557 5243 Hie
1581 5196 1792 5246 refertur

158 5256 398 5324 insignis
439 5252 834 5324 Cluniacensium
883 5255 988 5316 ejus
1035 5259 1270 5320 temporis
1313 5252 1423 5309 laus
1456 5275 1481 5309 a
1510 5263 1561 5310 S.
1591 5263 1790 5324 Hugone

156 5319 534 5373 Lincolniensi.

237 5404 402 5471 (329)
447 5405 614 5471 Sedet
644 5403 956 5467 Cistercium,
981 5408 1040 5457 de
1067 5421 1158 5470 quo
1185 5410 1330 5459 etiam
1356 5411 1406 5459 in
1425 5411 1593 5461 Galliae
1621 5412 1792 5462 Chris-

159 5469 320 5527 tiana-
346 5476 459 5522 tom
503 5469 584 5530 IV,
603 5471 696 5519 col.
718 5469 1160 5524 98'.)Benedictime
1187 5477 1430 5526 editionis.
1457 5478 1792 5530 Celeberrimo

158 5544 273 5593 loco
297 5545 426 5592 tunc
451 5541 662 5609 praeerat
685 5537 835 5589 abbas
857 5540 1011 5592 Guido
1037 5541 1094 5605 11,
1118 5547 1285 5606 postea
1310 5545 1570 5595 cardinalis
1605 5545 1790 5609 episco-

158 5623 255 5674 pus
281 5605 650 5671 przenestinus.

1807 3185 1854 3247 C

1794 4541 1847 4600 D

1873 568 2307 638 compleverunt.
2348 569 2474 623 Post
2502 564 2902 639 susceptionem
2935 569 3194 639 episcopi,
3241 585 3469 639 proces-

1871 656 2024 712 sione
2054 657 2244 712 festiva
2262 666 2631 728 perceptaque
2661 658 2803 712 illius
2833 657 3228 725 benedictione,
3293 658 3470 728 ipsum

1873 745 2124 799 dominus
2153 745 2302 815 prior
2330 746 2384 799 in
2411 745 2736 801 locutor-ium
2795 745 3056 811 deduxit;
3101 746 3190 800 ubi
3241 761 3366 801 cum
3405 762 3472 802 eo

1875 830 2033 895 sedit,
2058 830 2354 900 assumptis
2394 831 2597 900 pariter
2627 839 2678 885 et
2735 830 3044 885 senioribus
3098 829 3168 885 de
3199 839 3471 886 conventu

1874 917 2092 973 circiter
2121 918 2436 974 duodecim.
2476 919 2626 974 Unus
2662 919 3033 974 assistentium
3063 933 3192 974 vero
3248 918 3474 974 fratrum

1877 1006 2119 1062 codicem
2143 1006 2350 1078 regula:
2379 1007 2674 1077 pastoralis
2703 1008 2768 1062 B.
2810 1007 3061 1080 Gregorii
3099 1023 3276 1078 papae,
3310 1023 3475 1078 quem

1876 1095 2080 1150 adhoc
2119 1095 2296 1166 ipsum
2355 1095 2604 1150 manibus
2647 1095 2868 1150 allatum
2923 1096 3161 1163 tenebat,
3220 1096 3475 1167 aperuit;

1877 1184 2292 1255 procedensque
2340 1184 2391 1238 in
2425 1184 2680 1249 medium,
2730 1183 3021 1255 capitulum
3069 1200 3236 1239 unum
3285 1192 3476 1255 aperte

1876 1280 1930 1326 et
1973 1271 2225 1326 distincte
2281 1272 2348 1326 ad
2406 1271 2820 1344 intelligendum
2867 1272 3238 1343 percurrendo
3306 1272 3465 1344 legit.

1878 1359 1998 1428 Quo
2029 1359 2322 1431 completo,
2353 1361 2571 1415 ineunte
2603 1361 2806 1432 priore,
2845 1360 3010 1416 ﬁnem
3059 1361 3278 1416 lectioni
3324 1359 3472 1428 fecit,

1880 1457 1931 1504 et
1959 1448 2247 1518 episcopus
2277 1449 2527 1503 similiter
2562 1449 2632 1503 ad
2663 1457 2850 1504 nutum
2880 1449 3080 1519 prioris
3125 1449 3272 1505 dicto
3301 1450 3476 1504 Bene-

1879 1537 2052 1592 dicite
2073 1537 2329 1608 loquendi
2350 1537 2624 1592 licentiam
2646 1538 3004 1608 prmsentibus
3024 1539 3190 1593 dedit.

1951 1625 2058 1680 Sed
2086 1633 2140 1680 et
2189 1626 2512 1681 Cistercium
2564 1628 2713 1696 (329)
2763 1626 2963 1682 cursim
3007 1627 3477 1697 pertransivimus.

1881 1714 2000 1783 Quo
2051 1715 2287 1780 divertit,
2349 1723 2407 1770 ut
2449 1715 2738 1770 missarum
2789 1715 3056 1772 solemnia
3114 1716 3170 1771 in
3217 1717 3482 1788 prmclara

1883 1803 2174 1858 festivitate
2241 1804 2642 1875 Assumptionis
2695 1805 2795 1860 Dei
2846 1805 3139 1861 Genitricis
3202 1805 3482 1862 celebrare

1883 1893 2172 1963 potuisset.
2199 1893 2376 1948 Gallia
2405 1896 2641 1964 namque
2693 1894 2946 1949 universa
2975 1902 3174 1965 praeter
3225 1894 3477 1965 quaedam

1875 1980 2215 2052 privilegiata
2243 1981 2578 2036 monasteria
2609 1997 2675 2036 ea
2695 1990 3011 2053 tempestate
3042 1982 3141 2037 sub
3180 1978 3472 2039 interdicta

1877 2069 1976 2124 fuit
1997 2070 2166 2139 (330).
2191 2070 2400 2125 Deinde
2428 2085 2658 2140 eompus
2690 2070 2936 2136 effectus,
2970 2079 3024 2126 et
3061 2070 3288 2126 fratrum
3329 2071 3475 2126 illius

1876 2157 1984 2214 loci
2013 2158 2347 2213 orationibus
2378 2159 2808 2226 commendatus,
2861 2160 3274 2217 Claramvallem
3325 2161 3478 2231 (331)

1879 2261 2097 2318 quoque
2131 2247 2386 2302 visitavit.
2435 2247 2657 2303 Miserat
2715 2248 2982 2320 siquidem
3036 2257 3241 2306 sanctae
3287 2265 3477 2306 recor-

1876 2335 2110 2390 dationis
2148 2335 2385 2390 Joannes
2417 2337 2566 2406 (332)
2598 2337 2871 2407 quondam
2902 2337 3348 2409 Lugdunensium
3379 2353 3478 2393 ar-

1878 2424 2257 2494 eliiepisc0pus
2279 2423 2332 2478 in
2361 2439 2649 2480 occursum
2673 2425 2790 2493 ejus
2819 2426 3085 2496 quosdam
3134 2427 3478 2482 venerabiles

1879 2513 2044 2576 viros,
2077 2512 2276 2567 obnixe
2298 2513 2631 2583 supplicans,
2667 2521 2932 2584 quatenus
2963 2514 3064 2568 sibi
3095 2514 3147 2568 in
3178 2515 3298 2570 loco
3327 2532 3477 2586 prae-

1879 2609 2061 2656 notato
2091 2602 2446 2656 commoranti
2467 2602 2596 2656 olim
2626 2602 2991 2658 desideratam
3023 2605 3329 2673 praesentiae
3363 2621 3478 2660 sum

1880 2691 2092 2760 copiam
2116 2690 2418 2744 exhiberet.
2466 2690 2607 2758 Quia
2631 2691 2743 2758 jam
2773 2706 2890 2746 aevo
2925 2691 3109 2762 gravis
3131 2691 3306 2747 oﬂ‘ieio
3327 2707 3480 2748 curae

1881 2778 2171 2849 pastoralis
2202 2779 2626 2846 renuntiaverat,
2659 2780 2991 2852 retentisque
3031 2781 3295 2835 duntaxat
3319 2781 3480 2850 jussu

1882 2867 2078 2921 summi
2101 2865 2374 2936 pontificis
2412 2866 2716 2937 insignibus
2745 2868 2990 2939 pristinis
3039 2869 3093 2923 in
3141 2869 3233 2924 illo
3289 2879 3481 2926 sancto

1883 2955 2132 3010 coenobio
2211 2970 2382 3010 sacrae
2439 2956 2884 3026 contemplationi
2957 2957 3180 3012 sedulus
3229 2959 3478 3014 vacabat.

1884 3043 2193 3098 Sciscitanti
2219 3051 2399 3098 autem
2457 3044 2734 3115 episcopo,
2797 3044 2995 3115 quibus
3030 3046 3144 3114 jam
3185 3047 3480 3118 Scripturis

1882 3131 2246 3186 meditationis
2275 3148 2388 3187 suae
2418 3133 2638 3203 negotia
2681 3133 3023 3203 potissimum
3051 3135 3359 3202 devovisse,
3411 3135 3482 3190 ita

1889 3221 2170 3290 respondit
2203 3239 2215 3274 :
2252 3244 2273 3268 ιι
2311 3221 2674 3286 Psalmorum,
2705 3221 2897 3293 inquit,
2930 3222 3207 3278 meditatio
3229 3223 3343 3279 sola
3366 3223 3480 3292 jam

1881 3309 2097 3379 penitus
2126 3316 2294 3364 totum
2323 3325 2410 3364 me
2441 3309 2544 3364 sibi
2573 3309 2895 3365 vendicavit.
2936 3334 2957 3360 η
2990 3311 3070 3365 Ex
3101 3311 3185 3366 his
3241 3312 3481 3383 quotidie

1882 3412 2074 3453 recens
2104 3405 2158 3452 et
2185 3397 2438 3453 continue
2467 3398 2783 3453 demulcens
2814 3398 3087 3454 interioris
3117 3400 3352 3454 hominis
3388 3411 3483 3472 pa-

1882 3485 2048 3540 latum
2078 3485 2209 3540 mihi
2230 3485 2453 3542 refectio
2482 3486 2802 3542 indetieiens
2828 3488 3032 3558 jugiter
3058 3488 3372 3543 innovatur.

1955 3575 2082 3629 Post
2111 3575 2235 3641 hoc,
2260 3575 2644 3630 monasterium
2671 3575 2850 3631 Sancti
2882 3575 3115 3648 Remigii
3138 3576 3287 3647 (333)
3319 3591 3482 3634 secus

1884 3663 2235 3718 Remensium
2283 3663 2555 3719 civitatem
2603 3664 2765 3718 situm
2813 3664 3120 3720 sanctitatis
3170 3665 3482 3736 magnificae

1882 3749 2169 3808 laetiﬁcavit
2199 3767 2446 3808 accessu.
2482 3751 2584 3807 Ubi
2613 3760 2852 3808 moratus
2879 3769 2976 3825 per
3012 3752 3250 3808 triduum
3306 3753 3482 3810 libro-

1883 3855 2003 3895 rum
2035 3828 2397 3911 antiquorum,
2439 3840 2648 3912 copiam
2683 3841 2756 3896 ibi
2813 3841 3105 3913 repositam
3157 3842 3480 3909 mirabatur,

1883 3929 2267 3984 modernorum
2290 3929 2624 3984 desidiosam
2657 3931 2996 4001 exprobrans
3045 3930 3330 3999 incuriam,
3389 3931 3484 4002 qui

1883 4033 1992 4074 non
2024 4017 2200 4073 solum
2221 4019 2436 4072 Patrum
2471 4019 2656 4074 studia
2684 4019 2738 4074 in
2775 4019 3077 4076 condendis
3130 4019 3292 4074 libris
3320 4027 3482 4091 atque

1884 4106 2189 4163 scribendis
2227 4107 2469 4162 remulari
2523 4107 2844 4174 detrectant,
2906 4108 3006 4162 sed
3044 4124 3222 4180 neque
3267 4109 3477 4180 legere,

1884 4211 1978 4250 seu
2010 4203 2324 4250 reverenter
2343 4195 2536 4250 saltem
2567 4203 2798 4252 tractare
2829 4212 2861 4250 a
2882 4196 3131 4251 Patribus
3173 4196 3482 4252 elaboratos

1886 4283 2105 4340 codices
2135 4298 2320 4339 sacros
2364 4285 2599 4339 student.
2661 4285 2760 4340 Hic
2807 4285 3088 4340 vasculum
3138 4300 3356 4356 quoque
3383 4301 3486 4355 per

1883 4373 2192 4428 columbam
2221 4373 2432 4428 caelitus
2461 4373 2701 4428 delatam
2759 4373 2914 4428 beato
2963 4373 3211 4443 Remigio
3253 4373 3484 4429 miratus

1885 4469 1937 4516 et
1957 4469 2246 4516 veneratus
2277 4469 2378 4526 est,
2413 4461 2467 4516 in
2496 4477 2604 4532 quo
2626 4461 2832 4532 jugiter
2862 4460 2930 4515 ad
2951 4460 3259 4516 unctionem
3286 4477 3483 4534 regum

1955 4639 2092 4702 (330)
2117 4642 2258 4691 Anno
2287 4641 2434 4700 1199,
2455 4641 2567 4692 illud
2592 4643 2791 4705 propter
2821 4640 3105 4705 divortium
3131 4639 3262 4691 inter
3311 4653 3483 4704 regem

1887 4711 1937 4757 et
1979 4707 2194 4769 reginam
2220 4703 2609 4771 promulgatum;
2624 4711 2674 4758 et
2697 4720 2824 4759 anno
2853 4706 2974 4758 120!
3002 4703 3248 4758 sublatum
3274 4703 3387 4758 fuit.
3409 4708 3484 4758 lta

1886 4774 1944 4824 de
1969 4775 2149 4836 Nangis
2171 4777 2220 4824 et
2241 4775 2468 4826 Trivetus
2493 4776 2540 4825 in
2565 4777 2749 4826 Chron.

1958 4876 2092 4934 (551)
2122 4876 2325 4927 Claram
2357 4877 2559 4940 Vallem,
2584 4877 2674 4928 sub
2693 4877 2908 4928 Guidone
2931 4877 3094 4941 abate,
3127 4879 3181 4928 ut
3207 4876 3381 4940 colligo
3419 4888 3485 4928 ex

1890 4945 2015 4992 tom.
2052 4944 2111 4992 IV
2135 4944 2304 4994 Galliae
2329 4945 2536 5005 Christ.,
2565 4945 2656 4995 col.
2699 4944 2820 4994 706.

1961 5043 2169 5108 (339)11
2218 5047 2364 5096 bellis
2400 5048 2626 5098 manibus
2667 5047 3054 5110 cognominatus,
3099 5059 3158 5096 ex
3190 5046 3486 5098 Pictaviensi

1891 5113 2172 5175 designatus
2220 5114 2548 5165 Narbonensis
2583 5115 2788 5176 primus,
2836 5128 2949 5165 mox
2997 5114 3154 5164 factus
3179 5126 3308 5164 anno
3334 5115 3485 5176 1181,

1893 5180 2286 5243 archiepiscopus
2310 5183 2662 5244 Lugdunensis,
2703 5183 2766 5232 de
2803 5195 2895 5245 quo
2921 5181 3058 5244 plura
3082 5184 3213 5232 tomo
3228 5181 3288 5232 ιν
3313 5181 3486 5232 Gallia:

1894 5247 2101 5308 Christ.,
2131 5248 2222 5297 col.
2251 5248 2346 5298 150

1963 5346 2106 5414 (555)
2158 5351 2501 5401 Μοηαειενίιιηι
2547 5351 2596 5401 8.
2648 5351 2882 5412 Remigii.
2930 5353 2999 5401 De
3042 5352 3152 5413 hoc,
3180 5353 3230 5401 et
3266 5350 3326 5401 de
3345 5362 3490 5401 sacra

1893 5417 2102 5477 ampulla
2120 5417 2229 5467 vide
2255 5420 2376 5467 tom.
2407 5417 2707 5468 [Annalium
2735 5418 3036 5468 Benedictin.
3057 5430 3171 5481 pag.
3187 5417 3272 5478 61,
3290 5417 3492 5468 Joannis

1892 5483 2188 5600 Mabilloniit,
2240 5484 2320 5546 qui
2369 5484 2415 5534 in
2464 5485 2556 5534 hoc
2604 5485 2902 5536 monasterio
2937 5488 3048 5534 vota
3073 5484 3343 5536 monastica
3388 5484 3491 5535 Deo

1892 5560 2162 5612 nuncupavi
2196 5585 2205 5598 .
