3938 6444
456 350 586 405 1091

1360 349 1417 404 S.
1451 346 1768 404 HUGONIS
1798 347 2016 403 EPISC.
2053 344 2375 402 LINCOLN.
2408 345 2573 402 0RD.
2607 346 2856 404 CARTH.

3627 351 3762 403 1092

449 471 697 529 Francia:
739 472 884 530 sacri
932 470 1158 527 balsami
1218 471 1377 543 c0pia
1448 471 1694 527 rediviva
1765 470 2047 527 exuberat.
2074 472 2131 532 Δ
2159 469 2287 527 villa
2317 486 2462 541 smpe
2482 470 2646 537 dicta,
2678 470 2771 525 ubi
2801 486 2914 527 rem
2936 472 3331 544 prodigiosam,
3373 486 3493 543 quae
3518 478 3650 526 tunc
3678 470 3759 525 in-

528 562 664 616 Cum
689 569 871 617 autem
916 561 1258 632 pervenisset
1287 560 1355 615 ad
1414 569 1654 616 castrum
1703 560 1885 616 Sancti
1939 563 2051 614 Au-

460 650 672 706 domari
703 650 874 721 (334),
908 650 1056 722 quod
1085 665 1119 704 a
1158 657 1318 721 portu
1352 649 1676 706 Wistandiae
1729 649 1878 721 (335)
1937 648 2058 703 mil-

463 739 607 794 libus
627 739 819 795 decem
850 738 1178 810 abjungitur.
1219 738 1299 793 lbi
1347 724 1641 810 parumper
1663 754 1694 792 a
1740 737 2057 809 fatigatione

463 826 668 883 diutina
698 836 824 882 ante
853 826 1021 882 maris
1076 827 1389 899 ingressum
1454 826 1606 882 duxit
1657 826 2053 897 respirandum.

462 916 594 972 Erat
621 915 749 971 inde
770 915 917 973 haud
953 914 1145 986 procul
1202 916 1362 971 situm
1408 914 1804 970 monasterium
1849 913 2057 970 ordinis

463 1004 862 1071 Cisterciensis,
896 1004 1057 1060 Clara
1084 1003 1285 1060 Mareis
1315 1006 1463 1074 (336)
1513 1004 1583 1059 ab
1612 1003 1803 1081 incolis
1844 1018 2057 1059 nuncu-

463 1102 671 1164 patum.
730 1092 965 1149 Instabat
1021 1091 1191 1147 etiam
1237 1101 1362 1163 post
1413 1092 1649 1147 triduum
1692 1091 1931 1164 gloriosa
1961 1107 2055 1147 so-

461 1180 717 1238 lemnitas
760 1180 1073 1237 Nativitatis
1114 1189 1392 1252 perpetuas
1438 1180 1680 1254 Virginis
1736 1188 1791 1235 et
1843 1180 2057 1235 miseri-

462 1270 666 1327 cordia:
693 1270 898 1325 matris.
930 1268 1166 1325 Nolebat
1192 1276 1375 1326 autem
1424 1268 1714 1340 episc0pus
1753 1268 2004 1342 elongari
2025 1284 2057 1323 a

461 1358 657 1414 vicinia
686 1358 811 1426 loci,
834 1374 942 1430 quo
961 1357 1148 1415 divina
1174 1357 1444 1415 celebrari
1475 1357 1675 1414 licebat
1704 1365 1827 1413 ante
1858 1356 2056 1413 festum

461 1448 603 1504 adeo
640 1446 979 1519 praeclarum,
1012 1463 1082 1502 ne
1110 1446 1251 1503 forte
1297 1461 1431 1502 aura
1463 1445 1821 1502 dissentiente
1855 1446 1910 1501 in
1941 1449 2057 1501 An-

460 1536 628 1609 gliam
657 1537 730 1591 ad
756 1536 861 1592 hoc
890 1535 1276 1592 celebrandum
1304 1534 1483 1591 minus
1521 1535 1842 1606 tempestive
1873 1550 2059 1591 occur-

461 1633 627 1681 reret.
662 1626 789 1696 Ipsa
816 1624 978 1697 igitur
1001 1624 1111 1690 die,
1142 1639 1251 1696 qua
1280 1624 1348 1679 ad
1388 1624 1647 1680 Sanctum
1691 1622 2055 1679 Audomarum

460 1714 628 1785 venit,
659 1713 763 1769 sibi
790 1728 987 1770 venam
1009 1712 1175 1769 incidi
1229 1711 1375 1779 fecit,
1418 1729 1528 1785 quo
1566 1712 1787 1767 liberius
1829 1720 1882 1767 et
1936 1711 2055 1766 ala-

2157 558 2347 625 notuit,
2372 559 2562 630 paucis
2592 558 2945 629 explicemus.

2228 648 2406 702 Pistor
2426 647 2645 719 quidam
2673 647 2901 704 farinam
2931 649 3018 704 die
3042 649 3325 704 Dominica
3347 655 3750 719 consperserat,
3784 638 3793 641 ’

2156 738 2302 791 unde
2330 736 2578 808 sequenti
2609 745 2769 792 nocte
2797 754 2966 808 panes
2994 753 3211 810 quoque
3254 736 3475 793 venales
3508 743 3751 792 coxerat.

2158 824 2307 894 Quos
2335 825 2466 880 dum
2496 842 2653 880 mane
2683 827 2960 897 sequentis
2996 825 3144 882 ferite
3173 827 3508 899 protraheret
3555 841 3623 880 ex
3651 824 3754 880 cli-

2161 914 2326 982 bano,
2359 913 2516 984 panis
2545 914 2764 985 quidam
2793 914 2847 969 in
2878 915 3190 986 pavimento
3210 914 3419 970 fortiter
3436 914 3620 968 allisus
3648 912 3757 968 fra-

2157 1010 2367 1058 cturam
2388 1002 2532 1069 fecit,
2567 1003 2713 1058 unde
2742 1019 2867 1059 mox
2911 1003 3197 1076 sanguinis
3225 1003 3395 1070 rivus,
3428 1002 3517 1075 qui
3555 1017 3752 1073 panem

2155 1091 2584 1163 circumquaque
2601 1090 2863 1159 iniiceret,
2889 1091 3115 1147 effluxit.
3155 1091 3276 1160 Quo
3297 1091 3466 1163 pistor
3497 1089 3617 1147 viso
3649 1089 3752 1145 tale

2154 1188 2462 1252 portentum
2493 1182 2846 1237 vehementer
2875 1181 3103 1251 expavit.
3134 1180 3339 1235 Panem
3366 1179 3600 1251 denique
3621 1195 3752 1235 cru-

2157 1276 2339 1324 entum
2362 1268 2632 1324 frustatim
2663 1269 3001 1336 comminuit,
3047 1277 3101 1325 et
3130 1286 3231 1340 per
3272 1268 3514 1340 singulas
3543 1267 3752 1323 fractu-

2156 1372 2249 1412 ras
2279 1373 2528 1413 cruorem
2558 1357 2821 1430 liquidum
2851 1358 3054 1413 stillare
3091 1358 3244 1413 vidit.
3288 1356 3467 1430 Fregit
3497 1365 3548 1412 et
3581 1370 3754 1427 panes

2157 1445 2294 1501 alios
2311 1453 2472 1518 atque
2504 1446 2662 1513 alios,
2689 1456 2743 1502 et
2768 1448 2823 1501 in
2855 1447 3107 1502 omnibus
3145 1446 3458 1502 fracturosis
3504 1460 3758 1501 cruorem

2156 1534 2468 1605 implentem
2541 1534 2664 1591 illos
2729 1535 2966 1606 aspexit.
3034 1534 3367 1591 Conterritus
3408 1534 3589 1606 itaque
3647 1541 3756 1587 tam

2154 1630 2505 1680 monstruoso
2530 1632 2723 1681 eventu
2752 1640 2924 1695 panes
2954 1640 3053 1695 per
3104 1639 3267 1680 unam
3298 1623 3413 1679 fere
3451 1622 3755 1678 hebdoma-

2154 1711 2303 1779 dam,
2336 1728 2405 1767 ne
2436 1713 2501 1766 ab
2531 1713 2652 1767 aliis
2684 1712 3019 1778 viderentur,
3051 1712 3363 1769 occultavit.
3398 1712 3507 1767 Sed
3540 1710 3753 1766 interim

458 1802 608 1858 crius
634 1809 759 1873 post
787 1801 1015 1872 expleta:
1043 1800 1636 1875 pbservantiaetempus
1653 1800 1824 1871 (quod
1853 1800 1909 1854 in
1926 1799 2056 1855 fleu-
2076 1830 2128 1890 B
2157 1801 2484 1856 mercenarii
2505 1818 2601 1856 seu
2633 1800 2793 1856 vicini
2815 1802 2929 1871 ejus
2947 1801 3000 1856 id
3032 1801 3174 1873 quod
3194 1800 3473 1857 acciderat
3500 1799 3568 1854 ad
3596 1815 3760 1854 aures

455 1890 698 1947 botomia
727 1889 849 1960 quis
868 1888 1146 1946 vindicare
1177 1888 1280 1944 sibi
1311 1888 1472 1957 solet)
1528 1888 1890 1944 desideratam
1923 1905 2055 1959 per-

460 1978 664 2036 coleret
709 1977 1101 2035 celebritatem.
1151 1977 1273 2032 Jam
1322 1977 1467 2033 enim
1504 1977 1699 2031 diebus
1744 1976 1950 2048 aliquot
2002 1977 2058 2031 in

461 2066 695 2139 singulis
714 2065 996 2131 membris,
1017 2074 1071 2122 et
1098 2065 1155 2120 in
1172 2080 1396 2135 corpore
1425 2080 1526 2120 suo
1546 2073 1678 2131 toto,
1703 2066 2056 2136 gravedinem

459 2172 584 2213 cum
604 2155 752 2211 lento
781 2153 1018 2227 quodam
1045 2154 1232 2210 dolore
1274 2161 1518 2210 senserat
1549 2154 1880 2210 accrevisse.
1932 2155 2060 2210 Post

458 2244 816 2301 minutionem
846 2258 978 2299 vero
1006 2240 1144 2298 adeo
1170 2242 1225 2297 in
1254 2241 1552 2298 continenti
1578 2242 1695 2298 hac
1732 2242 1852 2312 ipsa
1880 2241 2056 2297 mole-

454 2333 556 2390 stia
584 2338 931 2403 augmentata
960 2338 1044 2387 est
1071 2338 1131 2386 ut
1157 2330 1226 2387 de
1276 2346 1483 2397 mensa,
1533 2346 1637 2404 qua
1684 2330 2054 2399 discubuerat,

455 2436 581 2478 cum
627 2420 718 2477 vix
758 2418 1034 2476 modicum
1082 2418 1210 2491 quid
1259 2426 1555 2492 gustasset,
1615 2419 1828 2475 caeteris
1883 2420 2058 2476 adhuc

455 2508 743 2565 edentibus
795 2507 1097 2564 abscedere
1140 2515 1194 2563 et
1249 2507 1429 2563 lectuli
1477 2507 1709 2579 quietem
1778 2506 1932 2563 adire
1988 2507 2057 2562 sit

455 2596 792 2669 compulsus.
835 2595 1011 2665 Quem
1062 2611 1218 2664 mox,
1276 2604 1335 2650 ut
1373 2596 1644 2652 cervicem
1673 2596 2052 2664 reclinaverat,

452 2686 623 2742 sudor
703 2683 893 2741 effudit
971 2682 1433 2754 aﬂluentissimus,
1500 2684 1590 2755 qui
1634 2684 1722 2739 die
1785 2684 1907 2755 ipsa
1945 2692 2055 2740 tota

454 2790 579 2831 cum
626 2773 860 2830 maxima
906 2780 1063 2843 parte
1135 2772 1312 2828 noctis
1365 2772 1628 2829 insecutae
1718 2773 1887 2828 fluere
1942 2788 2055 2828 non

449 2861 705 2920 cessavit.
737 2862 966 2916 Tantum
987 2876 1205 2933 quoque
1222 2859 1330 2916 cibi
1347 2859 1624 2916 fastidium
1652 2876 1786 2917 mox
1803 2861 2050 2932 incurrit,

452 2960 510 3009 ut
529 2968 630 3024 per
656 2949 792 3006 illud
821 2949 1060 3005 triduum
1090 2947 1366 3020 quidpiam
1408 2949 1728 3021 gustaverit.

523 3041 684 3097 Circa
711 3038 1055 3110 vespertinas
1083 3044 1266 3093 autem
1293 3038 1461 3094 horas
1489 3038 1545 3093 in
1575 3038 1764 3111 vigilia
1787 3038 2053 3095 festivita-

453 3130 523 3186 tis
551 3134 867 3185 memoratae
895 3125 1170 3197 profectus
1199 3114 1373 3182 estad
1394 3126 1705 3182 coenobium
1754 3127 2050 3198 praenomi-

454 3225 658 3284 natum,
688 3215 871 3287 ibique
897 3230 1005 3271 uno
1054 3222 1259 3271 tantum
1321 3217 1610 3283 monacho,
1666 3231 2047 3287 conversoque

452 3321 563 3363 uno
592 3321 659 3361 ex
705 3304 819 3359 suis
866 3320 1052 3360 secum
1097 3304 1322 3360 retentis
1380 3304 1735 3375 pernoctavit.
1786 3304 2046 3375 Reliquos

449 3408 584 3451 vero
611 3409 737 3449 cum
764 3391 921 3464 equis
939 3392 1010 3448 ad
1039 3392 1354 3464 hospitium,
1385 3393 1530 3448 unde
1548 3400 1831 3459 venerant,
1864 3392 2048 3448 redire

446 3482 625 3553 jussit,
655 3481 807 3549 satis,
840 3482 1019 3553 quoad
1049 3481 1217 3548 licuit,
1249 3481 1631 3537 resistentibus
1658 3481 1857 3537 abbate
1894 3482 2046 3553 (337)

450 3581 504 3630 et
532 3571 790 3640 fratribus
817 3572 945 3638 loci,
977 3570 1293 3627 universum
1319 3570 1467 3626 illius
1495 3570 1810 3626 comitatum
1860 3587 2045 3627 secum

451 3675 797 3732 summopere
818 3659 1058 3717 detinere
1092 3658 1442 3714 certantibus.
1499 3658 1806 3731 Episcopus
1860 3668 2045 3716 autem

450 3749 506 3806 in
526 3747 828 3804 inﬁrmaria
847 3747 1127 3819 quiescere
1145 3746 1447 3819 praeelegit,
1472 3748 1627 3817 cujus
1646 3748 1701 3803 in
1722 3749 2045 3820 obsequium

451 3836 696 3909 deputati
715 3843 840 3892 sunt
867 3834 977 3890 duo
1007 3835 1215 3901 fratres,
1250 3835 1344 3906 qui
1372 3834 1535 3891 nimia
1590 3836 1878 3893 devotione
1926 3839 2044 3906 ejus

448 3924 731 3982 famulatui
756 3923 1097 3980 insistebant.
1128 3928 1174 3980 A
1205 3925 1418 3995 quibus,
1451 3940 1573 3980 cum
1603 3925 1735 3981 nihil
1775 3939 2042 3983 escaa'su-

450 4029 605 4071 mere
632 4013 756 4084 cogi
766 4011 1051 4083 potuisset,
1081 4012 1253 4084 pedes
1283 4013 1387 4068 sibi
1405 4014 1725 4080 abluendos,
1758 4023 1811 4071 et
1830 4015 2042 4072 ofﬁcio—

452 4101 667 4159 sissime
698 4100 983 4167 fovendos,
1014 4108 1069 4156 et
1101 4102 1464 4175 extergendos
1502 4104 1817 4174 compulsus
1847 4113 1927 4160 est
1957 4122 2044 4161 ex-

451 4190 664 4247 hibere.
687 4188 926 4259 Quorum
954 4186 1045 4246 ille
1074 4190 1407 4263 benignitate
1455 4191 1587 4247 satis
1613 4192 1936 4260 delectatus,
1962 4194 2043 4249 eis

451 4278 755 4342 devotionis
784 4294 896 4334 suae
917 4276 1034 4336 vice
1061 4279 1161 4335 Dei
1208 4288 1262 4335 et
1289 4296 1444 4336 suam
1482 4281 1918 4339 benedictionem
1947 4300 2042 4339 re-

448 4367 744 4439 pendebat.
774 4368 892 4424 Nec
910 4367 1137 4423 multum
1163 4377 1307 4440 post,
1329 4369 1462 4425 alter
1478 4386 1669 4425 eorum
1699 4370 1754 4425 in
1785 4371 2044 4426 abbatem

450 4456 621 4529 (338),
656 4463 710 4511 et
736 4455 876 4513 alter
902 4456 959 4512 in
981 4457 1225 4526 ejusdem
1254 4457 1363 4514 loci
1386 4458 1622 4530 priorem
1644 4458 1829 4515 favore
1857 4459 2043 4516 divino

2159 1889 2409 1960 publicas
2438 1889 2764 1944 detulerunt.
2790 1889 2933 1959 Quid
2954 1890 3112 1961 plura
3127 1890 3154 1943 ?
3176 1890 3284 1945 Res
3297 1889 3515 1944 demum
3536 1887 3757 1958 oppida-

2157 1978 2243 2033 nis
2270 1978 2480 2034 cunctis
2509 1978 2739 2033 innotuit
2775 1996 2789 2033 :
2812 1995 2950 2033 unus
2981 1978 3146 2035 etiam
3173 1994 3240 2034 ex
3268 1977 3354 2032 his
3375 1977 3608 2048 panibus
3635 1975 3754 2046 epi-

2156 2080 2326 2137 scopo
2355 2082 2389 2121 a
2418 2066 2764 2122 convicaneis
2794 2066 3098 2132 exhibetur,
3135 2066 3539 2138 frangebatura
3570 2063 3749 2130 nobis,

2156 2163 2210 2211 et
2238 2171 2365 2210 mox
2394 2155 2727 2227 sequebatur
2774 2171 2941 2212 cruor
2988 2155 3301 2222 fracturam,
3335 2169 3400 2210 ac
3454 2154 3497 2208 si
3517 2152 3754 2208 hominis

2158 2243 2276 2299 sive
2297 2244 2405 2300 vivi
2435 2244 2821 2316 cujuscumque
2839 2243 3091 2299 animalis
3111 2242 3604 2300 caroincideretur.
3638 2241 3758 2297 Hu-

2152 2333 2241 2403 jus
2272 2348 2489 2405 quoque
2522 2333 2679 2403 panis
2735 2333 2968 2388 frustum
3002 2348 3113 2389 non
3157 2331 3430 2389 modicum
3470 2330 3757 2386 nobiscum

2158 2421 2287 2477 inde
2313 2422 2370 2476 in
2394 2422 2514 2476 sinu
2534 2421 2847 2477 detulimus.
2869 2422 3000 2477 Erat
3042 2428 3221 2476 autem
3249 2421 3405 2492 panis
3455 2419 3757 2475 fermenta-

2158 2520 2262 2565 tus.
2296 2510 2447 2566 Cocti
2467 2511 2674 2581 pariter
2721 2510 2936 2566 fuerant
2967 2510 3025 2565 in
3054 2510 3269 2566 clibano
3323 2508 3551 2580 praefato
3581 2523 3757 2579 panes

2154 2598 2330 2670 azymi
2359 2606 2414 2654 et
2442 2598 2772 2665 fermentati,
2806 2599 2904 2653 sed
2935 2599 3113 2669 azymi
3147 2599 3204 2653 in
3234 2614 3329 2653 sua
3358 2597 3614 2669 qualitate
3629 2595 3759 2667 puri

2157 2687 2604 2753 ostendebantur,
2626 2688 2702 2742 nil
2723 2688 3095 2761 prodigiosum
3126 2687 3418 2754 habentis;
3449 2684 3760 2742 fermentati

2155 2791 2288 2832 vero
2313 2792 2503 2832 omnes
2525 2775 2828 2831 fundebant
2858 2776 3200 2846 sanguinem,
3235 2775 3283 2830 si
3304 2774 3628 2830 fractionem
3654 2787 3758 2828 ac-

2154 2864 2398 2935 ciperent
2440 2864 2527 2920 vel
2570 2865 2889 2921 sectionem.
2926 2864 3064 2921 Hinc
3122 2864 3430 2920 sentiebant
3484 2861 3756 2930 nonnulli,

2154 2953 2399 3023 punitam
2419 2952 2588 3008 fuisse
2646 2953 2737 3007 tali
2765 2968 2898 3009 casu
2954 2952 3194 3008 hominis
3248 2952 3430 3024 cupidi
3472 2950 3760 3007 temerita-

2153 3049 2285 3110 tem,
2320 3057 2431 3113 qua
2456 3042 2545 3097 die
2560 3042 2848 3097 Dominica
2876 3048 3264 3112 praeparasset,
3313 3041 3459 3113 quod
3501 3039 3758 3110 sequenti

2153 3129 2291 3185 feria
2312 3130 2576 3185 maturius
2623 3130 2969 3195 distraheret,
3020 3129 3151 3185 dum
3179 3130 3337 3201 panis
3381 3145 3602 3200 azymus
3628 3136 3764 3199 post

2158 3218 2486 3274 sacraelucis
2536 3218 2921 3289 crepusculum
2978 3232 3306 3290 conspersus
3334 3226 3386 3274 et
3442 3224 3630 3274 coctus
3677 3214 3762 3269 nil

2155 3306 2371 3363 admisit
2396 3307 2750 3375 horrendum,
2781 3315 2837 3363 et
2856 3314 2983 3362 ante
3029 3323 3312 3378 vesperam
3343 3315 3528 3363 contra
3583 3303 3753 3360 insti-

2155 3403 2331 3452 tutum
2357 3396 2414 3450 in
2442 3411 2682 3452 massam
2712 3396 2972 3452 subactus
3002 3404 3055 3452 et
3072 3395 3444 3462 fermentatus,
3469 3409 3580 3450 non
3599 3409 3761 3464 quaa-

2156 3485 2263 3539 stui
2290 3483 2507 3555 profuit,
2532 3484 2629 3540 sed
2661 3492 2939 3541 auctorem
2960 3500 3118 3539 suum
3139 3483 3267 3540 fecit
3282 3482 3535 3539 ostentui.
3559 3481 3759 3537 Plures

2155 3572 2424 3645 siquidem
2455 3589 2522 3628 ex
2550 3573 2636 3628 his
2664 3572 2896 3643 panibus
2925 3589 3025 3643 per
3051 3573 3385 3628 monasteria
3404 3580 3457 3628 et
3472 3568 3763 3627 Ecclesias

2153 3662 2576 3733 circumquaque
2603 3661 2757 3716 missi
2784 3669 2909 3716 sunt
2935 3660 3004 3715 ad
3032 3669 3440 3717 manumentum
3485 3657 3755 3731 posteris,

2154 3759 2209 3806 et
2236 3750 2684 3822 prmsumptuosis
2715 3749 3118 3805 solemnitatum
3154 3766 3439 3806 sacrarum
3466 3747 3763 3804 violatori-

2153 3839 2272 3908 bus,
2306 3848 2359 3895 et
2386 3839 2458 3896 ad
2477 3838 2835 3896 correctionis
2866 3839 3251 3896 documentum
3299 3838 3592 3911 diligenter
3611 3851 3757 3892 con-

2154 3929 2431 3985 servandi.

2224 4019 2294 4072 At
2316 4032 2450 4073 vero
2477 4016 2669 4072 Matris
2698 4015 3094 4072 misericordiae
3122 4032 3224 4087 ope
3252 4024 3376 4088 post
3395 4015 3753 4079 celebratam,

2151 4114 2211 4162 ut
2241 4105 2451 4177 praefati
2474 4122 2677 4171 sumus,
2710 4104 2764 4159 in
2794 4106 3003 4161 honore
3032 4105 3201 4176 ipsius
3243 4104 3463 4160 missam
3510 4103 3757 4159 famulus

2154 4194 2399 4264 ejusdem
2427 4202 2482 4251 et
2509 4193 2749 4251 vicarius
2794 4193 3180 4250 devotissimus
3217 4195 3376 4266 Hugo
3405 4193 3758 4265 aegritudinis

2153 4300 2268 4340 sua:
2296 4284 2545 4341 levamen
2575 4298 2685 4341 non
2706 4283 2980 4338 modicum
3013 4264 3525 4354 percepitf'Exacta
3579 4280 3758 4352 igitur

2153 4372 2241 4429 die
2269 4372 2623 4428 solemnitatis
2652 4386 2776 4429 cum
2803 4370 2987 4426 laetitia
3017 4380 3070 4427 et
3097 4372 3472 4437 exsultatione,
3506 4371 3562 4425 in
3618 4386 3753 4426 cra-

2152 4462 2295 4517 stino
2322 4461 2786 4517 Widsandensem
2811 4458 3026 4531 portum
3067 4477 3191 4518 cum
3249 4461 3363 4515 suis
3415 4459 3601 4516 adivit.
3641 4459 3757 4514 Se-

450 4552 753 4617 promotus,
786 4560 887 4600 nos
921 4544 978 4600 in
1025 4545 1198 4601 exsilii
1256 4546 1427 4601 nostri
1473 4546 1764 4618 przesentis
1810 4564 2042 4604 excursu
2072 4544 2363 4622 unentis
2391 4566 2521 4607 vero
2550 4552 2657 4607 diei
2687 4568 2890 4608 aurora
2924 4551 3102 4622 ipsum
3142 4551 3324 4606 navim
3372 4547 3752 4604 conscendere

447 4633 519 4689 ad
547 4649 643 4690 eos
671 4649 962 4706 parumper
980 4634 1261 4705 digressos
1279 4635 1515 4691 humane
1546 4635 1678 4690 satis
1699 4651 2045 4709 recognove-

449 4730 593 4778 runt.
618 4723 679 4776 In
699 4722 940 4778 crastino
967 4730 1145 4777 autem
1202 4721 1556 4793 penultimam
1585 4724 1786 4779 ibidem
1843 4724 2045 4780 Christi

448 4810 689 4880 pontifex
719 4809 1015 4866 celebravit
1041 4811 1263 4865 missam
1290 4828 1303 4865 :
1328 4825 1434 4883 qua
1463 4812 1813 4868 devotissime
1830 4813 2045 4884 expleta

443 4898 664 4968 jejunus
689 4913 722 4954 a
751 4897 873 4954 cibo
890 4897 1156 4968 corporali
1187 4898 1481 4972 hospitium
1522 4900 1737 4973 repetiit
1768 4917 1922 4958 suum
1954 4902 2043 4957 in-

520 5076 658 5146 (334)
733 5077 1083 5146 Audomarumr
1119 5078 1258 5129 allias
1314 5082 1365 5130 et
1422 5079 1837 5145 Audomaropotis,
1904 5083 2044 5146 vulgo

447 5144 914 5213 Saint-Omer,_urbs
932 5145 1132 5213 Artesite
1152 5150 1244 5203 est,
1266 5146 1405 5209 cujus
1421 5149 1675 5211 episcopus
1690 5144 2042 5213 archiepiscopi

450 5212 517 5264 Ca
524 5211 833 5264 maracensis.
844 5213 922 5260 est
943 5210 1293 5274 sun‘raganeus.

519 5297 660 5362 (555)
684 5296 738 5345 In
760 5295 1001 5362 Chronico
1026 5297 1078 5346 S.
1101 5297 1281 5347 Bertini
1330 5300 1358 5349 ξι
1399 5300 1615 5351 Martene
1641 5300 1769 5352 edito
1794 5302 1888 5352 col.
1920 5302 2041 5362 688,

451 5361 536 5429 ita
562 5361 779 5426 legitur:
827 5381 850 5405 α
872 5361 1048 5413 Statim
1089 5366 1272 5427 autem,
1316 5369 1373 5416 ut
1410 5367 1500 5417 hos
1532 5371 1730 5419 sanctos
1774 5361 2038 5429 exsules”)

450 5428 725 5499 Cantuarip
749 5430 1033 5499 monachos,
1063 5451 1089 5499 g
1114 5431 1246 5482 dom.
1273 5432 1484 5485 Joannes
1516 5434 1671 5487 abbas
1694 5437 1820 5499 apud
1846 5428 2041 5489 Wisan-

450 5500 555 5547 tunt
578 5495 869 5559 applicuisse
889 5497 1117 5561 cognovit
1132 5512 1155 5547 ι
1168 5537 1183 5563 ,
1210 5503 1307 5549 etc.

2149 4640 2281 4695 vidit
2311 4641 2592 4712 genitricis
2656 4642 2836 4697 Maria:
2875 4649 3065 4707 mater,
3124 4639 3440 4694 beatissima
3497 4636 3756 4692 videlicet

2143 4731 2318 4783 Anna.
2349 4728 2484 4798 Qua:
2503 4729 2681 4800 primo
2712 4729 2991 4786 remissius
3023 4728 3343 4800 spiraverat,
3392 4726 3628 4782 carbasa
3664 4741 3752 4779 re-

2144 4825 2307 4887 pente
2334 4818 2596 4889 implevit.
2632 4819 2819 4874 Solent
2837 4819 3055 4891 quidem
3077 4817 3320 4873 universi
3340 4823 3748 4871 transvectores

2145 4905 2387 4974 Mariam,
2422 4907 2560 4963 sicut
2604 4908 2770 4963 maris
2816 4906 3032 4963 stellam
3088 4906 3385 4973 attendere,
3421 4897 3477 4958 ut
3524 4919 3749 4959 cursum

2216 5084 2359 5150 (356)
2389 5085 2799 5149 Claromariscus,
2825 5086 2991 5147 latine,
3020 5085 3205 5136 ordinis
3243 5082 3580 5136 Cistcreiensis
3605 5096 3752 5147 egre-

2145 5153 2279 5215 gium
2306 5154 2577 5203 coenobium
2605 5154 2735 5204 circa
2760 5166 2937 5204 annum
2967 5153 3095 5203 1140
3122 5153 3390 5204 fundatum.

2214 5238 2350 5299 (557)
2378 5237 2468 5299 Qui
2492 5241 2605 5289 tunc
2626 5243 2736 5289 erat
2779 5238 3026 5289 Gerardus
3049 5238 3109 5288 de
3133 5238 3417 5301 Campania,
3444 5238 3494 5289 in
3514 5238 3745 5291 abbatem

2144 5305 2329 5355 electus
2353 5315 2479 5354 anno
2509 5306 2657 5355 1198.

2212 5388 2355 5454 (338‘,
2381 5390 2606 5441 Nicotaus
2629 5390 2858 5442 videlicet
2881 5394 2965 5441 aut
2989 5390 3303 5453 Lambertus,
3335 5403 3396 5440 ex
3437 5390 3613 5453 quibus
3634 5390 3747 5452 pri-

2144 5469 2253 5509 mus
2271 5460 2480 5520 praeerat
2506 5470 2652 5520 anno,
2680 5470 2774 5521 quo
2798 5458 2846 5508 in
2874 5458 3094 5510 exsilium
3133 5457 3269 5508 missi
3293 5459 3406 5508 sunt
3430 5458 3752 5510 Cantuarien.

2143 5535 2244 5586 ses,
2267 5525 2392 5576 alter
2417 5536 2534 5576 vero
2556 5524 2764 5576 durante
2780 5525 2970 5577 exsilio.
