3938 6470
147 382 275 433 1093

1521 372 1698 427 VITA.
1735 399 1803 410 -—
1832 369 1960 423 LIB.
2007 368 2067 422 V.

3313 369 3338 418 ‘l
3349 367 3452 420 09L

145 503 415 574 dirigant,
471 501 541 555 ita
588 500 768 554 Marizn
815 507 1042 554 matrem
1099 498 1354 568 precibus
1397 497 1668 552 advocare
1699 495 1826 553 etA
1856 492 2112 547 adventui
2141 492 2259 560 ejus
2289 491 2726 561 congratulando
2755 491 3170 561 applaudentes,
3206 490 3303 546 sed
3345 507 3464 546 mo-

150 590 465 644 muneribns
525 588 833 659 corrogatis
888 587 1125 651 ambire,
1176 594 1231 640 ut
1278 601 1499 640 currere
1530 591 1749 655 queant,

151 696 271 740 cum
341 677 740 732 subsidentium
808 683 1094 730 ventorum
1172 673 1470 745 spiramina
1544 672 1754 727 itineris

154 775 513 823 commeatum
543 771 767 836 negant.
803 763 941 819 Huic
998 779 1131 818 vero
1187 778 1405 833 semper
1451 762 1600 831 (339)
1631 768 1756 831 post

155 857 347 927 ipsium
380 862 561 908 natam
591 851 914 906 familiarius
930 853 1088 923 llugo
1119 859 1172 905 et
1193 851 1441 907 devotius
1472 849 1756 920 depende-

156 946 244 999 bat
274 941 641 999 venerationis
669 940 1048 1010 obsequelam.
1107 937 1242 1006 Quae
1279 938 1383 991 sibi
1429 937 1667 993 vicissim
1703 937 1759 990 in

155 1032 364 1088 cunctis
395 1029 810 1085 necessitatibus
833 1036 885 1082 et
907 1027 1166 1099 periculis
1202 1027 1441 1082 celerem
1483 1026 1758 1096 repende-

160 1122 251 1175 bat
298 1118 724 1190 Opitulationem.
775 1118 926 1172 Tunc
973 1131 1189 1187 quoque
1220 1131 1342 1170 eam
1371 1113 1643 1170 invocanti
1673 1113 1759 1168 fe-

159 1209 301 1264 stina
332 1206 540 1273 adfuit,
591 1213 750 1277 atque
794 1221 954 1260 cursu
985 1203 1354 1275 placidissimo
1384 1202 1550 1257 littori
1579 1209 1761 1272 optato

159 1296 412 1353 celeriter
441 1293 726 1365 appulsum
749 1294 890 1348 adeo
909 1292 1235 1347 exhilaravit
1254 1300 1310 1346 ut
1329 1289 1613 1346 confestim
1635 1297 1759 1361 post

162 1400 382 1456 pressas
402 1382 650 1454 vestigiis
668 1397 866 1436 arenas
897 1380 1186 1436 ecclesiam
1209 1388 1436 1450 peteret,
1470 1379 1762 1433 missarum

163 1471 428 1528 solemnia
481 1472 552 1525 de
609 1485 761 1525 sacro
807 1469 981 1540 ipsius
1028 1468 1319 1540 puerperio
1357 1468 1752 1524 celebraturus.

164 1561 284 1629 Quo
333 1567 482 1616 certe
533 1575 597 1614 ex
641 1558 786 1613 facto
820 1558 953 1612 satis
983 1557 1152 1627 patuit
1182 1565 1382 1628 quanta
1411 1555 1571 1610 fuerit
1601 1556 1653 1608 in
1697 1570 1763 1610 eo

161 1665 301 1722 erga
331 1647 615 1703 Dominica
641 1654 979 1701 sacramenta
1000 1645 1236 1711 devotio,
1261 1661 1423 1716 quem
1444 1659 1620 1715 neque
1648 1658 1764 1698 ma-

162 1738 280 1794 rina
335 1737 558 1805 jactatio
581 1777 594 1801 ,
657 1750 759 1790 nec
788 1750 907 1788 cum
938 1733 1189 1790 morbida
1219 1733 1529 1789 valetudine
1570 1732 1766 1786 inediae

1853 580 2024 636 lestiaa
2057 579 2350 650 corporali,
2391 596 2495 650 qua
2526 579 2675 632 illum
2709 578 2962 634 allectum
2993 578 3332 644 didicerant,
3372 580 3462 632 ni-

1854 664 1963 718 mio
2011 679 2248 719 maarore
2303 662 2714 733 compatientes.
2769 661 2920 730 Quos
2975 662 3064 716 ille
3113 662 3464 734 magnanima

1855 752 2036 808 cordis
2066 751 2284 823 orisque
2314 751 2621 806 constantia
2668 766 3008 824 magnopere
3037 751 3312 807 consolari
3341 758 3461 806 stu-

1856 840 2006 902 duit;
2041 839 2302 911 vultuque
2331 855 2528 894 sereno
2559 838 2776 911 ﬂagella
2805 839 3088 894 Dominica
3125 839 3299 895 servis
3346 839 3463 894 Do-

1855 929 1990 983 mini
2018 928 2198 984 dulcia
2225 943 2347 982 esse
2377 927 2578 983 debere
2598 971 2612 994 ,
2666 935 2716 982 et
2765 927 2945 984 verbis
2975 927 3174 997 docuit,
3206 935 3259 982 et
3289 927 3462 998 suiip-

1859 1019 1972 1074 sius
2002 1016 2253 1088 exemplo
2285 1017 2602 1072 declaravit.

1929 1107 1998 1161 Et
2029 1122 2162 1160 sane
2191 1105 2475 1162 oculorum
2505 1105 2778 1161 habetudo
2826 1105 3030 1161 sensim
3059 1105 3357 1177 irrepserat
3413 1105 3468 1161 ei

1859 1212 1980 1267 quae
2033 1194 2274 1266 pulveris
2332 1203 2385 1249 et
2441 1193 2704 1250 caumatis
2733 1194 3044 1250 continuato
3073 1201 3316 1266 ingestu,
3346 1211 3468 1250 me-

1859 1291 2087 1338 morata:
2116 1281 2468 1354 profectionis
2516 1291 2789 1353 tempore,
2821 1283 3105 1339 oculorum
3135 1284 3308 1339 aciem
3336 1283 3465 1354 plu-

1862 1372 2056 1426 rimum
2078 1371 2545 1427 reverberaverat.
2571 1370 2676 1439 Qui
2703 1371 2899 1426 crebro
2929 1371 3352 1444 suggerentibus
3374 1387 3472 1427 no-

1865 1459 1946 1514 bis
1968 1504 1982 1526 ,
2035 1468 2304 1531 quatenus
2352 1459 2582 1528 alicujus
2611 1475 2774 1530 opem
2803 1459 3033 1515 medela:
3063 1460 3293 1516 sineret-
3313 1460 3469 1515 adhi-

1863 1548 2012 1617 beri,
2071 1564 2177 1602 una
2235 1563 2450 1618 semper
2505 1555 2559 1602 et
2614 1547 2808 1603 eadem
2864 1563 2998 1604 voce
3046 1548 3462 1619 respondebat:

1869 1658 1890 1688 α
1927 1636 2089 1706 Satis,
2123 1636 2372 1707 inquiens
2396 1677 2410 1702 ,
2460 1636 2606 1692 oculi
2635 1637 2792 1691 nobis
2821 1636 2909 1692 isti
2939 1635 3210 1693 sufﬁcient
3233 1681 3250 1704 ,
3286 1653 3467 1710 quan—

1863 1725 1955 1779 diu
1984 1724 2145 1779 fuerit
2172 1724 2418 1795 ipsorum
2446 1741 2576 1779 usus
2593 1724 2752 1779 nobis
2780 1725 3144 1781 necessarius.
3177 1725 3274 1780 His
3305 1725 3469 1798 igitur

164 1842 264 1897 per
282 1823 484 1880 multos
499 1823 609 1892 jam
631 1822 748 1877 dies
769 1830 1037 1893 protracta
1065 1822 1380 1886 maceratio,
1407 1837 1440 1876 a
1459 1820 1764 1875 divinorum
1786 1849 1838 1910 Β
1867 1813 2222 1868 exterioribus
2251 1829 2548 1884 parumper
2576 1813 2784 1868 obtusis
2806 1853 2820 1881 ,
2882 1829 2985 1870 nec
3027 1821 3211 1868 tamen
3238 1814 3468 1884 pristino

159 1913 530 1970 celebratione
557 1912 730 1983 potuit
759 1910 1038 1977 cohibere,
1065 1910 1212 1982 quia,
1236 1910 1376 1966 sicut
1405 1909 1615 1980 pridem
1644 1924 1766 1964 mo-

161 2003 393 2068 nachus,
427 2001 638 2073 quoties
668 2000 736 2054 de
765 2000 1032 2070 permissu
1063 1998 1272 2053 ordinis
1298 1998 1449 2054 licuit
1470 1999 1640 2068 (340),
1692 1997 1767 2052 ita

158 2092 272 2161 jam
307 2091 599 2161 episcopus
625 2132 637 2154 ,
671 2088 882 2159 quoties
931 2087 1068 2142 ratio
1097 2086 1445 2158 possibilitati
1474 2085 1765 2155 concurrit,

162 2181 364 2234 missas
393 2178 674 2234 celebrare
703 2177 851 2231 nullo
881 2185 1127 2247 tempore
1153 2174 1518 2246 praetermisit.
1552 2175 1633 2229 Ex
1663 2190 1769 2246 qua

160 2268 439 2339 praecipue
467 2266 707 2321 muneris
736 2265 877 2320 sacri
928 2265 1286 2320 devotissime.
1332 2263 1771 2336 frequentissima

160 2356 516 2428 perceptione
549 2363 601 2410 et
622 2354 956 2427 singularem
978 2353 1159 2409 cordis
1192 2353 1510 2408 munditiam
1539 2359 1592 2406 et
1620 2352 1770 2408 insu-

160 2445 471 2516 perabilem
501 2443 818 2499 constantiae
849 2451 1276 2512 ceterarumque
1305 2441 1562 2496 virtutum
1593 2439 1771 2494 firmi-

158 2541 336 2588 tatem
368 2531 615 2586 obtinere
646 2530 962 2600 promeruit;
996 2529 1094 2585 sed
1124 2537 1176 2584 et
1204 2527 1554 2583 invisibilium
1585 2543 1772 2583 rerum

159 2631 214 2678 et
247 2619 611 2692 spiritualium
640 2627 969 2674 secretorum
1003 2618 1258 2688 mysteria
1289 2617 1338 2673 ei
1385 2616 1641 2672 divinitus
1667 2631 1771 2686 pa-

157 2711 337 2766 tuisse
367 2709 508 2764 inler
535 2709 656 2779 ipsa
684 2707 987 2763 reverenda
1033 2707 1261 2763 canonis
1299 2713 1512 2763 secreta
1541 2705 1773 2760 familia-

160 2816 257 2855 res
289 2798 466 2870 ipsius
493 2813 603 2851 non
633 2796 801 2850 latuit.
863 2795 1171 2867 Aliquando
1222 2802 1405 2850 tamen
1433 2794 1774 2865 capellanum

165 2903 368 2953 suum,
418 2902 581 2958 quem
625 2885 802 2957 pridie
844 2884 1166 2956 sanguinem
1223 2883 1485 2938 minuisse
1543 2882 1770 2951 sciebat,

162 2977 400 3031 missam
456 2974 766 3030 celebrasse
794 2973 1089 3046 cognovit;
1150 2988 1314 3044 quem
1368 2981 1498 3028 tunc
1554 2971 1775 3043 quidem

162 3064 374 3119 blande
404 3062 684 3134 corripuit,
717 3062 815 3118 sed
844 3063 949 3118 hoc
977 3061 1174 3116 iterum
1206 3068 1556 3116 attentantem
1586 3059 1775 3114 durius

159 3152 509 3222 increpavit,
559 3150 798 3206 districte
825 3151 1124 3221 prohibens
1152 3166 1220 3205 ne
1247 3149 1472 3205 ulterius
1503 3148 1557 3203 id
1599 3148 1776 3203 facere

159 3248 564 3314 praesumeret,
617 3248 669 3295 et
713 3238 948 3310 pericula
997 3254 1063 3293 ex
1092 3238 1186 3292 tali
1217 3235 1640 3308 praesumptione
1670 3251 1779 3292 non

160 3330 347 3386 semel
377 3328 679 3392 accidisse,
731 3335 780 3382 et
812 3326 914 3381 sibi
943 3326 1244 3382 innotuisse
1271 3325 1634 3382 memorabat.

233 3421 442 3476 Verum
465 3461 479 3482 ,
511 3425 570 3471 ut
597 3425 776 3487 empta
806 3415 1070 3486 procedat
1097 3415 1287 3479 oratio,
1338 3414 1484 3470 diem
1513 3414 1779 3469 adventus

160 3507 248 3563 sui
280 3508 341 3562 in
365 3505 622 3577 Angliam
651 3504 794 3575 apud
818 3505 1058 3559 Douram
1087 3504 1236 3574 (341)
1266 3502 1356 3557 ubi
1386 3501 1640 3574 applicuit
1671 3517 1780 3556 una

159 3612 292 3653 cum
328 3594 547 3651 clericis
577 3593 807 3664 aliisque
837 3591 1150 3648 domesticis
1181 3599 1234 3647 et
1263 3590 1452 3646 amicis
1482 3591 1593 3645 suis
1614 3591 1780 3661 (quo-

160 3701 289 3740 rum
343 3682 551 3737 ibidem
597 3681 754 3736 turba
783 3696 892 3736 non
919 3680 1131 3735 modica
1160 3687 1434 3751 speratam
1480 3686 1533 3734 et
1574 3693 1780 3749 praeco-

156 3774 384 3846 gnitam
416 3771 587 3842 ipsius
613 3769 961 3842 prmsentiam
1005 3769 1435 3839 exspectaverat)
1477 3767 1652 3823 laetam
1680 3767 1780 3822 lae-

157 3871 252 3917 tus
305 3863 434 3932 ipse
482 3875 606 3915 cum
635 3858 771 3914 laetis
802 3857 1002 3930 exegit.
1060 3859 1119 3912 In
1175 3857 1415 3913 crastino
1447 3855 1781 3911 Doberniam

157 3951 341 4008 venit.
379 3948 462 4004 Ibi
492 3947 687 4003 Christi
718 3946 995 4002 basilicam
1025 3961 1169 4014 mox,
1214 3946 1308 4000 ubi
1341 3945 1533 4000 urbem
1557 3944 1781 4018 ingres-

157 4057 281 4105 sus,
320 4037 499 4093 adivit
526 4036 580 4090 in
621 4051 725 4107 qua
755 4034 928 4106 primo
957 4035 1028 4090 ad
1058 4033 1352 4090 Salvatoris
1382 4049 1552 4098 aram,
1583 4033 1782 4088 deinde

156 4129 230 4184 ad
254 4125 520 4198 singulas
541 4131 851 4179 sanctorum
881 4123 936 4178 in
957 4139 1020 4178 ea
1040 4121 1435 4194 quiescentium
1462 4121 1777 4186 memorias,

155 4217 525 4285 maximeque
581 4213 650 4267 ad
707 4211 936 4284 gloriosi
991 4210 1250 4283 martyris
1279 4211 1500 4266 Thomas
1556 4225 1780 4265 mauso-

153 4307 328 4362 laeum
362 4302 697 4368 diutissime,
722 4301 820 4357 sed
851 4308 903 4356 et
933 4299 1284 4356 devotissime
1321 4315 1505 4365 orans,
1541 4299 1780 4369 seipsum

151 4405 208 4452 et
241 4409 387 4450 suos
421 4390 610 4447 divino
639 4390 894 4461 praesidio
925 4398 978 4445 et
1006 4388 1309 4460 patrocinio
1338 4387 1436 4443 Dei
1467 4396 1782 4444 sanctorum

152 4483 437 4539 attentius
472 4478 899 4535 commendavit.
938 4479 1094 4543 Hinc,
1140 4477 1324 4548 priore
1353 4475 1646 4548 multisque
1676 4475 1784 4530 fra-

1800 3205 1847 3266 Ο

1867 1901 2069 1958 decore
2097 1900 2335 1956 exterius
2364 1901 2590 1971 privatis
2611 1943 2626 1970 ,
2675 1901 2940 1956 luminum
2970 1901 3286 1957 interiorum
3338 1902 3468 1957 lim-

1866 1990 2044 2060 pidior
2088 1989 2157 2044 de
2202 1989 2290 2044 die
2341 1989 2394 2044 in
2441 1989 2587 2044 diem
2633 1989 2853 2046 claritas
2903 1990 3254 2046 reddebatur.
3306 1993 3467 2062 Apud

1868 2078 2214 2134 Cantuariam
2269 2093 2431 2147 vero,
2481 2077 2574 2132 ubi
2623 2078 2798 2133 solent
2856 2079 3221 2149 quorumdam
3270 2080 3471 2151 saepius

1869 2166 2042 2223 levari
2064 2166 2438 2239 aegritudines,
2474 2165 2643 2238 ipsius
2673 2167 2812 2222 adeo
2840 2167 3124 2239 ingravate
3173 2177 3255 2224 est
3302 2169 3470 2242 aegri-

1868 2256 1998 2311 tudo
2023 2297 2036 2322 ,
2085 2263 2144 2309 ut
2185 2254 2314 2310 inde
2344 2254 2652 2310 Londonias
2677 2297 2691 2321 ,
2748 2271 2857 2310 non
2914 2264 3114 2327 praeter
3140 2256 3468 2325 molestiam,

1868 2344 2066 2415 partim
2096 2343 2393 2414 equitando
2418 2387 2432 2408 ,
2485 2344 2679 2414 partim
2709 2344 2889 2400 navali
2929 2344 3179 2400 vehiculo
3207 2346 3472 2416 deporta-

1870 2441 2040 2488 retur.
2071 2432 2218 2488 Nihil
2247 2439 2430 2487 tamen
2457 2432 2576 2488 haec
2606 2433 2721 2488 suis
2749 2433 2888 2488 votis
2917 2433 3327 2500 adversabatur,
3370 2451 3472 2492 nec

1869 2521 2141 2593 precibus,
2177 2535 2314 2592 quas
2343 2520 2398 2575 in
2430 2520 2630 2592 templo
2660 2521 2858 2578 devote
2881 2521 3172 2593 libaverat,
3206 2523 3472 2596 quidquid

1872 2609 1922 2665 ei
1951 2609 2167 2676 accidit,
2199 2608 2254 2665 in
2280 2608 2462 2681 aliquo
2493 2609 2765 2666 obviabat.

2442 2803 2669 2862 CAPUT
2696 2804 2899 2860 XXIII.

1877 2955 2133 3033 Qualiter
2147 2955 2535 3033 Londouiist‘n
2555 2972 2660 3012 sua
2680 2957 3046 3033 aegrotatione
3077 2959 3238 3016 mala
3258 2959 3474 3033 Anglia:

1947 3030 2188 3081 ventura
2216 3027 2490 3150 praedixit
2513 3070 2529 3091 ,
2562 3043 2786 3083 sacram
2843 3031 3174 3085 unctionem
3202 3027 3470 3104 suscipil,

1947 3096 2212 3150 suadenti
2253 3112 2318 3150 us
2347 3099 2402 3150 ei
2423 3101 2833 3150 testa-mentum
2855 3115 2973 3150 esse
3006 3100 3335 3150 faciendum
3367 3120 3470 3150 me.

1947 3096 2318 3169 suadentibus
2347 3099 2402 3152 ei
2423 3101 2833 3153 testa-mentum
2855 3115 2973 3155 esse
3002 3100 3335 3169 faciendum
3363 3096 3482 3161 res;

1941 3167 2180 3241 pandit,
2239 3171 2296 3241 et
2327 3169 2576 3241 _zelum,
2627 3185 2797 3241 quem
2813 3167 3054 3241 semper
3097 3171 3170 3226 ad
3218 3173 3476 3231 divinum

1951 3237 2221 3314 efﬁcium_
2245 3237 2545 3306 habuerat,
2597 3237 2983 3314 nandi-misit
3024 3245 3082 3296 et
3125 3243 3374 3314 qualiter
3403 3247 3476 3302 ad

1951 3324 2139 3377 regem
2184 3309 2462 3383 Joannem
2507 3314 2561 3365 et
2624 3309 3110 3383 archiepiscopum
3136 3309 3225 3383 ise
3282 3313 3480 3373 habuit

1951 3396 2126 3435 causa
2164 3379 2438 3435 visitaudi
2471 3379 2864 3437 accedentibus
2892 3379 3274 3439 ad'eumdem.

1953 3503 2244 3574 Postquam
2273 3518 2406 3559 vero
2433 3503 2716 3575 proprium
2739 3504 3118 3574 diversorium,
3143 3507 3290 3578 quod
3321 3523 3479 3564 secus

1881 3592 2191 3647 Londonias
2220 3593 2364 3663 apud
2394 3601 2549 3649 vetus
2584 3593 2843 3664 templum
2873 3594 3191 3665 possidebat
3220 3596 3370 3666 (342)
3398 3597 3482 3651 in-

1881 3696 2106 3753 gressus
2137 3689 2240 3747 est,
2272 3680 2586 3736 anhelantia
2614 3680 2856 3737 febribus
2902 3683 3148 3737 membra
3194 3684 3351 3756 quies
3398 3684 3478 3740 le-

1881 3768 2008 3824 ctuli
2037 3769 2284 3840 protinus
2305 3769 2537 3840 excepit.
2563 3768 2720 3839 Quod
2741 3771 3036 3826 amicorum
3068 3771 3239 3842 ipsius
3259 3772 3483 3843 plurimi

1879 3856 2182 3924 intuentes,
2238 3858 2494 3914 maestitia
2523 3858 2989 3926 conficiebantur,
3034 3867 3089 3915 et
3117 3859 3237 3931 ipso
3263 3876 3482 3934 quoque

1881 3945 2136 4001 audiente
2182 3945 2422 4002 divinam
2453 3947 2753 4003 exorabant
2785 3947 3125 4004 clementiam
3152 3991 3166 4016 ,
3217 3958 3485 4022 quatenus

1881 4035 2061 4106 ipsum
2091 4034 2423 4091 incolumem
2451 4035 2716 4093 Ecclesia;
2746 4053 2857 4092 sua:
2887 4036 3010 4092 filiis
3031 4080 3046 4103 ,
3078 4038 3147 4092 ad
3176 4038 3346 4110 ipsius
3369 4039 3483 4108 jam

1882 4123 1976 4178 diu
2025 4123 2258 4178 reditum
2307 4123 2469 4180 valde
2514 4124 2794 4195 suspensis
2841 4125 3047 4180 restitui
3089 4126 3324 4194 juberet.
3372 4128 3483 4183 Hos

1881 4211 1974 4266 ille
2005 4211 2188 4282 paucis
2217 4211 2419 4267 blande
2464 4212 2777 4268 consolatus
2804 4213 2878 4268 ait
2913 4228 2926 4267 :
2965 4235 2986 4263 α
3021 4214 3170 4268 Filiis
3201 4215 3400 4270 nostris
3429 4215 3486 4270 in

1884 4299 2094 4355 Christo
2124 4299 2481 4366 cbarissimis,
2515 4300 2631 4356 sive
2660 4317 2904 4372 praesens
2933 4317 3186 4373 corpore,
3219 4303 3333 4358 sive
3381 4304 3485 4358 ab-

1883 4404 2030 4455 sens,
2064 4387 2329 4458 spirituali
2358 4404 2634 4460 nunquam
2661 4389 2955 4460 prazsentia
2981 4391 3178 4446 deesse
3206 4391 3419 4446 valebo.
3460 4417 3482 4441 ι.

1885 4477 2085 4531 Verum
2133 4477 2201 4532 de
2242 4476 2552 4532 valetudine
2581 4477 2694 4533 sive
2724 4478 3011 4548 praesentia
3039 4495 3163 4534 mea
3191 4480 3484 4550 corporali,

153 4573 348 4628 tribus
381 4585 562 4640 usque
593 4567 663 4622 ad
692 4567 884 4621 atrium
911 4566 1144 4621 exterius
1194 4565 1370 4635 ipsum
1401 4580 1526 4620 cum
1553 4579 1787 4620 venera-
1807 4562 1860 4621 D
1887 4565 1997 4621 imo
2026 4573 2079 4620 et
2108 4565 2176 4621 de
2205 4565 2416 4636 meipso
2467 4573 2598 4635 toto,
2633 4566 2807 4621 Patris
2838 4567 3045 4637 solius,
3099 4568 3192 4638 qui
3246 4568 3302 4623 in
3336 4567 3490 4624 caelis

149 4663 309 4716 tione
344 4655 775 4724 deducentibus,
806 4655 875 4710 ad
903 4654 1194 4725 hospitium
1224 4669 1382 4708 suum
1413 4652 1647 4708 divertit.
1672 4651 1789 4708 Illic

148 4751 312 4823 regis
339 4745 632 4818 justitiarii
657 4785 672 4812 ,
713 4759 817 4801 nec
847 4760 956 4799 non
987 4752 1039 4799 et
1093 4743 1340 4814 plerique
1373 4742 1662 4813 optimates
1691 4757 1787 4796 re-

149 4840 252 4912 gni
287 4840 468 4908 (quos
497 4834 566 4889 ad
597 4833 778 4890 locum
806 4833 954 4888 illum
981 4875 994 4899 ,
1028 4832 1215 4887 nescio
1247 4831 1367 4902 quis
1397 4847 1594 4897 casus,
1657 4838 1788 4886 tunc

146 4925 467 4996 asciverat)
516 4924 833 4993 episcopum
886 4921 1129 4977 certatim
1178 4920 1413 4976 invisere
1453 4919 1785 4992 gaudebant,

225 5104 384 5172 (339)
413 5103 575 5166 Igitur
589 5100 692 5161 jam
719 5102 772 5152 S.
815 5101 1028 5172 Hugonis
1070 5103 1288 5172 tempore
1331 5103 1500 5172 sancta
1536 5101 1698 5172 Anna,
1736 5101 1790 5148 ut

151 5166 527 5237 navigantium
551 5172 778 5232 patrona,
804 5169 1128 5237 venerabatur
1171 5168 1221 5237 in
1246 5168 1438 5230 Anglia,
1478 5166 1614 5227 cujus
1639 5178 1790 5217 vene-

152 5235 300 5293 ratio
316 5238 599 5303 plurimum
627 5237 780 5286 crevit
803 5237 862 5286 ad
888 5235 1036 5286 ﬁnem
1061 5235 1223 5286 saeculi
1248 5248 1350 5283 xw.

227 5324 389 5392 (340)
429 5320 564 5392 Vide
587 5323 752 5392 nptam
775 5320 1098 5392 lib.__iv,Acap.
1123 5320 1202 5392 t2,
1225 5319 1516 5392 appositam,
1545 5319 1619 5368 cui
1645 5316 1789 5392 addo,

152 5385 394 5457 tempore
419 5388 580 5440 etiam
606 5387 839 5457 Guigonis
860 5388 921 5448 ν,
947 5387 1220 5457 Carthasim
1247 5386 1436 5447 prioris,
1462 5386 1508 5434 in
1534 5398 1622 5435 usu
1643 5385 1791 5457 (uisse

153 5452 446 5514 tricénaria
494 5459 717 5504 recenter
757 5453 999 5504 defunctis
1023 5466 1274 5514 concessa,
1301 5465 1504 5513 querum
1546 5452 1794 5513 quodlibet

151 5525 491 5590 requirebat,
519 5524 574 5590 ut
596 5533 685 5590 per
711 5521 907 5590 triginta
936 5520 1056 5590 dies
1102 5518 1435 5590 sibiuinvicem
1481 5519 1793 5590 succedentes

152 5585 310 5647 missa
338 5603 440 5656 pro
460 5585 701 5639 defuncto
727 5587 1006 5636 redderetur
1029 5586 1079 5636 in
1105 5585 1294 5648 publico
1320 5585 1396 5635 vel
1421 5585 1470 5634 in
1495 5586 1701 5647 privato.

225 5676 398 5746 (3M),
425 5675 603 5724 Doura
627 5671 771 5746 hodie
784 5670 1178 5746 Pqu_ures,_u_rbs
1205 5671 1255 5746 et
1279 5671 1447 5746 pertus
1473 5668 1660 5746 Angliae
1686 5679 1792 5718 me-

150 5736 456 5802 ridionalis,
490 5751 520 5792 e
553 5738 751 5801 regione
777 5737 951 5799 Caleti,
979 5738 1184 5790 celebris
1202 5736 1371 5788 Galliae
1398 5740 1590 5799 portus.

1887 4663 1989 4720 est,
2022 4653 2270 4710 voluntas
2301 4670 2516 4726 semper
2558 4654 2665 4711 ﬁat.

1958 4744 2255 4799 Transacta
2301 4759 2434 4799 vero
2463 4744 2517 4799 in
2551 4745 2743 4800 eodem
2773 4743 2890 4800 loco
2926 4753 3085 4801 nocte
3115 4761 3239 4814 una,
3273 4752 3492 4816 postera

1887 4832 1996 4899 die,
2030 4832 2133 4903 ipsi
2154 4833 2246 4904 qui
2268 4833 2385 4889 hac
2406 4833 2623 4904 scripsit
2647 4834 2793 4904 (343)
2817 4833 2917 4888 ista
2957 4833 3169 4890 locutus
3204 4841 3324 4890 est:
3351 4857 3374 4882 α
3397 4835 3487 4902 Hi,

1887 4921 1978 4993 qui
2006 4937 2124 4987 nos,
2178 4921 2376 4993 inquit,
2411 4922 2789 4993 temporaliter
2817 4921 3069 4996 diligunt,
3102 4921 3212 4978 imo
3243 4931 3296 4979 et
3324 4922 3490 4995 spiri-

1958 5099 2100 5165 (542)
2125 5102 2178 5152 In
2198 5103 2290 5170 hoc
2314 5103 2479 5155 extera
2501 5106 2550 5155 S.
2581 5102 2816 5164 Hugonis,
2841 5105 2896 5153 ut
2919 5102 3065 5165 intra,
3092 5115 3137 5154 c.
3163 5102 3229 5153 27
3250 5141 3265 5166 ,
3289 5102 3490 5170 dicitur,

1888 5182 1914 5218 a
1941 5181 2143 5231 corpore
2163 5169 2344 5228 oblata.
2383 5170 2433 5219 in
2459 5182 2573 5222 vase
2597 5170 2823 5232 plumbeo
2867 5171 3117 5221 recondita
3153 5174 3290 5222 sunt.
3348 5169 3494 5221 Vetas

1890 5235 2004 5286 illud
2029 5238 2231 5286 vocatur
2255 5241 2477 5299 respectu
2505 5241 2614 5289 novi
2637 5237 2804 5301 templi
2830 5251 2846 5300 ;
2871 5237 3000 5288 unde
3040 5237 3166 5301 apud
3208 5238 3489 5290 Trivcttum

1891 5303 1938 5352 in
1965 5304 2148 5373 chron.
2179 5304 2237 5353 ad
2263 5315 2379 5373 ann.
2418 5306 2568 5369 1219,
2614 5304 2807 5367 quidam
2844 5304 3106 5355 Londoniae
3137 5306 3271 5373 apud
3315 5318 3492 5356 uotum

1891 5371 2118 5432 templum
2142 5369 2403 5434 sepelitur.

1960 5469 2102 5536 (353)
2128 5471 2325 5522 Auctori
2350 5471 2541 5521 scilicet
2563 5471 2705 5535 Viue,
2754 5470 2833 5533 qui
2883 5475 2991 5535 post
3033 5438 3187 5535 pauca
3227 5486 3281 5524 se
3319 5485 3495 5526 mona-

1893 5537 2036 5588 chum
2065 5542 2113 5588 et
2135 5538 2473 5601 presbyterum
2498 5539 2712 5601 liugonis
2737 5537 2888 5590 fuisse
2911 5537 3185 5601 proﬁtetur.
