3938 6442
460 356 598 408 1095

1381 351 1437 406 S.
1472 349 1785 407 HUGONIS
1825 350 2043 406 EPISC.
2076 349 2397 407 LINCOLN.
2433 350 2596 407 0RD.
2641 352 2890 408 CARTH.

3628 357 3750 407 1096

455 476 672 531 tualiter
699 491 799 530 nos
829 475 1248 544 amplectuntur,
1299 476 1462 530 vitam
1495 492 1671 531 meam
1703 475 2057 545 temporalem
2075 476 2130 535 Α
2158 474 2382 548 indigne
2411 476 2722 543 commissa,
2754 493 2874 532 cum
2897 475 3314 532 circumstantiis
3346 485 3594 532 realuum
3624 493 3749 533 suo-

455 563 602 636 (qua
639 564 768 617 mihi
817 579 1005 619 revera
1039 563 1257 618 fastidio
1298 564 1412 632 jam
1443 565 1654 634 pridem
1705 564 1869 634 capit
1910 565 2055 632 esse)

453 653 586 706 satis
618 659 882 722 cuperent
911 651 1248 724 prolongari.
1282 652 1386 706 Sed
1410 653 1568 707 nobis
1599 652 1862 706 sententia
1893 651 2057 722 longe

452 740 663 795 distans
693 749 795 806 est,
838 741 931 811 qui
961 741 1238 794 cernimus
1269 741 1552 796 manifeste
1578 783 1591 806 ,
1628 756 1789 811 quam
1821 741 1876 793 in
1905 739 2058 795 brevi

454 825 652 884 ﬂebilis
681 827 750 883 sit
771 827 983 882 futurus
1007 835 1180 883 status
1206 828 1472 884 Ecclesia
1497 828 1833 900 Anglicana.
1867 827 2057 882 Melius

455 917 636 988 itaque
681 917 840 972 nobis
869 916 1006 971 mori
1063 925 1146 971 est
1175 931 1334 988 quam
1365 916 1549 972 vivere
1577 925 1629 972 et
1657 917 1842 972 videre
1873 915 2044 970 immi-

452 1005 639 1060 nentia
669 1005 849 1077 gentis
877 1004 1038 1073 hujus
1066 1004 1211 1058 mala
1258 1013 1311 1059 et
1341 1013 1656 1060 sanctorum
1707 1005 1877 1074 (344).
1919 1005 2057 1059 Nam

451 1093 643 1165 procul
671 1093 836 1148 dubio
890 1093 945 1147 in
995 1092 1234 1163 posteris
1265 1093 1484 1149 Henrici
1534 1093 1686 1166 regis
1717 1092 1932 1164 impleri
1961 1108 2056 1148 ne-

452 1197 611 1237 cesse
641 1189 757 1247 est,
795 1181 943 1253 quod
974 1181 1251 1252 Scriptura
1299 1181 1590 1252 pralocuta
1639 1190 1722 1236 est
1755 1196 1768 1236 :
1807 1205 1827 1229 ιι
1864 1181 2056 1251 Spuria

453 1269 772 1326 vitulamiua
801 1285 910 1325 non
938 1269 1147 1324 dabunt
1178 1270 1397 1326 radices
1424 1270 1562 1325 altas
1585 1271 1743 1342 (Sep.
1791 1285 1868 1336 tv,
1894 1274 1968 1337 3),
2003 1276 2057 1323 et

451 1358 522 1412 ab
543 1358 732 1430 iniquo
751 1359 908 1414 thoro
929 1374 1118 1414 semen
1139 1358 1586 1413 exterminabitur
1607 1359 1764 1430 (Sap.
1789 1373 1871 1424 ιιι,
1898 1358 2007 1426 16).
2027 1377 2050 1406 ι

452 1446 560 1502 Sed
591 1455 644 1501 et
693 1463 785 1501 rex
832 1447 1129 1501 modernus
1175 1448 1506 1503 Francorum
1555 1447 1706 1516 (345)
1751 1446 2055 1517 genitorem

450 1551 610 1590 suum
633 1535 962 1591 Ludovicum
983 1535 1280 1591 ulciscatur
1300 1535 1354 1589 in
1372 1534 1564 1590 sobole
1595 1534 2054 1606 pravaricatricis

453 1623 604 1694 (346)
635 1639 757 1694 qua
785 1625 999 1678 thorum
1030 1639 1152 1678 cum
1201 1639 1267 1678 eo
1296 1623 1701 1679 immaculatum
1732 1623 2050 1693 repudiavit,

450 1711 677 1783 ejusque
725 1711 923 1766 amulo
983 1712 1100 1783 regi
1146 1711 1450 1782 Anglorum
1499 1711 1772 1782 impudica
1801 1711 2049 1766 adhasit.

453 1798 826 1888 Quamobrem
857 1799 1098 1855 Gallicus
1145 1799 1245 1854 iste
1294 1800 1576 1871 Philippus
1605 1799 1809 1872 regiam
1839 1799 2050 1871 Anglo-
2079 1828 2132 1888 B

450 1903 570 1942 rum
617 1887 690 1942 ita
737 1887 940 1942 delebit
995 1888 1222 1958 stirpem
1279 1889 1737 1960 quemadmodum
1788 1889 1888 1943 bos
1919 1888 2052 1943 her-

451 1976 577 2031 bam
622 1976 763 2031 solet
811 1991 984 2046 usque
1028 1976 1095 2030 ad
1126 1975 1341 2032 radices
1368 1991 1620 2047 carpere.
1652 1977 1793 2031 Nam
1821 1992 1852 2030 a
1881 1975 2054 2031 Gallis

450 2072 564 2120 tres
593 2063 764 2134 ipsius
794 2065 908 2118 nati
931 2065 1046 2132 jam
1075 2064 1260 2118 abrasi
1291 2072 1436 2131 sunt,
1468 2081 1631 2137 reges
1663 2064 1915 2120 videlicet
1943 2065 2052 2120 duo

448 2153 619 2222 (347),
653 2159 705 2207 et
731 2168 871 2207 unus
900 2152 1129 2218 consul;
1181 2161 1439 2224 quartus,
1492 2153 1583 2224 qui
1615 2159 1884 2223 superest,
1920 2168 2051 2208 cur-

446 2249 553 2295 tam
584 2241 806 2296 habebit
858 2255 1053 2311 pacem
1112 2242 1180 2295 ab
1240 2241 1320 2296 eis
1350 2243 1521 2312 (348).
1585 2241 1703 2297 Scis
1730 2257 1880 2308 vero,
1925 2241 2053 2313 quia

446 2337 571 2400 post
600 2329 821 2384 biduum
847 2329 1036 2385 Natale
1067 2329 1284 2384 Domini
1312 2330 1417 2385 mei
1448 2330 1800 2402 evangelista
1829 2337 1882 2385 et
1911 2346 2051 2400 apo-

443 2418 568 2473 stoli
617 2417 855 2473 Matthai
885 2416 998 2473 ﬁet.
1031 2417 1161 2472 Dies
1190 2417 1281 2472 illa
1309 2418 1414 2472 mei
1447 2433 1664 2488 quoque
1708 2418 2051 2489 episcopatus

443 2506 716 2562 natalitius
744 2514 900 2573 erat;
931 2507 986 2560 in
1016 2522 1080 2560 ea
1110 2507 1254 2561 enim
1275 2548 1288 2575 ,
1341 2514 1398 2560 ut
1444 2506 1553 2562 scis
1600 2506 1911 2562 unctionem
1951 2523 2048 2560 su—

444 2595 593 2666 scepi
624 2595 998 2666 prasularem.
1034 2595 1242 2666 Sapius
1273 2602 1451 2650 autem
1497 2595 1566 2649 ab
1615 2595 1834 2650 ineunte
1889 2602 2049 2650 atate

443 2683 706 2756 aegrotavi
732 2727 744 2750 ,
779 2699 880 2738 nec
907 2682 1076 2738 ullam
1109 2691 1290 2738 tamen
1315 2683 1628 2739 unctionem
1677 2699 1799 2753 qua
1826 2683 2048 2753 pr0prie

443 2771 783 2827 infirmorum
831 2771 1030 2827 dicitur
1051 2813 1065 2842 ,
1113 2773 1376 2826 hactenus
1405 2771 1653 2842 percepi.
1695 2771 1820 2825 Sola
1852 2787 1918 2825 ex
1949 2787 2048 2825 un-

445 2859 716 2917 ctionibus
746 2875 867 2930 qua
888 2876 1024 2915 mea
1043 2867 1269 2930 possent
1299 2875 1604 2928 congruere
1632 2874 1902 2930 persona,
1933 2860 2048 2914 hac

441 2948 574 3003 mihi
604 2948 837 3004 necdum
869 2955 952 3002 est
981 2947 1199 3003 collata.
1234 2948 1386 3003 Hanc
1415 2947 1581 3019 igitur
1608 2962 1730 3002 cras
1761 2946 1816 3000 in
1863 2947 2049 3018 vigilia

442 3036 589 3092 beati
607 3035 978 3108 Evangelista
997 3035 1299 3106 promereri
1317 3043 1533 3106 exopto.
1556 3035 1676 3090 Jam
1695 3035 1858 3107 igitur
1882 3036 2046 3090 modo

2160 581 2279 618 rum
2310 574 2557 637 prompte
2606 573 2762 621 acute
2814 573 2866 620 et
2916 565 3076 635 plene
3107 581 3448 620 enumerare.
3489 567 3544 620 In
3579 565 3748 621 conﬁ-

2159 653 2320 708 tendo
2370 654 2514 708 istud
2563 670 2779 724 semper
2821 653 3117 724 replicabat
3167 671 3181 707 :
3236 677 3256 700 u
3309 654 3470 721 Mala,
3505 654 3749 726 inquiens

2155 758 2281 796 mea
2309 757 2468 808 vera,
2520 759 2688 813 pura,
2737 750 2788 798 et
2835 742 2952 797 sola
2979 741 3121 796 mala
3150 750 3306 809 sunt;
3342 743 3516 812 bona,
3559 743 3604 796 si
3635 760 3749 813 qua

2158 837 2282 884 sunt
2339 845 2448 886 non
2503 831 2579 885 ita
2634 839 2785 897 sunt,
2846 831 2943 886 sed
2989 831 3254 884 malorum
3295 831 3749 886 admistioneim-

2155 934 2293 989 pura
2313 961 2326 985 ,
2381 919 2539 973 malis
2587 919 2827 992 undique
2874 927 3148 986 concerta,
3181 927 3233 974 et
3266 919 3470 976 idcirco
3499 936 3600 976 nec
3630 936 3750 976 vera

2157 1005 2476 1077 simpliciter
2503 1016 2625 1062 sunt
2677 1008 2838 1062 bona.
2879 1033 2900 1055 υ

2228 1094 2510 1150 Celebrate
2540 1095 2708 1168 igitur
2737 1112 2834 1167 per
2867 1096 3100 1151 triduum
3129 1096 3504 1165 hujuscemodi
3533 1095 3749 1154 confes-

2157 1182 2309 1238 sione
2338 1183 2489 1239 circa
2517 1184 2705 1239 horam
2737 1185 2949 1239 tertiam
2999 1185 3056 1239 in
3102 1184 3287 1256 vigilia
3316 1192 3637 1253 memorata,
3662 1202 3753 1240 eu-

2156 1271 2428 1327 charistia
2458 1272 2528 1326 ad
2558 1287 2616 1327 se
2646 1272 2838 1328 delata
2867 1273 3081 1328 obviam
3112 1272 3311 1344 plantis
3343 1273 3522 1340 nudis,
3555 1273 3749 1339 cilicio,

2155 1357 2336 1414 tunica
2365 1366 2418 1414 et
2445 1359 2656 1414 cuculla
2683 1359 2910 1415 vestitus
2931 1402 2946 1427 ,
2997 1361 3262 1431 processit
3304 1375 3338 1416 a
3365 1360 3580 1416 lectulo.
3615 1364 3751 1416 Ante

2155 1446 2332 1517 ipsum
2364 1463 2581 1519 quoque
2612 1449 2954 1503 tremendum
2975 1449 3324 1520 divinumque
3357 1457 3756 1505 sacramentum

2154 1551 2335 1605 genua
2364 1536 2606 1602 ﬂectens,
2632 1545 2684 1590 et
2715 1538 3028 1608 suppliciter
3049 1539 3302 1604 adorans,
3328 1538 3527 1592 diutius
3557 1539 3749 1605 oravit,

2153 1634 2589 1674 commemorans
2619 1619 2829 1675 infinita
2876 1621 3141 1677 beneﬁcia
3189 1622 3480 1678 Salvatoris
3517 1623 3752 1676 humano

2153 1707 2341 1778 generi
2371 1707 2638 1778 impensa,
2669 1709 2856 1780 illique
2888 1709 3095 1781 gratias
3124 1710 3250 1765 inde
3281 1709 3554 1775 referens,
3600 1725 3666 1765 ac
3695 1725 3752 1764 se

2153 1795 2313 1850 nimis
2343 1796 2686 1866 culpabilem,
2720 1806 2774 1851 ut
2803 1798 3049 1865 dicebat,
3083 1799 3201 1866 ejus
3231 1798 3755 1854 misericordissima

2153 1884 2340 1954 pietati
2368 1885 2789 1950 commendans,
2840 1885 3012 1956 ipsius
3039 1886 3274 1958 denique
3313 1886 3671 1957 patrocinium
3703 1893 3755 1941 et

2153 1972 2412 2027 auxilium
2442 1989 2616 2044 usque
2646 1973 2702 2027 in
2747 1973 2910 2028 finem
2944 1973 3048 2028 sibi
3076 1972 3264 2039 affore,
3299 1991 3401 2029 nec
3430 1991 3489 2029 se
3516 1989 3754 2045 unquam

2153 2061 2408 2116 deserere
2439 2061 2690 2116 ﬂebiliter
2711 2061 3042 2132 imploravit.
3069 2062 3323 2117 Reiectus
3351 2062 3604 2133 deniqua
3633 2061 3754 2118 vita

2151 2158 2368 2205 aterna
2397 2149 2651 2220 dapibus,
2686 2157 2740 2205 et
2769 2158 3013 2206 extrema
3040 2151 3294 2206 unctione
3323 2151 3378 2204 in
3407 2161 3752 2221 peccatorum

2152 2238 2533 2293 remissionem
2564 2238 2871 2306 delibutus,
2924 2239 3130 2310 gratias
3160 2239 3272 2311 egit
3302 2239 3553 2308 Domino,
3588 2240 3751 2295 dixit-

2152 2342 2258 2397 que
2287 2325 2446 2380 nobis
2480 2344 2492 2379 ε
2531 2350 2552 2373 α
2588 2328 2708 2381 Jam
2739 2327 2965 2382 medicis
2997 2335 3050 2382 et
3078 2327 3286 2381 morbis
3306 2327 3527 2394 nostris,
3562 2335 3619 2382 ut
3647 2344 3742 2398 po-

2150 2414 2310 2483 terit,
2364 2415 2686 2480 conveniat,
2720 2414 2788 2470 de
2819 2415 3062 2487 utrisque
3093 2415 3287 2470 amodo
3317 2415 3416 2470 erit
3445 2415 3500 2468 in
3530 2423 3751 2485 pectore

2151 2510 2334 2557 nostro
2367 2517 2500 2558 cura
2549 2502 2747 2557 minor.
2799 2503 2864 2556 Ei
2893 2519 2979 2557 me
3009 2503 3286 2570 commisi,
3333 2503 3481 2557 illum
3513 2503 3750 2574 suscepi,

2148 2591 2328 2660 ipsum
2349 2591 2564 2661 tenebo,
2590 2599 2642 2646 et
2673 2591 2777 2662 ipsi
2802 2591 3112 2658 adharebo,
3139 2592 3222 2648 cui
3246 2592 3528 2646 adharere
3548 2591 3750 2646 bonum

2149 2687 2250 2744 est,
2285 2686 2336 2734 et
2367 2695 2528 2751 quem
2561 2687 2748 2734 tenere
2778 2680 2993 2735 beatum
3025 2689 3125 2735 est.
3160 2680 3336 2749 Quem
3364 2681 3453 2751 qui
3501 2681 3746 2750 suscipit,

2147 2776 2200 2822 et
2228 2767 2316 2822 cui
2346 2785 2405 2822 se
2443 2768 2533 2838 qui
2563 2768 2864 2834 committit,
2899 2769 3110 2824 validus
3141 2777 3194 2824 et
3239 2777 3384 2823 tutus
3416 2776 3517 2822 est.
3575 2794 3597 2817 η

2218 2856 2541 2911 Admonitus
2571 2864 2750 2911 autem
2779 2865 2971 2927 postea
2991 2899 3004 2919 ,
3042 2857 3172 2912 dum
3201 2858 3434 2928 languor
3462 2857 3751 2928 ingraves-

2147 2951 2312 3008 ceret,
2345 2945 2587 2999 utetiam
2619 2953 3001 3000 testamentum
3032 2946 3100 3001 de
3119 2961 3270 3002 more
3301 2944 3613 3012 conficeret,
3634 2945 3708 2999 ait
3733 2961 3745 2998 :

2150 3051 2172 3081 ι
2205 3031 2390 3086 Tadet
2437 3049 2524 3086 me
2572 3049 2701 3087 sane
2750 3033 2909 3101 hujus
2957 3035 3365 3089 consuetudinis
3389 3035 3501 3102 jam
3543 3034 3745 3104 passim

444 3122 635 3180 faciem
664 3123 882 3178 Domini
929 3123 1237 3194 praevenire
1267 3122 1531 3178 debemus
1583 3123 1640 3178 in
1668 3139 1807 3194 pura
1838 3131 1890 3179 et
1919 3139 2044 3180 vera
2071 3184 2110 3195 κ
2144 3119 2201 3173 in
2228 3119 2535 3176 Ecclesiam
2567 3121 2846 3177 traducta.
2878 3123 3020 3177 Nam
3050 3123 3230 3195 quoad
3261 3123 3499 3177 animum
3541 3139 3746 3189 meum,

439 3212 785 3268 confessione
805 3254 818 3278 ,
869 3219 926 3265 ut
953 3213 1072 3282 ipso
1101 3211 1335 3266 Domino
1365 3220 1635 3267 annuente
1665 3220 1775 3267 tam
1803 3228 2037 3268 venera-
2065 3184 2112 3244 Ο
2142 3208 2275 3262 nihil
2321 3209 2630 3265 omnimode
2679 3219 2771 3264 aut
2815 3211 3038 3281 possedi
3068 3227 3336 3282 unquam.
3370 3219 3459 3266 aut
3489 3211 3748 3281 pOSSideo

441 3301 547 3356 bile
576 3308 978 3357 sacramentum
1009 3300 1174 3371 digne
1201 3316 1304 3371 pro
1335 3301 1556 3356 modulo
1586 3308 1770 3356 nostro
1801 3308 1854 3356 et
1883 3301 2037 3355 salu-

441 3390 611 3445 briter
638 3405 738 3460 pro
769 3389 932 3444 domo
961 3405 1060 3443 sua
1089 3389 1246 3445 nobis
1275 3389 1553 3460 contingat
1600 3390 1898 3460 suscipere.
1940 3414 1960 3438 υ

509 3478 606 3533 His
635 3478 818 3549 itaque
849 3475 1193 3543 memoratis,
1228 3477 1490 3549 quidquid
1515 3478 1572 3531 in
1601 3494 1661 3532 se
1690 3485 1919 3533 noverat
1947 3493 2039 3533 ac-

437 3566 697 3635 cusabile,
730 3565 818 3622 vel
847 3565 1109 3637 quidquid
1137 3565 1190 3619 in
1218 3565 1460 3636 quolibet
1505 3566 1679 3636 gradu
1719 3566 1909 3634 atatis,
1942 3582 2034 3622 or-

435 3655 597 3721 dinis,
621 3662 712 3709 aut
733 3653 1091 3725 professionis
1111 3653 1213 3708 sibi
1233 3653 1428 3710 deesse
1450 3654 1741 3725 displicere
1760 3663 2030 3725 potuerat,

433 3744 598 3814 capit
653 3743 710 3796 in
766 3749 1064 3812 conspectu
1108 3742 1324 3797 Domini
1382 3742 1482 3796 sub
1528 3743 1839 3798 testimonio
1883 3743 2033 3813 prius

433 3831 701 3900 ejusdem,
734 3846 859 3885 cum
890 3845 999 3900 quo
1025 3831 1384 3901 loquebatur,
1436 3831 1690 3886 monachi
1717 3839 1770 3886 et
1795 3833 2032 3902 presby-

430 3918 534 3973 teri
564 3918 683 3984 sui,
729 3917 928 3972 deinde
979 3918 1029 3972 ei
1073 3918 1340 3986 adiunctis
1379 3918 1552 3973 tribus
1581 3919 1898 3974 reverenda
1927 3920 2032 3974 ho-

431 4007 658 4061 nestatis
687 4005 1064 4060 sacerdotibus
1095 4006 1326 4062 sollicite
1356 4005 1598 4061 conﬁteri
1629 4006 1870 4074 Quorum
1915 4009 2031 4078 pri-

431 4111 551 4148 mus
581 4094 976 4150 Lincolniensis
1005 4095 1265 4160 decanus,
1290 4095 1558 4150 secundus
1579 4103 1883 4165 praceptor
1904 4095 2027 4167 [al.,

429 4181 750 4254 pracentor]
783 4182 875 4254 qui
905 4183 1221 4238 cathedram
1251 4183 1420 4252 ipsius
1451 4191 1574 4252 post
1620 4199 1743 4238 eum
1786 4185 2031 4239 ascendit

430 4271 600 4339 (349),
635 4271 828 4326 tertius
857 4286 986 4326 vero
1017 4271 1437 4327 archidiaconus
1457 4272 1864 4326 Northamtona
1895 4281 2028 4339 erat,

428 4359 512 4414 vir
541 4359 646 4414 vita
675 4359 860 4430 utique
911 4367 964 4414 et
992 4359 1240 4414 doctrina
1270 4359 1628 4414 clarissimus.
1662 4360 1722 4413 In
1753 4361 1855 4416 hac
1892 4377 2028 4416 con-

426 4446 664 4503 fessione
696 4463 798 4503 nec
821 4447 917 4502 illa
943 4448 1155 4512 omisit,
1209 4464 1331 4519 qua
1372 4447 1670 4502 innumeris
1699 4448 1915 4519 pridem
1942 4448 2028 4503 vi-

2143 3313 2285 3353 nunc
2315 3298 2462 3369 quod
2490 3315 2773 3354 censerem
2802 3316 3011 3366 meum,
3047 3310 3099 3354 et
3129 3316 3239 3355 non
3267 3300 3443 3370 potius
3472 3316 3592 3354 esse
3631 3300 3746 3354 Ec-

2142 3385 2322 3442 clesia
2353 3403 2512 3458 quam
2544 3387 2825 3459 regebam,
2850 3389 3152 3459 pr0prium.
3187 3392 3458 3453 Attamen,
3480 3404 3549 3442 ne
3579 3387 3744 3444 fiscus

2144 3475 2304 3530 solito
2333 3475 2540 3546 rapiat,
2593 3477 2639 3530 si
2687 3477 2816 3548 quid
2865 3477 3131 3532 bonorum
3179 3476 3588 3548 temporalium,
3623 3484 3750 3546 post

2140 3579 2323 3619 meum
2377 3564 2587 3619 obitum
2617 3564 2672 3618 in
2718 3565 3035 3636 episcOpatu
3065 3565 3221 3620 fuerit
3249 3565 3570 3620 derelictum
3591 3608 3603 3630 ,
3631 3565 3747 3633 jam

2141 3667 2285 3707 nunc
2327 3653 2586 3707 universa
2615 3669 2736 3722 qua
2781 3653 2971 3709 videor
2999 3654 3282 3724 possidere
3307 3696 3320 3718 ,
3373 3653 3748 3725 indigentibus

2141 3741 2422 3812 eroganda
2441 3740 2639 3810 delego
2661 3741 2895 3796 Domino
2917 3749 3102 3796 nostro
3130 3742 3260 3796 Jesu
3282 3742 3513 3796 Christo.
3545 3766 3568 3789 ιι
3594 3741 3750 3796 Acci-

2140 3828 2317 3899 tisque
2337 3828 2550 3884 decano
2580 3837 2631 3883 et
2666 3829 2877 3883 duobus
2900 3828 3163 3884 Ecclesia
3191 3845 3304 3884 suae
3323 3829 3742 3897 archidiaconis,

2141 3932 2478 3988 quacunque
2507 3917 2564 3971 in
2591 3917 3006 3988 possessionum
3027 3933 3247 3972 suarum
3277 3917 3625 3973 facultatibus
3655 3933 3748 3974 re-

2139 4005 2302 4074 periri
2330 4013 2598 4075 poterant,
2649 4021 2837 4061 eorum
2868 4006 3178 4076 provisione
3211 4006 3576 4076 dispertienda
3607 4006 3746 4077 ipsis

2138 4094 2482 4149 contradidit.
2541 4095 2668 4150 Post
2727 4095 2842 4149 hac
2896 4095 3126 4149 orarium
3176 4112 3327 4150 suum
3362 4095 3422 4165 (i.
3458 4111 3505 4150 e.
3541 4095 3742 4149 stolam

2138 4181 2554 4252 sacerdotalem)
2580 4182 2743 4251 jussit
2772 4181 2980 4249 afferri,
3015 4184 3158 4255 quod
3189 4183 3391 4238 cervici
3419 4183 3742 4254 appendens

2136 4269 2606 4326 anathematizavit
2652 4271 2773 4326 illos
2803 4288 3024 4339 omnes,
3058 4273 3148 4343 qui
3179 4272 3247 4326 de
3297 4272 3458 4326 rebus
3491 4271 3604 4326 suis
3633 4272 3740 4325 ali-

2138 4359 2267 4429 quid
2297 4358 2670 4414 fraudulenter
2701 4361 3058 4431 supprimere,
3097 4361 3183 4416 vel
3213 4360 3422 4415 auferre
3453 4359 3738 4427 violenter,

2137 4446 2477 4517 liberamque
2521 4447 2827 4503 facultatem
2877 4448 3240 4519 exsequendi,
3297 4449 3444 4520 quod
3475 4449 3737 4517 jusserat,

424 4535 583 4591 cibus
613 4534 792 4590 fuerat
840 4535 968 4591 viris
1016 4535 1228 4591 devotis
1259 4552 1420 4606 quam
1449 4536 1691 4606 pluribus
1719 4536 2025 4592 confessus.
2049 4539 2101 4596 D
2131 4534 2406 4605 praedictis
2437 4537 2849 4591 exsccutoribus
2879 4537 3157 4608 denegare
3203 4545 3520 4591 tcntassent.

427 4625 636 4679 Horum
667 4624 891 4695 quilibet
921 4623 1079 4679 fateri
1111 4623 1319 4679 solebat
1367 4625 1513 4695 quod
1560 4625 1834 4680 neminem
1873 4626 2028 4696 quis-

425 4728 587 4784 quam
611 4729 801 4767 eorum
831 4721 1056 4767 eatenus
1083 4712 1329 4777 vidisset,
1365 4713 1476 4783 qui,
1512 4714 1649 4768 sicut
1675 4713 1758 4767 vir
1787 4713 1908 4778 iste,
1942 4730 2028 4768 se-

424 4801 608 4871 ipsum
661 4808 848 4857 nosset
877 4815 1158 4867 accusare,
1213 4808 1265 4855 et
1317 4800 1398 4856 sic
1441 4815 1474 4854 a
1526 4817 1586 4856 se
1632 4801 1854 4868 omissa,
1889 4803 2032 4857 sicut

421 4967 424 4969 Α
491 4978 640 5045 (344)
669 4979 783 5040 Qua
809 4981 919 5041 post
944 4981 996 5029 S.
1045 4978 1259 5039 Hugonis
1302 4977 1486 5028 obitum
1511 4985 1821 5045 evenerunt,
1854 4983 1904 5029 et
1948 4980 2029 5030 diu

422 5044 743 5109 duraverunt,
770 5047 899 5094 clero
924 5057 1031 5094 cuin
1064 5045 1318 5094 monachis
1344 5045 1391 5094 in
1418 5044 1641 5095 exsilium
1659 5046 1826 5107 misso,
1854 5052 1904 5095 et
1930 5049 2028 5097 tota

426 5113 531 5163 fere
561 5112 730 5174 Anglia
756 5111 880 5160 bello
907 5114 1118 5160 vastata.

492 5194 634 5258 (345)
663 5195 921 5258 Philippus
946 5195 1008 5255 Il,
1036 5194 1194 5244 dictus
1221 5196 1488 5257 Augustus,
1516 5206 1643 5244 anno
1673 5196 1818 5259 1179,
1862 5198 1911 5246 in
1953 5210 2029 5248 re-

421 5274 532 5324 gem
555 5261 723 5312 Gallia
749 5265 1026 5322 coronatus,
1053 5261 1171 5311 obiit
1195 5273 1323 5311 anno
1351 5260 1478 5310 12:23
1500 5273 1666 5311 mense
1691 5263 1835 5312 Julio.

493 5347 636 5408 (516)
662 5345 773 5396 Fuit
793 5345 874 5395 illa
893 5345 1193 5407 Alienordis,
1221 5345 1473 5407 Alienora,
1495 5358 1622 5397 nunc
1639 5347 1898 5411 Eleonora,
1921 5362 2027 5411 qua

424 5413 555 5462 facto
595 5413 803 5463 divortio
826 5425 936 5463 cum
964 5412 1209 5479 Ludovico
1235 5424 1349 5474 rege
1382 5413 1589 5475 Philippi
1619 5415 1836 5474 pradicti
1863 5421 2024 5479 patre,

420 5490 548 5528 anno
576 5479 722 5542 1152,
746 5479 795 5528 in
845 5478 1022 5541 Anglia
1048 5480 1097 5528 in
1144 5479 1372 5530 maritum
1421 5479 1560 5529 duxit
1597 5478 1876 5532 Hem-icum’
1911 5478 2026 5534 tunc

420 5545 785 5597 Northmannia
804 5545 977 5598 duccm
995 5585 1008 5608 ,
1031 5545 1202 5598 deinde
1227 5558 1388 5608 regem
1414 5547 1623 5599 electum
1650 5549 1854 5611 Anglia.

2200 4624 2328 4678 Post
2374 4633 2686 4694 susceptum
2737 4641 2866 4680 vero
2915 4642 3110 4680 munus
3158 4633 3415 4680 extrema
3444 4625 3735 4691 unctionis,

2128 4719 2410 4767 crescente“
2466 4713 2520 4767 in
2576 4713 2696 4768 dies
2746 4723 2880 4769 astu
2910 4714 3172 4778 febrium,
3234 4713 3455 4768 duobus
3484 4714 3740 4770 continue

2129 4800 2408 4856 mensibus
2430 4801 2627 4857 lectulo
2648 4803 2922 4873 decubuit,
2948 4803 3259 4874 quotidiana
3278 4817 3437 4873 pone,
3471 4811 3523 4858 et
3552 4817 3737 4873 quan-

2199 4974 2341 5041 (547)
2367 4978 2603 5027 Henricus
2623 4978 2788 5028 Junior
2814 4981 2862 5028 et
2886 4977 3174 5039 Richardus,
3201 4980 3402 5040 uterque
3417 4990 3502 5028 rex
3526 4978 3734 5039 Anglia,

2130 5043 2210 5093 ille
2235 5044 2340 5093 vivo
2366 5045 2546 5105 adhuc,
2579 5045 2656 5093 hic
2696 5049 2885 5095 mortuo
2918 5046 3129 5094 Henrico
3173 5051 3328 5107 patre.
3365 5045 3634 5094 Gaufredus
3672 5058 3738 5094 ex

2128 5112 2308 5160 comite
2333 5111 2428 5160 dux
2456 5111 2737 5172 Britannia,
2761 5113 2907 5161 etiam
2935 5112 3131 5161 Henrici
3155 5113 3214 5171 ll,
3234 5112 3360 5174 regis
3381 5111 3564 5174 Anglia
3585 5111 3734 5162 filius.

2195 5210 2330 5274 (348)
2358 5213 2571 5262 Joannes
2589 5226 2694 5271 rex,
2723 5213 2803 5274 qui
2828 5213 2949 5263 obiit
2973 5216 3086 5276 post
3105 5214 3278 5262 multas
3299 5213 3477 5274 clades,
3506 5227 3531 5263 a
3557 5213 3736 5264 Gallis.

2129 5279 2313 5340 Anglia
2339 5280 2501 5329 illatas
2526 5292 2653 5328 anno
2681 5279 2810 5330 1216
2837 5292 3001 5329 mense
3025 5281 3242 5330 Octobri.

2195 5381 2336 5444 (549)
2359 5381 2630 5431 Willclmus
2656 5381 2883 5431 videlicet
2907 5383 3170 5445 Blesensis,
3198 5395 3325 5432 anno
3377 5381 3524 5445 19.03,
3564 5395 3741 5434 conse-

2126 5452 2290 5498 cratus
2313 5449 2363 5498 in
2389 5448 2668 5511 episcopum
2707 5448 3101 5500 Lincolniensem
3132 5450 3211 5510 qui
3255 5449 3372 5500 obiit
3407 5461 3532 5500 anno
3582 5450 3736 5501 1206.
