3938 6404
222 396 358 450 1097

1577 393 1762 448 VITA.
1810 421 1879 434 â€”
1919 391 2044 446 LIB.
2089 391 2152 445 V.

3382 391 3519 444 1098

216 518 400 588 doque
429 520 630 590 saepius
659 519 712 573 in
743 519 832 574 die
861 519 1206 574 confessione
1247 507 1493 588 repetita,
1527 516 1832 572 levissimos
1859 520 1914 577 A
1935 530 2031 572 vos
2043 514 2267 585 saepead
2283 513 2396 568 iras
2408 512 2838 584 provocaverim,
2856 511 3382 582 evidenterinvenio,
3398 513 3527 586 quid

216 606 605 677 cogitationum
636 616 817 662 motus
837 623 900 662 ac
920 607 1214 662 verborum
1248 622 1522 674 excessus,
1549 605 1594 660 si
1615 604 1833 676 quando

217 695 462 748 anxianti
487 695 735 750 eveniret
771 695 1202 750 ministrantibus
1251 694 1546 767 indignari,
1596 709 1833 765 purgare

216 781 504 836 festinans.
531 782 776 838 Orationi
793 799 950 838 mens
973 783 1092 851 ejus
1116 798 1336 852 semper
1363 781 1696 836 intendebat.
1733 780 1831 836 Di-

220 869 404 924 viuum
434 870 673 926 officium
701 879 933 943 utroque
961 878 1225 942 tempore,
1276 869 1449 925 noctis
1493 869 1743 924 videlicet
1771 876 1824 924 et

219 956 348 1024 diei,
382 959 626 1014 studiose
658 959 880 1014 curabat
925 959 1075 1013 horis
1125 957 1337 1013 statutis
1379 957 1679 1023 exsolvere,
1731 973 1834 1013 nec

218 1046 378 1101 horas
412 1055 632 1117 propter
658 1047 1032 1102 accessionem
1062 1054 1230 1102 aestus
1248 1045 1458 1102 febrilis
1488 1054 1577 1100 aut
1607 1052 1832 1116 praeter-

219 1132 300 1188 ire
341 1134 666 1205 patiebatur,
729 1143 820 1190 aut
867 1135 1193 1206 praevenire.
1269 1133 1542 1188 Psallebat
1602 1141 1656 1188 et
1690 1133 1828 1204 ipse,

220 1237 346 1276 cum
376 1223 520 1278 vires
550 1223 930 1294 suppetebant,
964 1239 1089 1280 cum
1113 1222 1492 1294 psallentibus.
1524 1221 1832 1293 Neglectim

216 1326 313 1365 seu
343 1319 706 1381 properanter
724 1311 972 1384 legentes
987 1318 1078 1366 aut
1121 1311 1416 1382 psallentes
1445 1310 1674 1366 terribili
1704 1326 1831 1366 mox

217 1414 353 1455 voce
382 1407 475 1456 aut
503 1400 682 1455 sonitu
712 1399 1030 1472 castigabat.
1062 1400 1356 1471 Utriusque
1403 1399 1484 1455 rei
1531 1415 1747 1455 summa
1775 1398 1826 1455 ei

221 1502 350 1543 cura
383 1495 490 1542 tota
521 1503 741 1558 semper
785 1504 902 1544 aevo
949 1488 1282 1559 praecedenti
1312 1486 1430 1554 fuit,
1473 1497 1532 1542 ut
1577 1487 1830 1544 distincte

219 1583 272 1630 et
302 1575 487 1632 debito
507 1584 753 1647 tempore
775 1576 1019 1632 Creatori
1045 1576 1385 1648 persolveret
1403 1575 1597 1632 laudes
1627 1575 1828 1632 consti-

216 1672 381 1720 tutas.
417 1664 858 1720 Vicissitudinem
889 1664 1051 1720 etiam
1080 1664 1259 1720 standi
1307 1673 1360 1720 et
1405 1665 1633 1722 sedendi
1678 1665 1827 1736 (350)

214 1753 356 1808 inter
384 1752 747 1824 psallendum,
782 1753 1022 1825 quandiu
1052 1752 1243 1819 valuit,
1277 1761 1332 1810 et
1369 1753 1602 1824 ipsemet
1629 1753 1827 1809 obser-

219 1841 398 1908 vabat,
432 1849 487 1896 et
533 1841 764 1897 clericos
812 1857 941 1897 suos
985 1841 1286 1898 observare
1334 1841 1714 1913 compellebat,
1745 1849 1899 1934 ut,B

218 1930 347 1984 dum
379 1946 519 1986 unus
549 1930 792 1986 sedendo
824 1929 1050 2002 fatigata
1094 1930 1344 1986 membra
1385 1931 1654 1997 reticeret,
1688 1929 1826 1986 alius

220 2016 413 2073 stando
461 2018 657 2074 divinae
704 2026 757 2073 et
803 2018 1070 2091 angelica:
1115 2019 1418 2089 praesentia
1465 2019 1826 2076 reverentiam

219 2107 520 2162 exhiberet.
555 2107 688 2161 Cum
719 2107 933 2178 magnis
961 2107 1251 2163 interesset
1292 2107 1558 2162 nobilium
1588 2123 1826 2164 conven-

215 2195 358 2250 tibus
407 2203 501 2250 aut
545 2195 864 2250 decidendis
934 2209 1227 2250 causarum
1276 2195 1482 2261 litibus,
1533 2196 1674 2252 sicut
1705 2196 1826 2251 aliis

215 2282 384 2338 moris
441 2291 524 2338 est
570 2283 641 2338 ad
688 2283 998 2338 formandas
1062 2283 1494 2339 interlocutorias
1551 2284 1826 2340 interdum

217 2371 496 2436 secedere,
531 2371 626 2437 ita,
671 2387 793 2427 cum
840 2372 1128 2444 exigerent
1175 2380 1451 2428 momenta
1499 2371 1656 2441 lucis,
1707 2372 1826 2444 ipse

219 2457 590 2512 divertebatur
617 2459 688 2514 ad
717 2459 996 2514 canendas
1025 2460 1192 2515 horas
1229 2467 1538 2516 consuetas.
1573 2461 1634 2514 In
1663 2459 1824 2516 dedi-

220 2547 525 2601 cationibus
556 2547 932 2617 ecclesiarum,
978 2556 1032 2603 et
1069 2548 1124 2603 in
1171 2548 1629 2605 celebrationibus
1673 2549 1823 2605 ordi-

213 2651 342 2689 num
370 2651 492 2690 mos
522 2636 574 2690 ei
606 2652 716 2691 non
748 2636 1030 2691 dissimilis
1060 2636 1259 2692 fuerat.
1562 2706 1569 2711 .

289 2724 448 2778 Venit
475 2732 656 2778 autem
689 2740 787 2781 rex
820 2726 970 2793 (351)
1037 2725 1276 2781 invisere
1321 2733 1702 2798 aegrotantem,
1736 2726 1825 2782 cui

214 2812 304 2866 ille
343 2829 446 2868 nec
476 2813 691 2868 modice
720 2813 871 2868 visus
901 2821 984 2868 est
1004 2814 1226 2884 quidem
1245 2829 1539 2887 assurgere
1568 2814 1653 2870 vel
1681 2815 1822 2870 assi-

215 2901 367 2967 dere,
399 2918 521 2956 cum
553 2902 787 2956 necdum
811 2902 956 2956 vires
978 2901 1028 2956 ei
1048 2901 1305 2957 deessent
1335 2903 1515 2958 adhuc
1537 2903 1606 2958 ad
1634 2903 1825 2960 seden-

211 2991 342 3044 dum
373 2989 429 3043 in
457 2997 626 3043 strato
657 3004 774 3055 suo,
814 2989 942 3045 dum
991 2989 1246 3044 alimenta
1294 2990 1655 3061 percipiebat.
1707 2991 1822 3047 Rex

213 3077 261 3132 ei
308 3077 830 3149 compatientissime
913 3078 1256 3148 loquebatur,
1320 3094 1598 3150 exponens
1655 3079 1704 3134 ei
1762 3096 1822 3135 se

210 3166 391 3236 ipsum
420 3174 474 3221 et
501 3182 598 3221 sua
626 3165 697 3220 ad
727 3165 1128 3236 beneplacitum
1178 3167 1349 3237 ipsius
1386 3167 1816 3239 exsequendum.

210 3254 310 3308 lllo
339 3261 540 3321 autem,
597 3253 832 3309 exclusis
880 3255 1132 3309 omnibus
1179 3254 1311 3323 suis,
1365 3263 1490 3310 ante
1545 3256 1821 3324 jacentem

212 3342 414 3396 diutius
445 3343 692 3408 sedente,
723 3350 776 3396 et
807 3343 1019 3397 blandis
1057 3343 1403 3398 sermonibus
1433 3343 1596 3398 multa
1625 3360 1820 3416 prose-

211 3439 430 3502 quente,
464 3431 755 3502 episcopus
784 3430 898 3486 fere
946 3431 1081 3486 nihil
1129 3431 1399 3487 referebat
1439 3432 1658 3488 auditis.
1712 3433 1820 3488 Res

205 3520 425 3574 tandem
455 3535 583 3573 suas
611 3527 665 3574 et
691 3520 1001 3575 testamenti
1033 3519 1118 3574 sui
1147 3528 1495 3576 exsecutores
1543 3537 1665 3577 cum
1709 3528 1820 3576 tota

206 3607 410 3678 pariter
439 3607 806 3664 Lincolniensi
834 3607 1085 3663 Ecclesia
1113 3608 1441 3678 protectioni
1489 3608 1636 3682 regis
1669 3624 1818 3665 com-

205 3696 495 3763 mendans,
529 3696 647 3767 ipse
676 3696 947 3752 valefecit.
980 3698 1374 3767 Desperaverat
1413 3698 1528 3766 jam
1575 3696 1817 3768 profecto

209 3785 277 3839 de
308 3785 551 3841 maneria
576 3785 769 3856 ipsius,
802 3786 1159 3857 quamobrem
1188 3802 1361 3857 pauca
1391 3787 1440 3842 ei
1471 3786 1814 3859 loquebatur.

209 3889 278 3929 ne
306 3874 560 3944 perderet
587 3874 848 3945 pulchros
883 3891 1168 3930 sermones
1198 3891 1345 3930 suos.

280 3963 724 4032 Metropolitanus
752 3979 966 4035 quoque
996 3963 1185 4034 ipsius,
1233 3963 1383 4035 (352)
1406 3964 1678 4032 jacentem
1708 3963 1814 4020 ali-

211 4051 426 4122 quoties
454 4050 702 4118 visitans,
737 4051 999 4122 quidquid
1029 4051 1375 4106 humanitatis
1404 4060 1455 4108 et
1501 4052 1813 4124 benignita-

206 4140 276 4194 tis
309 4147 476 4206 esset,
500 4139 550 4194 ei
577 4156 676 4211 pro
698 4140 904 4195 viribus
925 4156 985 4196 se
1002 4141 1362 4196 exhibiturum
1383 4140 1688 4211 pollicetur.
1715 4140 1814 4196 Cui

210 4228 281 4283 ad
311 4235 648 4298 postremum
675 4229 1014 4300 suggerenti,
1049 4237 1125 4298 ut,
1166 4229 1214 4283 si
1261 4245 1422 4301 quem
1472 4228 1609 4284 forte
1639 4230 1811 4286 verbo

206 4325 296 4371 aut
326 4316 467 4372 facto
497 4316 674 4372 minus
696 4318 844 4386 justo
875 4317 1142 4373 irritasset
1179 4317 1266 4374 vel
1315 4317 1563 4384 lzesisset,
1598 4317 1811 4374 veniam

201 4405 270 4460 ab
299 4403 508 4460 offenso
536 4414 723 4476 petere
754 4405 1112 4474 meminisset,
1166 4421 1231 4462 ac
1261 4406 1478 4461 demum
1524 4405 1810 4478 profitente

206 4494 333 4566 quia
362 4510 492 4549 suos
524 4493 724 4565 saepius
755 4502 807 4550 et
838 4493 1151 4567 frequenter
1192 4494 1404 4550 animos
1451 4495 1806 4551 acerbissime

1931 611 2113 658 tamen
2142 603 2268 657 inde
2284 602 2656 673 pmnitendum
2678 601 2746 654 sit
2765 601 2916 668 mihi,
2940 617 3049 655 non
3068 601 3370 672 perpendo.
3397 601 3524 668 Sed,

1932 692 2060 764 quia
2089 691 2288 762 saepius
2320 699 2372 746 et
2389 691 2674 745 instantius
2691 691 2794 745 hoc
2815 689 2991 760 ipsum
3009 705 3118 744 non
3138 690 3364 762 egerim,
3390 689 3532 745 mihi

1931 779 2226 835 dolendum
2243 780 2376 836 scio.
2395 779 2504 834 Sed
2520 778 2768 834 crebrius
2781 777 2958 845 solito,
2973 777 3019 832 si
3036 777 3234 832 diutius
3247 777 3530 834 vobiscum

1933 869 2041 923 vita
2069 867 2320 924 ducenda
2339 875 2590 936 restaret,
2614 866 2668 921 id
2689 865 2866 937 ipsum
2887 881 2973 921 me
2995 865 3262 921 facturum
3283 867 3386 921 sub
3409 881 3535 923 ocu-

1929 957 1996 1012 lis
2018 963 2212 1012 cuncta
2228 955 2563 1028 inspicientis
2580 954 2680 1010 Dei
2695 953 3004 1010 firmissime
3017 969 3292 1026 propono.
3310 955 3532 1012 Memini

1931 1061 2168 1117 namque
2197 1044 2342 1117 quia,
2376 1052 2433 1099 ut
2461 1043 2618 1099 vobis
2662 1043 3050 1114 morigerarer,
3101 1059 3164 1098 ea
3210 1059 3332 1116 qua:
3378 1044 3533 1100 vobis

1931 1141 2111 1189 tacere
2141 1148 2250 1188 non
2273 1131 2602 1199 debuissem,
2629 1147 2857 1204 quaeque
2879 1147 2912 1186 a
2931 1131 3110 1199 nobis,
3134 1147 3180 1186 ÎµÎ¹
3201 1130 3530 1201 dicerentur,

1932 1220 2307 1293 aequanimiter
2336 1236 2447 1276 non
2477 1219 2816 1286 audirentur,
2849 1235 2938 1275 me
2965 1235 3339 1292 saepenumero
3368 1220 3533 1293 igna-

1931 1310 2069 1366 viter
2097 1310 2497 1382 suppressisse,
2530 1309 2721 1380 sicque
2752 1324 2874 1364 mea
2903 1308 3062 1380 culpa
3087 1316 3327 1365 vestram
3352 1309 3536 1381 potius

1931 1414 2094 1470 quam
2125 1398 2318 1466 Patris,
2354 1397 2447 1470 qui
2474 1397 2531 1452 in
2578 1397 2731 1453 coelis
2777 1403 2880 1467 est,
2929 1395 3195 1454 oï¬‚â€˜ensam
3240 1396 3532 1456 declinavi.

1928 1487 2011 1541 Ex
2041 1501 2148 1560 qua
2175 1485 2374 1543 accidit
2404 1485 2551 1559 quod
2591 1501 2701 1542 non
2731 1484 2908 1541 solum
2935 1484 2991 1541 in
3033 1486 3206 1542 Deum
3253 1485 3422 1558 (unde
3451 1485 3536 1542 in-

1929 1574 2259 1648 dulgentiam
2290 1574 2519 1646 supplex
2546 1573 2805 1646 inquiro),
2839 1573 2937 1630 sed
2963 1573 3019 1629 in
3046 1582 3286 1631 vestram
3315 1590 3537 1648 quoque

1929 1663 2312 1734 paternitatem
2343 1671 2398 1720 et
2426 1663 2482 1718 in
2526 1663 2812 1735 primatum
2857 1670 3118 1734 vestrum,
3167 1678 3272 1722 nec
3317 1663 3530 1732 leviter,

1930 1767 2032 1809 nec
2061 1751 2447 1826 episcopaliter
2475 1751 2701 1825 deliqui.
2739 1773 2762 1804 Î¹

2532 1929 2760 1987 CAPUT
2785 1929 2987 1988 XXIV.

1929 2053 2188 2121 Qualiter
2205 2055 2479 2124 magistro
2494 2053 2728 2125 fabricae
2746 2055 3163 2112 Lincolniensi:
3184 2055 3446 2112 Ecclesia
3465 2055 3532 2114 de

1996 2125 2261 2199 facienda
2271 2126 2691 2199 praeparatione
2703 2129 2904 2199 contra
2913 2126 3176 2199 generale
3189 2127 3533 2199 colloquium

1996 2195 2199 2269 ibidem
2227 2195 2290 2269 in
2322 2195 2473 2250 brevi
2492 2195 3064 2269 futuruniniuhxit,
3099 2200 3156 2252 et
3185 2195 3435 2269 qualiter
3462 2213 3530 2254 ea

1997 2266 2298 2340 descripsit
2309 2282 2430 2340 quae
2448 2267 2601 2321 circa
2617 2266 3183 2340 ejusdemgexsequiae
3192 2266 3529 2340 etrsepullu-

1996 2352 2122 2408 ram
2149 2335 2330 2391 voluit
2347 2335 2648 2405 observari,
2672 2340 2728 2391 et
2746 2338 2994 2408 qualiter
3011 2335 3068 2393 se
3091 2337 3288 2394 habuit
3305 2335 3378 2395 ad
3398 2355 3531 2396 sua-

1997 2407 2211 2463 sionem
2239 2408 2418 2463 deesu
2444 2408 2710 2463 carnium
2739 2407 2849 2464 sibi
2877 2409 3117 2479 factam.

1997 2547 2350 2604 Postmodum
2381 2547 2698 2603 imminente
2727 2547 2832 2604 sibi
2855 2547 2969 2618 jam
2999 2556 3125 2620 post
3153 2549 3271 2604 dies
3302 2549 3533 2622 quinde-

1926 2635 2032 2692 cim
2077 2637 2229 2708 (353)
2278 2637 2414 2692 lucis
2473 2637 2634 2706 hujus
2683 2636 2772 2692 die
2831 2653 3102 2708 suprema,
3154 2637 3416 2694 Gaufrido
3463 2639 3533 2696 de

1925 2723 2139 2791 Voires,
2171 2724 2366 2780 nobilis
2397 2724 2614 2781 fabricae
2662 2726 3026 2782 constructori
3075 2727 3257 2799 (quam
3309 2727 3474 2798 coepit
3501 2741 3537 2783 a

1924 2811 2293 2868 fundamentis
2311 2813 2367 2867 in
2387 2813 2701 2869 renovanda
2721 2814 3085 2870 Lincolniensi
3143 2815 3378 2871 ecclesia
3409 2816 3523 2871 eri-

1924 2917 2057 2974 gere
2087 2901 2332 2973 Ilugonis
2364 2901 2653 2974 magniï¬ca
2698 2918 2835 2975 erga
2883 2903 3136 2958 decorem
3186 2904 3382 2959 domus
3428 2904 3530 2960 Dei

1923 2989 2164 3060 dilectio)
2194 2990 2325 3044 talia
2357 2989 2534 3046 eidem
2583 2998 2666 3044 est
2709 2989 2920 3046 locutus
2954 3009 2966 3044 :
3005 3012 3026 3041 Î¹
3063 2989 3204 3059 Quia
3250 2992 3529 3048 dominum

1924 3093 2112 3149 regem
2139 3095 2262 3133 cum
2294 3077 2587 3149 episcopis,
2639 3077 2915 3150 totiusque
2945 3079 3100 3151 regni
3131 3080 3292 3149 hujus
3317 3081 3529 3152 primo-

1924 3165 2096 3235 ribus,
2129 3165 2461 3222 Lincolniam
2481 3166 2536 3221 in
2555 3166 2803 3237 proximo
2823 3167 2891 3221 ad
2912 3167 3169 3240 generale
3199 3168 3532 3240 colloquium

1923 3255 2072 3324 (354)
2104 3261 2469 3310 conventuros
2500 3254 2836 3326 accepimus,
2878 3255 3144 3323 accelera,
3177 3264 3228 3312 et
3257 3272 3385 3312 cura
3418 3257 3530 3312 sin-

1920 3342 2073 3415 gula,
2121 3359 2458 3415 quaecunque
2514 3343 2819 3399 necessaria
2878 3351 3002 3398 sunt
3057 3344 3128 3399 ad
3182 3344 3442 3401 decorem
3472 3352 3529 3403 et

1920 3438 2172 3486 ornatum
2232 3430 2377 3487 circa
2446 3430 2616 3486 altare
2683 3431 2887 3487 domini
2948 3447 3014 3488 ac
3042 3433 3257 3504 patroni
3313 3434 3418 3490 mei
3461 3433 3522 3490 S.

1918 3519 2144 3575 Joannis
2172 3519 2440 3590 Baptistae,
2469 3518 2752 3591 perï¬cere,
2776 3520 2920 3592 quod
2965 3520 3129 3576 etiam
3175 3538 3276 3593 per
3304 3521 3526 3579 fratrem

1919 3617 2160 3663 nostrum
2191 3606 2502 3664 Roï¬‚â€˜ensem
2559 3607 2877 3680 episcopum
2933 3609 3102 3680 (355),
3165 3626 3290 3666 cum
3319 3626 3386 3666 eo
3415 3627 3526 3668 una

1919 3710 2043 3751 cum
2072 3696 2285 3753 caeteris
2313 3697 2597 3752 advenerit
2627 3697 2921 3769 episc0pis,
2971 3697 3224 3754 volumus
3253 3698 3519 3756 dedicari.

1915 3784 2056 3840 Nam
2089 3792 2139 3840 et
2167 3801 2270 3841 nos
2298 3785 2404 3857 ipsi
2448 3785 2750 3842 denuntiati
2795 3794 3042 3858 tempore
3101 3786 3357 3860 colloquii
3413 3787 3524 3846 illic

1915 3881 2216 3944 praesentes
2264 3874 2469 3930 erimus
2535 3877 2705 3947 (356).
2769 3874 3106 3947 Optabamus
3151 3891 3284 3932 sane
3332 3885 3522 3933 nostro

1915 3960 2047 4017 illud
2070 3961 2366 4019 ministerio
2387 3979 2736 4030 consecrare,
2770 3963 2888 4031 sed,
2928 3964 3055 4036 quia
3075 3965 3341 4021 Dominus
3363 3965 3522 4023 aliter

1913 4049 2202 4122 disposuit,
2235 4051 2505 4117 volumus,
2538 4059 2597 4106 ut
2616 4052 2937 4124 priusquam
2954 4052 3082 4109 illuc
3110 4054 3519 4126 perveniamus,

1913 4139 2202 4194 occasione
2251 4139 2398 4194 omni
2443 4147 2672 4206 remota,
2738 4148 3113 4197 consecretur.
3152 4163 3175 4192 Î¹
3225 4143 3354 4199 Hzec
3404 4143 3522 4215 ipsa

1912 4227 2076 4284 verba
2109 4235 2162 4283 et
2189 4227 2308 4282 aliis
2339 4227 2663 4300 quibusdam
2712 4229 2944 4299 repetiit,
2995 4229 3134 4284 dans
3163 4231 3216 4285 in
3248 4231 3520 4288 mandatis

1912 4315 2272 4372 servientibus
2301 4316 2414 4372 suis
2453 4316 2771 4388 cunctisque
2801 4315 3096 4387 majoribus
3125 4317 3388 4374 Ecclesia:
3405 4335 3522 4378 sua)

1910 4403 2182 4474 personis,
2228 4411 2286 4459 ut
2329 4403 2416 4460 vel
2476 4404 2532 4459 in
2585 4404 2839 4460 extremis
2909 4405 3210 4478 obsequiis,
3259 4415 3520 4479 quantam

1909 4500 2158 4563 possent,
2191 4491 2464 4548 deferrent
2510 4490 3001 4564 honorificentiam,
3033 4509 3142 4548 non
3172 4493 3348 4549 solum
3378 4495 3521 4569 regi,

200 4590 560 4654 provocasset
589 4582 705 4653 (qui
753 4591 932 4638 tamen
960 4591 1115 4654 pater
1161 4583 1459 4654 spiritualis
1507 4591 1560 4638 et
1603 4583 1881 4654 primasD
1911 4581 2011 4637 sed
2057 4588 2111 4637 et
2160 4580 2453 4654 episcopis,
2505 4580 2737 4654 aliisque
2766 4580 2958 4638 amicis
3020 4581 3134 4638 suis
3183 4581 3519 4640 Lincolniam

201 4672 320 4740 ejus
347 4670 682 4742 haberetur),
713 4671 857 4726 unde
877 4671 1060 4727 cordis
1081 4672 1382 4743 poenitudo,
1414 4671 1694 4743 veniaeque
1715 4688 1811 4729 ne-

199 4759 439 4816 cessaria
468 4759 743 4814 videretur
769 4759 1083 4830 postulatio,
1116 4759 1190 4815 ita
1218 4760 1500 4830 respondit
1533 4775 1544 4814 :
1585 4783 1605 4808 Î±
1642 4760 1804 4828 Sane,

196 4849 326 4905 dum
358 4848 705 4906 conscientia
733 4857 930 4904 nostrae
961 4849 1147 4904 abdita
1167 4849 1392 4905 revolvo
1421 4865 1657 4922 quoque,
1682 4849 1807 4920 quia

272 5025 418 5093 (550)
457 5028 731 5078 Secundum
773 5028 1025 5090 antiquum
1070 5027 1256 5078 ordinis
1293 5027 1656 5079 Carthttsiensis
1681 5039 1803 5079 con-

218 5096 548 5157 suetudinem,
576 5107 683 5156 qua:
709 5095 860 5146 etiam
886 5107 1015 5144 nunc
1040 5095 1324 5145 observatur
1349 5095 1397 5144 in
1422 5096 1610 5146 ordine.

273 5179 416 5240 (351)
464 5181 695 5237 Joannes,
739 5180 798 5230 de
835 5180 971 5239 cujus
1017 5179 1260 5242 Maneria,
1302 5180 1350 5228 id
1399 5183 1492 5242 est,
1540 5180 1591 5230 ni
1641 5179 1799 5243 fallor,

203 5246 416 5295 moribus
434 5251 484 5295 et
505 5246 717 5308 ingenio.
746 5248 797 5296 S.
826 5247 961 5306 Ilugo
985 5247 1229 5304 dubitare,
1267 5249 1364 5294 imo
1410 5246 1678 5309 desperare
1703 5259 1802 5295 cna-

203 5313 293 5376 pit.
318 5313 552 5361 Joannem
580 5316 742 5362 tamen
780 5325 943 5372 regem
971 5311 1182 5361 finaliter
1219 5313 1456 5362 salvatum
1485 5313 1724 5373 colligitur
1749 5326 1810 5362 ex

205 5380 410 5436 visione,
437 5391 580 5440 quam
603 5380 777 5429 recitat
797 5379 1074 5441 Raynaldus
1097 5378 1147 5427 in
1165 5379 1346 5430 Annal.
1381 5380 1439 5430 ad
1460 5378 1807 5441 annum12â€˜26,

208 5445 294 5495 fol.
325 5447 446 5495 555.
1621 5463 1624 5468 Î‡

273 5527 416 5593 (352)
467 5528 712 5578 Hubertus
757 5541 931 5594 nempe
973 5528 1365 5591 archiepiscopus
1421 5527 1806 5590 Cantuariensis,

204 5608 347 5659 quem
390 5595 588 5658 saepius,
625 5599 674 5646 et
711 5595 812 5658 hic,
856 5600 904 5647 et
929 5595 1065 5659 alibi,
1091 5597 1228 5657 Iiugo
1253 5595 1511 5660 corripuit,
1539 5607 1631 5645 nec
1656 5594 1811 5645 corri-

203 5663 409 5726 ripuisse
432 5662 604 5713 doluit.

275 5746 418 5812 (355)
445 5747 587 5798 Circa
613 5745 787 5798 festum
811 5747 959 5809 igitur
983 5745 1212 5799 Omnium
1235 5747 1526 5798 Sanctorum
1547 5743 1810 5806 mandavit,

429 5838 670 5894 Î¡Î‘Ï„Î¹Î¹Î¿Î¹.
703 5839 883 5896 CLIII.

1910 4669 2248 4725 adventuris.

1982 4759 2192 4830 Urgere
2220 4758 2424 4814 interea
2453 4774 2578 4814 eum
2604 4756 2834 4830 languor
2860 4758 3374 4817 vehementissimus
3394 4773 3514 4819 cot-

1907 4846 2005 4918 pit,
2038 4855 2092 4902 et
2118 4846 2411 4920 geminatis
2441 4846 2680 4920 quotidie
2721 4848 3062 4920 paroxysmis
3091 4848 3148 4903 in
3191 4848 3364 4906 solida
3395 4851 3512 4921 ejus

1905 5037 2011 5095 qua:
2022 5028 2303 5095 sequuntur
2325 5027 2611 5078 architecto.
2636 5027 2755 5078 Item
2779 5028 3001 5080 ecclesiae
3018 5042 3120 5081 sua:
3138 5031 3431 5095 capitulum,
3444 5029 3516 5084 ait

1903 5091 2128 5160 Giraldus
2152 5093 2480 5153 Cambrensis,
2531 5107 2646 5157 pag.
2669 5096 2788 5154 419,
2821 5097 2948 5159 apud
2972 5097 3322 5160 Whartonum,
3343 5091 3514 5160 parile

1903 5156 2158 5230 lapidibus
2182 5156 2566 5230 {parmai-eisque
2589 5156 2826 5212 columnis
2849 5156 2976 5213 inira
2999 5163 3211 5228 artiï¬cio
3233 5156 3512 5230 renovavit,

1904 5228 1997 5275 etc.
2019 5267 2031 5287 ,
2058 5239 2164 5289 quae
2189 5225 2253 5275 ibi
2281 5231 2564 5290 sequuntur.

1980 5311 2117 5374 (354)
2145 5310 2238 5371 Qui
2272 5311 2333 5361 ad
2379 5312 2606 5373 generale
2654 5314 2746 5364 hoc
2785 5313 3095 5365 Lincolniam
3119 5315 3344 5368 venerint
3362 5317 3517 5370 collo-

1910 5377 2093 5438 quium,
2120 5377 2363 5427 indicatur
2398 5377 2524 5427 infra
2561 5392 2606 5428 c.
2631 5379 2722 5430 27.

1979 5458 2139 5530 (353)
2150 5462 2279 5530 Erat
2309 5461 2352 5510 is
2397 5461 2642 5530 Qiibertus
2683 5463 2744 5514 de
2767 5463 3029 5529 Glanvilla,
3053 5464 3114 5516 de
3136 5479 3231 5530 quo
3253 5466 3440 5522 dictum
3464 5468 3516 5520 in

1909 5530 2023 5576 nota
2055 5527 2198 5590 (277)
2223 5526 2283 5576 ad
2305 5541 2351 5576 c.
2380 5528 2440 5575 17
2465 5527 2608 5588 bujus
2628 5529 2762 5580 libri.

1978 5608 2122 5673 (356)
2157 5611 2380 5660 Praesens
2420 5610 2595 5683 adfuit.
2629 5624 2723 5662 non
2763 5624 2986 5683 corpore,
3012 5614 3095 5666 sed
3119 5617 3319 5683 spiritu,
3343 5619 3444 5672 imo
3465 5619 3518 5671 et

1913 5689 2137 5740 corpore,
2163 5689 2354 5728 summo
2379 5688 2486 5727 cum
2511 5676 2700 5731 honore
2723 5679 2987 5742 sepultura:
3009 5676 3244 5736 traditus.

3237 5844 3304 5897 35
