  <div class='ocr_page' id='page_1' title='image "/cluster/home/n/w/nwhite01/storage/ocr_20150623/153-154/uc1.31175019678096/555.png"; bbox 0 0 3938 6406; ppageno 0'>
   <div class='ocr_carea' id='block_1_1' title="bbox 441 330 578 383">
    <p class='ocr_par' dir='ltr' id='par_1_1' title="bbox 441 330 578 383">
     <span class='ocr_line' id='line_1_1' title="bbox 441 330 578 383; baseline 0 -1"><span class='ocrx_word' id='word_1_1' title='bbox 441 330 578 383; x_wconf 77' lang='grc'>1099</span> 
     </span>
    </p>
   </div>
   <div class='ocr_carea' id='block_1_2' title="bbox 1324 322 2868 386">
    <p class='ocr_par' dir='ltr' id='par_1_2' title="bbox 1324 322 2868 386">
     <span class='ocr_line' id='line_1_2' title="bbox 1324 322 2868 386; baseline 0.001 -6"><span class='ocrx_word' id='word_1_2' title='bbox 1324 326 1380 380; x_wconf 92' lang='lat' dir='ltr'>S.</span> <span class='ocrx_word' id='word_1_3' title='bbox 1421 327 1736 383; x_wconf 84' lang='lat' dir='ltr'>HUGONIS</span> <span class='ocrx_word' id='word_1_4' title='bbox 1772 323 1993 383; x_wconf 87' lang='lat' dir='ltr'>EPISC.</span> <span class='ocrx_word' id='word_1_5' title='bbox 2033 322 2364 381; x_wconf 86' lang='lat' dir='ltr'>LINCOLN.</span> <span class='ocrx_word' id='word_1_6' title='bbox 2412 326 2576 384; x_wconf 85' lang='lat' dir='ltr'>0RD.</span> <span class='ocrx_word' id='word_1_7' title='bbox 2619 328 2868 386; x_wconf 79' lang='lat' dir='ltr'>CARTH.</span> 
     </span>
    </p>
   </div>
   <div class='ocr_carea' id='block_1_3' title="bbox 3596 327 3741 382">
    <p class='ocr_par' dir='ltr' id='par_1_3' title="bbox 3596 327 3741 382">
     <span class='ocr_line' id='line_1_3' title="bbox 3596 327 3741 382; baseline 0.014 -2"><span class='ocrx_word' id='word_1_8' title='bbox 3596 327 3741 382; x_wconf 73' lang='lat'>“00</span> 
     </span>
    </p>
   </div>
   <div class='ocr_carea' id='block_1_4' title="bbox 440 445 3736 522">
    <p class='ocr_par' dir='ltr' id='par_1_4' title="bbox 440 445 3736 522">
     <span class='ocr_line' id='line_1_4' title="bbox 440 445 3736 522; baseline -0.001 -17"><span class='ocrx_word' id='word_1_9' title='bbox 440 449 685 505; x_wconf 90' lang='lat' dir='ltr'>membra</span> <span class='ocrx_word' id='word_1_10' title='bbox 714 447 892 502; x_wconf 85' lang='lat' dir='ltr'>ﬂebile</span> <span class='ocrx_word' id='word_1_11' title='bbox 923 448 1176 501; x_wconf 65' lang='lat' dir='ltr'>saeviebat</span> <span class='ocrx_word' id='word_1_12' title='bbox 1206 448 1536 516; x_wconf 85' lang='lat' dir='ltr'>incendium,</span> <span class='ocrx_word' id='word_1_13' title='bbox 1572 449 1753 505; x_wconf 90' lang='lat' dir='ltr'>vitalia</span> <span class='ocrx_word' id='word_1_14' title='bbox 1779 457 1833 504; x_wconf 91' lang='lat' dir='ltr'>et</span> <span class='ocrx_word' id='word_1_15' title='bbox 1862 448 2032 522; x_wconf 84' lang='lat' dir='ltr'>inter-</span> <span class='ocrx_word' id='word_1_16' title='bbox 2053 447 2109 508; x_wconf 75' lang='grc' dir='ltr'><strong>Α</strong></span> <span class='ocrx_word' id='word_1_17' title='bbox 2135 448 2309 504; x_wconf 84' lang='lat' dir='ltr'>habeo</span> <span class='ocrx_word' id='word_1_18' title='bbox 2337 449 2577 520; x_wconf 83' lang='lat' dir='ltr'>sepeliri.</span> <span class='ocrx_word' id='word_1_19' title='bbox 2610 449 2976 519; x_wconf 80' lang='lat' dir='ltr'>Quamobrem</span> <span class='ocrx_word' id='word_1_20' title='bbox 3006 448 3227 503; x_wconf 82' lang='lat' dir='ltr'>exuvias</span> <span class='ocrx_word' id='word_1_21' title='bbox 3275 445 3524 518; x_wconf 84' lang='lat' dir='ltr'>corporis</span> <span class='ocrx_word' id='word_1_22' title='bbox 3570 447 3736 517; x_wconf 84' lang='lat' dir='ltr'>hujus</span> 
     </span>
    </p>
   </div>
   <div class='ocr_carea' id='block_1_5' title="bbox 436 535 3739 608">
    <p class='ocr_par' dir='ltr' id='par_1_5' title="bbox 436 535 3739 608">
     <span class='ocr_line' id='line_1_5' title="bbox 436 535 3739 608; baseline -0.001 -16"><span class='ocrx_word' id='word_1_23' title='bbox 436 553 631 592; x_wconf 91' lang='lat' dir='ltr'>norum</span> <span class='ocrx_word' id='word_1_24' title='bbox 697 536 963 590; x_wconf 86' lang='lat' dir='ltr'>medullas</span> <span class='ocrx_word' id='word_1_25' title='bbox 1028 536 1339 607; x_wconf 79' lang='lat' dir='ltr'>dysenteria</span> <span class='ocrx_word' id='word_1_26' title='bbox 1427 538 1803 601; x_wconf 78' lang='lat' dir='ltr'>exhauriebat.</span> <span class='ocrx_word' id='word_1_27' title='bbox 1873 536 2029 592; x_wconf 88' lang='lat' dir='ltr'>Unde</span> <span class='ocrx_word' id='word_1_28' title='bbox 2128 537 2513 592; x_wconf 87' lang='lat' dir='ltr'>mundissimas</span> <span class='ocrx_word' id='word_1_29' title='bbox 2570 546 2788 608; x_wconf 79' lang='lat' dir='ltr'>oportet</span> <span class='ocrx_word' id='word_1_30' title='bbox 2834 536 3096 602; x_wconf 80' lang='lat' dir='ltr'>exhiberi,</span> <span class='ocrx_word' id='word_1_31' title='bbox 3159 550 3294 607; x_wconf 89' lang='lat' dir='ltr'>quas</span> <span class='ocrx_word' id='word_1_32' title='bbox 3341 535 3511 590; x_wconf 89' lang='lat' dir='ltr'>sudor</span> <span class='ocrx_word' id='word_1_33' title='bbox 3554 543 3739 589; x_wconf 87' lang='lat' dir='ltr'>tantus</span> 
     </span>
    </p>
   </div>
   <div class='ocr_carea' id='block_1_6' title="bbox 433 623 3735 698">
    <p class='ocr_par' dir='ltr' id='par_1_6' title="bbox 433 623 3735 698">
     <span class='ocr_line' id='line_1_6' title="bbox 433 623 3735 698; baseline -0.001 -17"><span class='ocrx_word' id='word_1_34' title='bbox 433 625 627 682; x_wconf 90' lang='lat' dir='ltr'>diebus</span> <span class='ocrx_word' id='word_1_35' title='bbox 656 624 862 696; x_wconf 83' lang='lat' dir='ltr'>aliquot</span> <span class='ocrx_word' id='word_1_36' title='bbox 888 633 1011 679; x_wconf 91' lang='lat' dir='ltr'>ante</span> <span class='ocrx_word' id='word_1_37' title='bbox 1041 625 1245 679; x_wconf 91' lang='lat' dir='ltr'>obitum</span> <span class='ocrx_word' id='word_1_38' title='bbox 1295 643 1472 696; x_wconf 88' lang='lat' dir='ltr'>suum,</span> <span class='ocrx_word' id='word_1_39' title='bbox 1523 630 1860 697; x_wconf 65' lang='lat' dir='ltr'>quaecunque</span> <span class='ocrx_word' id='word_1_40' title='bbox 1906 632 2028 679; x_wconf 87' lang='lat' dir='ltr'>ante</span> <span class='ocrx_word' id='word_1_41' title='bbox 2128 625 2295 680; x_wconf 93' lang='lat' dir='ltr'>multo</span> <span class='ocrx_word' id='word_1_42' title='bbox 2335 626 2445 694; x_wconf 91' lang='lat' dir='ltr'>jam</span> <span class='ocrx_word' id='word_1_43' title='bbox 2486 626 2742 698; x_wconf 88' lang='lat' dir='ltr'>squalore</span> <span class='ocrx_word' id='word_1_44' title='bbox 2792 624 2999 681; x_wconf 86' lang='lat' dir='ltr'>infecit.</span> <span class='ocrx_word' id='word_1_45' title='bbox 3031 624 3174 679; x_wconf 88' lang='lat' dir='ltr'>Cave</span> <span class='ocrx_word' id='word_1_46' title='bbox 3219 638 3289 679; x_wconf 91' lang='lat' dir='ltr'>ne</span> <span class='ocrx_word' id='word_1_47' title='bbox 3332 623 3433 679; x_wconf 90' lang='lat' dir='ltr'>hac</span> <span class='ocrx_word' id='word_1_48' title='bbox 3472 623 3528 678; x_wconf 89' lang='lat' dir='ltr'>in</span> <span class='ocrx_word' id='word_1_49' title='bbox 3576 630 3735 694; x_wconf 88' lang='lat' dir='ltr'>parte</span> 
     </span>
    </p>
   </div>
   <div class='ocr_carea' id='block_1_7' title="bbox 434 711 3733 787">
    <p class='ocr_par' dir='ltr' id='par_1_7' title="bbox 434 711 3733 787">
     <span class='ocr_line' id='line_1_7' title="bbox 434 711 3733 787; baseline -0.002 -16"><span class='ocrx_word' id='word_1_50' title='bbox 434 713 715 786; x_wconf 81' lang='lat' dir='ltr'>exsequias</span> <span class='ocrx_word' id='word_1_51' title='bbox 746 721 798 768; x_wconf 90' lang='lat' dir='ltr'>et</span> <span class='ocrx_word' id='word_1_52' title='bbox 827 712 1162 783; x_wconf 89' lang='lat' dir='ltr'>sepulturam</span> <span class='ocrx_word' id='word_1_53' title='bbox 1193 730 1349 768; x_wconf 90' lang='lat' dir='ltr'>suam</span> <span class='ocrx_word' id='word_1_54' title='bbox 1390 714 1559 769; x_wconf 91' lang='lat' dir='ltr'>voluit</span> <span class='ocrx_word' id='word_1_55' title='bbox 1606 714 1830 785; x_wconf 84' lang='lat' dir='ltr'>expleri,</span> <span class='ocrx_word' id='word_1_56' title='bbox 1869 712 2028 767; x_wconf 90' lang='lat' dir='ltr'>nobis</span> <span class='ocrx_word' id='word_1_57' title='bbox 2127 712 2331 784; x_wconf 72' lang='lat' dir='ltr'>quaevis</span> <span class='ocrx_word' id='word_1_58' title='bbox 2359 714 2591 785; x_wconf 86' lang='lat' dir='ltr'>obrepat</span> <span class='ocrx_word' id='word_1_59' title='bbox 2613 712 2970 787; x_wconf 81' lang='lat' dir='ltr'>negligentia,</span> <span class='ocrx_word' id='word_1_60' title='bbox 3003 728 3112 785; x_wconf 91' lang='lat' dir='ltr'>qua</span> <span class='ocrx_word' id='word_1_61' title='bbox 3156 712 3260 768; x_wconf 91' lang='lat' dir='ltr'>loci</span> <span class='ocrx_word' id='word_1_62' title='bbox 3307 712 3596 768; x_wconf 89' lang='lat' dir='ltr'>reverendi</span> <span class='ocrx_word' id='word_1_63' title='bbox 3625 711 3733 767; x_wconf 92' lang='lat' dir='ltr'>de-</span> 
     </span>
    </p>
   </div>
   <div class='ocr_carea' id='block_1_8' title="bbox 432 800 2022 873">
    <p class='ocr_par' dir='ltr' id='par_1_8' title="bbox 432 800 2022 873">
     <span class='ocr_line' id='line_1_8' title="bbox 432 800 2022 873; baseline -0.001 -17"><span class='ocrx_word' id='word_1_64' title='bbox 432 801 622 858; x_wconf 86' lang='lat' dir='ltr'>iterato</span> <span class='ocrx_word' id='word_1_65' title='bbox 654 800 945 857; x_wconf 85' lang='lat' dir='ltr'>insinuavit</span> <span class='ocrx_word' id='word_1_66' title='bbox 982 801 1333 858; x_wconf 87' lang='lat' dir='ltr'>documento.</span> <span class='ocrx_word' id='word_1_67' title='bbox 1364 824 1384 853; x_wconf 72' lang='grc' dir='ltr'><strong>α</strong></span> <span class='ocrx_word' id='word_1_68' title='bbox 1405 801 2022 873; x_wconf 78' lang='lat' dir='ltr'>Cineres(357),inquit,</span> 
     </span>
    </p>
   </div>
   <div class='ocr_carea' id='block_1_9' title="bbox 424 889 2025 963">
    <p class='ocr_par' dir='ltr' id='par_1_9' title="bbox 424 889 2025 963">
     <span class='ocr_line' id='line_1_9' title="bbox 424 889 2025 963; baseline -0.002 -16"><span class='ocrx_word' id='word_1_69' title='bbox 424 890 653 948; x_wconf 84' lang='lat' dir='ltr'>solemni</span> <span class='ocrx_word' id='word_1_70' title='bbox 683 890 782 944; x_wconf 91' lang='lat' dir='ltr'>ritu</span> <span class='ocrx_word' id='word_1_71' title='bbox 813 889 1187 946; x_wconf 86' lang='lat' dir='ltr'>benedicendo</span> <span class='ocrx_word' id='word_1_72' title='bbox 1217 900 1535 963; x_wconf 72' lang='lat' dir='ltr'>praeparate,</span> <span class='ocrx_word' id='word_1_73' title='bbox 1581 908 1718 963; x_wconf 79' lang='lat' dir='ltr'>quos</span> <span class='ocrx_word' id='word_1_74' title='bbox 1764 891 1817 945; x_wconf 92' lang='lat' dir='ltr'>in</span> <span class='ocrx_word' id='word_1_75' title='bbox 1846 890 2025 945; x_wconf 92' lang='lat' dir='ltr'>crucis</span> 
     </span>
    </p>
   </div>
   <div class='ocr_carea' id='block_1_10' title="bbox 420 968 2023 1050">
    <p class='ocr_par' dir='ltr' id='par_1_10' title="bbox 420 968 2023 1050">
     <span class='ocr_line' id='line_1_10' title="bbox 420 968 2023 1050; baseline -0.001 -15"><span class='ocrx_word' id='word_1_76' title='bbox 420 979 641 1035; x_wconf 90' lang='lat' dir='ltr'>modum</span> <span class='ocrx_word' id='word_1_77' title='bbox 660 968 945 1050; x_wconf 57' lang='lat' dir='ltr'>&#39;spargetis</span> <span class='ocrx_word' id='word_1_78' title='bbox 978 995 1141 1049; x_wconf 89' lang='lat' dir='ltr'>super</span> <span class='ocrx_word' id='word_1_79' title='bbox 1184 978 1364 1034; x_wconf 90' lang='lat' dir='ltr'>locum</span> <span class='ocrx_word' id='word_1_80' title='bbox 1413 987 1573 1035; x_wconf 76' lang='lat' dir='ltr'>terra:</span> <span class='ocrx_word' id='word_1_81' title='bbox 1619 979 1797 1047; x_wconf 62' lang='lat' dir='ltr'>nudae,</span> <span class='ocrx_word' id='word_1_82' title='bbox 1829 978 1886 1032; x_wconf 90' lang='lat' dir='ltr'>in</span> <span class='ocrx_word' id='word_1_83' title='bbox 1915 992 2023 1050; x_wconf 92' lang='lat' dir='ltr'>quo</span> 
     </span>
    </p>
   </div>
   <div class='ocr_carea' id='block_1_11' title="bbox 417 1066 2022 1139">
    <p class='ocr_par' dir='ltr' id='par_1_11' title="bbox 417 1066 2022 1139">
     <span class='ocr_line' id='line_1_11' title="bbox 417 1066 2022 1139; baseline -0.002 -15"><span class='ocrx_word' id='word_1_84' title='bbox 417 1067 632 1139; x_wconf 90' lang='lat' dir='ltr'>ponetis</span> <span class='ocrx_word' id='word_1_85' title='bbox 660 1083 767 1134; x_wconf 90' lang='lat' dir='ltr'>me,</span> <span class='ocrx_word' id='word_1_86' title='bbox 801 1083 923 1122; x_wconf 93' lang='lat' dir='ltr'>cum</span> <span class='ocrx_word' id='word_1_87' title='bbox 973 1066 1175 1122; x_wconf 89' lang='lat' dir='ltr'>instare</span> <span class='ocrx_word' id='word_1_88' title='bbox 1222 1067 1468 1123; x_wconf 82' lang='lat' dir='ltr'>videritis</span> <span class='ocrx_word' id='word_1_89' title='bbox 1513 1069 1704 1123; x_wconf 91' lang='lat' dir='ltr'>horam</span> <span class='ocrx_word' id='word_1_90' title='bbox 1754 1082 2022 1137; x_wconf 62' lang='lat' dir='ltr'>suprema</span> 
     </span>
    </p>
   </div>
   <div class='ocr_carea' id='block_1_12' title="bbox 416 1154 2016 1229">
    <p class='ocr_par' dir='ltr' id='par_1_12' title="bbox 416 1154 2016 1229">
     <span class='ocr_line' id='line_1_12' title="bbox 416 1154 2016 1229; baseline -0.003 -17"><span class='ocrx_word' id='word_1_91' title='bbox 416 1155 765 1229; x_wconf 87' lang='lat' dir='ltr'>expirationis</span> <span class='ocrx_word' id='word_1_92' title='bbox 796 1172 949 1211; x_wconf 70' lang='lat' dir='ltr'>mete.</span> <span class='ocrx_word' id='word_1_93' title='bbox 983 1154 1227 1210; x_wconf 90' lang='lat' dir='ltr'>Cilicium</span> <span class='ocrx_word' id='word_1_94' title='bbox 1259 1157 1423 1226; x_wconf 91' lang='lat' dir='ltr'>enim,</span> <span class='ocrx_word' id='word_1_95' title='bbox 1456 1173 1607 1211; x_wconf 90' lang='lat' dir='ltr'>more</span> <span class='ocrx_word' id='word_1_96' title='bbox 1631 1155 2016 1227; x_wconf 90' lang='lat' dir='ltr'>quorumdam,</span> 
     </span>
    </p>
   </div>
   <div class='ocr_carea' id='block_1_13' title="bbox 414 1243 2018 1317">
    <p class='ocr_par' dir='ltr' id='par_1_13' title="bbox 414 1243 2018 1317">
     <span class='ocr_line' id='line_1_13' title="bbox 414 1243 2018 1317; baseline -0.004 -15"><span class='ocrx_word' id='word_1_97' title='bbox 414 1246 471 1302; x_wconf 87' lang='lat' dir='ltr'>in</span> <span class='ocrx_word' id='word_1_98' title='bbox 499 1244 687 1301; x_wconf 89' lang='lat' dir='ltr'>ordine</span> <span class='ocrx_word' id='word_1_99' title='bbox 718 1252 905 1299; x_wconf 87' lang='lat' dir='ltr'>nostro</span> <span class='ocrx_word' id='word_1_100' title='bbox 932 1244 1314 1316; x_wconf 82' lang='lat' dir='ltr'>migrantibus,</span> <span class='ocrx_word' id='word_1_101' title='bbox 1339 1260 1686 1317; x_wconf 71' lang='lat' dir='ltr'>nequaquam</span> <span class='ocrx_word' id='word_1_102' title='bbox 1708 1243 2018 1298; x_wconf 86' lang='lat' dir='ltr'>substerni-</span> 
     </span>
    </p>
   </div>
   <div class='ocr_carea' id='block_1_14' title="bbox 415 1331 2016 1404">
    <p class='ocr_par' dir='ltr' id='par_1_14' title="bbox 415 1331 2016 1404">
     <span class='ocr_line' id='line_1_14' title="bbox 415 1331 2016 1404; baseline -0.002 -17"><span class='ocrx_word' id='word_1_103' title='bbox 415 1341 522 1388; x_wconf 88' lang='lat' dir='ltr'>tur.</span> <span class='ocrx_word' id='word_1_104' title='bbox 556 1333 637 1387; x_wconf 75' lang='grc' dir='ltr'>Εο</span> <span class='ocrx_word' id='word_1_105' title='bbox 669 1332 878 1403; x_wconf 79' lang='lat' dir='ltr'>quippe</span> <span class='ocrx_word' id='word_1_106' title='bbox 895 1331 1117 1404; x_wconf 87' lang='lat' dir='ltr'>quilibet</span> <span class='ocrx_word' id='word_1_107' title='bbox 1138 1333 1374 1387; x_wconf 88' lang='lat' dir='ltr'>moriens</span> <span class='ocrx_word' id='word_1_108' title='bbox 1413 1333 1557 1404; x_wconf 87' lang='lat' dir='ltr'>apud</span> <span class='ocrx_word' id='word_1_109' title='bbox 1605 1347 1703 1386; x_wconf 89' lang='lat' dir='ltr'>nos</span> <span class='ocrx_word' id='word_1_110' title='bbox 1733 1338 2016 1386; x_wconf 85' lang='lat' dir='ltr'>contentus</span> 
     </span>
    </p>
   </div>
   <div class='ocr_carea' id='block_1_15' title="bbox 416 1419 2016 1493">
    <p class='ocr_par' dir='ltr' id='par_1_15' title="bbox 416 1419 2016 1493">
     <span class='ocr_line' id='line_1_15' title="bbox 416 1419 2016 1493; baseline -0.001 -17"><span class='ocrx_word' id='word_1_111' title='bbox 416 1431 498 1477; x_wconf 92' lang='lat' dir='ltr'>est</span> <span class='ocrx_word' id='word_1_112' title='bbox 530 1437 635 1493; x_wconf 93' lang='lat' dir='ltr'>quo</span> <span class='ocrx_word' id='word_1_113' title='bbox 666 1420 879 1491; x_wconf 89' lang='lat' dir='ltr'>pridem</span> <span class='ocrx_word' id='word_1_114' title='bbox 909 1420 1098 1475; x_wconf 81' lang='lat' dir='ltr'>vivens</span> <span class='ocrx_word' id='word_1_115' title='bbox 1146 1438 1277 1475; x_wconf 90' lang='lat' dir='ltr'>usus</span> <span class='ocrx_word' id='word_1_116' title='bbox 1321 1429 1373 1476; x_wconf 91' lang='lat' dir='ltr'>et</span> <span class='ocrx_word' id='word_1_117' title='bbox 1403 1421 1620 1475; x_wconf 83' lang='lat' dir='ltr'>indutus</span> <span class='ocrx_word' id='word_1_118' title='bbox 1659 1419 1774 1474; x_wconf 82' lang='lat' dir='ltr'>fuit.</span> <span class='ocrx_word' id='word_1_119' title='bbox 1813 1441 1833 1469; x_wconf 73' lang='grc' dir='ltr'><strong><em>ι</em></strong></span> <span class='ocrx_word' id='word_1_120' title='bbox 1899 1420 2016 1475; x_wconf 86' lang='lat' dir='ltr'>Hoc</span> 
     </span>
    </p>
   </div>
   <div class='ocr_carea' id='block_1_16' title="bbox 416 1506 2014 1582">
    <p class='ocr_par' dir='ltr' id='par_1_16' title="bbox 416 1506 2014 1582">
     <span class='ocr_line' id='line_1_16' title="bbox 416 1506 2014 1582; baseline -0.001 -19"><span class='ocrx_word' id='word_1_121' title='bbox 416 1509 636 1582; x_wconf 82' lang='lat' dir='ltr'>quidem</span> <span class='ocrx_word' id='word_1_122' title='bbox 668 1508 989 1579; x_wconf 88' lang='lat' dir='ltr'>loquebatur</span> <span class='ocrx_word' id='word_1_123' title='bbox 1018 1507 1193 1564; x_wconf 89' lang='lat' dir='ltr'>cilicio</span> <span class='ocrx_word' id='word_1_124' title='bbox 1223 1516 1275 1564; x_wconf 91' lang='lat' dir='ltr'>et</span> <span class='ocrx_word' id='word_1_125' title='bbox 1297 1509 1477 1564; x_wconf 89' lang='lat' dir='ltr'>tunica</span> <span class='ocrx_word' id='word_1_126' title='bbox 1523 1508 1749 1563; x_wconf 90' lang='lat' dir='ltr'>indutus</span> <span class='ocrx_word' id='word_1_127' title='bbox 1798 1506 2014 1563; x_wconf 93' lang='lat' dir='ltr'>cuculla</span> 
     </span>
    </p>
   </div>
   <div class='ocr_carea' id='block_1_17' title="bbox 414 1595 2011 1670">
    <p class='ocr_par' dir='ltr' id='par_1_17' title="bbox 414 1595 2011 1670">
     <span class='ocr_line' id='line_1_17' title="bbox 414 1595 2011 1670; baseline -0.002 -18"><span class='ocrx_word' id='word_1_128' title='bbox 414 1613 629 1670; x_wconf 91' lang='lat' dir='ltr'>quoque</span> <span class='ocrx_word' id='word_1_129' title='bbox 678 1597 1087 1668; x_wconf 89' lang='lat' dir='ltr'>supervestitus.</span> <span class='ocrx_word' id='word_1_130' title='bbox 1156 1598 1251 1651; x_wconf 82' lang='lat' dir='ltr'>llis</span> <span class='ocrx_word' id='word_1_131' title='bbox 1316 1596 1568 1653; x_wconf 89' lang='lat' dir='ltr'>involutis</span> <span class='ocrx_word' id='word_1_132' title='bbox 1620 1595 1798 1667; x_wconf 87' lang='lat' dir='ltr'>potius</span> <span class='ocrx_word' id='word_1_133' title='bbox 1848 1611 2011 1667; x_wconf 88' lang='lat' dir='ltr'>quam</span> 
     </span>
    </p>
   </div>
   <div class='ocr_carea' id='block_1_18' title="bbox 409 1684 2006 1757">
    <p class='ocr_par' dir='ltr' id='par_1_18' title="bbox 409 1684 2006 1757">
     <span class='ocr_line' id='line_1_18' title="bbox 409 1684 2006 1757; baseline -0.002 -17"><span class='ocrx_word' id='word_1_134' title='bbox 409 1684 739 1740; x_wconf 83' lang='lat' dir='ltr'>indumentis</span> <span class='ocrx_word' id='word_1_135' title='bbox 767 1684 916 1739; x_wconf 86' lang='lat' dir='ltr'>nullo</span> <span class='ocrx_word' id='word_1_136' title='bbox 944 1684 1282 1757; x_wconf 62' lang='lat' dir='ltr'>aegritudinis</span> <span class='ocrx_word' id='word_1_137' title='bbox 1330 1702 1443 1741; x_wconf 70' lang='lat' dir='ltr'>sum</span> <span class='ocrx_word' id='word_1_138' title='bbox 1491 1691 1763 1740; x_wconf 90' lang='lat' dir='ltr'>momento</span> <span class='ocrx_word' id='word_1_139' title='bbox 1814 1684 2006 1739; x_wconf 86' lang='lat' dir='ltr'>caruit.</span> 
     </span>
    </p>
   </div>
   <div class='ocr_carea' id='block_1_19' title="bbox 2124 800 3724 875">
    <p class='ocr_par' dir='ltr' id='par_1_19' title="bbox 2124 800 3724 875">
     <span class='ocr_line' id='line_1_19' title="bbox 2124 800 3724 875; baseline -0.001 -19"><span class='ocrx_word' id='word_1_140' title='bbox 2124 800 2440 857; x_wconf 92' lang='lat' dir='ltr'>honestetur</span> <span class='ocrx_word' id='word_1_141' title='bbox 2485 802 2721 875; x_wconf 86' lang='lat' dir='ltr'>dignitas</span> <span class='ocrx_word' id='word_1_142' title='bbox 2805 808 3171 858; x_wconf 88' lang='lat' dir='ltr'>sacrosancta.</span> <span class='ocrx_word' id='word_1_143' title='bbox 3261 800 3456 856; x_wconf 88' lang='lat' dir='ltr'>Frater</span> <span class='ocrx_word' id='word_1_144' title='bbox 3508 801 3724 869; x_wconf 85' lang='lat' dir='ltr'>Petrus,</span> 
     </span>
    </p>
   </div>
   <div class='ocr_carea' id='block_1_20' title="bbox 2123 888 3727 963">
    <p class='ocr_par' dir='ltr' id='par_1_20' title="bbox 2123 888 3727 963">
     <span class='ocr_line' id='line_1_20' title="bbox 2123 888 3727 963; baseline -0.001 -18"><span class='ocrx_word' id='word_1_145' title='bbox 2123 904 2421 945; x_wconf 90' lang='lat' dir='ltr'>conversus</span> <span class='ocrx_word' id='word_1_146' title='bbox 2458 899 2661 958; x_wconf 85' lang='lat' dir='ltr'>noster,</span> <span class='ocrx_word' id='word_1_147' title='bbox 2712 890 2991 963; x_wconf 85' lang='lat' dir='ltr'>lympham</span> <span class='ocrx_word' id='word_1_148' title='bbox 3035 888 3405 945; x_wconf 90' lang='lat' dir='ltr'>subministret</span> <span class='ocrx_word' id='word_1_149' title='bbox 3450 888 3727 945; x_wconf 88' lang='lat' dir='ltr'>abluenti-</span> 
     </span>
    </p>
   </div>
   <div class='ocr_carea' id='block_1_21' title="bbox 2122 977 3727 1050">
    <p class='ocr_par' dir='ltr' id='par_1_21' title="bbox 2122 977 3727 1050">
     <span class='ocr_line' id='line_1_21' title="bbox 2122 977 3727 1050; baseline -0.001 -17"><span class='ocrx_word' id='word_1_150' title='bbox 2122 978 2245 1043; x_wconf 89' lang='lat' dir='ltr'>bus,</span> <span class='ocrx_word' id='word_1_151' title='bbox 2279 987 2332 1034; x_wconf 90' lang='lat' dir='ltr'>et</span> <span class='ocrx_word' id='word_1_152' title='bbox 2363 988 2563 1050; x_wconf 66' lang='lat' dir='ltr'>praeter</span> <span class='ocrx_word' id='word_1_153' title='bbox 2591 995 2690 1036; x_wconf 89' lang='lat' dir='ltr'>vos</span> <span class='ocrx_word' id='word_1_154' title='bbox 2718 979 2863 1035; x_wconf 90' lang='lat' dir='ltr'>trino</span> <span class='ocrx_word' id='word_1_155' title='bbox 2900 979 2957 1034; x_wconf 90' lang='lat' dir='ltr'>in</span> <span class='ocrx_word' id='word_1_156' title='bbox 2984 993 3214 1034; x_wconf 91' lang='lat' dir='ltr'>numero</span> <span class='ocrx_word' id='word_1_157' title='bbox 3242 978 3348 1034; x_wconf 87' lang='lat' dir='ltr'>hoc</span> <span class='ocrx_word' id='word_1_158' title='bbox 3375 977 3507 1033; x_wconf 90' lang='lat' dir='ltr'>mihi</span> <span class='ocrx_word' id='word_1_159' title='bbox 3530 993 3727 1033; x_wconf 89' lang='lat' dir='ltr'>munus</span> 
     </span>
    </p>
   </div>
   <div class='ocr_carea' id='block_1_22' title="bbox 2121 1064 3726 1134">
    <p class='ocr_par' dir='ltr' id='par_1_22' title="bbox 2121 1064 3726 1134">
     <span class='ocr_line' id='line_1_22' title="bbox 2121 1064 3726 1134; baseline -0.001 -11"><span class='ocrx_word' id='word_1_160' title='bbox 2121 1067 2457 1134; x_wconf 83' lang='lat' dir='ltr'>exhibentes,</span> <span class='ocrx_word' id='word_1_161' title='bbox 2546 1069 2727 1124; x_wconf 91' lang='lat' dir='ltr'>nullus</span> <span class='ocrx_word' id='word_1_162' title='bbox 2782 1067 3004 1125; x_wconf 87' lang='lat' dir='ltr'>omnino</span> <span class='ocrx_word' id='word_1_163' title='bbox 3061 1066 3218 1133; x_wconf 87' lang='lat' dir='ltr'>alius,</span> <span class='ocrx_word' id='word_1_164' title='bbox 3269 1066 3361 1122; x_wconf 91' lang='lat' dir='ltr'>ubi</span> <span class='ocrx_word' id='word_1_165' title='bbox 3414 1067 3534 1122; x_wconf 62' lang='lat' dir='ltr'>haec</span> <span class='ocrx_word' id='word_1_166' title='bbox 3591 1064 3726 1122; x_wconf 85' lang='lat' dir='ltr'>ﬁent</span> 
     </span>
    </p>
   </div>
   <div class='ocr_carea' id='block_1_23' title="bbox 2120 1155 2351 1211">
    <p class='ocr_par' dir='ltr' id='par_1_23' title="bbox 2120 1155 2351 1211">
     <span class='ocr_line' id='line_1_23' title="bbox 2120 1155 2351 1211; baseline 0.004 -1"><span class='ocrx_word' id='word_1_167' title='bbox 2120 1155 2351 1211; x_wconf 88' lang='lat' dir='ltr'>intersit.</span> 
     </span>
    </p>
   </div>
   <div class='ocr_carea' id='block_1_24' title="bbox 2192 1241 3726 1313">
    <p class='ocr_par' dir='ltr' id='par_1_24' title="bbox 2192 1241 3726 1313">
     <span class='ocr_line' id='line_1_24' title="bbox 2192 1241 3726 1313; baseline -0.001 -15"><span class='ocrx_word' id='word_1_168' title='bbox 2192 1268 2213 1291; x_wconf 77' lang='grc' dir='ltr'>ι</span> <span class='ocrx_word' id='word_1_169' title='bbox 2251 1244 2384 1299; x_wconf 91' lang='lat' dir='ltr'>Cum</span> <span class='ocrx_word' id='word_1_170' title='bbox 2415 1252 2595 1299; x_wconf 90' lang='lat' dir='ltr'>autem</span> <span class='ocrx_word' id='word_1_171' title='bbox 2627 1244 2697 1299; x_wconf 92' lang='lat' dir='ltr'>ad</span> <span class='ocrx_word' id='word_1_172' title='bbox 2726 1244 3016 1301; x_wconf 90' lang='lat' dir='ltr'>ecclesiam</span> <span class='ocrx_word' id='word_1_173' title='bbox 3068 1243 3500 1299; x_wconf 84' lang='lat' dir='ltr'>Lincolniensem</span> <span class='ocrx_word' id='word_1_174' title='bbox 3547 1241 3726 1313; x_wconf 84' lang='lat' dir='ltr'>perla-</span> 
     </span>
    </p>
   </div>
   <div class='ocr_carea' id='block_1_25' title="bbox 2116 1330 3719 1404">
    <p class='ocr_par' dir='ltr' id='par_1_25' title="bbox 2116 1330 3719 1404">
     <span class='ocr_line' id='line_1_25' title="bbox 2116 1330 3719 1404; baseline -0.001 -18"><span class='ocrx_word' id='word_1_175' title='bbox 2116 1339 2228 1386; x_wconf 92' lang='lat' dir='ltr'>tum</span> <span class='ocrx_word' id='word_1_176' title='bbox 2259 1332 2421 1388; x_wconf 88' lang='lat' dir='ltr'>fuerit</span> <span class='ocrx_word' id='word_1_177' title='bbox 2449 1348 2647 1404; x_wconf 88' lang='lat' dir='ltr'>corpus</span> <span class='ocrx_word' id='word_1_178' title='bbox 2668 1350 2869 1399; x_wconf 91' lang='lat' dir='ltr'>meum,</span> <span class='ocrx_word' id='word_1_179' title='bbox 2893 1333 3174 1404; x_wconf 88' lang='lat' dir='ltr'>proferetis</span> <span class='ocrx_word' id='word_1_180' title='bbox 3204 1348 3234 1387; x_wconf 92' lang='lat' dir='ltr'>e</span> <span class='ocrx_word' id='word_1_181' title='bbox 3263 1331 3476 1387; x_wconf 90' lang='lat' dir='ltr'>scriniis</span> <span class='ocrx_word' id='word_1_182' title='bbox 3496 1330 3719 1399; x_wconf 86' lang='lat' dir='ltr'>nostris,</span> 
     </span>
    </p>
   </div>
   <div class='ocr_carea' id='block_1_26' title="bbox 2115 1417 3718 1493">
    <p class='ocr_par' dir='ltr' id='par_1_26' title="bbox 2115 1417 3718 1493">
     <span class='ocr_line' id='line_1_26' title="bbox 2115 1417 3718 1493; baseline -0.001 -19"><span class='ocrx_word' id='word_1_183' title='bbox 2115 1436 2238 1493; x_wconf 67' lang='lat' dir='ltr'>quae</span> <span class='ocrx_word' id='word_1_184' title='bbox 2266 1421 2340 1476; x_wconf 91' lang='lat' dir='ltr'>ibi</span> <span class='ocrx_word' id='word_1_185' title='bbox 2385 1429 2529 1487; x_wconf 92' lang='lat' dir='ltr'>sunt,</span> <span class='ocrx_word' id='word_1_186' title='bbox 2564 1422 2743 1477; x_wconf 90' lang='lat' dir='ltr'>omnia</span> <span class='ocrx_word' id='word_1_187' title='bbox 2791 1422 3131 1487; x_wconf 88' lang='lat' dir='ltr'>vestimenta,</span> <span class='ocrx_word' id='word_1_188' title='bbox 3164 1420 3218 1474; x_wconf 93' lang='lat' dir='ltr'>in</span> <span class='ocrx_word' id='word_1_189' title='bbox 3263 1419 3460 1491; x_wconf 88' lang='lat' dir='ltr'>quibus</span> <span class='ocrx_word' id='word_1_190' title='bbox 3496 1417 3718 1491; x_wconf 85' lang='lat' dir='ltr'>pontiﬁ-</span> 
     </span>
    </p>
   </div>
   <div class='ocr_carea' id='block_1_27' title="bbox 2114 1508 3723 1581">
    <p class='ocr_par' dir='ltr' id='par_1_27' title="bbox 2114 1508 3723 1581">
     <span class='ocr_line' id='line_1_27' title="bbox 2114 1508 3723 1581; baseline 0 -16"><span class='ocrx_word' id='word_1_191' title='bbox 2114 1509 2290 1565; x_wconf 92' lang='lat' dir='ltr'>calem</span> <span class='ocrx_word' id='word_1_192' title='bbox 2338 1510 2554 1581; x_wconf 90' lang='lat' dir='ltr'>suscepi</span> <span class='ocrx_word' id='word_1_193' title='bbox 2622 1510 3110 1573; x_wconf 90' lang='lat' dir='ltr'>consecrationem,</span> <span class='ocrx_word' id='word_1_194' title='bbox 3143 1524 3173 1563; x_wconf 91' lang='lat' dir='ltr'>a</span> <span class='ocrx_word' id='word_1_195' title='bbox 3230 1508 3491 1563; x_wconf 86' lang='lat' dir='ltr'>sandaliis</span> <span class='ocrx_word' id='word_1_196' title='bbox 3546 1524 3723 1579; x_wconf 87' lang='lat' dir='ltr'>usque</span> 
     </span>
    </p>
   </div>
   <div class='ocr_carea' id='block_1_28' title="bbox 2112 1596 3719 1669">
    <p class='ocr_par' dir='ltr' id='par_1_28' title="bbox 2112 1596 3719 1669">
     <span class='ocr_line' id='line_1_28' title="bbox 2112 1596 3719 1669; baseline -0.001 -17"><span class='ocrx_word' id='word_1_197' title='bbox 2112 1598 2179 1652; x_wconf 91' lang='lat' dir='ltr'>ad</span> <span class='ocrx_word' id='word_1_198' title='bbox 2208 1598 2443 1663; x_wconf 90' lang='lat' dir='ltr'>mitram,</span> <span class='ocrx_word' id='word_1_199' title='bbox 2476 1599 2747 1669; x_wconf 86' lang='lat' dir='ltr'>funusque</span> <span class='ocrx_word' id='word_1_200' title='bbox 2795 1597 3167 1669; x_wconf 89' lang='lat' dir='ltr'>sepeliendum</span> <span class='ocrx_word' id='word_1_201' title='bbox 3213 1596 3418 1651; x_wconf 86' lang='lat' dir='ltr'>eisdem</span> <span class='ocrx_word' id='word_1_202' title='bbox 3465 1596 3719 1652; x_wconf 87' lang='lat' dir='ltr'>omnibus</span> 
     </span>
    </p>
   </div>
   <div class='ocr_carea' id='block_1_29' title="bbox 2112 1684 3716 1758">
    <p class='ocr_par' dir='ltr' id='par_1_29' title="bbox 2112 1684 3716 1758">
     <span class='ocr_line' id='line_1_29' title="bbox 2112 1684 3716 1758; baseline 0 -18"><span class='ocrx_word' id='word_1_203' title='bbox 2112 1684 2366 1741; x_wconf 91' lang='lat' dir='ltr'>induetis.</span> <span class='ocrx_word' id='word_1_204' title='bbox 2399 1686 2533 1741; x_wconf 91' lang='lat' dir='ltr'>Sunt</span> <span class='ocrx_word' id='word_1_205' title='bbox 2579 1702 2812 1758; x_wconf 90' lang='lat' dir='ltr'>namque</span> <span class='ocrx_word' id='word_1_206' title='bbox 2857 1686 3038 1758; x_wconf 92' lang='lat' dir='ltr'>plana,</span> <span class='ocrx_word' id='word_1_207' title='bbox 3087 1701 3190 1741; x_wconf 92' lang='lat' dir='ltr'>nec</span> <span class='ocrx_word' id='word_1_208' title='bbox 3231 1684 3537 1754; x_wconf 90' lang='lat' dir='ltr'>ambitiosa,</span> <span class='ocrx_word' id='word_1_209' title='bbox 3593 1701 3716 1757; x_wconf 64' lang='lat' dir='ltr'>quae</span> 
     </span>
    </p>
   </div>
   <div class='ocr_carea' id='block_1_30' title="bbox 407 1770 3716 1856">
    <p class='ocr_par' dir='ltr' id='par_1_30' title="bbox 407 1770 3716 1856">
     <span class='ocr_line' id='line_1_30' title="bbox 407 1770 3716 1856; baseline 0 -27"><span class='ocrx_word' id='word_1_210' title='bbox 407 1774 532 1829; x_wconf 88' lang='lat' dir='ltr'>Non</span> <span class='ocrx_word' id='word_1_211' title='bbox 561 1773 729 1828; x_wconf 87' lang='lat' dir='ltr'>ardor</span> <span class='ocrx_word' id='word_1_212' title='bbox 758 1772 947 1838; x_wconf 80' lang='lat' dir='ltr'>febris,</span> <span class='ocrx_word' id='word_1_213' title='bbox 981 1789 1089 1828; x_wconf 90' lang='lat' dir='ltr'>non</span> <span class='ocrx_word' id='word_1_214' title='bbox 1120 1774 1369 1844; x_wconf 90' lang='lat' dir='ltr'>corporis</span> <span class='ocrx_word' id='word_1_215' title='bbox 1399 1780 1577 1827; x_wconf 87' lang='lat' dir='ltr'>tantus</span> <span class='ocrx_word' id='word_1_216' title='bbox 1605 1772 1773 1828; x_wconf 91' lang='lat' dir='ltr'>sudor</span> <span class='ocrx_word' id='word_1_217' title='bbox 1802 1770 2008 1843; x_wconf 90' lang='lat' dir='ltr'>aliquid</span> <span class='ocrx_word' id='word_1_218' title='bbox 2030 1795 2084 1856; x_wconf 79' lang='grc' dir='ltr'>Β</span> <span class='ocrx_word' id='word_1_219' title='bbox 2113 1774 2167 1829; x_wconf 92' lang='lat' dir='ltr'>in</span> <span class='ocrx_word' id='word_1_220' title='bbox 2196 1791 2328 1829; x_wconf 90' lang='lat' dir='ltr'>usus</span> <span class='ocrx_word' id='word_1_221' title='bbox 2359 1775 2492 1830; x_wconf 91' lang='lat' dir='ltr'>istos</span> <span class='ocrx_word' id='word_1_222' title='bbox 2520 1776 2783 1831; x_wconf 89' lang='lat' dir='ltr'>hactenus</span> <span class='ocrx_word' id='word_1_223' title='bbox 2803 1774 3150 1831; x_wconf 88' lang='lat' dir='ltr'>conservavi.</span> <span class='ocrx_word' id='word_1_224' title='bbox 3195 1795 3216 1823; x_wconf 75' lang='grc' dir='ltr'>ι</span> <span class='ocrx_word' id='word_1_225' title='bbox 3243 1773 3472 1829; x_wconf 86' lang='lat' dir='ltr'>Annulis</span> <span class='ocrx_word' id='word_1_226' title='bbox 3498 1788 3716 1845; x_wconf 88' lang='lat' dir='ltr'>quoque</span> 
     </span>
    </p>
   </div>
   <div class='ocr_carea' id='block_1_31' title="bbox 406 1859 2013 1916">
    <p class='ocr_par' dir='ltr' id='par_1_31' title="bbox 406 1859 2013 1916">
     <span class='ocr_line' id='line_1_31' title="bbox 406 1859 2013 1916; baseline -0.002 0"><span class='ocrx_word' id='word_1_227' title='bbox 406 1862 603 1916; x_wconf 91' lang='lat' dir='ltr'>horum</span> <span class='ocrx_word' id='word_1_228' title='bbox 633 1861 683 1915; x_wconf 90' lang='lat' dir='ltr'>ei</span> <span class='ocrx_word' id='word_1_229' title='bbox 713 1861 966 1915; x_wconf 85' lang='lat' dir='ltr'>detraxit.</span> <span class='ocrx_word' id='word_1_230' title='bbox 1000 1861 1247 1916; x_wconf 87' lang='lat' dir='ltr'>Cilicium</span> <span class='ocrx_word' id='word_1_231' title='bbox 1271 1862 1352 1915; x_wconf 91' lang='lat' dir='ltr'>bis</span> <span class='ocrx_word' id='word_1_232' title='bbox 1374 1869 1467 1916; x_wconf 89' lang='lat' dir='ltr'>aut</span> <span class='ocrx_word' id='word_1_233' title='bbox 1496 1861 1665 1916; x_wconf 90' lang='lat' dir='ltr'>semel</span> <span class='ocrx_word' id='word_1_234' title='bbox 1681 1860 1878 1915; x_wconf 91' lang='lat' dir='ltr'>mutari</span> <span class='ocrx_word' id='word_1_235' title='bbox 1908 1859 2013 1913; x_wconf 90' lang='lat' dir='ltr'>sibi</span> 
     </span>
    </p>
   </div>
   <div class='ocr_carea' id='block_1_32' title="bbox 406 1948 2012 2020">
    <p class='ocr_par' dir='ltr' id='par_1_32' title="bbox 406 1948 2012 2020">
     <span class='ocr_line' id='line_1_32' title="bbox 406 1948 2012 2020; baseline -0.001 -16"><span class='ocrx_word' id='word_1_236' title='bbox 406 1950 495 2005; x_wconf 87' lang='lat' dir='ltr'>vix</span> <span class='ocrx_word' id='word_1_237' title='bbox 526 1948 790 2020; x_wconf 90' lang='lat' dir='ltr'>permisit,</span> <span class='ocrx_word' id='word_1_238' title='bbox 826 1948 972 2019; x_wconf 91' lang='lat' dir='ltr'>quod</span> <span class='ocrx_word' id='word_1_239' title='bbox 1003 1949 1204 2004; x_wconf 91' lang='lat' dir='ltr'>sudore</span> <span class='ocrx_word' id='word_1_240' title='bbox 1243 1949 1399 2020; x_wconf 90' lang='lat' dir='ltr'>quasi</span> <span class='ocrx_word' id='word_1_241' title='bbox 1460 1949 1572 2004; x_wconf 91' lang='lat' dir='ltr'>luto</span> <span class='ocrx_word' id='word_1_242' title='bbox 1622 1956 1934 2004; x_wconf 91' lang='lat' dir='ltr'>concretum</span> <span class='ocrx_word' id='word_1_243' title='bbox 1961 1956 2012 2003; x_wconf 92' lang='lat' dir='ltr'>et</span> 
     </span>
    </p>
   </div>
   <div class='ocr_carea' id='block_1_33' title="bbox 408 2036 2008 2107">
    <p class='ocr_par' dir='ltr' id='par_1_33' title="bbox 408 2036 2008 2107">
     <span class='ocr_line' id='line_1_33' title="bbox 408 2036 2008 2107; baseline -0.001 -16"><span class='ocrx_word' id='word_1_244' title='bbox 408 2037 568 2093; x_wconf 89' lang='lat' dir='ltr'>restis</span> <span class='ocrx_word' id='word_1_245' title='bbox 601 2050 750 2092; x_wconf 88' lang='lat' dir='ltr'>more</span> <span class='ocrx_word' id='word_1_246' title='bbox 780 2044 1108 2103; x_wconf 91' lang='lat' dir='ltr'>contortum,</span> <span class='ocrx_word' id='word_1_247' title='bbox 1139 2036 1280 2092; x_wconf 90' lang='lat' dir='ltr'>inter</span> <span class='ocrx_word' id='word_1_248' title='bbox 1307 2053 1508 2107; x_wconf 86' lang='lat' dir='ltr'>corpus</span> <span class='ocrx_word' id='word_1_249' title='bbox 1523 2044 1575 2091; x_wconf 91' lang='lat' dir='ltr'>et</span> <span class='ocrx_word' id='word_1_250' title='bbox 1604 2036 1844 2091; x_wconf 89' lang='lat' dir='ltr'>tunicam</span> <span class='ocrx_word' id='word_1_251' title='bbox 1870 2036 2008 2105; x_wconf 90' lang='lat' dir='ltr'>ejus,</span> 
     </span>
    </p>
   </div>
   <div class='ocr_carea' id='block_1_34' title="bbox 2118 1862 3719 1935">
    <p class='ocr_par' dir='ltr' id='par_1_34' title="bbox 2118 1862 3719 1935">
     <span class='ocr_line' id='line_1_34' title="bbox 2118 1862 3719 1935; baseline 0 -18"><span class='ocrx_word' id='word_1_252' title='bbox 2118 1862 2229 1917; x_wconf 91' lang='lat' dir='ltr'>suis</span> <span class='ocrx_word' id='word_1_253' title='bbox 2260 1863 2309 1917; x_wconf 92' lang='lat' dir='ltr'>ei</span> <span class='ocrx_word' id='word_1_254' title='bbox 2338 1863 2705 1933; x_wconf 62' lang='lat' dir='ltr'>praesentatis,</span> <span class='ocrx_word' id='word_1_255' title='bbox 2750 1878 2919 1917; x_wconf 88' lang='lat' dir='ltr'>unum</span> <span class='ocrx_word' id='word_1_256' title='bbox 2948 1862 3148 1919; x_wconf 90' lang='lat' dir='ltr'>modici</span> <span class='ocrx_word' id='word_1_257' title='bbox 3179 1862 3457 1935; x_wconf 90' lang='lat' dir='ltr'>ponderis,</span> <span class='ocrx_word' id='word_1_258' title='bbox 3489 1877 3719 1918; x_wconf 88' lang='lat' dir='ltr'>aureum</span> 
     </span>
    </p>
   </div>
   <div class='ocr_carea' id='block_1_35' title="bbox 2114 1950 3713 2024">
    <p class='ocr_par' dir='ltr' id='par_1_35' title="bbox 2114 1950 3713 2024">
     <span class='ocr_line' id='line_1_35' title="bbox 2114 1950 3713 2024; baseline 0.001 -20"><span class='ocrx_word' id='word_1_259' title='bbox 2114 1957 2318 2017; x_wconf 89' lang='lat' dir='ltr'>tamen,</span> <span class='ocrx_word' id='word_1_260' title='bbox 2349 1952 2749 2023; x_wconf 89' lang='lat' dir='ltr'>habentemque</span> <span class='ocrx_word' id='word_1_261' title='bbox 2779 1951 3004 2023; x_wconf 87' lang='lat' dir='ltr'>saphyri</span> <span class='ocrx_word' id='word_1_262' title='bbox 3047 1950 3598 2024; x_wconf 83' lang='lat' dir='ltr'>aquaticigemmam</span> <span class='ocrx_word' id='word_1_263' title='bbox 3626 1950 3713 2005; x_wconf 87' lang='lat' dir='ltr'>vi-</span> 
     </span>
    </p>
   </div>
   <div class='ocr_carea' id='block_1_36' title="bbox 2111 2037 3711 2111">
    <p class='ocr_par' dir='ltr' id='par_1_36' title="bbox 2111 2037 3711 2111">
     <span class='ocr_line' id='line_1_36' title="bbox 2111 2037 3711 2111; baseline -0.001 -18"><span class='ocrx_word' id='word_1_264' title='bbox 2111 2038 2324 2105; x_wconf 89' lang='lat' dir='ltr'>liorem,</span> <span class='ocrx_word' id='word_1_265' title='bbox 2381 2039 2710 2095; x_wconf 89' lang='lat' dir='ltr'>contradidit</span> <span class='ocrx_word' id='word_1_266' title='bbox 2756 2039 2935 2106; x_wconf 90' lang='lat' dir='ltr'>nobis,</span> <span class='ocrx_word' id='word_1_267' title='bbox 2974 2060 2996 2090; x_wconf 77' lang='grc' dir='ltr'>ι</span> <span class='ocrx_word' id='word_1_268' title='bbox 3030 2040 3215 2109; x_wconf 89' lang='lat' dir='ltr'>istum,</span> <span class='ocrx_word' id='word_1_269' title='bbox 3262 2039 3531 2111; x_wconf 89' lang='lat' dir='ltr'>inquiens,</span> <span class='ocrx_word' id='word_1_270' title='bbox 3580 2037 3711 2093; x_wconf 91' lang='lat' dir='ltr'>dum</span> 
     </span>
    </p>
   </div>
   <div class='ocr_carea' id='block_1_37' title="bbox 401 2123 3713 2198">
    <p class='ocr_par' dir='ltr' id='par_1_37' title="bbox 401 2123 3713 2198">
     <span class='ocr_line' id='line_1_37' title="bbox 401 2123 3713 2198; baseline -0 -17"><span class='ocrx_word' id='word_1_271' title='bbox 401 2141 469 2181; x_wconf 87' lang='lat' dir='ltr'>ex</span> <span class='ocrx_word' id='word_1_272' title='bbox 500 2124 732 2181; x_wconf 87' lang='lat' dir='ltr'>laterum</span> <span class='ocrx_word' id='word_1_273' title='bbox 761 2123 1026 2196; x_wconf 84' lang='lat' dir='ltr'>frequenti</span> <span class='ocrx_word' id='word_1_274' title='bbox 1044 2125 1402 2181; x_wconf 88' lang='lat' dir='ltr'>conversione</span> <span class='ocrx_word' id='word_1_275' title='bbox 1423 2124 1747 2195; x_wconf 88' lang='lat' dir='ltr'>reperimus,</span> <span class='ocrx_word' id='word_1_276' title='bbox 1780 2131 1833 2179; x_wconf 89' lang='lat' dir='ltr'>et</span> <span class='ocrx_word' id='word_1_277' title='bbox 1863 2124 2009 2195; x_wconf 92' lang='lat' dir='ltr'>quod</span> <span class='ocrx_word' id='word_1_278' title='bbox 2109 2125 2478 2196; x_wconf 88' lang='lat' dir='ltr'>episcoparer,</span> <span class='ocrx_word' id='word_1_279' title='bbox 2526 2125 2728 2198; x_wconf 80' lang='lat' dir='ltr'>digitus</span> <span class='ocrx_word' id='word_1_280' title='bbox 2775 2134 2960 2181; x_wconf 92' lang='lat' dir='ltr'>noster</span> <span class='ocrx_word' id='word_1_281' title='bbox 2986 2126 3219 2198; x_wconf 90' lang='lat' dir='ltr'>excepit,</span> <span class='ocrx_word' id='word_1_282' title='bbox 3251 2134 3304 2182; x_wconf 92' lang='lat' dir='ltr'>et</span> <span class='ocrx_word' id='word_1_283' title='bbox 3350 2126 3531 2193; x_wconf 91' lang='lat' dir='ltr'>istum,</span> <span class='ocrx_word' id='word_1_284' title='bbox 3581 2125 3713 2180; x_wconf 91' lang='lat' dir='ltr'>dum</span> 
     </span>
    </p>
   </div>
   <div class='ocr_carea' id='block_1_38' title="bbox 404 2211 3708 2287">
    <p class='ocr_par' dir='ltr' id='par_1_38' title="bbox 404 2211 3708 2287">
     <span class='ocr_line' id='line_1_38' title="bbox 404 2211 3708 2287; baseline 0 -17"><span class='ocrx_word' id='word_1_285' title='bbox 404 2213 567 2270; x_wconf 91' lang='lat' dir='ltr'>etiam</span> <span class='ocrx_word' id='word_1_286' title='bbox 597 2221 777 2269; x_wconf 91' lang='lat' dir='ltr'>cutem</span> <span class='ocrx_word' id='word_1_287' title='bbox 809 2212 858 2269; x_wconf 93' lang='lat' dir='ltr'>ei</span> <span class='ocrx_word' id='word_1_288' title='bbox 888 2213 1180 2268; x_wconf 90' lang='lat' dir='ltr'>enormiter</span> <span class='ocrx_word' id='word_1_289' title='bbox 1210 2213 1505 2279; x_wconf 89' lang='lat' dir='ltr'>abrasisse,</span> <span class='ocrx_word' id='word_1_290' title='bbox 1554 2212 1743 2268; x_wconf 89' lang='lat' dir='ltr'>nescio</span> <span class='ocrx_word' id='word_1_291' title='bbox 1791 2219 1922 2284; x_wconf 89' lang='lat' dir='ltr'>quot</span> <span class='ocrx_word' id='word_1_292' title='bbox 1950 2211 2007 2266; x_wconf 92' lang='lat' dir='ltr'>in</span> <span class='ocrx_word' id='word_1_293' title='bbox 2108 2214 2363 2284; x_wconf 91' lang='lat' dir='ltr'>sepeliar,</span> <span class='ocrx_word' id='word_1_294' title='bbox 2410 2215 2635 2269; x_wconf 89' lang='lat' dir='ltr'>dextera</span> <span class='ocrx_word' id='word_1_295' title='bbox 2681 2216 2799 2270; x_wconf 71' lang='lat' dir='ltr'>haec</span> <span class='ocrx_word' id='word_1_296' title='bbox 2855 2214 3126 2270; x_wconf 90' lang='lat' dir='ltr'>retinebit.</span> <span class='ocrx_word' id='word_1_297' title='bbox 3172 2214 3558 2287; x_wconf 87' lang='lat' dir='ltr'>Prospeximus</span> <span class='ocrx_word' id='word_1_298' title='bbox 3601 2229 3708 2271; x_wconf 89' lang='lat' dir='ltr'>no-</span> 
     </span>
    </p>
   </div>
   <div class='ocr_carea' id='block_1_39' title="bbox 401 2300 3704 2374">
    <p class='ocr_par' dir='ltr' id='par_1_39' title="bbox 401 2300 3704 2374">
     <span class='ocr_line' id='line_1_39' title="bbox 401 2300 3704 2374; baseline 0.001 -18"><span class='ocrx_word' id='word_1_299' title='bbox 401 2301 557 2368; x_wconf 91' lang='lat' dir='ltr'>locis,</span> <span class='ocrx_word' id='word_1_300' title='bbox 588 2301 1073 2373; x_wconf 88' lang='lat' dir='ltr'>deprehendimus.</span> <span class='ocrx_word' id='word_1_301' title='bbox 1114 2302 1179 2356; x_wconf 89' lang='lat' dir='ltr'>Et</span> <span class='ocrx_word' id='word_1_302' title='bbox 1226 2302 1355 2372; x_wconf 90' lang='lat' dir='ltr'>quia</span> <span class='ocrx_word' id='word_1_303' title='bbox 1395 2301 1647 2357; x_wconf 91' lang='lat' dir='ltr'>novimus</span> <span class='ocrx_word' id='word_1_304' title='bbox 1690 2300 1834 2371; x_wconf 89' lang='lat' dir='ltr'>apud</span> <span class='ocrx_word' id='word_1_305' title='bbox 1868 2300 2004 2356; x_wconf 89' lang='lat' dir='ltr'>Car-</span> <span class='ocrx_word' id='word_1_306' title='bbox 2107 2301 2192 2356; x_wconf 92' lang='lat' dir='ltr'>bis</span> <span class='ocrx_word' id='word_1_307' title='bbox 2221 2301 2276 2356; x_wconf 92' lang='lat' dir='ltr'>in</span> <span class='ocrx_word' id='word_1_308' title='bbox 2305 2303 2409 2357; x_wconf 90' lang='lat' dir='ltr'>hoc</span> <span class='ocrx_word' id='word_1_309' title='bbox 2437 2309 2582 2368; x_wconf 91' lang='lat' dir='ltr'>tunc,</span> <span class='ocrx_word' id='word_1_310' title='bbox 2608 2318 2733 2359; x_wconf 92' lang='lat' dir='ltr'>cum</span> <span class='ocrx_word' id='word_1_311' title='bbox 2762 2302 2829 2357; x_wconf 93' lang='lat' dir='ltr'>ad</span> <span class='ocrx_word' id='word_1_312' title='bbox 2873 2303 3101 2374; x_wconf 81' lang='lat' dir='ltr'>gradum</span> <span class='ocrx_word' id='word_1_313' title='bbox 3142 2302 3303 2357; x_wconf 90' lang='lat' dir='ltr'>istum</span> <span class='ocrx_word' id='word_1_314' title='bbox 3350 2303 3704 2369; x_wconf 89' lang='lat' dir='ltr'>accessimus,</span> 
     </span>
    </p>
   </div>
   <div class='ocr_carea' id='block_1_40' title="bbox 403 2389 2003 2460">
    <p class='ocr_par' dir='ltr' id='par_1_40' title="bbox 403 2389 2003 2460">
     <span class='ocr_line' id='line_1_40' title="bbox 403 2389 2003 2460; baseline -0.001 -15"><span class='ocrx_word' id='word_1_315' title='bbox 403 2389 709 2445; x_wconf 90' lang='lat' dir='ltr'>thusienses</span> <span class='ocrx_word' id='word_1_316' title='bbox 739 2390 1034 2460; x_wconf 88' lang='lat' dir='ltr'>plurimum</span> <span class='ocrx_word' id='word_1_317' title='bbox 1064 2389 1295 2444; x_wconf 75' lang='lat' dir='ltr'>infirmis</span> <span class='ocrx_word' id='word_1_318' title='bbox 1324 2390 1500 2445; x_wconf 87' lang='lat' dir='ltr'>cilicia</span> <span class='ocrx_word' id='word_1_319' title='bbox 1523 2390 1672 2460; x_wconf 79' lang='grc'>(358)</span> <span class='ocrx_word' id='word_1_320' title='bbox 1688 2406 1753 2444; x_wconf 88' lang='lat' dir='ltr'>ex</span> <span class='ocrx_word' id='word_1_321' title='bbox 1773 2404 2003 2444; x_wconf 86' lang='lat' dir='ltr'>consue-</span> 
     </span>
    </p>
   </div>
   <div class='ocr_carea' id='block_1_41' title="bbox 398 2476 1999 2544">
    <p class='ocr_par' dir='ltr' id='par_1_41' title="bbox 398 2476 1999 2544">
     <span class='ocr_line' id='line_1_41' title="bbox 398 2476 1999 2544; baseline -0.002 -11"><span class='ocrx_word' id='word_1_322' title='bbox 398 2479 582 2534; x_wconf 89' lang='lat' dir='ltr'>tudine</span> <span class='ocrx_word' id='word_1_323' title='bbox 604 2478 735 2544; x_wconf 91' lang='lat' dir='ltr'>tolli,</span> <span class='ocrx_word' id='word_1_324' title='bbox 752 2478 1064 2534; x_wconf 89' lang='lat' dir='ltr'>dicebamus</span> <span class='ocrx_word' id='word_1_325' title='bbox 1079 2478 1127 2533; x_wconf 92' lang='lat' dir='ltr'>ei</span> <span class='ocrx_word' id='word_1_326' title='bbox 1151 2494 1163 2533; x_wconf 89' lang='lat'>:</span> <span class='ocrx_word' id='word_1_327' title='bbox 1184 2502 1205 2526; x_wconf 79' lang='grc' dir='ltr'><strong>α</strong></span> <span class='ocrx_word' id='word_1_328' title='bbox 1235 2478 1484 2544; x_wconf 90' lang='lat' dir='ltr'>Domine,</span> <span class='ocrx_word' id='word_1_329' title='bbox 1498 2477 1645 2532; x_wconf 70' lang='lat' dir='ltr'>laedit</span> <span class='ocrx_word' id='word_1_330' title='bbox 1666 2493 1762 2533; x_wconf 90' lang='lat' dir='ltr'>vos</span> <span class='ocrx_word' id='word_1_331' title='bbox 1775 2476 1999 2531; x_wconf 92' lang='lat' dir='ltr'>nimium</span> 
     </span>
    </p>
   </div>
   <div class='ocr_carea' id='block_1_42' title="bbox 396 2565 1999 2636">
    <p class='ocr_par' dir='ltr' id='par_1_42' title="bbox 396 2565 1999 2636">
     <span class='ocr_line' id='line_1_42' title="bbox 396 2565 1999 2636; baseline -0.002 -13"><span class='ocrx_word' id='word_1_332' title='bbox 396 2576 449 2623; x_wconf 91' lang='lat' dir='ltr'>et</span> <span class='ocrx_word' id='word_1_333' title='bbox 480 2567 755 2623; x_wconf 86' lang='lat' dir='ltr'>exulcerat</span> <span class='ocrx_word' id='word_1_334' title='bbox 784 2567 837 2620; x_wconf 92' lang='lat' dir='ltr'>in</span> <span class='ocrx_word' id='word_1_335' title='bbox 867 2567 1133 2622; x_wconf 87' lang='lat' dir='ltr'>continuis</span> <span class='ocrx_word' id='word_1_336' title='bbox 1157 2568 1428 2635; x_wconf 88' lang='lat' dir='ltr'>jacentem</span> <span class='ocrx_word' id='word_1_337' title='bbox 1454 2566 1744 2621; x_wconf 86' lang='lat' dir='ltr'>sudoribus</span> <span class='ocrx_word' id='word_1_338' title='bbox 1787 2565 1999 2636; x_wconf 86' lang='lat' dir='ltr'>hispida</span> 
     </span>
    </p>
   </div>
   <div class='ocr_carea' id='block_1_43' title="bbox 393 2654 1997 2726">
    <p class='ocr_par' dir='ltr' id='par_1_43' title="bbox 393 2654 1997 2726">
     <span class='ocr_line' id='line_1_43' title="bbox 393 2654 1997 2726; baseline -0.002 -15"><span class='ocrx_word' id='word_1_339' title='bbox 393 2656 563 2712; x_wconf 89' lang='lat' dir='ltr'>vestis</span> <span class='ocrx_word' id='word_1_340' title='bbox 590 2657 727 2711; x_wconf 70' lang='lat' dir='ltr'>haec.</span> <span class='ocrx_word' id='word_1_341' title='bbox 776 2655 1002 2726; x_wconf 88' lang='lat' dir='ltr'>Oportet</span> <span class='ocrx_word' id='word_1_342' title='bbox 1048 2672 1184 2725; x_wconf 83' lang='lat' dir='ltr'>ergo</span> <span class='ocrx_word' id='word_1_343' title='bbox 1232 2671 1331 2709; x_wconf 85' lang='lat' dir='ltr'>vos</span> <span class='ocrx_word' id='word_1_344' title='bbox 1376 2654 1521 2708; x_wconf 91' lang='lat' dir='ltr'>illam</span> <span class='ocrx_word' id='word_1_345' title='bbox 1564 2669 1786 2719; x_wconf 84' lang='lat' dir='ltr'>exuere,</span> <span class='ocrx_word' id='word_1_346' title='bbox 1838 2661 1890 2707; x_wconf 91' lang='lat' dir='ltr'>et</span> <span class='ocrx_word' id='word_1_347' title='bbox 1932 2667 1997 2707; x_wconf 87' lang='lat' dir='ltr'>ea</span> 
     </span>
    </p>
   </div>
   <div class='ocr_carea' id='block_1_44' title="bbox 386 2741 1995 2815">
    <p class='ocr_par' dir='ltr' id='par_1_44' title="bbox 386 2741 1995 2815">
     <span class='ocr_line' id='line_1_44' title="bbox 386 2741 1995 2815; baseline -0.002 -16"><span class='ocrx_word' id='word_1_348' title='bbox 386 2746 539 2814; x_wconf 84' lang='lat' dir='ltr'>juxta</span> <span class='ocrx_word' id='word_1_349' title='bbox 567 2760 771 2799; x_wconf 88' lang='lat' dir='ltr'>morem</span> <span class='ocrx_word' id='word_1_350' title='bbox 801 2744 1026 2809; x_wconf 87' lang='lat' dir='ltr'>ordinis,</span> <span class='ocrx_word' id='word_1_351' title='bbox 1047 2744 1175 2798; x_wconf 91' lang='lat' dir='ltr'>dum</span> <span class='ocrx_word' id='word_1_352' title='bbox 1210 2742 1477 2815; x_wconf 60' lang='lat' dir='ltr'>aegritudo</span> <span class='ocrx_word' id='word_1_353' title='bbox 1510 2741 1743 2808; x_wconf 81' lang='lat' dir='ltr'>infestat,</span> <span class='ocrx_word' id='word_1_354' title='bbox 1778 2741 1995 2812; x_wconf 89' lang='lat' dir='ltr'>penitus</span> 
     </span>
    </p>
   </div>
   <div class='ocr_carea' id='block_1_45' title="bbox 389 2829 1990 2896">
    <p class='ocr_par' dir='ltr' id='par_1_45' title="bbox 389 2829 1990 2896">
     <span class='ocr_line' id='line_1_45' title="bbox 389 2829 1990 2896; baseline -0.004 -6"><span class='ocrx_word' id='word_1_355' title='bbox 389 2849 598 2890; x_wconf 84' lang='lat' dir='ltr'>carere.</span> <span class='ocrx_word' id='word_1_356' title='bbox 650 2832 733 2887; x_wconf 84' lang='lat' dir='ltr'>Ad</span> <span class='ocrx_word' id='word_1_357' title='bbox 779 2832 895 2887; x_wconf 85' lang='lat' dir='ltr'>haec</span> <span class='ocrx_word' id='word_1_358' title='bbox 943 2847 1074 2887; x_wconf 89' lang='lat' dir='ltr'>vero</span> <span class='ocrx_word' id='word_1_359' title='bbox 1121 2831 1213 2886; x_wconf 93' lang='lat' dir='ltr'>ille</span> <span class='ocrx_word' id='word_1_360' title='bbox 1265 2830 1481 2885; x_wconf 89' lang='lat' dir='ltr'>dicebat</span> <span class='ocrx_word' id='word_1_361' title='bbox 1517 2848 1529 2884; x_wconf 92' lang='lat'><strong>:</strong></span> <span class='ocrx_word' id='word_1_362' title='bbox 1563 2853 1585 2879; x_wconf 72' lang='grc' dir='ltr'>α</span> <span class='ocrx_word' id='word_1_363' title='bbox 1621 2829 1765 2884; x_wconf 90' lang='lat' dir='ltr'>Nolit</span> <span class='ocrx_word' id='word_1_364' title='bbox 1824 2831 1990 2896; x_wconf 89' lang='lat' dir='ltr'>Deus,</span> 
     </span>
    </p>
   </div>
   <div class='ocr_carea' id='block_1_46' title="bbox 381 2917 1995 2986">
    <p class='ocr_par' dir='ltr' id='par_1_46' title="bbox 381 2917 1995 2986">
     <span class='ocr_line' id='line_1_46' title="bbox 381 2917 1995 2986; baseline -0.003 -9"><span class='ocrx_word' id='word_1_365' title='bbox 381 2929 436 2977; x_wconf 91' lang='lat' dir='ltr'>et</span> <span class='ocrx_word' id='word_1_366' title='bbox 469 2920 612 2976; x_wconf 90' lang='lat' dir='ltr'>absit</span> <span class='ocrx_word' id='word_1_367' title='bbox 640 2920 782 2975; x_wconf 90' lang='lat' dir='ltr'>istud</span> <span class='ocrx_word' id='word_1_368' title='bbox 812 2936 880 2975; x_wconf 93' lang='lat' dir='ltr'>ne</span> <span class='ocrx_word' id='word_1_369' title='bbox 909 2918 1003 2974; x_wconf 85' lang='lat' dir='ltr'>ﬁat</span> <span class='ocrx_word' id='word_1_370' title='bbox 1037 2918 1049 2974; x_wconf 93' lang='lat' dir='ltr'>l</span> <span class='ocrx_word' id='word_1_371' title='bbox 1083 2934 1194 2973; x_wconf 90' lang='lat' dir='ltr'>non</span> <span class='ocrx_word' id='word_1_372' title='bbox 1223 2919 1369 2973; x_wconf 91' lang='lat' dir='ltr'>enim</span> <span class='ocrx_word' id='word_1_373' title='bbox 1400 2917 1566 2986; x_wconf 69' lang='lat' dir='ltr'>laedit,</span> <span class='ocrx_word' id='word_1_374' title='bbox 1600 2917 1699 2973; x_wconf 92' lang='lat' dir='ltr'>sed</span> <span class='ocrx_word' id='word_1_375' title='bbox 1729 2917 1861 2973; x_wconf 92' lang='lat' dir='ltr'>lenit</span> <span class='ocrx_word' id='word_1_376' title='bbox 1891 2932 1995 2972; x_wconf 90' lang='lat' dir='ltr'>nos</span> 
     </span>
    </p>
   </div>
   <div class='ocr_carea' id='block_1_47' title="bbox 381 3006 1699 3077">
    <p class='ocr_par' dir='ltr' id='par_1_47' title="bbox 381 3006 1699 3077">
     <span class='ocr_line' id='line_1_47' title="bbox 381 3006 1699 3077; baseline -0.007 -11"><span class='ocrx_word' id='word_1_377' title='bbox 381 3009 551 3066; x_wconf 84' lang='lat' dir='ltr'>vestis</span> <span class='ocrx_word' id='word_1_378' title='bbox 579 3010 733 3076; x_wconf 67' lang='lat' dir='ltr'>haec;</span> <span class='ocrx_word' id='word_1_379' title='bbox 768 3024 868 3064; x_wconf 91' lang='lat' dir='ltr'>nec</span> <span class='ocrx_word' id='word_1_380' title='bbox 895 3016 1008 3062; x_wconf 91' lang='lat' dir='ltr'>tam</span> <span class='ocrx_word' id='word_1_381' title='bbox 1041 3007 1249 3062; x_wconf 89' lang='lat' dir='ltr'>ulcerat</span> <span class='ocrx_word' id='word_1_382' title='bbox 1280 3022 1445 3077; x_wconf 91' lang='lat' dir='ltr'>quam</span> <span class='ocrx_word' id='word_1_383' title='bbox 1466 3006 1639 3075; x_wconf 88' lang='lat' dir='ltr'>juvat.</span> <span class='ocrx_word' id='word_1_384' title='bbox 1676 3026 1699 3056; x_wconf 72' lang='grc' dir='ltr'><strong>ι</strong></span> 
     </span>
    </p>
   </div>
   <div class='ocr_carea' id='block_1_48' title="bbox 452 3093 1810 3169">
    <p class='ocr_par' dir='ltr' id='par_1_48' title="bbox 452 3093 1810 3169">
     <span class='ocr_line' id='line_1_48' title="bbox 452 3093 1810 3169; baseline -0.003 -17"><span class='ocrx_word' id='word_1_385' title='bbox 452 3097 713 3169; x_wconf 58' lang='lat' dir='ltr'>Praecepit</span> <span class='ocrx_word' id='word_1_386' title='bbox 795 3111 1012 3168; x_wconf 87' lang='lat' dir='ltr'>quoque</span> <span class='ocrx_word' id='word_1_387' title='bbox 1091 3094 1343 3166; x_wconf 88' lang='lat' dir='ltr'>scriptori</span> <span class='ocrx_word' id='word_1_388' title='bbox 1423 3093 1810 3165; x_wconf 59' lang='lat' dir='ltr'>praesentium,</span> 
     </span>
    </p>
   </div>
   <div class='ocr_carea' id='block_1_49' title="bbox 382 3182 1994 3256">
    <p class='ocr_par' dir='ltr' id='par_1_49' title="bbox 382 3182 1994 3256">
     <span class='ocr_line' id='line_1_49' title="bbox 382 3182 1994 3256; baseline -0.005 -13"><span class='ocrx_word' id='word_1_389' title='bbox 382 3202 515 3244; x_wconf 90' lang='lat' dir='ltr'>cens</span> <span class='ocrx_word' id='word_1_390' title='bbox 572 3201 585 3239; x_wconf 92' lang='lat'>:</span> <span class='ocrx_word' id='word_1_391' title='bbox 651 3206 673 3233; x_wconf 78' lang='grc' dir='ltr'>α</span> <span class='ocrx_word' id='word_1_392' title='bbox 750 3184 874 3240; x_wconf 91' lang='lat' dir='ltr'>Scio</span> <span class='ocrx_word' id='word_1_393' title='bbox 961 3183 1181 3256; x_wconf 90' lang='lat' dir='ltr'>quidem</span> <span class='ocrx_word' id='word_1_394' title='bbox 1246 3198 1349 3238; x_wconf 90' lang='lat' dir='ltr'>nec</span> <span class='ocrx_word' id='word_1_395' title='bbox 1427 3182 1743 3254; x_wconf 90' lang='lat' dir='ltr'>episcopum</span> <span class='ocrx_word' id='word_1_396' title='bbox 1804 3197 1994 3254; x_wconf 91' lang='lat' dir='ltr'>quem-</span> 
     </span>
    </p>
   </div>
   <div class='ocr_carea' id='block_1_50' title="bbox 392 3269 1995 3348">
    <p class='ocr_par' dir='ltr' id='par_1_50' title="bbox 392 3269 1995 3348">
     <span class='ocr_line' id='line_1_50' title="bbox 392 3269 1995 3348; baseline -0.004 -18"><span class='ocrx_word' id='word_1_397' title='bbox 392 3291 555 3348; x_wconf 88' lang='lat' dir='ltr'>quam</span> <span class='ocrx_word' id='word_1_398' title='bbox 584 3289 688 3330; x_wconf 91' lang='lat' dir='ltr'>nec</span> <span class='ocrx_word' id='word_1_399' title='bbox 714 3272 965 3329; x_wconf 88' lang='lat' dir='ltr'>abbatem</span> <span class='ocrx_word' id='word_1_400' title='bbox 1010 3272 1067 3326; x_wconf 91' lang='lat' dir='ltr'>in</span> <span class='ocrx_word' id='word_1_401' title='bbox 1108 3270 1194 3326; x_wconf 92' lang='lat' dir='ltr'>his</span> <span class='ocrx_word' id='word_1_402' title='bbox 1244 3271 1378 3326; x_wconf 93' lang='lat' dir='ltr'>locis</span> <span class='ocrx_word' id='word_1_403' title='bbox 1436 3270 1838 3341; x_wconf 87' lang='lat' dir='ltr'>reperiendum,</span> <span class='ocrx_word' id='word_1_404' title='bbox 1900 3269 1995 3341; x_wconf 88' lang='lat' dir='ltr'>qui</span> 
     </span>
    </p>
   </div>
   <div class='ocr_carea' id='block_1_51' title="bbox 388 3358 1994 3420">
    <p class='ocr_par' dir='ltr' id='par_1_51' title="bbox 388 3358 1994 3420">
     <span class='ocr_line' id='line_1_51' title="bbox 388 3358 1994 3420; baseline -0.005 0"><span class='ocrx_word' id='word_1_405' title='bbox 388 3363 634 3420; x_wconf 91' lang='lat' dir='ltr'>debitum</span> <span class='ocrx_word' id='word_1_406' title='bbox 664 3360 1053 3419; x_wconf 89' lang='lat' dir='ltr'>commendans</span> <span class='ocrx_word' id='word_1_407' title='bbox 1065 3358 1297 3415; x_wconf 77' lang='lat' dir='ltr'>oﬂicium</span> <span class='ocrx_word' id='word_1_408' title='bbox 1315 3359 1609 3415; x_wconf 74' lang='lat' dir='ltr'>educenda:</span> <span class='ocrx_word' id='word_1_409' title='bbox 1630 3358 1698 3413; x_wconf 91' lang='lat' dir='ltr'>de</span> <span class='ocrx_word' id='word_1_410' title='bbox 1730 3358 1835 3413; x_wconf 91' lang='lat' dir='ltr'>isto</span> <span class='ocrx_word' id='word_1_411' title='bbox 1865 3372 1994 3414; x_wconf 89' lang='lat' dir='ltr'>car-</span> 
     </span>
    </p>
   </div>
   <div class='ocr_carea' id='block_1_52' title="bbox 385 3446 1995 3519">
    <p class='ocr_par' dir='ltr' id='par_1_52' title="bbox 385 3446 1995 3519">
     <span class='ocr_line' id='line_1_52' title="bbox 385 3446 1995 3519; baseline -0.005 -10"><span class='ocrx_word' id='word_1_412' title='bbox 385 3469 511 3509; x_wconf 90' lang='lat' dir='ltr'>cere</span> <span class='ocrx_word' id='word_1_413' title='bbox 542 3451 739 3507; x_wconf 78' lang='lat' dir='ltr'>animae</span> <span class='ocrx_word' id='word_1_414' title='bbox 771 3466 906 3505; x_wconf 74' lang='lat' dir='ltr'>mea:</span> <span class='ocrx_word' id='word_1_415' title='bbox 933 3448 1107 3504; x_wconf 88' lang='lat' dir='ltr'>valeat</span> <span class='ocrx_word' id='word_1_416' title='bbox 1136 3447 1471 3519; x_wconf 90' lang='lat' dir='ltr'>impendere.</span> <span class='ocrx_word' id='word_1_417' title='bbox 1504 3446 1801 3503; x_wconf 89' lang='lat' dir='ltr'>Universos</span> <span class='ocrx_word' id='word_1_418' title='bbox 1833 3461 1995 3501; x_wconf 90' lang='lat' dir='ltr'>nam-</span> 
     </span>
    </p>
   </div>
   <div class='ocr_carea' id='block_1_53' title="bbox 386 3534 1997 3615">
    <p class='ocr_par' dir='ltr' id='par_1_53' title="bbox 386 3534 1997 3615">
     <span class='ocr_line' id='line_1_53' title="bbox 386 3534 1997 3615; baseline -0.004 -18"><span class='ocrx_word' id='word_1_419' title='bbox 386 3558 496 3615; x_wconf 88' lang='lat' dir='ltr'>que</span> <span class='ocrx_word' id='word_1_420' title='bbox 524 3540 685 3610; x_wconf 91' lang='lat' dir='ltr'>hujus</span> <span class='ocrx_word' id='word_1_421' title='bbox 715 3547 879 3595; x_wconf 76' lang='lat' dir='ltr'>terrae</span> <span class='ocrx_word' id='word_1_422' title='bbox 910 3537 1166 3609; x_wconf 66' lang='lat' dir='ltr'>praelatos</span> <span class='ocrx_word' id='word_1_423' title='bbox 1197 3535 1430 3592; x_wconf 91' lang='lat' dir='ltr'>edictum</span> <span class='ocrx_word' id='word_1_424' title='bbox 1447 3534 1704 3607; x_wconf 80' lang='lat' dir='ltr'>generale</span> <span class='ocrx_word' id='word_1_425' title='bbox 1732 3534 1997 3606; x_wconf 87' lang='lat' dir='ltr'>protraxit</span> 
     </span>
    </p>
   </div>
   <div class='ocr_carea' id='block_1_54' title="bbox 391 3624 1995 3698">
    <p class='ocr_par' dir='ltr' id='par_1_54' title="bbox 391 3624 1995 3698">
     <span class='ocr_line' id='line_1_54' title="bbox 391 3624 1995 3698; baseline -0.006 -11"><span class='ocrx_word' id='word_1_426' title='bbox 391 3629 748 3687; x_wconf 90' lang='lat' dir='ltr'>Lincolniam.</span> <span class='ocrx_word' id='word_1_427' title='bbox 779 3626 957 3683; x_wconf 84' lang='lat' dir='ltr'>Mittes</span> <span class='ocrx_word' id='word_1_428' title='bbox 988 3625 1156 3698; x_wconf 80' lang='lat' dir='ltr'>igitur</span> <span class='ocrx_word' id='word_1_429' title='bbox 1175 3640 1373 3696; x_wconf 88' lang='lat' dir='ltr'>pueros</span> <span class='ocrx_word' id='word_1_430' title='bbox 1391 3640 1515 3680; x_wconf 92' lang='lat' dir='ltr'>cum</span> <span class='ocrx_word' id='word_1_431' title='bbox 1537 3624 1692 3695; x_wconf 91' lang='lat' dir='ltr'>equis</span> <span class='ocrx_word' id='word_1_432' title='bbox 1703 3624 1772 3679; x_wconf 91' lang='lat' dir='ltr'>ad</span> <span class='ocrx_word' id='word_1_433' title='bbox 1801 3624 1995 3679; x_wconf 90' lang='lat' dir='ltr'>West-</span> 
     </span>
    </p>
   </div>
   <div class='ocr_carea' id='block_1_55' title="bbox 385 3712 1999 3787">
    <p class='ocr_par' dir='ltr' id='par_1_55' title="bbox 385 3712 1999 3787">
     <span class='ocr_line' id='line_1_55' title="bbox 385 3712 1999 3787; baseline -0.006 -11"><span class='ocrx_word' id='word_1_434' title='bbox 385 3716 780 3776; x_wconf 88' lang='lat' dir='ltr'>monasterium</span> <span class='ocrx_word' id='word_1_435' title='bbox 831 3716 980 3787; x_wconf 76' lang='grc'>(359)</span> <span class='ocrx_word' id='word_1_436' title='bbox 1031 3713 1123 3786; x_wconf 89' lang='lat' dir='ltr'>qui</span> <span class='ocrx_word' id='word_1_437' title='bbox 1170 3713 1442 3769; x_wconf 88' lang='lat' dir='ltr'>deducant</span> <span class='ocrx_word' id='word_1_438' title='bbox 1489 3712 1615 3767; x_wconf 93' lang='lat' dir='ltr'>inde</span> <span class='ocrx_word' id='word_1_439' title='bbox 1652 3720 1862 3784; x_wconf 87' lang='lat' dir='ltr'>septem</span> <span class='ocrx_word' id='word_1_440' title='bbox 1910 3718 1999 3773; x_wconf 89' lang='lat' dir='ltr'>vel</span> 
     </span>
    </p>
   </div>
   <div class='ocr_carea' id='block_1_56' title="bbox 384 3800 1996 3873">
    <p class='ocr_par' dir='ltr' id='par_1_56' title="bbox 384 3800 1996 3873">
     <span class='ocr_line' id='line_1_56' title="bbox 384 3800 1996 3873; baseline -0.006 -9"><span class='ocrx_word' id='word_1_441' title='bbox 384 3815 514 3865; x_wconf 93' lang='lat' dir='ltr'>octo</span> <span class='ocrx_word' id='word_1_442' title='bbox 543 3805 862 3873; x_wconf 86' lang='lat' dir='ltr'>monachos,</span> <span class='ocrx_word' id='word_1_443' title='bbox 894 3810 951 3858; x_wconf 92' lang='lat' dir='ltr'>ut</span> <span class='ocrx_word' id='word_1_444' title='bbox 980 3802 1256 3858; x_wconf 90' lang='lat' dir='ltr'>celebrent</span> <span class='ocrx_word' id='word_1_445' title='bbox 1273 3800 1552 3857; x_wconf 84' lang='lat' dir='ltr'>vobiscum</span> <span class='ocrx_word' id='word_1_446' title='bbox 1572 3800 1862 3871; x_wconf 86' lang='lat' dir='ltr'>exsequias</span> <span class='ocrx_word' id='word_1_447' title='bbox 1891 3815 1996 3855; x_wconf 92' lang='lat' dir='ltr'>no-</span> 
     </span>
    </p>
   </div>
   <div class='ocr_carea' id='block_1_57' title="bbox 388 3887 2001 3961">
    <p class='ocr_par' dir='ltr' id='par_1_57' title="bbox 388 3887 2001 3961">
     <span class='ocr_line' id='line_1_57' title="bbox 388 3887 2001 3961; baseline -0.006 -10"><span class='ocrx_word' id='word_1_448' title='bbox 388 3904 550 3951; x_wconf 90' lang='lat' dir='ltr'>stras.</span> <span class='ocrx_word' id='word_1_449' title='bbox 583 3892 667 3950; x_wconf 86' lang='lat' dir='ltr'>Ad</span> <span class='ocrx_word' id='word_1_450' title='bbox 711 3892 975 3948; x_wconf 87' lang='lat' dir='ltr'>decanum</span> <span class='ocrx_word' id='word_1_451' title='bbox 1023 3890 1375 3945; x_wconf 87' lang='lat' dir='ltr'>nihilominus</span> <span class='ocrx_word' id='word_1_452' title='bbox 1419 3889 1601 3945; x_wconf 90' lang='lat' dir='ltr'>Sancti</span> <span class='ocrx_word' id='word_1_453' title='bbox 1640 3888 1791 3943; x_wconf 91' lang='lat' dir='ltr'>Pauli</span> <span class='ocrx_word' id='word_1_454' title='bbox 1848 3887 2001 3961; x_wconf 90' lang='lat'>(360)</span> 
     </span>
    </p>
   </div>
   <div class='ocr_carea' id='block_1_58' title="bbox 390 3977 1999 4049">
    <p class='ocr_par' dir='ltr' id='par_1_58' title="bbox 390 3977 1999 4049">
     <span class='ocr_line' id='line_1_58' title="bbox 390 3977 1999 4049; baseline -0.006 -9"><span class='ocrx_word' id='word_1_455' title='bbox 390 3983 577 4041; x_wconf 90' lang='lat' dir='ltr'>verbis</span> <span class='ocrx_word' id='word_1_456' title='bbox 623 3981 759 4037; x_wconf 92' lang='lat' dir='ltr'>meis</span> <span class='ocrx_word' id='word_1_457' title='bbox 802 3980 1002 4046; x_wconf 90' lang='lat' dir='ltr'>mittes,</span> <span class='ocrx_word' id='word_1_458' title='bbox 1054 3987 1107 4035; x_wconf 92' lang='lat' dir='ltr'>et</span> <span class='ocrx_word' id='word_1_459' title='bbox 1159 3977 1442 4033; x_wconf 88' lang='lat' dir='ltr'>mandabis</span> <span class='ocrx_word' id='word_1_460' title='bbox 1500 3977 1576 4031; x_wconf 93' lang='lat' dir='ltr'>illi</span> <span class='ocrx_word' id='word_1_461' title='bbox 1621 3988 1886 4049; x_wconf 82' lang='lat' dir='ltr'>quatenus</span> <span class='ocrx_word' id='word_1_462' title='bbox 1932 3993 1999 4032; x_wconf 83' lang='lat' dir='ltr'>ex</span> 
     </span>
    </p>
   </div>
   <div class='ocr_carea' id='block_1_59' title="bbox 382 4064 1999 4140">
    <p class='ocr_par' dir='ltr' id='par_1_59' title="bbox 382 4064 1999 4140">
     <span class='ocr_line' id='line_1_59' title="bbox 382 4064 1999 4140; baseline -0.007 -10"><span class='ocrx_word' id='word_1_463' title='bbox 382 4072 597 4130; x_wconf 89' lang='lat' dir='ltr'>clericis</span> <span class='ocrx_word' id='word_1_464' title='bbox 618 4071 847 4126; x_wconf 86' lang='lat' dir='ltr'>chorum</span> <span class='ocrx_word' id='word_1_465' title='bbox 874 4066 1346 4140; x_wconf 87' lang='lat' dir='ltr'>frequentantibus</span> <span class='ocrx_word' id='word_1_466' title='bbox 1388 4065 1667 4137; x_wconf 91' lang='lat' dir='ltr'>copiosam</span> <span class='ocrx_word' id='word_1_467' title='bbox 1711 4066 1818 4122; x_wconf 91' lang='lat' dir='ltr'>huc</span> <span class='ocrx_word' id='word_1_468' title='bbox 1860 4064 1999 4119; x_wconf 91' lang='lat' dir='ltr'>diri-</span> 
     </span>
    </p>
   </div>
   <div class='ocr_carea' id='block_1_60' title="bbox 389 4154 1999 4235">
    <p class='ocr_par' dir='ltr' id='par_1_60' title="bbox 389 4154 1999 4235">
     <span class='ocr_line' id='line_1_60' title="bbox 389 4154 1999 4235; baseline -0.006 -19"><span class='ocrx_word' id='word_1_469' title='bbox 389 4168 481 4235; x_wconf 85' lang='lat' dir='ltr'>gat</span> <span class='ocrx_word' id='word_1_470' title='bbox 512 4158 929 4215; x_wconf 89' lang='lat' dir='ltr'>multitudinem.</span> <span class='ocrx_word' id='word_1_471' title='bbox 963 4158 1044 4212; x_wconf 93' lang='lat' dir='ltr'>Ita</span> <span class='ocrx_word' id='word_1_472' title='bbox 1072 4155 1204 4211; x_wconf 89' lang='lat' dir='ltr'>mihi</span> <span class='ocrx_word' id='word_1_473' title='bbox 1236 4155 1505 4228; x_wconf 89' lang='lat' dir='ltr'>siquidem</span> <span class='ocrx_word' id='word_1_474' title='bbox 1548 4154 1826 4226; x_wconf 89' lang='lat' dir='ltr'>speciosas</span> <span class='ocrx_word' id='word_1_475' title='bbox 1873 4169 1999 4225; x_wconf 87' lang='lat' dir='ltr'>per-</span> 
     </span>
    </p>
   </div>
   <div class='ocr_carea' id='block_1_61' title="bbox 398 4246 961 4319">
    <p class='ocr_par' dir='ltr' id='par_1_61' title="bbox 398 4246 961 4319">
     <span class='ocr_line' id='line_1_61' title="bbox 398 4246 961 4319; baseline -0.014 -11"><span class='ocrx_word' id='word_1_476' title='bbox 398 4248 623 4308; x_wconf 89' lang='lat' dir='ltr'>solvetis</span> <span class='ocrx_word' id='word_1_477' title='bbox 652 4246 961 4319; x_wconf 89' lang='lat' dir='ltr'>exsequias.</span> 
     </span>
    </p>
   </div>
   <div class='ocr_carea' id='block_1_62' title="bbox 468 4330 2000 4405">
    <p class='ocr_par' dir='ltr' id='par_1_62' title="bbox 468 4330 2000 4405">
     <span class='ocr_line' id='line_1_62' title="bbox 468 4330 2000 4405; baseline -0.005 -12"><span class='ocrx_word' id='word_1_478' title='bbox 468 4363 490 4386; x_wconf 79' lang='grc' dir='ltr'>α</span> <span class='ocrx_word' id='word_1_479' title='bbox 544 4337 679 4393; x_wconf 91' lang='lat' dir='ltr'>Cum</span> <span class='ocrx_word' id='word_1_480' title='bbox 728 4352 860 4391; x_wconf 87' lang='lat' dir='ltr'>vero</span> <span class='ocrx_word' id='word_1_481' title='bbox 907 4343 1121 4405; x_wconf 91' lang='lat' dir='ltr'>tempus</span> <span class='ocrx_word' id='word_1_482' title='bbox 1165 4331 1324 4389; x_wconf 87' lang='lat' dir='ltr'>fuerit</span> <span class='ocrx_word' id='word_1_483' title='bbox 1388 4338 1446 4387; x_wconf 91' lang='lat' dir='ltr'>ut</span> <span class='ocrx_word' id='word_1_484' title='bbox 1494 4347 1695 4402; x_wconf 90' lang='lat' dir='ltr'>corpus</span> <span class='ocrx_word' id='word_1_485' title='bbox 1754 4330 2000 4387; x_wconf 85' lang='lat' dir='ltr'>exanime</span> 
     </span>
    </p>
   </div>
   <div class='ocr_carea' id='block_1_63' title="bbox 399 4418 2001 4500">
    <p class='ocr_par' dir='ltr' id='par_1_63' title="bbox 399 4418 2001 4500">
     <span class='ocr_line' id='line_1_63' title="bbox 399 4418 2001 4500; baseline -0.006 -17"><span class='ocrx_word' id='word_1_486' title='bbox 399 4425 803 4500; x_wconf 76' lang='lat' dir='ltr'>pontificalibus</span> <span class='ocrx_word' id='word_1_487' title='bbox 829 4423 1084 4479; x_wconf 89' lang='lat' dir='ltr'>induatur</span> <span class='ocrx_word' id='word_1_488' title='bbox 1127 4439 1194 4477; x_wconf 86' lang='lat' dir='ltr'>ex</span> <span class='ocrx_word' id='word_1_489' title='bbox 1241 4437 1396 4477; x_wconf 89' lang='lat' dir='ltr'>more</span> <span class='ocrx_word' id='word_1_490' title='bbox 1447 4420 1712 4485; x_wconf 90' lang='lat' dir='ltr'>vestibus,</span> <span class='ocrx_word' id='word_1_491' title='bbox 1763 4418 2001 4475; x_wconf 90' lang='lat' dir='ltr'>sociabis</span> 
     </span>
    </p>
   </div>
   <div class='ocr_carea' id='block_1_64' title="bbox 2104 2390 3707 2464">
    <p class='ocr_par' dir='ltr' id='par_1_64' title="bbox 2104 2390 3707 2464">
     <span class='ocr_line' id='line_1_64' title="bbox 2104 2390 3707 2464; baseline 0.001 -21"><span class='ocrx_word' id='word_1_492' title='bbox 2104 2396 2160 2443; x_wconf 93' lang='lat' dir='ltr'>ut</span> <span class='ocrx_word' id='word_1_493' title='bbox 2188 2390 2457 2445; x_wconf 88' lang='lat' dir='ltr'>ordinatio</span> <span class='ocrx_word' id='word_1_494' title='bbox 2506 2397 2559 2446; x_wconf 91' lang='lat' dir='ltr'>et</span> <span class='ocrx_word' id='word_1_495' title='bbox 2607 2390 2849 2445; x_wconf 90' lang='lat' dir='ltr'>humatio</span> <span class='ocrx_word' id='word_1_496' title='bbox 2896 2399 3083 2446; x_wconf 88' lang='lat' dir='ltr'>nostra</span> <span class='ocrx_word' id='word_1_497' title='bbox 3148 2391 3358 2447; x_wconf 89' lang='lat' dir='ltr'>eisdem</span> <span class='ocrx_word' id='word_1_498' title='bbox 3399 2390 3707 2464; x_wconf 89' lang='lat' dir='ltr'>insignibus</span> 
     </span>
    </p>
   </div>
   <div class='ocr_carea' id='block_1_65' title="bbox 2104 2476 3706 2553">
    <p class='ocr_par' dir='ltr' id='par_1_65' title="bbox 2104 2476 3706 2553">
     <span class='ocr_line' id='line_1_65' title="bbox 2104 2476 3706 2553; baseline 0.002 -22"><span class='ocrx_word' id='word_1_499' title='bbox 2104 2476 2461 2544; x_wconf 90' lang='lat' dir='ltr'>donarentur,</span> <span class='ocrx_word' id='word_1_500' title='bbox 2496 2495 2617 2550; x_wconf 72' lang='lat' dir='ltr'>quae</span> <span class='ocrx_word' id='word_1_501' title='bbox 2646 2478 2900 2535; x_wconf 89' lang='lat' dir='ltr'>videlicet</span> <span class='ocrx_word' id='word_1_502' title='bbox 2920 2478 3211 2547; x_wconf 89' lang='lat' dir='ltr'>viventem,</span> <span class='ocrx_word' id='word_1_503' title='bbox 3237 2479 3424 2553; x_wconf 90' lang='lat' dir='ltr'>eisque</span> <span class='ocrx_word' id='word_1_504' title='bbox 3444 2486 3706 2545; x_wconf 80' lang='lat' dir='ltr'>utentem,</span> 
     </span>
    </p>
   </div>
   <div class='ocr_carea' id='block_1_66' title="bbox 2100 2567 3711 2633">
    <p class='ocr_par' dir='ltr' id='par_1_66' title="bbox 2100 2567 3711 2633">
     <span class='ocr_line' id='line_1_66' title="bbox 2100 2567 3711 2633; baseline 0 -10"><span class='ocrx_word' id='word_1_505' title='bbox 2100 2567 2415 2623; x_wconf 86' lang='lat' dir='ltr'>humilitatis</span> <span class='ocrx_word' id='word_1_506' title='bbox 2445 2567 2821 2633; x_wconf 91' lang='lat' dir='ltr'>admonerent,</span> <span class='ocrx_word' id='word_1_507' title='bbox 2855 2575 2908 2623; x_wconf 92' lang='lat' dir='ltr'>et</span> <span class='ocrx_word' id='word_1_508' title='bbox 2934 2568 3081 2624; x_wconf 88' lang='lat' dir='ltr'>circa</span> <span class='ocrx_word' id='word_1_509' title='bbox 3124 2567 3346 2623; x_wconf 89' lang='lat' dir='ltr'>tandem</span> <span class='ocrx_word' id='word_1_510' title='bbox 3386 2568 3711 2624; x_wconf 89' lang='lat' dir='ltr'>exstinctum</span> 
     </span>
    </p>
   </div>
   <div class='ocr_carea' id='block_1_67' title="bbox 2100 2655 3704 2729">
    <p class='ocr_par' dir='ltr' id='par_1_67' title="bbox 2100 2655 3704 2729">
     <span class='ocr_line' id='line_1_67' title="bbox 2100 2655 3704 2729; baseline 0.001 -18"><span class='ocrx_word' id='word_1_511' title='bbox 2100 2664 2153 2711; x_wconf 93' lang='lat' dir='ltr'>et</span> <span class='ocrx_word' id='word_1_512' title='bbox 2180 2656 2525 2722; x_wconf 90' lang='lat' dir='ltr'>tumulatum,</span> <span class='ocrx_word' id='word_1_513' title='bbox 2558 2656 2675 2711; x_wconf 70' lang='lat' dir='ltr'>haec</span> <span class='ocrx_word' id='word_1_514' title='bbox 2702 2655 2925 2711; x_wconf 85' lang='lat' dir='ltr'>fortuito</span> <span class='ocrx_word' id='word_1_515' title='bbox 2968 2657 3276 2729; x_wconf 89' lang='lat' dir='ltr'>quempiam</span> <span class='ocrx_word' id='word_1_516' title='bbox 3324 2657 3704 2729; x_wconf 86' lang='lat' dir='ltr'>reperientem,</span> 
     </span>
    </p>
   </div>
   <div class='ocr_carea' id='block_1_68' title="bbox 2098 2743 3715 2817">
    <p class='ocr_par' dir='ltr' id='par_1_68' title="bbox 2098 2743 3715 2817">
     <span class='ocr_line' id='line_1_68' title="bbox 2098 2743 3715 2817; baseline 0.002 -19"><span class='ocrx_word' id='word_1_517' title='bbox 2098 2744 2168 2799; x_wconf 90' lang='lat' dir='ltr'>ad</span> <span class='ocrx_word' id='word_1_518' title='bbox 2200 2744 2522 2814; x_wconf 90' lang='lat' dir='ltr'>rapiendum</span> <span class='ocrx_word' id='word_1_519' title='bbox 2556 2759 2623 2799; x_wconf 90' lang='lat' dir='ltr'>ea</span> <span class='ocrx_word' id='word_1_520' title='bbox 2662 2743 2743 2799; x_wconf 90' lang='lat' dir='ltr'>sui</span> <span class='ocrx_word' id='word_1_521' title='bbox 2788 2744 2961 2814; x_wconf 91' lang='lat' dir='ltr'>pretio</span> <span class='ocrx_word' id='word_1_522' title='bbox 2991 2744 3079 2800; x_wconf 91' lang='lat' dir='ltr'>vel</span> <span class='ocrx_word' id='word_1_523' title='bbox 3128 2745 3312 2815; x_wconf 89' lang='lat' dir='ltr'>specie</span> <span class='ocrx_word' id='word_1_524' title='bbox 3341 2745 3561 2801; x_wconf 90' lang='lat' dir='ltr'>minime</span> <span class='ocrx_word' id='word_1_525' title='bbox 3588 2760 3715 2817; x_wconf 90' lang='lat' dir='ltr'>pro-</span> 
     </span>
    </p>
   </div>
   <div class='ocr_carea' id='block_1_69' title="bbox 2096 2831 3708 2905">
    <p class='ocr_par' dir='ltr' id='par_1_69' title="bbox 2096 2831 3708 2905">
     <span class='ocr_line' id='line_1_69' title="bbox 2096 2831 3708 2905; baseline 0.001 -17"><span class='ocrx_word' id='word_1_526' title='bbox 2096 2840 2374 2888; x_wconf 89' lang='lat' dir='ltr'>vocarent.</span> <span class='ocrx_word' id='word_1_527' title='bbox 2413 2853 2436 2882; x_wconf 71' lang='grc' dir='ltr'><strong><em>ι</em></strong></span> <span class='ocrx_word' id='word_1_528' title='bbox 2472 2831 2554 2887; x_wconf 88' lang='lat' dir='ltr'>Eo</span> <span class='ocrx_word' id='word_1_529' title='bbox 2583 2832 2749 2905; x_wconf 82' lang='lat' dir='ltr'>igitur</span> <span class='ocrx_word' id='word_1_530' title='bbox 2776 2832 2895 2888; x_wconf 75' lang='lat' dir='ltr'>hazc</span> <span class='ocrx_word' id='word_1_531' title='bbox 2934 2842 3321 2904; x_wconf 89' lang='lat' dir='ltr'>prosequente,</span> <span class='ocrx_word' id='word_1_532' title='bbox 3363 2833 3708 2889; x_wconf 88' lang='lat' dir='ltr'>audientibus</span> 
     </span>
    </p>
   </div>
   <div class='ocr_carea' id='block_1_70' title="bbox 2096 2919 3706 2993">
    <p class='ocr_par' dir='ltr' id='par_1_70' title="bbox 2096 2919 3706 2993">
     <span class='ocr_line' id='line_1_70' title="bbox 2096 2919 3706 2993; baseline 0.002 -19"><span class='ocrx_word' id='word_1_533' title='bbox 2096 2919 2466 2993; x_wconf 81' lang='lat' dir='ltr'>signiﬁcatum</span> <span class='ocrx_word' id='word_1_534' title='bbox 2496 2928 2580 2976; x_wconf 91' lang='lat' dir='ltr'>est</span> <span class='ocrx_word' id='word_1_535' title='bbox 2609 2920 2756 2992; x_wconf 91' lang='lat' dir='ltr'>quod</span> <span class='ocrx_word' id='word_1_536' title='bbox 2783 2928 2907 2991; x_wconf 90' lang='lat' dir='ltr'>post</span> <span class='ocrx_word' id='word_1_537' title='bbox 2948 2921 3282 2992; x_wconf 85' lang='lat' dir='ltr'>sepulturam</span> <span class='ocrx_word' id='word_1_538' title='bbox 3331 2922 3557 2992; x_wconf 88' lang='lat' dir='ltr'>primam</span> <span class='ocrx_word' id='word_1_539' title='bbox 3586 2921 3706 2991; x_wconf 89' lang='lat' dir='ltr'>ipse</span> 
     </span>
    </p>
   </div>
   <div class='ocr_carea' id='block_1_71' title="bbox 2095 3007 3712 3082">
    <p class='ocr_par' dir='ltr' id='par_1_71' title="bbox 2095 3007 3712 3082">
     <span class='ocr_line' id='line_1_71' title="bbox 2095 3007 3712 3082; baseline 0.001 -18"><span class='ocrx_word' id='word_1_540' title='bbox 2095 3024 2297 3078; x_wconf 90' lang='lat' dir='ltr'>corpus</span> <span class='ocrx_word' id='word_1_541' title='bbox 2342 3024 2499 3063; x_wconf 91' lang='lat' dir='ltr'>suum</span> <span class='ocrx_word' id='word_1_542' title='bbox 2548 3007 2983 3064; x_wconf 87' lang='lat' dir='ltr'>transferendum</span> <span class='ocrx_word' id='word_1_543' title='bbox 3049 3009 3199 3081; x_wconf 89' lang='lat'>(363)</span> <span class='ocrx_word' id='word_1_544' title='bbox 3249 3009 3597 3082; x_wconf 89' lang='lat' dir='ltr'>quandoque,</span> <span class='ocrx_word' id='word_1_545' title='bbox 3644 3024 3712 3066; x_wconf 88' lang='lat' dir='ltr'>ac</span> 
     </span>
    </p>
   </div>
   <div class='ocr_carea' id='block_1_72' title="bbox 1899 3093 3708 3209">
    <p class='ocr_par' dir='ltr' id='par_1_72' title="bbox 1899 3093 3708 3209">
     <span class='ocr_line' id='line_1_72' title="bbox 1899 3093 3708 3209; baseline 0.003 -61"><span class='ocrx_word' id='word_1_546' title='bbox 1899 3093 1987 3148; x_wconf 93' lang='lat' dir='ltr'>di-</span> <span class='ocrx_word' id='word_1_547' title='bbox 2019 3147 2066 3209; x_wconf 71' lang='grc' dir='ltr'>Ο</span> <span class='ocrx_word' id='word_1_548' title='bbox 2093 3095 2321 3167; x_wconf 89' lang='lat' dir='ltr'>proinde</span> <span class='ocrx_word' id='word_1_549' title='bbox 2371 3096 2771 3167; x_wconf 87' lang='lat' dir='ltr'>inspiciendum</span> <span class='ocrx_word' id='word_1_550' title='bbox 2806 3112 2929 3152; x_wconf 91' lang='lat' dir='ltr'>esse</span> <span class='ocrx_word' id='word_1_551' title='bbox 2977 3097 3309 3167; x_wconf 77' lang='lat' dir='ltr'>praeviderit,</span> <span class='ocrx_word' id='word_1_552' title='bbox 3360 3098 3708 3169; x_wconf 88' lang='lat' dir='ltr'>quandoqui-</span> 
     </span>
     <span class='ocr_line' id='line_1_73' title="bbox 1899 3184 3708 3209; baseline 0 0"><span class='ocrx_word' id='word_1_553' title='bbox 1899 3197 1963 3209; x_wconf 59' lang='grc' dir='ltr'>λης</span> <span class='ocrx_word' id='word_1_554' title='bbox 2104 3185 2222 3209; x_wconf 67' lang='grc' dir='ltr'>ΔΑ...-</span> <span class='ocrx_word' id='word_1_555' title='bbox 2250 3184 2499 3209; x_wconf 61' lang='grc' dir='ltr'>--2-2ι..-</span> <span class='ocrx_word' id='word_1_556' title='bbox 2530 3184 2581 3209; x_wconf 72' lang='grc'>2..</span> <span class='ocrx_word' id='word_1_557' title='bbox 2627 3184 2877 3209; x_wconf 69' lang='grc' dir='ltr'>-ι.-.-1--..</span> <span class='ocrx_word' id='word_1_558' title='bbox 2925 3184 3120 3209; x_wconf 71' lang='grc' dir='ltr'>Δ---ἱ2-2</span> <span class='ocrx_word' id='word_1_559' title='bbox 3194 3185 3446 3209; x_wconf 70' lang='lat' dir='ltr'>_I--.._L--</span> <span class='ocrx_word' id='word_1_560' title='bbox 3505 3186 3708 3209; x_wconf 59' lang='lat' dir='ltr'>--!l:--n</span> 
     </span>
    </p>
   </div>
   <div class='ocr_carea' id='block_1_73' title="bbox 2102 3184 3714 3257">
    <p class='ocr_par' dir='ltr' id='par_1_73' title="bbox 2102 3184 3714 3257">
     <span class='ocr_line' id='line_1_74' title="bbox 2102 3184 3714 3257; baseline 0.002 -18"><span class='ocrx_word' id='word_1_561' title='bbox 2102 3185 2226 3240; x_wconf 91' lang='lat' dir='ltr'>dem</span> <span class='ocrx_word' id='word_1_562' title='bbox 2250 3184 2502 3256; x_wconf 90' lang='lat' dir='ltr'>primitus</span> <span class='ocrx_word' id='word_1_563' title='bbox 2530 3184 2585 3239; x_wconf 93' lang='lat' dir='ltr'>in</span> <span class='ocrx_word' id='word_1_564' title='bbox 2625 3184 2881 3256; x_wconf 91' lang='lat' dir='ltr'>sepulcro</span> <span class='ocrx_word' id='word_1_565' title='bbox 2920 3184 3144 3257; x_wconf 89' lang='lat' dir='ltr'>duplici,</span> <span class='ocrx_word' id='word_1_566' title='bbox 3194 3185 3452 3257; x_wconf 91' lang='lat' dir='ltr'>plumbeo</span> <span class='ocrx_word' id='word_1_567' title='bbox 3502 3186 3714 3243; x_wconf 86' lang='lat' dir='ltr'>scilicet</span> 
     </span>
    </p>
   </div>
   <div class='ocr_carea' id='block_1_74' title="bbox 2092 3270 3712 3345">
    <p class='ocr_par' dir='ltr' id='par_1_74' title="bbox 2092 3270 3712 3345">
     <span class='ocr_line' id='line_1_75' title="bbox 2092 3270 3712 3345; baseline 0.002 -17"><span class='ocrx_word' id='word_1_568' title='bbox 2092 3270 2166 3329; x_wconf 61' lang='lat' dir='ltr'>&#39;ac</span> <span class='ocrx_word' id='word_1_569' title='bbox 2195 3271 2431 3344; x_wconf 91' lang='lat' dir='ltr'>lapideo,</span> <span class='ocrx_word' id='word_1_570' title='bbox 2465 3279 2693 3345; x_wconf 89' lang='lat' dir='ltr'>utroque</span> <span class='ocrx_word' id='word_1_571' title='bbox 2723 3272 3052 3329; x_wconf 81' lang='lat' dir='ltr'>solidissima</span> <span class='ocrx_word' id='word_1_572' title='bbox 3095 3273 3350 3329; x_wconf 91' lang='lat' dir='ltr'>obserato</span> <span class='ocrx_word' id='word_1_573' title='bbox 3399 3273 3712 3331; x_wconf 89' lang='lat' dir='ltr'>reconden-</span> 
     </span>
    </p>
   </div>
   <div class='ocr_carea' id='block_1_75' title="bbox 2100 3360 3708 3434">
    <p class='ocr_par' dir='ltr' id='par_1_75' title="bbox 2100 3360 3708 3434">
     <span class='ocr_line' id='line_1_76' title="bbox 2100 3360 3708 3434; baseline 0.001 -17"><span class='ocrx_word' id='word_1_574' title='bbox 2100 3360 2250 3428; x_wconf 91' lang='lat' dir='ltr'>dum,</span> <span class='ocrx_word' id='word_1_575' title='bbox 2283 3376 2385 3418; x_wconf 91' lang='lat' dir='ltr'>nec</span> <span class='ocrx_word' id='word_1_576' title='bbox 2414 3360 2602 3417; x_wconf 92' lang='lat' dir='ltr'>videre</span> <span class='ocrx_word' id='word_1_577' title='bbox 2633 3360 2767 3416; x_wconf 90' lang='lat' dir='ltr'>illud</span> <span class='ocrx_word' id='word_1_578' title='bbox 2797 3361 3084 3434; x_wconf 90' lang='lat' dir='ltr'>quispiam,</span> <span class='ocrx_word' id='word_1_579' title='bbox 3126 3377 3230 3419; x_wconf 86' lang='lat' dir='ltr'>nec</span> <span class='ocrx_word' id='word_1_580' title='bbox 3258 3379 3355 3418; x_wconf 90' lang='lat' dir='ltr'>sua</span> <span class='ocrx_word' id='word_1_581' title='bbox 3395 3362 3498 3418; x_wconf 91' lang='lat' dir='ltr'>sibi</span> <span class='ocrx_word' id='word_1_582' title='bbox 3537 3379 3708 3419; x_wconf 90' lang='lat' dir='ltr'>orna-</span> 
     </span>
    </p>
   </div>
   <div class='ocr_carea' id='block_1_76' title="bbox 2097 3449 3710 3524">
    <p class='ocr_par' dir='ltr' id='par_1_76' title="bbox 2097 3449 3710 3524">
     <span class='ocr_line' id='line_1_77' title="bbox 2097 3449 3710 3524; baseline 0.003 -20"><span class='ocrx_word' id='word_1_583' title='bbox 2097 3457 2277 3505; x_wconf 90' lang='lat' dir='ltr'>menta</span> <span class='ocrx_word' id='word_1_584' title='bbox 2323 3449 2618 3520; x_wconf 68' lang='lat' dir='ltr'>praeripere</span> <span class='ocrx_word' id='word_1_585' title='bbox 2662 3449 2942 3506; x_wconf 90' lang='lat' dir='ltr'>valuisset.</span> <span class='ocrx_word' id='word_1_586' title='bbox 2993 3451 3178 3521; x_wconf 89' lang='lat' dir='ltr'>Ipsum</span> <span class='ocrx_word' id='word_1_587' title='bbox 3224 3466 3356 3508; x_wconf 89' lang='lat' dir='ltr'>vero</span> <span class='ocrx_word' id='word_1_588' title='bbox 3414 3451 3710 3524; x_wconf 72' lang='lat' dir='ltr'>sepulturae</span> 
     </span>
    </p>
   </div>
   <div class='ocr_carea' id='block_1_77' title="bbox 2101 3536 3708 3613">
    <p class='ocr_par' dir='ltr' id='par_1_77' title="bbox 2101 3536 3708 3613">
     <span class='ocr_line' id='line_1_78' title="bbox 2101 3536 3708 3613; baseline 0.002 -20"><span class='ocrx_word' id='word_1_589' title='bbox 2101 3553 2213 3593; x_wconf 64' lang='lat' dir='ltr'>sum</span> <span class='ocrx_word' id='word_1_590' title='bbox 2240 3537 2418 3593; x_wconf 91' lang='lat' dir='ltr'>locum</span> <span class='ocrx_word' id='word_1_591' title='bbox 2440 3537 2510 3591; x_wconf 88' lang='lat' dir='ltr'>ita</span> <span class='ocrx_word' id='word_1_592' title='bbox 2528 3536 2849 3610; x_wconf 87' lang='lat' dir='ltr'>designabat</span> <span class='ocrx_word' id='word_1_593' title='bbox 2882 3555 2898 3593; x_wconf 91' lang='lat'><strong>:</strong></span> <span class='ocrx_word' id='word_1_594' title='bbox 2927 3559 2950 3590; x_wconf 71' lang='grc' dir='ltr'>ι</span> <span class='ocrx_word' id='word_1_595' title='bbox 2971 3546 3097 3594; x_wconf 91' lang='lat' dir='ltr'>ante</span> <span class='ocrx_word' id='word_1_596' title='bbox 3118 3554 3285 3607; x_wconf 90' lang='lat' dir='ltr'>aram,</span> <span class='ocrx_word' id='word_1_597' title='bbox 3310 3539 3500 3613; x_wconf 88' lang='lat' dir='ltr'>inquit,</span> <span class='ocrx_word' id='word_1_598' title='bbox 3526 3555 3708 3611; x_wconf 65' lang='lat' dir='ltr'>sepe-</span> 
     </span>
    </p>
   </div>
   <div class='ocr_carea' id='block_1_78' title="bbox 2099 3625 3707 3702">
    <p class='ocr_par' dir='ltr' id='par_1_78' title="bbox 2099 3625 3707 3702">
     <span class='ocr_line' id='line_1_79' title="bbox 2099 3625 3707 3702; baseline 0.003 -22"><span class='ocrx_word' id='word_1_599' title='bbox 2099 3625 2230 3681; x_wconf 90' lang='lat' dir='ltr'>dieti</span> <span class='ocrx_word' id='word_1_600' title='bbox 2259 3626 2472 3699; x_wconf 91' lang='lat' dir='ltr'>patroni</span> <span class='ocrx_word' id='word_1_601' title='bbox 2502 3626 2610 3681; x_wconf 92' lang='lat' dir='ltr'>mei</span> <span class='ocrx_word' id='word_1_602' title='bbox 2637 3627 2998 3697; x_wconf 65' lang='lat' dir='ltr'>praecursoris</span> <span class='ocrx_word' id='word_1_603' title='bbox 3013 3627 3252 3696; x_wconf 89' lang='lat' dir='ltr'>Domini,</span> <span class='ocrx_word' id='word_1_604' title='bbox 3272 3628 3364 3684; x_wconf 91' lang='lat' dir='ltr'>ubi</span> <span class='ocrx_word' id='word_1_605' title='bbox 3392 3643 3707 3702; x_wconf 88' lang='lat' dir='ltr'>congruen-</span> 
     </span>
    </p>
   </div>
   <div class='ocr_carea' id='block_1_79' title="bbox 2099 3713 3702 3790">
    <p class='ocr_par' dir='ltr' id='par_1_79' title="bbox 2099 3713 3702 3790">
     <span class='ocr_line' id='line_1_80' title="bbox 2099 3713 3702 3790; baseline 0.004 -21"><span class='ocrx_word' id='word_1_606' title='bbox 2099 3713 2204 3769; x_wconf 91' lang='lat' dir='ltr'>tius</span> <span class='ocrx_word' id='word_1_607' title='bbox 2235 3714 2508 3769; x_wconf 89' lang='lat' dir='ltr'>videbitur</span> <span class='ocrx_word' id='word_1_608' title='bbox 2537 3714 2773 3787; x_wconf 92' lang='lat' dir='ltr'>spatium</span> <span class='ocrx_word' id='word_1_609' title='bbox 2802 3730 2965 3771; x_wconf 91' lang='lat' dir='ltr'>secus</span> <span class='ocrx_word' id='word_1_610' title='bbox 2992 3732 3210 3772; x_wconf 90' lang='lat' dir='ltr'>murum</span> <span class='ocrx_word' id='word_1_611' title='bbox 3259 3717 3499 3790; x_wconf 89' lang='lat' dir='ltr'>aliquem</span> <span class='ocrx_word' id='word_1_612' title='bbox 3526 3732 3702 3790; x_wconf 87' lang='lat' dir='ltr'>pone-</span> 
     </span>
    </p>
   </div>
   <div class='ocr_carea' id='block_1_80' title="bbox 2100 3802 3711 3879">
    <p class='ocr_par' dir='ltr' id='par_1_80' title="bbox 2100 3802 3711 3879">
     <span class='ocr_line' id='line_1_81' title="bbox 2100 3802 3711 3879; baseline 0.003 -22"><span class='ocrx_word' id='word_1_613' title='bbox 2100 3803 2170 3857; x_wconf 89' lang='lat' dir='ltr'>tis</span> <span class='ocrx_word' id='word_1_614' title='bbox 2196 3817 2303 3871; x_wconf 91' lang='lat' dir='ltr'>me,</span> <span class='ocrx_word' id='word_1_615' title='bbox 2337 3818 2406 3858; x_wconf 91' lang='lat' dir='ltr'>ne</span> <span class='ocrx_word' id='word_1_616' title='bbox 2434 3802 2802 3874; x_wconf 89' lang='lat' dir='ltr'>pavimentum</span> <span class='ocrx_word' id='word_1_617' title='bbox 2831 3802 2939 3860; x_wconf 93' lang='lat' dir='ltr'>loci</span> <span class='ocrx_word' id='word_1_618' title='bbox 2993 3805 3200 3871; x_wconf 87' lang='lat' dir='ltr'>tumba,</span> <span class='ocrx_word' id='word_1_619' title='bbox 3240 3814 3299 3862; x_wconf 94' lang='lat' dir='ltr'>ut</span> <span class='ocrx_word' id='word_1_620' title='bbox 3344 3805 3624 3879; x_wconf 86' lang='lat' dir='ltr'>plerisque</span> <span class='ocrx_word' id='word_1_621' title='bbox 3652 3805 3711 3862; x_wconf 90' lang='lat' dir='ltr'>in</span> 
     </span>
    </p>
   </div>
   <div class='ocr_carea' id='block_1_81' title="bbox 2100 3890 3705 3967">
    <p class='ocr_par' dir='ltr' id='par_1_81' title="bbox 2100 3890 3705 3967">
     <span class='ocr_line' id='line_1_82' title="bbox 2100 3890 3705 3967; baseline 0.003 -20"><span class='ocrx_word' id='word_1_622' title='bbox 2100 3890 2349 3948; x_wconf 90' lang='lat' dir='ltr'>ecclesiis</span> <span class='ocrx_word' id='word_1_623' title='bbox 2379 3890 2672 3960; x_wconf 91' lang='lat' dir='ltr'>cernimus,</span> <span class='ocrx_word' id='word_1_624' title='bbox 2703 3891 3013 3964; x_wconf 88' lang='lat' dir='ltr'>importune</span> <span class='ocrx_word' id='word_1_625' title='bbox 3061 3902 3311 3967; x_wconf 91' lang='lat' dir='ltr'>occupet,</span> <span class='ocrx_word' id='word_1_626' title='bbox 3343 3901 3398 3952; x_wconf 91' lang='lat' dir='ltr'>et</span> <span class='ocrx_word' id='word_1_627' title='bbox 3439 3894 3705 3952; x_wconf 89' lang='lat' dir='ltr'>inceden-</span> 
     </span>
    </p>
   </div>
   <div class='ocr_carea' id='block_1_82' title="bbox 2100 3978 3357 4053">
    <p class='ocr_par' dir='ltr' id='par_1_82' title="bbox 2100 3978 3357 4053">
     <span class='ocr_line' id='line_1_83' title="bbox 2100 3978 3357 4053; baseline 0 -18"><span class='ocrx_word' id='word_1_628' title='bbox 2100 3979 2245 4035; x_wconf 89' lang='lat' dir='ltr'>tibus</span> <span class='ocrx_word' id='word_1_629' title='bbox 2273 3978 2658 4037; x_wconf 79' lang='lat' dir='ltr'>oﬁ&#39;endiculum</span> <span class='ocrx_word' id='word_1_630' title='bbox 2688 3989 2910 4053; x_wconf 58' lang='lat' dir='ltr'>praestet</span> <span class='ocrx_word' id='word_1_631' title='bbox 2939 3989 3031 4038; x_wconf 92' lang='lat' dir='ltr'>aut</span> <span class='ocrx_word' id='word_1_632' title='bbox 3058 3981 3295 4040; x_wconf 88' lang='lat' dir='ltr'>ruinam.</span> <span class='ocrx_word' id='word_1_633' title='bbox 3334 4003 3357 4035; x_wconf 77' lang='grc' dir='ltr'><strong>ι</strong></span> 
     </span>
    </p>
   </div>
   <div class='ocr_carea' id='block_1_83' title="bbox 2172 4068 3707 4129">
    <p class='ocr_par' dir='ltr' id='par_1_83' title="bbox 2172 4068 3707 4129">
     <span class='ocr_line' id='line_1_84' title="bbox 2172 4068 3707 4129; baseline 0.003 -5"><span class='ocrx_word' id='word_1_634' title='bbox 2172 4068 2307 4124; x_wconf 90' lang='lat' dir='ltr'>Cum</span> <span class='ocrx_word' id='word_1_635' title='bbox 2354 4084 2487 4125; x_wconf 90' lang='lat' dir='ltr'>vero</span> <span class='ocrx_word' id='word_1_636' title='bbox 2533 4069 2724 4124; x_wconf 89' lang='lat' dir='ltr'>durius</span> <span class='ocrx_word' id='word_1_637' title='bbox 2769 4077 3056 4127; x_wconf 88' lang='lat' dir='ltr'>vexaretur</span> <span class='ocrx_word' id='word_1_638' title='bbox 3100 4070 3378 4129; x_wconf 88' lang='lat' dir='ltr'>doloribus</span> <span class='ocrx_word' id='word_1_639' title='bbox 3423 4072 3707 4129; x_wconf 86' lang='lat' dir='ltr'>immensis</span> 
     </span>
    </p>
   </div>
   <div class='ocr_carea' id='block_1_84' title="bbox 2100 4156 3702 4233">
    <p class='ocr_par' dir='ltr' id='par_1_84' title="bbox 2100 4156 3702 4233">
     <span class='ocr_line' id='line_1_85' title="bbox 2100 4156 3702 4233; baseline 0.004 -22"><span class='ocrx_word' id='word_1_640' title='bbox 2100 4156 2477 4227; x_wconf 90' lang='lat' dir='ltr'>hujuscemodi</span> <span class='ocrx_word' id='word_1_641' title='bbox 2498 4157 2696 4228; x_wconf 65' lang='lat' dir='ltr'>saepius</span> <span class='ocrx_word' id='word_1_642' title='bbox 2730 4159 2897 4215; x_wconf 88' lang='lat' dir='ltr'>verba</span> <span class='ocrx_word' id='word_1_643' title='bbox 2933 4160 3247 4232; x_wconf 86' lang='lat' dir='ltr'>repetebat:</span> <span class='ocrx_word' id='word_1_644' title='bbox 3285 4183 3308 4210; x_wconf 81' lang='grc' dir='ltr'>ι</span> <span class='ocrx_word' id='word_1_645' title='bbox 3344 4160 3391 4217; x_wconf 95' lang='grc' dir='ltr'><strong>Ο</strong></span> <span class='ocrx_word' id='word_1_646' title='bbox 3410 4161 3500 4233; x_wconf 86' lang='lat' dir='ltr'>pie</span> <span class='ocrx_word' id='word_1_647' title='bbox 3533 4162 3702 4230; x_wconf 87' lang='lat' dir='ltr'>Deus,</span> 
     </span>
    </p>
   </div>
   <div class='ocr_carea' id='block_1_85' title="bbox 2100 4244 3707 4322">
    <p class='ocr_par' dir='ltr' id='par_1_85' title="bbox 2100 4244 3707 4322">
     <span class='ocr_line' id='line_1_86' title="bbox 2100 4244 3707 4322; baseline 0.004 -22"><span class='ocrx_word' id='word_1_648' title='bbox 2100 4244 2347 4317; x_wconf 88' lang='lat' dir='ltr'>requiem</span> <span class='ocrx_word' id='word_1_649' title='bbox 2376 4253 2570 4317; x_wconf 67' lang='lat' dir='ltr'>praesta</span> <span class='ocrx_word' id='word_1_650' title='bbox 2599 4246 2796 4304; x_wconf 78' lang='lat' dir='ltr'>nobis!</span> <span class='ocrx_word' id='word_1_651' title='bbox 2830 4248 2976 4304; x_wconf 86' lang='lat' dir='ltr'>Bone</span> <span class='ocrx_word' id='word_1_652' title='bbox 3006 4247 3257 4318; x_wconf 89' lang='lat' dir='ltr'>Domine,</span> <span class='ocrx_word' id='word_1_653' title='bbox 3315 4250 3574 4322; x_wconf 88' lang='lat' dir='ltr'>Deusque</span> <span class='ocrx_word' id='word_1_654' title='bbox 3616 4265 3707 4307; x_wconf 83' lang='lat' dir='ltr'>ve-</span> 
     </span>
    </p>
   </div>
   <div class='ocr_carea' id='block_1_86' title="bbox 2102 4333 3707 4409">
    <p class='ocr_par' dir='ltr' id='par_1_86' title="bbox 2102 4333 3707 4409">
     <span class='ocr_line' id='line_1_87' title="bbox 2102 4333 3707 4409; baseline 0.004 -20"><span class='ocrx_word' id='word_1_655' title='bbox 2102 4348 2220 4401; x_wconf 85' lang='lat' dir='ltr'>rax,</span> <span class='ocrx_word' id='word_1_656' title='bbox 2253 4333 2398 4390; x_wconf 79' lang='lat' dir='ltr'>&quot;dona</span> <span class='ocrx_word' id='word_1_657' title='bbox 2426 4334 2647 4391; x_wconf 89' lang='lat' dir='ltr'>tandem</span> <span class='ocrx_word' id='word_1_658' title='bbox 2697 4335 2857 4392; x_wconf 88' lang='lat' dir='ltr'>nobis</span> <span class='ocrx_word' id='word_1_659' title='bbox 2900 4337 3185 4409; x_wconf 84' lang='lat' dir='ltr'>requiem!</span> <span class='ocrx_word' id='word_1_660' title='bbox 3224 4360 3247 4388; x_wconf 75' lang='grc' dir='ltr'>ι»</span> <span class='ocrx_word' id='word_1_661' title='bbox 3280 4337 3379 4394; x_wconf 91' lang='lat' dir='ltr'>Cui</span> <span class='ocrx_word' id='word_1_662' title='bbox 3426 4339 3597 4395; x_wconf 91' lang='lat' dir='ltr'>semel</span> <span class='ocrx_word' id='word_1_663' title='bbox 3634 4338 3707 4395; x_wconf 88' lang='lat' dir='ltr'>ita</span> 
     </span>
    </p>
   </div>
   <div class='ocr_carea' id='block_1_87' title="bbox 2104 4422 3700 4500">
    <p class='ocr_par' dir='ltr' id='par_1_87' title="bbox 2104 4422 3700 4500">
     <span class='ocr_line' id='line_1_88' title="bbox 2104 4422 3700 4500; baseline 0.003 -21"><span class='ocrx_word' id='word_1_664' title='bbox 2104 4437 2228 4479; x_wconf 89' lang='lat' dir='ltr'>eum</span> <span class='ocrx_word' id='word_1_665' title='bbox 2247 4422 2597 4479; x_wconf 90' lang='lat' dir='ltr'>consolantes</span> <span class='ocrx_word' id='word_1_666' title='bbox 2612 4423 2848 4480; x_wconf 90' lang='lat' dir='ltr'>diximus</span> <span class='ocrx_word' id='word_1_667' title='bbox 2872 4441 2887 4479; x_wconf 90' lang='lat'><strong>:</strong></span> <span class='ocrx_word' id='word_1_668' title='bbox 2910 4447 2933 4474; x_wconf 75' lang='grc' dir='ltr'><strong><em>α</em></strong></span> <span class='ocrx_word' id='word_1_669' title='bbox 2949 4425 3089 4493; x_wconf 78' lang='lat' dir='ltr'>1am,</span> <span class='ocrx_word' id='word_1_670' title='bbox 3114 4426 3365 4495; x_wconf 91' lang='lat' dir='ltr'>Domine,</span> <span class='ocrx_word' id='word_1_671' title='bbox 3380 4427 3700 4500; x_wconf 85' lang='lat' dir='ltr'>quiescetis;</span> 
     </span>
    </p>
   </div>
   <div class='ocr_carea' id='block_1_88' title="bbox 398 4500 3702 4587">
    <p class='ocr_par' dir='ltr' id='par_1_88' title="bbox 398 4500 3702 4587">
     <span class='ocr_line' id='line_1_89' title="bbox 398 4500 3702 4587; baseline 0 -16"><span class='ocrx_word' id='word_1_672' title='bbox 398 4516 496 4572; x_wconf 87' lang='lat' dir='ltr'>tibi</span> <span class='ocrx_word' id='word_1_673' title='bbox 526 4516 676 4587; x_wconf 89' lang='lat' dir='ltr'>(36l)</span> <span class='ocrx_word' id='word_1_674' title='bbox 707 4530 874 4570; x_wconf 91' lang='lat' dir='ltr'>unum</span> <span class='ocrx_word' id='word_1_675' title='bbox 912 4529 978 4568; x_wconf 90' lang='lat' dir='ltr'>ex</span> <span class='ocrx_word' id='word_1_676' title='bbox 1028 4510 1401 4567; x_wconf 89' lang='lat' dir='ltr'>sacerdotibus</span> <span class='ocrx_word' id='word_1_677' title='bbox 1449 4508 1717 4580; x_wconf 86' lang='lat' dir='ltr'>regularis</span> <span class='ocrx_word' id='word_1_678' title='bbox 1762 4508 1997 4579; x_wconf 89' lang='lat' dir='ltr'>habitus,</span> <span class='ocrx_word' id='word_1_679' title='bbox 2017 4500 2071 4561; x_wconf 91' lang='lat' dir='ltr'>D</span> <span class='ocrx_word' id='word_1_680' title='bbox 2100 4519 2273 4567; x_wconf 91' lang='lat' dir='ltr'>tactus</span> <span class='ocrx_word' id='word_1_681' title='bbox 2302 4527 2498 4583; x_wconf 89' lang='lat' dir='ltr'>nempe</span> <span class='ocrx_word' id='word_1_682' title='bbox 2527 4511 2717 4584; x_wconf 91' lang='lat' dir='ltr'>pulsus</span> <span class='ocrx_word' id='word_1_683' title='bbox 2746 4513 2913 4569; x_wconf 89' lang='lat' dir='ltr'>vestri</span> <span class='ocrx_word' id='word_1_684' title='bbox 2939 4513 3080 4570; x_wconf 86' lang='lat' dir='ltr'>ﬁniri</span> <span class='ocrx_word' id='word_1_685' title='bbox 3126 4532 3271 4572; x_wconf 90' lang='lat' dir='ltr'>nunc</span> <span class='ocrx_word' id='word_1_686' title='bbox 3308 4515 3478 4572; x_wconf 91' lang='lat' dir='ltr'>innuit</span> <span class='ocrx_word' id='word_1_687' title='bbox 3506 4531 3702 4573; x_wconf 89' lang='lat' dir='ltr'>acces-</span> 
     </span>
    </p>
   </div>
   <div class='ocr_carea' id='block_1_89' title="bbox 399 4595 3700 4678">
    <p class='ocr_par' dir='ltr' id='par_1_89' title="bbox 399 4595 3700 4678">
     <span class='ocr_line' id='line_1_90' title="bbox 399 4595 3700 4678; baseline 0 -18"><span class='ocrx_word' id='word_1_688' title='bbox 399 4604 490 4678; x_wconf 90' lang='lat' dir='ltr'>qui</span> <span class='ocrx_word' id='word_1_689' title='bbox 523 4612 704 4660; x_wconf 91' lang='lat' dir='ltr'>tecum</span> <span class='ocrx_word' id='word_1_690' title='bbox 734 4610 903 4658; x_wconf 91' lang='lat' dir='ltr'>totum</span> <span class='ocrx_word' id='word_1_691' title='bbox 936 4600 1095 4655; x_wconf 89' lang='lat' dir='ltr'>funus</span> <span class='ocrx_word' id='word_1_692' title='bbox 1125 4597 1442 4669; x_wconf 87' lang='lat' dir='ltr'>diligentius</span> <span class='ocrx_word' id='word_1_693' title='bbox 1481 4597 1663 4651; x_wconf 89' lang='lat' dir='ltr'>abluat</span> <span class='ocrx_word' id='word_1_694' title='bbox 1693 4603 1747 4651; x_wconf 90' lang='lat' dir='ltr'>et</span> <span class='ocrx_word' id='word_1_695' title='bbox 1785 4595 2004 4651; x_wconf 85' lang='lat' dir='ltr'>abster-</span> <span class='ocrx_word' id='word_1_696' title='bbox 2105 4600 2315 4655; x_wconf 92' lang='lat' dir='ltr'>sionem</span> <span class='ocrx_word' id='word_1_697' title='bbox 2363 4600 2562 4668; x_wconf 85' lang='lat' dir='ltr'>istam;</span> <span class='ocrx_word' id='word_1_698' title='bbox 2603 4624 2624 4650; x_wconf 73' lang='grc' dir='ltr'>ι»</span> <span class='ocrx_word' id='word_1_699' title='bbox 2673 4601 2757 4657; x_wconf 85' lang='lat' dir='ltr'>Ad</span> <span class='ocrx_word' id='word_1_700' title='bbox 2801 4603 2916 4659; x_wconf 67' lang='lat' dir='ltr'>haec</span> <span class='ocrx_word' id='word_1_701' title='bbox 2944 4602 3035 4660; x_wconf 89' lang='lat' dir='ltr'>ille</span> <span class='ocrx_word' id='word_1_702' title='bbox 3068 4621 3082 4659; x_wconf 92' lang='lat'><strong>:</strong></span> <span class='ocrx_word' id='word_1_703' title='bbox 3118 4626 3141 4653; x_wconf 72' lang='grc' dir='ltr'><strong>α</strong></span> <span class='ocrx_word' id='word_1_704' title='bbox 3195 4603 3243 4661; x_wconf 96' lang='grc' dir='ltr'><strong>Ο</strong></span> <span class='ocrx_word' id='word_1_705' title='bbox 3291 4621 3442 4673; x_wconf 89' lang='lat' dir='ltr'>vere,</span> <span class='ocrx_word' id='word_1_706' title='bbox 3509 4605 3700 4678; x_wconf 90' lang='lat' dir='ltr'>inquit,</span> 
     </span>
    </p>
   </div>
   <div class='ocr_carea' id='block_1_90' title="bbox 403 4684 3706 4769">
    <p class='ocr_par' dir='ltr' id='par_1_90' title="bbox 403 4684 3706 4769">
     <span class='ocr_line' id='line_1_91' title="bbox 403 4684 3706 4769; baseline 0.001 -20"><span class='ocrx_word' id='word_1_707' title='bbox 403 4701 516 4769; x_wconf 86' lang='lat' dir='ltr'>gat.</span> <span class='ocrx_word' id='word_1_708' title='bbox 547 4693 607 4747; x_wconf 92' lang='lat' dir='ltr'>1n</span> <span class='ocrx_word' id='word_1_709' title='bbox 638 4691 873 4747; x_wconf 86' lang='lat' dir='ltr'>ecclesia</span> <span class='ocrx_word' id='word_1_710' title='bbox 902 4703 1137 4759; x_wconf 91' lang='lat' dir='ltr'>namque</span> <span class='ocrx_word' id='word_1_711' title='bbox 1166 4686 1352 4740; x_wconf 89' lang='lat' dir='ltr'>matris</span> <span class='ocrx_word' id='word_1_712' title='bbox 1382 4692 1582 4740; x_wconf 65' lang='lat' dir='ltr'>sanctae</span> <span class='ocrx_word' id='word_1_713' title='bbox 1632 4684 1731 4739; x_wconf 91' lang='lat' dir='ltr'>Dei</span> <span class='ocrx_word' id='word_1_714' title='bbox 1764 4684 2004 4739; x_wconf 89' lang='lat' dir='ltr'>Genitri-</span> <span class='ocrx_word' id='word_1_715' title='bbox 2105 4688 2294 4744; x_wconf 91' lang='lat' dir='ltr'>beatos</span> <span class='ocrx_word' id='word_1_716' title='bbox 2340 4687 2484 4756; x_wconf 89' lang='lat' dir='ltr'>illos,</span> <span class='ocrx_word' id='word_1_717' title='bbox 2538 4704 2674 4760; x_wconf 92' lang='lat' dir='ltr'>quos</span> <span class='ocrx_word' id='word_1_718' title='bbox 2725 4689 2812 4746; x_wconf 89' lang='lat' dir='ltr'>vel</span> <span class='ocrx_word' id='word_1_719' title='bbox 2856 4691 3081 4747; x_wconf 83' lang='lat' dir='ltr'>extremi</span> <span class='ocrx_word' id='word_1_720' title='bbox 3123 4692 3242 4749; x_wconf 91' lang='lat' dir='ltr'>dies</span> <span class='ocrx_word' id='word_1_721' title='bbox 3280 4694 3469 4764; x_wconf 90' lang='lat' dir='ltr'>judicii</span> <span class='ocrx_word' id='word_1_722' title='bbox 3515 4697 3706 4768; x_wconf 91' lang='lat' dir='ltr'>requie</span> 
     </span>
    </p>
   </div>
   <div class='ocr_carea' id='block_1_91' title="bbox 406 4772 3707 4852">
    <p class='ocr_par' dir='ltr' id='par_1_91' title="bbox 406 4772 3707 4852">
     <span class='ocr_line' id='line_1_92' title="bbox 406 4772 3707 4852; baseline 0.001 -14"><span class='ocrx_word' id='word_1_723' title='bbox 406 4781 486 4841; x_wconf 86' lang='lat' dir='ltr'>cis</span> <span class='ocrx_word' id='word_1_724' title='bbox 517 4780 667 4851; x_wconf 74' lang='lat'>(362)</span> <span class='ocrx_word' id='word_1_725' title='bbox 702 4795 809 4835; x_wconf 92' lang='lat' dir='ltr'>non</span> <span class='ocrx_word' id='word_1_726' title='bbox 837 4776 1026 4852; x_wconf 80' lang='lat' dir='ltr'>procul</span> <span class='ocrx_word' id='word_1_727' title='bbox 1056 4784 1125 4831; x_wconf 87' lang='lat' dir='ltr'>ab</span> <span class='ocrx_word' id='word_1_728' title='bbox 1173 4774 1332 4829; x_wconf 88' lang='lat' dir='ltr'>altari</span> <span class='ocrx_word' id='word_1_729' title='bbox 1376 4773 1433 4828; x_wconf 93' lang='lat' dir='ltr'>S.</span> <span class='ocrx_word' id='word_1_730' title='bbox 1478 4772 1705 4827; x_wconf 84' lang='lat' dir='ltr'>Joannis</span> <span class='ocrx_word' id='word_1_731' title='bbox 1752 4772 2008 4843; x_wconf 69' lang='lat' dir='ltr'>Baptistae</span> <span class='ocrx_word' id='word_1_732' title='bbox 2109 4777 2332 4832; x_wconf 90' lang='lat' dir='ltr'>donabit</span> <span class='ocrx_word' id='word_1_733' title='bbox 2359 4776 2723 4833; x_wconf 80' lang='lat' dir='ltr'>inconcussa!</span> <span class='ocrx_word' id='word_1_734' title='bbox 2761 4801 2784 4827; x_wconf 75' lang='grc' dir='ltr'><strong><em>ιι</em></strong></span> <span class='ocrx_word' id='word_1_735' title='bbox 2814 4779 2898 4835; x_wconf 77' lang='lat' dir='ltr'>Ad</span> <span class='ocrx_word' id='word_1_736' title='bbox 2924 4796 3084 4852; x_wconf 90' lang='lat' dir='ltr'>quem</span> <span class='ocrx_word' id='word_1_737' title='bbox 3132 4781 3371 4839; x_wconf 90' lang='lat' dir='ltr'>vicissim</span> <span class='ocrx_word' id='word_1_738' title='bbox 3400 4784 3707 4842; x_wconf 88' lang='lat' dir='ltr'>dicentibus</span> 
     </span>
    </p>
   </div>
   <div class='ocr_carea' id='block_1_92' title="bbox 485 4947 2007 5019">
    <p class='ocr_par' dir='ltr' id='par_1_92' title="bbox 485 4947 2007 5019">
     <span class='ocr_line' id='line_1_93' title="bbox 485 4947 2007 5019; baseline -0.007 -10"><span class='ocrx_word' id='word_1_739' title='bbox 485 4959 625 5019; x_wconf 79' lang='lat'>(357)</span> <span class='ocrx_word' id='word_1_740' title='bbox 646 4957 806 5008; x_wconf 83' lang='lat' dir='ltr'>Etiam</span> <span class='ocrx_word' id='word_1_741' title='bbox 853 4964 1001 5009; x_wconf 83' lang='lat' dir='ltr'>nunc,</span> <span class='ocrx_word' id='word_1_742' title='bbox 1026 4950 1141 5001; x_wconf 86' lang='lat' dir='ltr'>dum</span> <span class='ocrx_word' id='word_1_743' title='bbox 1182 4952 1366 5019; x_wconf 56' lang='lat' dir='ltr'>ingrato</span> <span class='ocrx_word' id='word_1_744' title='bbox 1406 4947 1549 4998; x_wconf 86' lang='lat' dir='ltr'>datur</span> <span class='ocrx_word' id='word_1_745' title='bbox 1576 4949 2007 5019; x_wconf 70' lang='lat' dir='ltr'>extremaunctio,</span> 
     </span>
    </p>
   </div>
   <div class='ocr_carea' id='block_1_93' title="bbox 414 5016 2013 5090">
    <p class='ocr_par' dir='ltr' id='par_1_93' title="bbox 414 5016 2013 5090">
     <span class='ocr_line' id='line_1_94' title="bbox 414 5016 2013 5090; baseline -0.007 -13"><span class='ocrx_word' id='word_1_746' title='bbox 414 5025 539 5090; x_wconf 85' lang='lat' dir='ltr'>apud</span> <span class='ocrx_word' id='word_1_747' title='bbox 566 5016 918 5090; x_wconf 65' lang='lat' dir='ltr'>Carthttsianos</span> <span class='ocrx_word' id='word_1_748' title='bbox 942 5019 1296 5090; x_wconf 78' lang='lat' dir='ltr'>benedicuntur</span> <span class='ocrx_word' id='word_1_749' title='bbox 1311 5016 1505 5090; x_wconf 74' lang='lat' dir='ltr'>cineres</span> <span class='ocrx_word' id='word_1_750' title='bbox 1532 5018 1580 5065; x_wconf 90' lang='lat' dir='ltr'>et</span> <span class='ocrx_word' id='word_1_751' title='bbox 1600 5016 1713 5066; x_wconf 90' lang='lat' dir='ltr'>hinc</span> <span class='ocrx_word' id='word_1_752' title='bbox 1737 5016 1847 5066; x_wconf 84' lang='lat' dir='ltr'>inde</span> <span class='ocrx_word' id='word_1_753' title='bbox 1863 5029 2013 5078; x_wconf 88' lang='lat' dir='ltr'>super</span> 
     </span>
    </p>
   </div>
   <div class='ocr_carea' id='block_1_94' title="bbox 416 5085 1407 5149">
    <p class='ocr_par' dir='ltr' id='par_1_94' title="bbox 416 5085 1407 5149">
     <span class='ocr_line' id='line_1_95' title="bbox 416 5085 1407 5149; baseline -0.013 -5"><span class='ocrx_word' id='word_1_754' title='bbox 416 5085 596 5144; x_wconf 79' lang='lat' dir='ltr'>lectum</span> <span class='ocrx_word' id='word_1_755' title='bbox 623 5094 670 5140; x_wconf 87' lang='lat' dir='ltr'>et</span> <span class='ocrx_word' id='word_1_756' title='bbox 692 5100 868 5149; x_wconf 88' lang='lat' dir='ltr'>corpus</span> <span class='ocrx_word' id='word_1_757' title='bbox 890 5086 1067 5135; x_wconf 84' lang='lat' dir='ltr'>inﬁrmi</span> <span class='ocrx_word' id='word_1_758' title='bbox 1093 5085 1407 5145; x_wconf 76' lang='lat' dir='ltr'>sparguntur.</span> 
     </span>
    </p>
   </div>
   <div class='ocr_carea' id='block_1_95' title="bbox 2111 4955 3714 5027">
    <p class='ocr_par' dir='ltr' id='par_1_95' title="bbox 2111 4955 3714 5027">
     <span class='ocr_line' id='line_1_96' title="bbox 2111 4955 3714 5027; baseline 0.007 -22"><span class='ocrx_word' id='word_1_759' title='bbox 2111 4957 2323 5027; x_wconf 74' lang='lat' dir='ltr'>partem,</span> <span class='ocrx_word' id='word_1_760' title='bbox 2345 4968 2410 5027; x_wconf 81' lang='lat' dir='ltr'>an</span> <span class='ocrx_word' id='word_1_761' title='bbox 2439 4955 2486 5027; x_wconf 87' lang='lat' dir='ltr'>in</span> <span class='ocrx_word' id='word_1_762' title='bbox 2512 4969 2568 5007; x_wconf 90' lang='lat' dir='ltr'>ea</span> <span class='ocrx_word' id='word_1_763' title='bbox 2593 4956 2853 5027; x_wconf 86' lang='lat' dir='ltr'>aliquando</span> <span class='ocrx_word' id='word_1_764' title='bbox 2878 4959 3058 5012; x_wconf 81' lang='lat' dir='ltr'>fuerint</span> <span class='ocrx_word' id='word_1_765' title='bbox 3080 4961 3328 5027; x_wconf 81' lang='lat' dir='ltr'>monachi,</span> <span class='ocrx_word' id='word_1_766' title='bbox 3353 4961 3546 5016; x_wconf 85' lang='lat' dir='ltr'>dubitat</span> <span class='ocrx_word' id='word_1_767' title='bbox 3585 4964 3714 5017; x_wconf 89' lang='lat' dir='ltr'>idem</span> 
     </span>
    </p>
   </div>
   <div class='ocr_carea' id='block_1_96' title="bbox 2112 5022 3003 5087">
    <p class='ocr_par' dir='ltr' id='par_1_96' title="bbox 2112 5022 3003 5087">
     <span class='ocr_line' id='line_1_97' title="bbox 2112 5022 3003 5087; baseline 0.006 -15"><span class='ocrx_word' id='word_1_768' title='bbox 2112 5022 2415 5073; x_wconf 68' lang='lat' dir='ltr'>Mabillonitss</span> <span class='ocrx_word' id='word_1_769' title='bbox 2440 5026 2559 5073; x_wconf 89' lang='lat' dir='ltr'>tom.</span> <span class='ocrx_word' id='word_1_770' title='bbox 2590 5025 2810 5087; x_wconf 71' lang='lat' dir='ltr'>proxime</span> <span class='ocrx_word' id='word_1_771' title='bbox 2836 5027 3003 5077; x_wconf 88' lang='lat' dir='ltr'>citato.</span> 
     </span>
    </p>
   </div>
   <div class='ocr_carea' id='block_1_97' title="bbox 2179 5105 3715 5177">
    <p class='ocr_par' dir='ltr' id='par_1_97' title="bbox 2179 5105 3715 5177">
     <span class='ocr_line' id='line_1_98' title="bbox 2179 5105 3715 5177; baseline 0.009 -22"><span class='ocrx_word' id='word_1_772' title='bbox 2179 5105 2323 5177; x_wconf 63' lang='lat'>(361)</span> <span class='ocrx_word' id='word_1_773' title='bbox 2350 5109 2421 5177; x_wconf 75' lang='lat' dir='ltr'>Ex</span> <span class='ocrx_word' id='word_1_774' title='bbox 2444 5108 2523 5177; x_wconf 83' lang='lat' dir='ltr'>hic</span> <span class='ocrx_word' id='word_1_775' title='bbox 2548 5109 2743 5177; x_wconf 78' lang='lat' dir='ltr'>colligat</span> <span class='ocrx_word' id='word_1_776' title='bbox 2764 5110 2935 5168; x_wconf 88' lang='lat' dir='ltr'>lector.</span> <span class='ocrx_word' id='word_1_777' title='bbox 2980 5126 3123 5175; x_wconf 87' lang='lat' dir='ltr'>quem</span> <span class='ocrx_word' id='word_1_778' title='bbox 3159 5126 3277 5177; x_wconf 74' lang='lat' dir='ltr'>erga</span> <span class='ocrx_word' id='word_1_779' title='bbox 3313 5118 3561 5167; x_wconf 82' lang='lat' dir='ltr'>auctorem</span> <span class='ocrx_word' id='word_1_780' title='bbox 3600 5117 3715 5169; x_wconf 62' lang='lat' dir='ltr'>vita!</span> 
     </span>
    </p>
   </div>
   <div class='ocr_carea' id='block_1_98' title="bbox 2112 5172 3711 5243">
    <p class='ocr_par' dir='ltr' id='par_1_98' title="bbox 2112 5172 3711 5243">
     <span class='ocr_line' id='line_1_99' title="bbox 2112 5172 3711 5243; baseline 0.008 -21"><span class='ocrx_word' id='word_1_781' title='bbox 2112 5172 2339 5243; x_wconf 82' lang='lat' dir='ltr'>habuerit</span> <span class='ocrx_word' id='word_1_782' title='bbox 2370 5176 2437 5243; x_wconf 76' lang='lat' dir='ltr'>_S.</span> <span class='ocrx_word' id='word_1_783' title='bbox 2482 5176 2616 5243; x_wconf 78' lang='lat' dir='ltr'>Hugo</span> <span class='ocrx_word' id='word_1_784' title='bbox 2661 5176 2907 5241; x_wconf 68' lang='lat' dir='ltr'>allectum,</span> <span class='ocrx_word' id='word_1_785' title='bbox 2946 5172 3061 5230; x_wconf 79' lang='lat' dir='ltr'>dum</span> <span class='ocrx_word' id='word_1_786' title='bbox 3100 5181 3164 5243; x_wconf 85' lang='lat' dir='ltr'>ei,</span> <span class='ocrx_word' id='word_1_787' title='bbox 3211 5172 3307 5231; x_wconf 78' lang='lat' dir='ltr'>non</span> <span class='ocrx_word' id='word_1_788' title='bbox 3344 5180 3499 5233; x_wconf 88' lang='lat' dir='ltr'>solum</span> <span class='ocrx_word' id='word_1_789' title='bbox 3529 5196 3711 5235; x_wconf 84' lang='lat' dir='ltr'>arcana</span> 
     </span>
    </p>
   </div>
   <div class='ocr_carea' id='block_1_99' title="bbox 2112 5240 3708 5356">
    <p class='ocr_par' dir='ltr' id='par_1_99' title="bbox 2112 5240 3708 5356">
     <span class='ocr_line' id='line_1_100' title="bbox 2112 5240 3708 5356; baseline 0.01 -70"><span class='ocrx_word' id='word_1_790' title='bbox 2112 5240 2443 5356; x_wconf 52' lang='lat' dir='ltr'>23$$£1;tti:e,</span> <span class='ocrx_word' id='word_1_791' title='bbox 2472 5242 2559 5292; x_wconf 90' lang='lat' dir='ltr'>sed</span> <span class='ocrx_word' id='word_1_792' title='bbox 2582 5246 2632 5292; x_wconf 89' lang='lat' dir='ltr'>et</span> <span class='ocrx_word' id='word_1_793' title='bbox 2651 5246 2870 5307; x_wconf 87' lang='lat' dir='ltr'>corporis</span> <span class='ocrx_word' id='word_1_794' title='bbox 2898 5250 3007 5309; x_wconf 87' lang='lat' dir='ltr'>post</span> <span class='ocrx_word' id='word_1_795' title='bbox 3040 5240 3251 5298; x_wconf 83' lang='lat' dir='ltr'>mortem</span> <span class='ocrx_word' id='word_1_796' title='bbox 3286 5247 3514 5300; x_wconf 84' lang='lat' dir='ltr'>abluendi</span> <span class='ocrx_word' id='word_1_797' title='bbox 3540 5263 3708 5302; x_wconf 84' lang='lat' dir='ltr'>curam</span> 
     </span>
    </p>
   </div>
   <div class='ocr_carea' id='block_1_100' title="bbox 2183 5387 3350 5453">
    <p class='ocr_par' dir='ltr' id='par_1_100' title="bbox 2183 5387 3350 5453">
     <span class='ocr_line' id='line_1_101' title="bbox 2183 5387 3350 5453; baseline 0.006 -14"><span class='ocrx_word' id='word_1_798' title='bbox 2183 5387 2326 5453; x_wconf 75' lang='lat'>(562)</span> <span class='ocrx_word' id='word_1_799' title='bbox 2366 5391 2418 5440; x_wconf 90' lang='lat' dir='ltr'>In</span> <span class='ocrx_word' id='word_1_800' title='bbox 2444 5392 2716 5445; x_wconf 86' lang='lat' dir='ltr'>cathedrali</span> <span class='ocrx_word' id='word_1_801' title='bbox 2742 5394 2970 5447; x_wconf 88' lang='lat' dir='ltr'>videlicet</span> <span class='ocrx_word' id='word_1_802' title='bbox 2992 5397 3350 5449; x_wconf 85' lang='lat' dir='ltr'>Lincolniensi.</span> 
     </span>
    </p>
   </div>
   <div class='ocr_carea' id='block_1_101' title="bbox 489 5183 2012 5253">
    <p class='ocr_par' dir='ltr' id='par_1_101' title="bbox 489 5183 2012 5253">
     <span class='ocr_line' id='line_1_102' title="bbox 489 5183 2012 5253; baseline -0.009 -9"><span class='ocrx_word' id='word_1_803' title='bbox 489 5193 630 5253; x_wconf 79' lang='lat'>(358)</span> <span class='ocrx_word' id='word_1_804' title='bbox 657 5193 726 5241; x_wconf 86' lang='lat' dir='ltr'>De</span> <span class='ocrx_word' id='word_1_805' title='bbox 766 5187 1106 5240; x_wconf 74' lang='lat' dir='ltr'>consuetudine</span> <span class='ocrx_word' id='word_1_806' title='bbox 1154 5186 1247 5253; x_wconf 88' lang='lat' dir='ltr'>hac</span> <span class='ocrx_word' id='word_1_807' title='bbox 1292 5183 1414 5234; x_wconf 87' lang='lat' dir='ltr'>nihil</span> <span class='ocrx_word' id='word_1_808' title='bbox 1440 5187 1650 5253; x_wconf 85' lang='lat' dir='ltr'>constat,</span> <span class='ocrx_word' id='word_1_809' title='bbox 1685 5198 1823 5248; x_wconf 78' lang='lat' dir='ltr'>posse</span> <span class='ocrx_word' id='word_1_810' title='bbox 1852 5192 2012 5235; x_wconf 77' lang='lat' dir='ltr'>tamen</span> 
     </span>
    </p>
   </div>
   <div class='ocr_carea' id='block_1_102' title="bbox 418 5251 1809 5322">
    <p class='ocr_par' dir='ltr' id='par_1_102' title="bbox 418 5251 1809 5322">
     <span class='ocr_line' id='line_1_103' title="bbox 418 5251 1809 5322; baseline -0.009 -10"><span class='ocrx_word' id='word_1_811' title='bbox 418 5251 520 5313; x_wconf 84' lang='lat' dir='ltr'>tolli</span> <span class='ocrx_word' id='word_1_812' title='bbox 538 5251 693 5310; x_wconf 87' lang='lat' dir='ltr'>cilicia</span> <span class='ocrx_word' id='word_1_813' title='bbox 719 5256 899 5322; x_wconf 69' lang='lat' dir='ltr'>prazvia</span> <span class='ocrx_word' id='word_1_814' title='bbox 917 5252 1281 5317; x_wconf 86' lang='lat' dir='ltr'>dispensatione</span> <span class='ocrx_word' id='word_1_815' title='bbox 1302 5251 1590 5313; x_wconf 89' lang='lat' dir='ltr'>permittunt</span> <span class='ocrx_word' id='word_1_816' title='bbox 1607 5255 1809 5302; x_wconf 90' lang='lat' dir='ltr'>statuta.</span> 
     </span>
    </p>
   </div>
   <div class='ocr_carea' id='block_1_103' title="bbox 492 5371 2016 5447">
    <p class='ocr_par' dir='ltr' id='par_1_103' title="bbox 492 5371 2016 5447">
     <span class='ocr_line' id='line_1_104' title="bbox 492 5371 2016 5447; baseline -0.007 -16"><span class='ocrx_word' id='word_1_817' title='bbox 492 5380 635 5447; x_wconf 73' lang='lat'>(359)</span> <span class='ocrx_word' id='word_1_818' title='bbox 662 5374 1002 5447; x_wconf 70' lang='lat' dir='ltr'>Monasterium</span> <span class='ocrx_word' id='word_1_819' title='bbox 1023 5374 1105 5447; x_wconf 79' lang='lat' dir='ltr'>est</span> <span class='ocrx_word' id='word_1_820' title='bbox 1116 5372 1457 5447; x_wconf 63' lang='lat' dir='ltr'>constructum</span> <span class='ocrx_word' id='word_1_821' title='bbox 1488 5371 1539 5447; x_wconf 80' lang='lat' dir='ltr'>in</span> <span class='ocrx_word' id='word_1_822' title='bbox 1576 5371 1870 5447; x_wconf 71' lang='lat' dir='ltr'>occidentali</span> <span class='ocrx_word' id='word_1_823' title='bbox 1893 5372 2016 5447; x_wconf 76' lang='lat' dir='ltr'>Lon-</span> 
     </span>
    </p>
   </div>
   <div class='ocr_carea' id='block_1_104' title="bbox 416 5436 3709 5540">
    <p class='ocr_par' dir='ltr' id='par_1_104' title="bbox 416 5436 3709 5540">
     <span class='ocr_line' id='line_1_105' title="bbox 416 5436 3709 5540; baseline 0.004 -45"><span class='ocrx_word' id='word_1_824' title='bbox 416 5436 588 5540; x_wconf 43' lang='grc' dir='ltr'>Ἥξει</span> <span class='ocrx_word' id='word_1_825' title='bbox 617 5436 1055 5540; x_wconf 33' lang='lat' dir='ltr'>ingenuas?</span> <span class='ocrx_word' id='word_1_826' title='bbox 1092 5438 1230 5491; x_wconf 78' lang='lat' dir='ltr'>titulo</span> <span class='ocrx_word' id='word_1_827' title='bbox 1253 5439 1307 5489; x_wconf 91' lang='lat' dir='ltr'>s.</span> <span class='ocrx_word' id='word_1_828' title='bbox 1329 5437 1479 5500; x_wconf 82' lang='lat' dir='ltr'>Petri,</span> <span class='ocrx_word' id='word_1_829' title='bbox 1505 5436 1568 5488; x_wconf 87' lang='lat' dir='ltr'>de</span> <span class='ocrx_word' id='word_1_830' title='bbox 1591 5450 1685 5501; x_wconf 86' lang='lat' dir='ltr'>quo</span> <span class='ocrx_word' id='word_1_831' title='bbox 1708 5437 2016 5489; x_wconf 85' lang='lat' dir='ltr'>Mabillonius</span> <span class='ocrx_word' id='word_1_832' title='bbox 2127 5538 2142 5540; x_wconf 20' lang='grc' dir='ltr'><strong>Δ</strong></span> <span class='ocrx_word' id='word_1_833' title='bbox 2357 5436 3444 5536; x_wconf 39' lang='grc' dir='ltr'>ᾖηῶξξῶηξέξξξξξεῖξζίξῶῖέτεη</span> <span class='ocrx_word' id='word_1_834' title='bbox 3465 5485 3634 5538; x_wconf 56' lang='lat' dir='ltr'>Sum</span> <span class='ocrx_word' id='word_1_835' title='bbox 3658 5487 3709 5540; x_wconf 63' lang='lat' dir='ltr'><strong>in</strong></span> 
     </span>
    </p>
   </div>
   <div class='ocr_carea' id='block_1_105' title="bbox 419 5508 3714 5617">
    <p class='ocr_par' dir='ltr' id='par_1_105' title="bbox 419 5508 3714 5617">
     <span class='ocr_line' id='line_1_106' title="bbox 419 5508 3714 5617; baseline 0.009 -42"><span class='ocrx_word' id='word_1_836' title='bbox 419 5517 610 5579; x_wconf 73' lang='lat' dir='ltr'>tom-1.</span> <span class='ocrx_word' id='word_1_837' title='bbox 638 5511 814 5617; x_wconf 52' lang='grc' dir='ltr'>Αηητξιι</span> <span class='ocrx_word' id='word_1_838' title='bbox 1079 5607 1094 5617; x_wconf 73' lang='lat'>_</span> <span class='ocrx_word' id='word_1_839' title='bbox 1153 5607 1185 5617; x_wconf 47' lang='grc' dir='ltr'>η</span> <span class='ocrx_word' id='word_1_840' title='bbox 1304 5605 1321 5617; x_wconf 71' lang='lat'><em>_</em></span> <span class='ocrx_word' id='word_1_841' title='bbox 1421 5605 1433 5617; x_wconf 35' lang='grc' dir='ltr'>ι</span> <span class='ocrx_word' id='word_1_842' title='bbox 1505 5604 1569 5617; x_wconf 35' lang='grc' dir='ltr'>Δ.</span> <span class='ocrx_word' id='word_1_843' title='bbox 1941 5606 1989 5617; x_wconf 48' lang='grc' dir='ltr'><em>Η</em></span> <span class='ocrx_word' id='word_1_844' title='bbox 2115 5508 3264 5617; x_wconf 43' lang='grc' dir='ltr'>αηὶῖνῆᾢ</span> <span class='ocrx_word' id='word_1_845' title='bbox 3279 5508 3714 5614; x_wconf 47' lang='grc' dir='ltr'>έῖίπξυῗὲηῒιωιέ</span> 
     </span>
    </p>
   </div>
   <div class='ocr_carea' id='block_1_106' title="bbox 485 5604 3713 5688">
    <p class='ocr_par' dir='ltr' id='par_1_106' title="bbox 485 5604 3713 5688">
     <span class='ocr_line' id='line_1_107' title="bbox 485 5604 3713 5688; baseline -0.005 -13"><span class='ocrx_word' id='word_1_846' title='bbox 485 5617 629 5688; x_wconf 75' lang='lat'>(360)</span> <span class='ocrx_word' id='word_1_847' title='bbox 665 5612 885 5670; x_wconf 81' lang='lat' dir='ltr'>Ecclesia</span> <span class='ocrx_word' id='word_1_848' title='bbox 920 5607 1216 5662; x_wconf 80' lang='lat' dir='ltr'>cathedralis</span> <span class='ocrx_word' id='word_1_849' title='bbox 1264 5605 1325 5660; x_wconf 87' lang='lat' dir='ltr'>ad</span> <span class='ocrx_word' id='word_1_850' title='bbox 1364 5604 1651 5660; x_wconf 84' lang='lat' dir='ltr'>orientalem</span> <span class='ocrx_word' id='word_1_851' title='bbox 1696 5604 1840 5659; x_wconf 67' lang='lat' dir='ltr'>dictae</span> <span class='ocrx_word' id='word_1_852' title='bbox 1881 5606 2017 5658; x_wconf 87' lang='lat' dir='ltr'>urbis</span> <span class='ocrx_word' id='word_1_853' title='bbox 2115 5617 2292 5659; x_wconf 86' lang='lat' dir='ltr'>annum</span> <span class='ocrx_word' id='word_1_854' title='bbox 2318 5620 2346 5661; x_wconf 89' lang='lat' dir='ltr'>a</span> <span class='ocrx_word' id='word_1_855' title='bbox 2364 5604 2495 5663; x_wconf 76' lang='lat' dir='ltr'>beati</span> <span class='ocrx_word' id='word_1_856' title='bbox 2518 5610 2734 5675; x_wconf 67' lang='lat' dir='ltr'>Rusoni:</span> <span class='ocrx_word' id='word_1_857' title='bbox 2757 5611 2892 5667; x_wconf 87' lang='lat' dir='ltr'>obitu</span> <span class='ocrx_word' id='word_1_858' title='bbox 2913 5604 3054 5667; x_wconf 68' lang='lat' dir='ltr'>vécet</span> <span class='ocrx_word' id='word_1_859' title='bbox 3092 5604 3474 5683; x_wconf 70' lang='lat' dir='ltr'>octuagestinuin</span> 
     </span>
    </p>
   </div>
   <div class='ocr_carea' id='block_1_107' title="bbox 3108 6389 3477 6404">
    <p class='ocr_par' dir='ltr' id='par_1_107' title="bbox 3108 6389 3477 6404">
     <span class='ocr_line' id='line_1_108' title="bbox 3108 6389 3477 6404; baseline 0.005 -4"><span class='ocrx_word' id='word_1_860' title='bbox 3108 6389 3215 6401; x_wconf 66' lang='lat'>_.</span> <span class='ocrx_word' id='word_1_861' title='bbox 3250 6390 3477 6404; x_wconf 34' lang='grc' dir='ltr'>*κὶ-</span> 
     </span>
    </p>
   </div>
  </div>
