3938 6444
196 355 321 408 1101

1576 356 1755 411 VITA.
1788 384 1857 396 —
1885 355 2012 410 LIB.
2055 355 2120 411 ν.

3351 351 3488 408 1102

195 476 352 530 nobis
387 492 400 532 :
437 499 458 524 α
496 477 665 546 Hujus
714 477 861 532 diem
912 478 1102 547 judicii
1155 479 1324 547 illam,
1383 479 1601 536 volente
1651 481 1787 546 Deo,
1811 481 1867 540 Α
1895 477 2150 534 videlicet
2169 476 2372 533 utendo
2391 475 2632 547 legitime
2643 474 2933 544 judiciaria
2960 479 3246 545 potestate.
3269 472 3490 530 Adbmc

196 565 485 632 habebitis,
522 582 630 636 qua
676 565 831 620 istius
881 568 1058 622 carnis
1118 569 1386 623 sarcinam
1425 569 1730 639 deponetis.
1770 591 1792 616 ι

196 651 289 706 Ille
319 661 539 707 econtra
574 669 586 707 :
627 675 648 704 ι
683 654 807 708 Non
837 663 1001 719 recte,
1035 655 1230 726 inquit,
1255 657 1625 712 sentitis.Non
1651 655 1795 710 enim

189 739 398 809 judicii,
433 741 528 794 sed
578 741 770 812 gratia:
820 751 872 797 et
919 743 1308 800 misericordiae
1349 744 1467 800 dies
1516 745 1633 813 erit,
1693 760 1796 815 qua

201 843 304 898 ego
334 827 619 902 defungar.
660 851 682 879 ι

265 916 484 986 Stupori
515 918 878 988 praesentibus
913 935 1239 992 magnaeque
1297 920 1397 975 fuit
1449 921 1796 977 admirationi

198 1009 336 1059 inter
365 1005 687 1075 multiplices
715 1007 988 1063 cruciatus
1021 1008 1534 1064 violentissimarum
1571 1009 1794 1080 aegritu-

195 1090 379 1146 dinum
412 1091 612 1149 invicta
642 1109 862 1165 semper
891 1095 1056 1150 animi
1097 1097 1214 1165 ejus
1232 1096 1514 1153 fortitudo.
1547 1098 1628 1152 Ita
1651 1097 1795 1152 enim

195 1195 254 1234 se
282 1179 338 1234 in
366 1179 586 1248 lectulo,
618 1198 741 1237 cum
763 1182 946 1250 vellet,
970 1184 1023 1238 in
1057 1184 1198 1239 latus
1254 1184 1401 1240 aliud
1445 1201 1505 1240 se
1559 1185 1791 1258 girabat,

193 1267 265 1322 ita
294 1267 515 1324 robuste
555 1269 836 1340 incedens,
866 1286 992 1327 cum
1039 1273 1322 1328 secederet
1348 1289 1379 1327 a
1406 1273 1626 1337 lectulo,
1687 1289 1794 1345 quo

197 1364 307 1410 erat
323 1372 571 1424 necesse,
586 1357 698 1412 ibat
727 1367 779 1414 et
799 1359 1029 1429 redibat,
1052 1369 1111 1414 ut
1125 1376 1487 1434 congressum
1504 1362 1794 1433 quemdam

196 1450 246 1497 et
276 1443 588 1500 conflictum
620 1461 744 1501 cum
771 1445 1087 1503 infirmitate
1116 1449 1368 1520 corporis
1399 1449 1571 1505 virtus
1629 1449 1794 1504 animi

195 1532 314 1601 ejus
371 1531 560 1588 iniisse
608 1535 909 1604 putaretur.
971 1535 1111 1592 Hinc
1170 1545 1220 1592 et
1277 1537 1528 1592 dicebant
1571 1537 1788 1606 medici,

193 1619 356 1688 hujus
403 1629 592 1691 gestus
643 1621 964 1678 intuentes:
1001 1647 1022 1670 α
1080 1626 1219 1680 Vere
1278 1625 1502 1695 spiritus
1557 1626 1792 1680 hominis

193 1706 349 1761 istius
381 1715 646 1762 sustentat
675 1708 1039 1766 inﬁrmitatem
1070 1712 1362 1780 ejus.Vere
1383 1729 1507 1768 cum
1526 1713 1792 1784 Apostolo

1897 566 1991 622 ille
2013 567 2239 623 verbum
2270 564 2512 636 protulit,
2537 564 2681 636 quod
2701 563 2947 634 pluribus
2975 561 3310 618 audientium
3351 577 3492 633 gau-

1897 655 1989 710 dio
2015 653 2224 725 pariter
2252 662 2306 708 et
2361 653 2622 708 miraculo
2669 651 2805 706 fuit:
2834 673 2856 702 ‹
2920 650 3080 718 Odio,
3150 649 3345 721 inquit,
3405 657 3495 705 aut

1897 758 2104 808 amore,
2139 743 2238 798 sed
2266 758 2367 797 nec
2388 741 2608 812 quidem
2627 756 2726 811 spe
2753 739 2840 796 vel
2869 740 3083 808 timore,
3116 753 3367 810 personae
3393 753 3493 793 seu

1897 831 1978 886 rei
2013 831 2421 901 cujuscumque,
2480 843 2760 900 nunquam
2807 843 2840 882 a
2878 827 3107 883 veritate
3159 825 3350 896 judicii
3405 841 3495 882 me

1897 919 2131 974 scienter
2160 918 2496 975 exorbitasse
2542 916 2783 972 memini.
2834 916 2890 972 Si
2929 915 3227 985 judicando
3277 913 3492 970 deviavi

1896 1023 1927 1062 a
1947 1015 2118 1074 recto,
2151 1007 2257 1062 hoc
2287 1006 2524 1077 propria
2552 1003 2895 1078 ignorantiae,
2929 1011 3022 1059 aut
3053 1010 3204 1061 certe
3236 1002 3490 1059 assiden-

1896 1095 2048 1161 tium,
2081 1094 2288 1151 crimen
2321 1093 2444 1148 fuit.
2488 1117 2510 1143 »

1967 1184 2083 1239 Nec
2101 1182 2545 1254 praetereundum
2573 1179 2878 1237 inconsulte
2920 1179 3135 1237 videtur
3175 1179 3323 1252 quod
3379 1179 3483 1248 vir,

1896 1271 2061 1328 totius
2090 1287 2309 1343 semper
2340 1270 2589 1327 vanitatis
2617 1277 2669 1326 et
2697 1268 3094 1341 superstitionis
3147 1268 3490 1337 adversator,

1895 1367 2116 1434 gustum
2144 1360 2325 1432 potius
2353 1358 2598 1416 carnium
2626 1358 2684 1412 in
2697 1357 2956 1414 extremis
2969 1357 3130 1426 hujus
3145 1355 3488 1430 aegritudinis

1896 1463 2060 1518 quam
2091 1463 2244 1503 esum
2275 1461 2377 1517 pro
2397 1446 2543 1502 bono
2571 1444 2896 1502 obedientiaa
2933 1458 3281 1518 nequaquam
3318 1459 3484 1515 repu-

1893 1535 2140 1591 diaverit.
2183 1533 2612 1608 Suggerentibus
2660 1549 2858 1604 nempe
2895 1532 3104 1599 amicis,
3157 1540 3209 1589 et
3258 1531 3486 1589 medicis

1893 1623 2267 1678 asserentibus
2298 1623 2426 1695 quia
2455 1621 2634 1678 hieme
2649 1628 2922 1678 transacta
2949 1620 3162 1678 facilius
3176 1628 3482 1687 curaretur,

1893 1711 1941 1766 si
1978 1711 2117 1768 cibis
2173 1710 2625 1768 esculentioribus
2677 1709 2931 1766 affectum
2981 1710 3095 1779 jam
3142 1724 3339 1781 corpus
3361 1752 3375 1776 ,
3431 1717 3486 1766 et

193 1794 454 1892 insultare
483 1803 661 1866 potest
693 1796 794 1852 iste
824 1798 1042 1870 corpori
1073 1799 1260 1854 mortis
1288 1801 1467 1870 hujus,
1493 1809 1547 1856 et
1575 1801 1788 1858 dicere:
1820 1831 1874 1892 Β
1895 1799 2172 1870 quartanis
2200 1799 2479 1870 algoribus
2505 1806 2630 1870 post
2658 1798 2796 1854 alias
2839 1797 3022 1854 febres
3068 1797 3482 1870 congelascens,

198 1906 220 1930 α
259 1882 487 1952 Quando
517 1883 780 1955 infirmor,
817 1894 946 1942 tunc
1004 1887 1193 1944 fortior
1250 1905 1371 1943 sum
1393 1897 1445 1944 et
1501 1897 1693 1960 potens
1722 1890 1799 1961 (ιι
1821 1882 1871 1892 ”
1895 1887 2064 1944 foveri
2111 1888 2471 1959 permisisset,
2511 1887 2670 1956 jussit
2714 1886 3181 1959 archiepiscopus,
3222 1894 3272 1942 et
3302 1885 3360 1942 in
3396 1901 3487 1942 re-

201 1970 323 2027 Cor.
356 1987 460 2038 xu,
498 1974 605 2043 10),
648 1996 668 2021 υ
704 1975 819 2030 Vox
851 1991 1068 2046 quoque
1098 1976 1171 2031 ita
1202 1992 1366 2033 succo
1395 1977 1575 2048 plena,
1599 1977 1792 2044 virilis,

196 2067 274 2124 ut,
300 2059 426 2116 licet
456 2061 801 2128 submissior,
835 2062 1087 2119 subtilior
1115 2072 1300 2120 tamen
1327 2065 1487 2122 solito
1517 2082 1623 2120 non
1661 2066 1796 2120 satis

199 2147 499 2202 audiretur.
533 2148 844 2205 Lectionem
865 2159 990 2221 post
1018 2153 1461 2225 martyrologium
1483 2155 1553 2209 de
1571 2154 1798 2210 Joannis

197 2235 500 2308 Evangelia
515 2236 634 2307 ipsa
651 2254 867 2310 quoque
879 2238 987 2307 die,
1004 2255 1110 2312 qua
1125 2241 1378 2309 decessit,
1398 2242 1633 2313 propriae
1649 2231 1800 2298 vocis

199 2325 467 2379 sonituita
489 2325 769 2381 terminari
798 2326 944 2394 fecit,
970 2337 1027 2382 ut
1052 2328 1140 2383 die
1161 2329 1397 2384 crastino
1412 2330 1487 2384 ibi
1508 2346 1694 2386 coram
1723 2331 1799 2385 fu-

201 2427 335 2467 nere
367 2413 484 2482 ejus
514 2413 584 2468 ad
617 2414 842 2469 missam
871 2415 1132 2487 inciperet
1151 2417 1262 2490 legi
1291 2419 1670 2491 Evangelium,
1708 2418 1802 2473 ubi

200 2499 376 2572 pridie
405 2509 538 2556 nutu
570 2502 741 2573 ipsius
771 2511 944 2559 textus
969 2504 1260 2576 Scripturaa
1273 2506 1518 2576 ejusdem
1539 2507 1696 2564 desiit
1710 2523 1801 2562 re-

203 2589 378 2643 citari.
412 2589 591 2658 Quod,
615 2599 901 2663 postquam
917 2593 1265 2662 advertimus,
1289 2603 1474 2666 utpote
1495 2611 1560 2651 eo
1579 2596 1804 2651 minime

204 2685 550 2747 procurante,
585 2679 872 2749 accidisse,
905 2680 1324 2752 glorificavimus
1354 2684 1548 2751 Deum,
1573 2684 1665 2755 qui
1685 2683 1804 2755 pul-

205 2765 338 2820 chro
383 2766 632 2838 miroque
686 2768 877 2824 ordine
934 2769 1114 2825 omnia
1157 2771 1273 2839 ejus
1311 2787 1478 2842 opera
1530 2772 1808 2844 vitamque

205 2861 377 2909 totam
408 2871 581 2926 usque
611 2855 664 2909 in
696 2855 861 2910 finem
889 2873 1107 2928 semper
1127 2858 1416 2930 dirigebat.
1438 2861 1615 2916 Locus
1645 2861 1808 2916 etiam

206 2941 506 3013 Scripturae
535 2960 762 2999 summa
794 2945 1096 3000 dulcedinis
1124 2947 1455 3019 prasagium
1474 2948 1593 3018 ipsa
1623 2965 1809 3004 rerum

207 3031 368 3097 serie,
428 3048 548 3103 qua:
605 3040 774 3105 gestae
822 3032 1053 3100 fuerant,
1125 3035 1409 3092 manifeste
1463 3037 1806 3107 praeferebat.

207 3119 341 3174 Erat
371 3136 601 3191 namque
631 3120 884 3176 familiari
914 3122 1354 3180 confabulatione
1386 3125 1683 3181 Salvatoris
1715 3142 1811 3181 no-

1894 1976 2215 2032 missionem
2243 1984 2594 2046 peccatorum
2622 1975 2851 2044 injunxit
2881 1975 2952 2044 ei,
2984 1982 3044 2030 ut
3070 1974 3126 2030 in
3144 1974 3236 2030 tali
3265 1989 3486 2047 quoque

1897 2065 2053 2121 diaeta
2109 2064 2338 2121 consilio
2394 2064 2734 2120 medicorum
2789 2079 2989 2135 parere
3043 2063 3342 2120 debuisset.
3393 2062 3492 2120 Ille

1897 2168 2030 2210 vero
2086 2152 2463 2224 praescriptum
2510 2152 2776 2223 objiciens
2831 2151 3042 2208 ordinis
3097 2150 3491 2207 Carthusiensis

1899 2242 2029 2314 (quo
2058 2241 2113 2296 in
2143 2257 2430 2298 commune
2456 2240 2710 2298 omnibus
2737 2240 3024 2309 morbidis,
3046 2239 3193 2295 sanis
3221 2247 3275 2296 et
3324 2239 3492 2296 mori-

1899 2329 2118 2396 bundis,
2139 2345 2266 2386 esus
2277 2329 2560 2386 carninum
2580 2330 2729 2402 (365)
2747 2328 3040 2400 inhibetur)
3056 2329 3111 2384 id
3128 2327 3233 2384 sibi
3246 2327 3492 2384 illicitum

1902 2417 2190 2474 fatebatur.
2225 2418 2356 2484 Sed,
2388 2434 2458 2474 ne
2503 2418 2686 2474 multis
2731 2418 3106 2485 immoremur,
3165 2417 3236 2473 ad
3272 2415 3494 2488 petitio-

1902 2523 2032 2562 nem
2059 2507 2279 2562 demum
2309 2506 2632 2563 clericorum
2664 2522 2904 2576 suorum,
2935 2505 3006 2562 de
3041 2506 3298 2562 mandato
3353 2520 3495 2578 quo-

1906 2612 2012 2668 que
2042 2604 2096 2650 et
2123 2595 2312 2652 sedula
2332 2595 2628 2652 monitione
2645 2594 3048 2651 Cantuariensis
3068 2593 3494 2667 archipraasulis,

1907 2684 2172 2755 susceptis
2200 2701 2300 2756 per
2354 2684 2631 2740 dominum
2703 2683 2998 2740 Robertum
3019 2724 3036 2753 ,
3085 2691 3214 2740 tunc
3281 2681 3500 2755 quidem

1906 2781 2329 2846 procuratorem,
2362 2788 2428 2830 ac
2460 2772 2622 2844 paulo
2651 2780 2774 2844 post
2811 2773 3049 2844 priorem
3077 2773 3134 2829 in
3181 2771 3502 2838 Withamia,

1911 2878 1976 2919 ac
2005 2861 2229 2916 fratrum
2252 2862 2496 2932 ejusdem
2516 2861 2624 2918 loci
2652 2861 2967 2918 hortatoriis
3000 2860 3267 2932 epistolis,
3317 2868 3376 2916 ut
3406 2876 3507 2917 suo

1911 2945 2288 3001 incunctanter
2318 2944 2733 3016 archiepiscopo
2753 2944 2808 2998 in
2838 2945 2942 3000 hac
2971 2945 3089 3014 ejus
3115 2943 3361 3015 jussione
3403 2958 3508 3016 pa-

1912 3041 2081 3099 reret,
2116 3048 2314 3089 carnes
2342 3032 2410 3086 ab
2431 3032 2800 3088 adolescentia
2847 3048 2949 3087 sua
2986 3049 3162 3105 usque
3190 3040 3320 3089 tunc
3364 3032 3514 3087 nulla

1915 3121 2208 3178 occasione
2229 3136 2262 3176 a
2292 3137 2352 3176 se
2374 3121 2682 3192 praelibatas
2713 3121 2768 3175 in
2798 3120 2977 3177 cibum
3008 3121 3256 3192 sumpsit.
3289 3120 3517 3176 Dicebat

210 3207 308 3262 stri
333 3215 386 3262 et
414 3209 637 3265 Marthae
659 3218 786 3266 ante
816 3211 1220 3268 suscitationem
1253 3212 1436 3268 fratris
1467 3213 1583 3282 ejus
1601 3214 1811 3279 Lazari,
1837 3188 1886 3248 Ο
1917 3225 2050 3266 vero
2072 3209 2231 3265 nobis
2255 3226 2268 3264 :
2303 3209 2500 3266 Sciatis
2529 3209 2655 3280 quia
2686 3224 2791 3265 nec
2819 3209 3095 3265 desiderio
3125 3225 3227 3266 nec
3269 3208 3516 3266 remedio

217 3313 343 3368 quae
375 3297 447 3351 ita
471 3298 782 3354 contexitur
817 3314 830 3354 :
868 3321 890 3350 α
922 3301 1066 3355 Dixit
1096 3303 1307 3357 Martha
1339 3301 1407 3358 ad
1435 3303 1619 3358 Jesum
1651 3321 1665 3358 :
1699 3305 1816 3358 Do-

212 3385 381 3451 mine,
416 3385 461 3440 si
493 3385 692 3443 fuisses
725 3388 832 3456 hic,
858 3387 1029 3445 frater
1048 3406 1203 3446 meus
1225 3405 1333 3446 non
1349 3390 1542 3446 fuisset
1569 3400 1819 3447 mortuus

212 3474 400 3545 (Joan.
434 3489 519 3542 χι,
553 3477 663 3545 32),
695 3496 716 3527 ι
747 3484 848 3532 etc.
876 3477 1012 3533 Cum
1033 3477 1176 3533 enim
1204 3479 1340 3535 alias
1362 3480 1655 3536 canonicas
1675 3480 1818 3536 Scri-

214 3571 406 3634 pturas
437 3565 774 3636 temporibus
817 3566 1050 3637 statutis,
1099 3575 1210 3622 tum
1243 3568 1311 3623 ad
1357 3569 1672 3640 matutinas,
1704 3577 1819 3624 tum

214 3651 286 3707 ad
308 3651 528 3706 missam
564 3669 734 3723 suam,
767 3655 1039 3709 annuatim
1061 3655 1232 3727 relegi
1275 3656 1615 3724 instituisset,
1678 3673 1819 3729 qua-

215 3747 344 3795 tuor
363 3740 818 3812 evangelistarum
840 3743 1064 3799 totidem
1085 3744 1255 3800 libros
1269 3746 1416 3816 (364)
1439 3753 1563 3818 post
1589 3746 1819 3816 primam

215 3828 328 3883 diei
361 3829 574 3896 horam,
607 3830 892 3900 praemisso
914 3832 1151 3902 capitulo
1174 3833 1566 3906 martyrologii,
1593 3842 1823 3906 quatuor

218 3917 349 3972 anni
378 3917 718 3988 temporibus
745 3919 954 3991 perlegi
993 3920 1245 3978 faciebat.
1278 3923 1391 3977 Has
1429 3922 1573 3978 enim
1624 3923 1822 3979 lectio-

220 4021 323 4062 nes
355 4006 543 4074 etiam,
577 4022 702 4064 cum
749 4007 1040 4080 equitando
1087 4009 1194 4066 iter
1249 4018 1457 4082 ageret,
1518 4011 1822 4068 nullatenus

217 4094 517 4150 omittebat.

295 4183 552 4239 Hortalus
582 4198 714 4239 vero
744 4191 827 4240 est
866 4200 989 4240 eum
1032 4185 1260 4257 quidam
1282 4203 1347 4243 ex
1378 4187 1570 4244 amicis
1595 4187 1731 4259 suis,
1756 4189 1824 4243 ad

223 4271 553 4344 explendam
579 4281 952 4343 peccatorum,
984 4283 1244 4346 quantum
1266 4275 1447 4342 sciret,
1468 4275 1825 4333 sufﬁcientem

225 4359 658 4428 confessionem,
713 4361 788 4416 ita
833 4361 1070 4417 dicens:
1107 4385 1128 4411 ι.
1177 4362 1336 4432 Quia,
1395 4363 1634 4431 domine,
1688 4365 1826 4422 sicut

223 4448 344 4520 ipse
375 4448 570 4504 melius
599 4448 791 4516 nostis,
825 4448 1100 4506 efficacior
1126 4452 1351 4523 Deoque
1383 4453 1588 4526 gratior
1607 4461 1690 4510 est
1733 4453 1828 4509 illa

1917 3299 2077 3354 nobis
2107 3297 2449 3370 aliquatenus
2479 3314 2602 3354 esse
2629 3298 2827 3369 poterit
2865 3298 3002 3354 adeo
3058 3314 3354 3370 persuasus
3411 3298 3515 3354 iste

1919 3387 2167 3443 carnium
2185 3402 2330 3442 esus.
2362 3387 2770 3453 Verumtamen,
2792 3403 2863 3443 ne
2892 3395 2972 3443 tot
2999 3387 3343 3443 venerabiles
3369 3385 3521 3443 viros

1921 3475 2367 3542 scandalizemus,
2425 3475 2535 3530 imo
2587 3491 2658 3531 ne
2701 3475 2772 3530 ab
2807 3475 2955 3531 illius
3013 3475 3261 3548 vestigiis
3330 3474 3419 3531 vel
3465 3474 3522 3530 in

1919 3572 2093 3620 morte
2115 3565 2230 3633 jam
2252 3563 2414 3635 positi
2448 3564 2768 3619 recedamus
2800 3563 2893 3636 qui
2922 3563 3098 3619 factus
3128 3571 3212 3620 est
3259 3562 3525 3619 obediens

1921 3668 2097 3725 usque
2125 3652 2195 3707 ad
2225 3660 2476 3722 mortem,
2509 3652 2707 3708 dentur
2751 3651 2910 3707 nobis
2971 3667 3186 3709 carnes.
3228 3651 3322 3707 His
3378 3650 3525 3707 enim

1920 3757 2068 3798 nunc
2121 3741 2342 3797 demum
2385 3756 2488 3812 pro
2528 3741 2786 3797 fraternae
2831 3740 3136 3797 dilectionis
3178 3739 3524 3797 condimento

1922 3829 2155 3886 libenter
2181 3845 2490 3886 vescemur.
2532 3853 2554 3879 ιι
2598 3829 3009 3886 Sciscitantibus
3052 3838 3236 3886 autem
3289 3828 3524 3886 medicis

1923 3918 2249 3990 quibusnam
2267 3918 2524 3975 carnibus
2552 3918 2702 3975 vesci
2730 3918 3042 3990 placuisset,
3077 3917 3153 3974 ita
3196 3917 3476 3991 respondit
3509 3934 3524 3973 :

1927 4029 1950 4055 α
1987 4006 2190 4076 Suillis,
2215 4006 2261 4062 si
2291 4006 2448 4062 vobis
2477 4007 2706 4077 videtur,
2755 4007 3008 4078 pedibus,
3059 4023 3197 4080 quos
3237 4005 3526 4062 inﬁrman-

1924 4095 2070 4149 tibus
2111 4110 2144 4150 a
2194 4094 2395 4150 sanctis
2440 4095 2712 4166 quondam
2776 4095 3026 4151 Patribus
3075 4095 3312 4169 legimus
3355 4093 3525 4151 fuisse

1924 4197 2239 4240 concessos.
2288 4206 2310 4232 »ι
2382 4183 2496 4237 Hos
2540 4183 2705 4254 igitur
2751 4183 3055 4254 appositos,
3098 4183 3298 4256 vixque
3334 4182 3528 4256 primis

1925 4271 2182 4328 dentibus
2205 4277 2434 4326 attactos
2448 4270 2612 4339 jussit
2639 4271 2900 4327 amoveri.
2925 4271 3185 4327 Similiter
3212 4270 3283 4327 de
3339 4271 3524 4327 minu-

1925 4360 1995 4416 tis
2023 4359 2331 4415 volatilibus
2360 4358 2643 4415 minimum
2665 4359 2794 4430 quid
2823 4359 3062 4432 gustavit
3089 4360 3258 4432 (366).

2000 4448 2218 4505 Solebat
2277 4447 2457 4515 etiam,
2491 4447 2620 4504 dum
2661 4446 2855 4504 fuisset
2889 4447 3194 4520 incolumis,
3258 4446 3526 4520 quosdam

225 4535 500 4592 confessio
541 4554 664 4609 quae
711 4536 986 4609 specificat
1035 4538 1352 4611 singillatim
1409 4539 1606 4608 omnia,
1667 4557 1828 4612 quam
1856 4537 2076 4604 Dviros
2112 4536 2422 4609 religiosos,
2465 4544 2517 4592 et
2566 4535 2802 4593 maxime
2857 4543 3098 4594 rectores
3145 4536 3523 4594 coenobiorum

225 4621 323 4678 illa
339 4640 460 4696 quae
488 4624 590 4678 sub
621 4626 860 4696 quadam
899 4625 1256 4698 generalitate
1311 4627 1536 4683 includit
1589 4627 1823 4700 singula,

227 4719 283 4767 et
321 4727 420 4769 vos
451 4712 622 4768 multo
641 4721 884 4784 tempore
921 4713 1252 4785 ordinarius,
1284 4731 1387 4771 nec
1424 4731 1535 4772 non
1578 4723 1632 4772 et
1669 4717 1826 4772 dele-

226 4808 384 4871 gatus
423 4799 607 4869 judex,
668 4801 1024 4873 plurimorum
1066 4802 1345 4858 exstitistis
1375 4803 1662 4875 (quantum
1705 4822 1828 4861 me-

227 4888 410 4944 moria
441 4889 673 4960 recolit),
705 4890 938 4961 satagite
968 4889 1232 4956 confiteri,
1267 4907 1423 4963 quos,
1458 4892 1544 4948 vel
1575 4900 1723 4965 quot,
1758 4893 1829 4949 ob

227 4976 498 5047 privatum
516 4993 760 5032 amorem
783 4979 898 5034 sive
943 4980 1128 5034 odium
1171 4980 1576 5050 promoveritis,
1624 4989 1681 5036 ut
1733 4997 1828 5036 as-

1927 4641 2184 4699 arguere,
2218 4624 2309 4697 qui
2340 4633 2539 4697 praater
2575 4625 3024 4681 consuetudinem
3062 4623 3376 4699 regularem
3405 4623 3522 4680 fra-

1926 4715 2101 4769 tribus
2148 4713 2260 4768 suis
2310 4729 2344 4768 a
2380 4713 2638 4770 carnibus
2685 4713 3012 4772 omnimodis
3058 4713 3305 4770 dicerent
3355 4711 3526 4769 absti-

1927 4802 2185 4859 nendum.
2219 4801 2560 4858 Meminimus
2600 4801 2744 4858 enim
2774 4818 2900 4858 eum
2955 4802 3165 4858 cuidam
3211 4801 3391 4858 abbati
3420 4802 3523 4857 ab-

1930 4890 2124 4947 stemio
2153 4890 2280 4946 talia
2311 4891 2588 4962 quondam
2618 4891 2820 4947 dixisse
2853 4909 2867 4948 :
2913 4913 2936 4944 ‹
2969 4893 3075 4959 Τιι,
3109 4891 3302 4963 inquit,
3333 4890 3522 4962 frater,

1929 4994 1964 5035 a
1985 4996 2090 5052 quo
2111 4979 2360 5035 solatium
2389 4987 2442 5035 et
2473 4979 2783 5051 exemplum
2809 4996 3022 5037 sumere
3069 4981 3269 5036 debent
3299 4979 3529 5050 subjecti

230 5064 399 5132 solet,
452 5065 508 5119 in
563 5066 799 5139 negotiis
847 5065 960 5122 suis
985 5111 998 5134 ,
1050 5076 1142 5123 aut
1181 5068 1597 5139 depresseritis,
1651 5070 1832 5126 minus
1933 5069 2028 5137 tui,
2051 5076 2276 5139 propter
2318 5067 2704 5124 abstinentiam
2750 5069 2914 5125 istam
2961 5069 3443 5127 extraordinariam
3470 5069 3527 5125 in

301 5241 443 5314 (36;)
474 5243 608 5292 Nunc
634 5244 777 5293 annis
809 5243 1014 5314 singulis
1031 5244 1260 5314 leguntur
1284 5257 1312 5314 ᾳ
1339 5247 1765 5314 Carthusiensibus
1783 5247 1834 5298 in
1935 5247 2023 5310 tio,
2051 5248 2101 5297 et
2125 5246 2342 5311 tandem,
2368 5257 2497 5299 anno
2523 5247 2672 5310 1568,
2703 5260 2846 5312 paena
2881 5249 2933 5300 in
2955 5251 3341 5314 transgressores
3363 5249 3532 5302 decer-

233 5310 446 5370 capitulo
466 5313 577 5376 post
592 5321 772 5376 nonam
793 5309 1076 5360 canonicam
1095 5311 1263 5361 diebus
1282 5311 1487 5376 festivis,
1509 5313 1636 5364 inter
1651 5316 1836 5366 Pascha
1935 5309 2090 5366 nitur.

233 5380 282 5425 et
301 5376 477 5425 festum
504 5375 734 5426 Omnium
756 5377 1045 5426 Sanctorum
1065 5379 1452 5430 occurrentibus.

2007 5396 2149 5468 (5:68)
2175 5397 2459 5468 obedientia
2484 5400 2683 5468 coactus
2723 5411 2780 5450 eo
2816 5398 2976 5468 adhuc
3012 5402 3236 5468 tempore
3279 5413 3374 5468 quo
3420 5400 3542 5455 ordo

305 5458 452 5525 (365)
481 5459 559 5511 Ab
578 5459 778 5527 exordio
811 5459 939 5510 sacri
967 5460 1180 5527 Ordinis.
1228 5473 1325 5512 non
1353 5475 1412 5514 ex
1447 5467 1714 5527 praecepto,
1758 5466 1842 5516 sed
1938 5458 2150 5518 nondum
2173 5465 2454 5517 solemnlter
2481 5466 2845 5516 renuntiaverat
2869 5467 2969 5516 esui
2995 5458 3234 5518 carnium.

237 5537 297 5576 ex
322 5524 677 5577 consuetudine
697 5525 772 5577 cui
797 5537 928 5578 anno
952 5526 1099 5590 1259,
1127 5529 1335 5579 accessit
1373 5524 1568 5591 publica
1587 5524 1846 5582 renuntia-
