3938 6406
462 344 596 397 1103

1345 340 1400 394 S.
1445 338 1760 394 HUGONIS
1798 338 2014 394 EPISC.
2057 335 2380 392 LINCOLN.
2423 337 2594 393 0RD.
2642 339 2843 394 CART.

3613 341 3754 393 1104

458 497 686 560 utroque
715 489 968 559 peccabis
998 489 1052 542 in
1073 503 1186 542 eos.
1212 490 1289 542 Tu
1320 489 1435 558 ipse
1479 505 1694 560 quoque
1751 503 1861 542 non
1908 487 2050 542 deli-
2074 490 2125 546 Α
2155 494 2212 540 ut
2243 494 2517 556 pastorem
2560 487 2822 542 Ecclesia:
2850 494 3048 542 vestrae
3101 487 3382 558 provideat
3411 487 3462 542 ei
3508 487 3759 558 profutu-

463 579 575 632 cias
598 577 867 632 resecabis
891 577 1006 643 tibi,
1043 578 1137 631 sed
1187 579 1442 643 mutabis,
1475 587 1527 632 et
1584 579 1638 631 in
1684 579 1788 632 hoc
1835 576 2055 647 quidem

461 665 709 718 vanitatis
739 665 946 720 crimen
979 673 1031 718 et
1062 666 1460 734 superstitionis
1492 682 1597 719 non
1631 665 1788 719 facile
1830 665 2052 718 evades.

461 753 579 807 Tibi
607 753 753 808 enim
784 755 854 807 ab
907 752 1224 807 oﬁicialibus
1279 754 1404 817 tuis,
1449 763 1538 808 aut
1571 753 1851 824 legumina
1897 767 2056 822 pere-

463 841 634 911 grina,
668 848 761 894 aut
788 841 965 911 pisces
987 841 1246 895 carnibus
1278 842 1629 910 pretiosiores
1655 860 1670 908 ;
1702 849 1754 894 et
1785 841 1905 895 vice
1963 855 2055 893 sa-

461 929 679 999 giminis
691 929 843 983 varia
855 929 1220 993 condimenta,
1244 929 1535 999 pigmentis
1558 937 1610 983 et
1633 929 1777 984 caris
1813 927 2056 983 confecta

460 1017 648 1081 rebus,
680 1017 1038 1086 parabuntur.
1073 1019 1188 1072 Hoc
1215 1018 1421 1072 discent
1453 1017 1702 1087 exemplo
1732 1017 1932 1070 subditi
1965 1033 2056 1071 ve-

464 1105 561 1158 stri
599 1105 846 1175 apposita
896 1105 999 1158 sibi
1055 1105 1259 1160 fercula
1315 1106 1564 1173 rejicere,
1626 1113 1678 1159 et
1734 1104 2057 1160 commentis

463 1207 758 1263 coquorum
782 1193 936 1246 novis
959 1208 1174 1262 semper
1207 1194 1428 1248 inhiare.
1465 1193 1566 1260 Qui
1605 1207 1742 1248 vero
1781 1193 1911 1246 nihil
1951 1193 2054 1246 ho-

461 1297 580 1334 rum
605 1281 854 1345 voluerit,
889 1291 977 1333 aut
1023 1281 1248 1335 valuerit
1307 1297 1570 1351 qu:erere,
1631 1282 1759 1335 dum
1816 1280 2056 1335 funditus

462 1368 726 1438 apposita,
767 1385 887 1439 quze
946 1384 1141 1424 carnes
1198 1362 1445 1440 tetigere,
1488 1370 1714 1439 respuit,
1776 1369 2056 1424 stomacho

462 1457 606 1510 male
636 1457 938 1511 confortato
965 1473 994 1510 a
1017 1457 1221 1510 mensis
1235 1457 1470 1511 recedet.
1501 1455 1662 1524 Quod
1691 1457 1820 1510 dum
1859 1456 2056 1526 saepius

463 1545 655 1616 egerit,
712 1545 884 1615 primo
942 1545 1313 1608 insomnietas,
1347 1545 1544 1600 deinde
1601 1545 1798 1598 mentis
1845 1552 2051 1614 torpor,

463 1647 525 1686 ac
565 1639 844 1701 postremo
888 1632 1053 1686 totius
1111 1632 1357 1701 corporis
1408 1631 1771 1694 imbecillitas,
1826 1632 1939 1700 jam
1987 1630 2055 1684 ad

459 1720 642 1774 omnia
660 1719 949 1789 spiritualis
979 1719 1101 1774 vitta
1131 1720 1391 1774 exercitia
1421 1719 1711 1773 invalidum
1734 1719 2053 1789 possidebit.

2156 591 2291 627 rum.
2324 597 2344 621 ιι
2380 575 2464 628 Ad
2495 577 2639 645 quod
2671 575 2886 630 tandem
2917 575 3027 630 ait:
3067 595 3087 625 ι
3124 576 3270 629 Deus
3290 575 3343 628 id
3373 573 3534 629 faciat
3566 573 3578 628 ι
3617 599 3639 623 ι»

2229 663 2323 716 His
2382 663 2451 716 ab
2500 679 2565 717 eo
2621 663 2812 729 dictis,
2874 663 3066 717 nudari
3103 663 3330 717 fecimus
3387 663 3757 732 pavimentum

2157 766 2336 804 coram
2368 767 2454 816 eo,
2488 758 2540 806 et
2568 752 2747 806 crucis
2767 751 3004 823 eﬁigiem
3023 751 3228 822 sparsis
3249 751 3451 806 ibidem
3472 751 3754 806 cineribus

2159 838 2458 894 benedictis
2507 840 2878 910 expressimus
2912 855 2924 892 :
2956 838 3107 908 Quos
3154 839 3246 894 ille
3293 839 3479 911 digitis
3521 846 3754 894 econtra

2157 927 2508 993 benedicens,
2566 927 2743 997 capite
2791 928 3031 982 demisso
3087 927 3313 982 adorare
3365 926 3546 998 cmpit.
3597 927 3754 984 Tunc

2157 1015 2279 1070 licet
2309 1015 2377 1068 ab
2405 1031 2498 1070 ore
2529 1015 2644 1084 ejus
2673 1015 2806 1070 satis
2833 1015 2998 1069 invite
3029 1015 3120 1069 tali
3168 1016 3300 1070 hora
3341 1015 3750 1081 secederemus,

2157 1118 2225 1156 ne
2255 1110 2436 1158 tamen
2454 1103 2630 1157 minus
2648 1103 2806 1173 plene
2823 1103 2910 1157 die
2926 1103 3113 1157 ultima
3136 1103 3378 1158 divinum
3394 1103 3512 1174 ipse
3533 1103 3753 1158 audiret

2158 1191 2434 1244 servitium
2465 1192 2483 1261 (
2489 1191 2574 1245 cui
2602 1191 2741 1245 adeo
2771 1191 3004 1261 diligens
3035 1191 3269 1245 studium
3299 1191 3446 1246 omni
3466 1191 3586 1246 vitae
3614 1200 3754 1246 tem-

2156 1294 2290 1348 pore
2321 1287 2678 1334 consueverat
2699 1279 2999 1350 exhibere),
3023 1280 3274 1350 hymnos,
3309 1280 3396 1350 qui
3427 1279 3494 1333 ad
3511 1277 3754 1350 comple-

2157 1366 2355 1420 torium
2387 1367 2493 1421 dici
2525 1367 2718 1432 solent,
2751 1366 3017 1436 coepimus
3046 1367 3358 1422 decantare.
3410 1367 3648 1438 Cumque
3675 1365 3750 1420 ad

2156 1453 2306 1507 illum
2337 1455 2534 1525 psalmi
2563 1455 2740 1510 locum
2758 1455 3050 1520 veniretur,
3085 1455 3176 1508 ubi
3197 1455 3395 1509 dicitur
3427 1471 3439 1509 :
3476 1454 3756 1510 Clamabit

2157 1542 2228 1596 ad
2244 1557 2353 1606 me,
2374 1546 2430 1597 et
2451 1558 2543 1614 ego
2564 1542 2871 1598 exaudiam
2892 1559 3042 1597 eum.
3060 1542 3197 1596 Cum
3219 1545 3335 1612 ipso
3351 1559 3477 1598 sum
3498 1544 3559 1598 in
3574 1543 3754 1598 tribu-

2161 1629 2397 1695 latione,
2429 1633 2672 1701 eripiam
2694 1647 2842 1696 eum,
2877 1635 2932 1684 et
2962 1632 3280 1702 gloriﬁcabo
3302 1647 3431 1686 eum
3461 1631 3748 1699 (Psal.xc,

2159 1719 2268 1784 15),
2311 1717 2403 1772 illo
2435 1717 2508 1772 ita
2538 1717 2653 1773 fieri
2687 1727 2960 1783 monente,
2995 1719 3271 1788 expositus
3316 1727 3397 1773 est
3423 1719 3493 1772 ad
3535 1719 3750 1774 cineres

459 1807 634 1876 Quale
665 1823 793 1862 vero
823 1807 1074 1862 solatium
1095 1823 1122 1860 a
1153 1815 1206 1861 te
1239 1808 1486 1876 recipere
1507 1807 1584 1860 illi
1615 1808 1930 1877 sperabunt,
1965 1806 2055 1877 qui
2077 1831 2129 1890 Β
2158 1805 2306 1874 (368)
2336 1805 2388 1858 in
2411 1806 2593 1860 medio
2622 1805 2859 1861 cinerum
2883 1806 3190 1876 impositus.
3211 1806 3571 1861 Psallentibus
3586 1806 3752 1862 nobis

459 1895 670 1949 diutino
699 1895 874 1950 affecti
906 1895 1086 1959 taedio,
1121 1909 1398 1966 nunquam
1428 1911 1633 1949 mensae
1679 1903 1784 1950 tua:
1826 1910 2054 1950 consor-

459 1983 620 2046 tium,
655 1983 950 2053 quidquam
982 1983 1085 2037 sibi
1117 1983 1465 2037 recreationis
1514 1982 1800 2036 allaturum
1857 1981 2054 2037 certis-

459 2070 596 2124 sime
625 2071 817 2125 sciunt.
853 2072 1010 2138 Nam,
1045 2072 1191 2141 quod
1209 2087 1313 2142 ego
1343 2071 1596 2124 carnibus
1626 2087 1732 2124 non
1757 2078 1894 2134 utor,
1945 2085 2054 2124 non

458 2167 663 2212 tantum
700 2159 807 2213 mei
861 2159 1066 2213 arbitrii
1109 2167 1208 2223 est,
1263 2167 1522 2230 quantum
1563 2159 1765 2213 decreti
1823 2158 2048 2222 ordinis,

454 2247 539 2302 cui
571 2247 740 2302 semel
769 2247 1038 2302 cervicem
1079 2247 1304 2314 subjeci.
1365 2247 1733 2314 Quamobrem
1778 2247 1940 2301 etiam
1997 2246 2050 2299 in

456 2334 608 2405 leges
632 2350 759 2389 suas
789 2337 922 2389 ordo
975 2344 1158 2390 noster
1195 2335 1485 2404 pauciores
1540 2335 1762 2405 colligit,
1827 2335 1953 2405 quia
1994 2333 2050 2388 id

455 2423 602 2494 quod
632 2423 722 2478 ille
773 2423 1028 2488 instituit,
1077 2423 1224 2477 varie
1281 2422 1708 2493 complexionata
1765 2421 2049 2476 multitudo

452 2525 561 2565 non
591 2511 754 2581 capit.
790 2512 948 2565 Vose
981 2511 1213 2575 diverso,
1261 2511 1352 2582 qui
1401 2511 1795 2565 multitudinem
1855 2526 2047 2580 regere

454 2598 794 2668 suscepistis,
829 2599 966 2653 sicut
1015 2600 1257 2652 moribus
1314 2599 1604 2652 multorum
1645 2599 1846 2654 servire
1896 2599 2048 2667 juxta

453 2685 781 2757 legistatoris
821 2686 984 2740 vestri
1040 2687 1364 2740 sententiam
1422 2687 1653 2753 debetis,
1699 2687 1776 2740 sic
1815 2694 1867 2740 et
1905 2685 2047 2740 mul-

454 2774 724 2844 tiplicibus
779 2790 966 2828 eorum
1035 2774 1436 2828 inlirmitatibus
1483 2775 1956 2841 condescendere,
1994 2783 2047 2830 et

444 2862 857 2917 necessitatibus
886 2862 1174 2934 providere
1215 2863 1445 2918 habetis.
1485 2883 1506 2913 ι
1544 2865 1610 2918 Et
1659 2865 1764 2919 hoc
1823 2862 2043 2936 quidem

449 2950 539 3005 ille
567 2951 802 3006 dicebat.

1014 3039 1238 3095 CAPUT
1293 3040 1469 3095 XXV.

451 3162 706 3230 Qualiter
724 3162 790 3240 at;
815 3163 916 3240 hac
940 3164 1054 3240 vita
1075 3136 1571 3240 discesserit—Et
1592 3165 1927 3240 continetur
1941 3163 2039 3221 hoc
2063 3177 2109 3240 ο

622 3235 942 3305 capitulum
965 3235 1023 3289 in
1053 3251 1260 3305 magna
1290 3237 1410 3290 Vita
1441 3235 1540 3290 sub
1575 3237 1748 3305 capit.
1769 3237 1853 3290 16.

514 3357 622 3412 Sed
645 3357 780 3427 jam,
835 3375 956 3429 qua)
1003 3366 1223 3424 restant,
1282 3360 1350 3414 de
1408 3359 1534 3414 boni
1581 3358 1821 3414 doctoris
1868 3357 2040 3413 nostri

443 3460 664 3500 recessu
695 3463 724 3500 a
771 3447 947 3512 nobis,
1008 3455 1064 3501 ut
1097 3447 1382 3518 coepimus,
1443 3447 1797 3517 explicemus.
1858 3447 2038 3501 Pridie

445 3550 607 3604 quam
649 3535 968 3607 migravita
1022 3551 1272 3606 corpore,
1326 3543 1382 3590 ut
1439 3535 1754 3607 frequenter
1810 3535 2038 3607 singulis

436 3623 590 3692 prius
638 3623 954 3694 septimanis
1039 3633 1410 3690 cousueverat,
1491 3625 1742 3680 viaticum
1801 3624 2040 3695 percepit

441 3711 690 3781 corporis
711 3720 764 3766 et
792 3713 1076 3784 sanguinis
1103 3713 1322 3767 Christi.
1357 3713 1520 3767 Sexto
1549 3714 1762 3768 decimo
1804 3711 2036 3768 Kalend.

443 3800 764 3856 Decembris
793 3799 924 3854 feria
969 3800 1154 3871 quinta
1186 3802 1355 3868 (367),
1409 3801 1523 3869 jam
1580 3801 1668 3856 die
1713 3802 2038 3873 advespera-

444 3897 651 3954 scente,
684 3903 808 3944 cum
839 3889 1063 3942 sentiret
1093 3889 1195 3942 sibi
1223 3889 1367 3943 vires
1388 3890 1566 3960 magis
1587 3890 1874 3962 magisque
1903 3890 2041 3946 defi-

447 3992 604 4040 cere,
637 3976 779 4029 misit
833 3977 1097 4046 quosdam
1145 3993 1211 4031 ex
1271 3977 1631 4032 servientibus
1686 3979 1754 4033 ad
1801 3979 2038 4049 priorem

447 4064 942 4133 Westmonasterii,
976 4073 1029 4119 et
1059 4065 1195 4120 alios
1223 4066 1383 4120 etiam
1431 4067 1502 4121 ad
1545 4067 1806 4122 decanum
1855 4068 2039 4123 Sancti

448 4153 619 4219 Pauli,
644 4169 744 4223 pro
764 4154 1149 4223 accersiendis,
1183 4155 1322 4209 sicut
1350 4155 1563 4225 pridem
1613 4156 1868 4223 jusserat,
1929 4157 2041 4212 cle-

448 4237 576 4294 ricis
611 4246 662 4292 et
709 4238 989 4293 monachis
1036 4238 1089 4291 in
1132 4239 1452 4310 obsequium
1496 4239 1701 4294 funeris
1755 4241 1858 4295 sui.
1912 4242 2041 4296 Post

446 4327 562 4381 haec
620 4325 872 4396 imposita
915 4327 1114 4381 diutius
1191 4328 1378 4384 vertici
1434 4336 1619 4383 nostro
1675 4329 1897 4384 dextera
1943 4344 2041 4384 sua

445 4415 842 4471 commendavit
872 4431 973 4470 nos
1012 4424 1065 4471 et
1085 4416 1368 4472 universos
1399 4416 1540 4471 ﬁlios
1568 4431 1694 4472 suos
1726 4419 1862 4483 Deo,
1903 4432 2040 4473 voce

2158 1891 2516 1960 festinantius,
2549 1894 2638 1948 ille
2661 1894 2804 1947 vultu
2835 1894 3208 1964 placidissimo
3248 1895 3494 1966 spiritum
3539 1894 3746 1950 sensim

2153 1980 2464 2052 colligebat,
2496 1997 2656 2052 quem
2688 1990 2813 2036 tunc
2842 1983 2896 2036 in
2927 1998 3118 2037 manus
3140 1983 3448 2038 Conditoris
3505 1983 3748 2049 tradidit,

2152 2084 2276 2123 cum
2295 2069 2560 2123 Simeonis
2588 2070 2856 2124 canticum
2878 2070 3224 2140 psallentium
3273 2073 3470 2127 chorus
3519 2071 3748 2128 recitare

2150 2158 2388 2226 incmpit.
2436 2157 2631 2228 Sicque
2664 2166 2772 2212 tam
2829 2159 3148 2230 prophetico
3207 2175 3368 2232 quam
3427 2159 3748 2231 evangelico

2152 2246 2346 2301 claruit
2367 2245 2693 2309 testimonio,
2729 2245 2851 2316 quia
2882 2255 2988 2300 tam
3022 2247 3236 2313 crebro,
3269 2256 3326 2302 ut
3371 2248 3746 2320 praediximus,

2153 2342 2434 2406 rogantem
2491 2333 2594 2388 sibi
2666 2334 2785 2388 dari
2845 2350 3035 2403 pacem
3117 2336 3382 2390 Dominus
3450 2335 3742 2392 exaudivit.

2151 2422 2441 2476 Probatum
2475 2437 2710 2493 quoque,
2743 2430 2795 2477 et
2824 2422 2955 2477 illud
2990 2423 3273 2480 verissime
3304 2437 3408 2490 est,
3453 2425 3595 2496 quod
3625 2424 3748 2495 ipse

2149 2510 2492 2580 praedixerat,
2538 2511 2674 2582 iquia
2721 2511 2839 2566 dies
2895 2511 3256 2568 defunctionis
3289 2530 3419 2580 suae,
3479 2529 3586 2568 non
3633 2513 3744 2568 sibi

2150 2598 2290 2653 foret
2319 2599 2434 2652 dies
2455 2599 2642 2666 judicii
2691 2599 2869 2669 ipsum
2913 2601 3153 2672 qualibet
3187 2601 3545 2657 amaritudine
3601 2617 3738 2672 per-

2149 2687 2412 2752 cellentis,
2447 2687 2544 2742 sed
2563 2687 2681 2743 dies
2709 2688 2889 2758 potius
2917 2689 3327 2757 misericordiae,
3386 2705 3546 2746 omne
3593 2689 3741 2746 deli-

2148 2783 2289 2830 ctum
2311 2775 2606 2830 clementer
2627 2775 2982 2848 ignoscentis,
3033 2785 3086 2832 et
3130 2777 3248 2833 dies
3303 2779 3492 2850 gratim
3541 2778 3742 2834 leniter

2147 2863 2202 2917 in
2232 2879 2368 2934 pace
2397 2865 2576 2935 ipsum
2598 2865 2914 2932 refoventis,
2946 2874 3236 2936 praestante
3265 2883 3332 2923 eo
3375 2867 3467 2940 qui
3515 2867 3742 2924 miseri-

2145 2953 2385 3007 cordiam
2409 2961 2462 3008 et
2492 2953 2772 3008 veritatem
2794 2969 2918 3008 eum
2947 2954 3179 3025 diligere
3202 2955 3256 3010 in
3293 2957 3441 3012 omni
3487 2957 3596 3012 vita
3637 2972 3744 3012 sua

2143 3040 2311 3108 dedit,
2336 3041 2465 3096 Jesu
2494 3041 2708 3096 Christo
2740 3041 2970 3097 Domino
3019 3051 3225 3109 nostro,
3256 3045 3349 3116 qui
3404 3060 3526 3101 cum
3584 3047 3746 3102 Patre

2143 3137 2196 3183 et
2226 3129 2428 3199 Spiritu
2451 3137 2642 3185 sancto
2671 3129 2803 3186 vivit
2831 3131 2979 3186 Deus
3026 3131 3345 3188 benedictus
3391 3133 3447 3188 in
3501 3133 3729 3190 smcula.

2141 3220 2334 3272 Amen.

2210 3308 2308 3362 Hie
2327 3307 2390 3361 in
2405 3307 2550 3363 serie
2570 3324 2791 3379 magna
2807 3308 2936 3363 vita:
2970 3310 3247 3365 inseritur
3291 3312 3740 3384 comparationis

2139 3396 2452 3452 similitudo
2473 3397 2782 3468 multiplex
2802 3398 2988 3452 nostri
3007 3399 3249 3468 Hugonis
3262 3399 3334 3455 ad
3353 3401 3578 3456 beatum
3597 3402 3739 3456 Mar-

2141 3485 2331 3539 tinam
2365 3499 2377 3538 :
2410 3500 2531 3555 qua:
2557 3499 2659 3555 pro
2687 3485 2922 3540 vitanda
2967 3487 3311 3558 prolixitate
3360 3490 3422 3544 in
3458 3491 3740 3559 presenti

2138 3572 2554 3628 abbreviatione
2593 3576 2676 3628 est
2717 3575 2944 3629 omissa.
2994 3576 3063 3630 Et
3092 3575 3156 3630 de
3200 3575 3305 3631 illa
3350 3577 3737 3634 similitudine

2137 3661 2448 3731 multiplici
2477 3665 2737 3732 sumptus
2767 3665 2849 3717 est
2881 3678 3072 3718 versus
3103 3664 3236 3720 ille:

2316 3749 2547 3805 Martini
2575 3749 2723 3820 felix
2751 3749 3030 3818 imitator,
3060 3753 3247 3808 cultor
3267 3756 3324 3810 et
3353 3752 3550 3810 haeres.

2696 3890 2920 3947 CAPUT
2973 3892 3172 3950 XXVI.

2137 3995 2214 4050 De
2243 3996 2452 4072 visione
2482 3996 2739 4072 cadentis
2767 3997 3001 4072 artioris,
3034 4015 3108 4072 ea:
3137 4016 3246 4072 qua
3266 4004 3503 4072 sumpta
3523 4005 3606 4058 est
3627 4003 3737 4058 illa

2209 4067 2525 4141 antip_hona
2540 4087 2556 4121 :
2571 4069 2612 4141 _A
2625 4068 2748 4124 rbor
2763 4069 2916 4141 cadit
2931 4067 3160 4140 mystici
3175 4070 3353 4127 iudex
3364 4067 3732 4141 sacramenti,

2211 4145 2313 4191 etc.
2346 4137 2414 4190 Et
2447 4142 2531 4192 est
2563 4138 2662 4194 hoc
2693 4140 2870 4210 capit.
2904 4142 2965 4194 in
2990 4137 3202 4212 magna
3231 4143 3373 4209 Vita,
3406 4159 3530 4215 cap.
3557 4146 3650 4198 18.

2209 4245 2366 4298 Anno
2387 4242 2548 4312 igitur
2585 4243 2772 4315 gratiae
2819 4244 3106 4302 millesimo
3162 4247 3535 4305 ducentesimo
3580 4257 3737 4308 sexto

2139 4339 2448 4386 octavarum
2469 4331 2611 4386 beati
2632 4332 2847 4387 Martini
2876 4333 2964 4388 die
3005 4335 3176 4405 (369),
3237 4335 3390 4392 brevi
3445 4337 3735 4396 intervallo

2139 4426 2260 4489 post
2289 4418 2419 4474 solis
2449 4433 2726 4487 occasum,
2776 4421 2892 4476 veri
2952 4421 3096 4477 Solis
3147 4423 3382 4480 imitator
3430 4433 3483 4480 et
3529 4434 3739 4483 amator

446 4519 546 4558 sua
575 4519 714 4574 pene
744 4520 1016 4574 suprema.
1042 4505 1156 4560 Nos
1176 4513 1359 4560 autem
1380 4514 1640 4575 percepta
1659 4505 2037 4561 benedictione
2069 4534 2120 4594 D
2143 4507 2371 4576 Martini,
2412 4507 2869 4564 Lincolniensium
2927 4509 3148 4566 lucerna
3194 4513 3372 4585 Hugo,
3416 4513 3523 4570 luci
3571 4515 3736 4584 hujus

449 4591 615 4657 illius,
645 4591 877 4646 diximus
905 4593 953 4646 ei
983 4593 1161 4656 tertio,
1216 4601 1509 4663 antequam
1538 4593 1763 4648 verbum
1818 4593 2041 4664 aliquod

451 4697 514 4735 ex
546 4696 639 4736 ore
672 4681 786 4750 ejus
812 4681 1010 4737 elicere
1047 4698 1374 4752 possemus:
1413 4706 1433 4728 «
1471 4683 1678 4753 Rogate
1725 4682 2039 4748 Dominum,

516 4858 659 4923 (367)
685 4861 770 4909 His
807 4862 1041 4908 consonat
1066 4859 1351 4908 Hovedenus
1393 4860 1513 4921 apud
1541 4859 1737 4922 Pagium
1781 4861 1828 4909 in
1860 4859 2044 4911 criticis

452 4926 511 4975 ad
539 4926 823 4986 Baronium,
868 4939 977 4986 pag.
1027 4926 1141 4985 708,
1170 4926 1234 4974 ita
1275 4926 1491 4975 scribens
1517 4940 1530 4975 ε
1556 4928 1718 4976 Mense
1762 4927 2042 4976 Novembris

449 5005 532 5040 xvi
561 4993 666 5041 Kal.
701 4992 976 5040 Decembris
1000 4992 1126 5049 feria
1153 4992 1321 5052 quinia
1359 4993 1481 5040 obiit
1501 4993 1640 5052 [Iugo
1683 4993 2042 5042 Lincolniensis

454 5059 714 5118 episcopus
736 5058 1029 5106 Lundoniis.
1057 5058 1187 5108 Obiit
1210 5059 1358 5120 igitur
1381 5060 1433 5108 S.
1462 5060 1598 5119 Hugo
1621 5059 1697 5108 die
1745 5061 1803 5108 ιϐ
1842 5071 2041 5108 novem-

452 5123 569 5181 bris,
599 5137 703 5185 qua:
729 5137 854 5171 anno
886 5125 1028 5180 19.00,
1056 5126 1102 5173 iu
1131 5125 1301 5173 feriam
1345 5126 1561 5184 quintam
1607 5125 1794 5186 incidit,
1836 5137 1932 5174 non
1962 5138 2042 5174 se-

453 5192 618 5251 quenti
660 5191 757 5249 die,
785 5202 876 5250 qua
924 5191 1048 5239 illius
1095 5191 1270 5239 festum
1315 5191 1560 5240 recolitur.
1599 5191 1751 5252 Hujus
1792 5193 1916 5240 ratio
1958 5205 2041 5252 pe-

452 5257 598 5304 tenda
627 5261 701 5304 est
721 5269 778 5304 ex
805 5258 1148 5306 consuetudine
1173 5257 1352 5305 ordinis
1376 5256 1754 5316 Carthusiensis,
1781 5258 1859 5320 qui
1882 5257 2037 5317 jubet,

448 5326 500 5370 ut
526 5322 668 5370 hodie
693 5323 781 5371 sub
805 5326 887 5371 aut
914 5328 1020 5384 post
1044 5323 1411 5384 completorium
1439 5326 1674 5383 mortuus,
1702 5337 1794 5372 non
1816 5325 1912 5386 die,
1942 5337 2035 5386 qua

447 5387 582 5446 obiit,
612 5389 696 5438 sed
719 5391 958 5451 sequenti,
984 5391 1107 5439 libro
1131 5388 1569 5438 anniversariorum
1595 5390 1860 5440 inseratur.

515 5489 649 5552 (368)
688 5491 821 5541 iusta
847 5491 1096 5554 antiquam
1123 5489 1308 5540 ordinis
1325 5489 1738 5555 consuetudinem,
1763 5493 1823 5545 de
1848 5505 1941 5556 qua
1986 5491 2037 5541 in

2142 4595 2324 4650 saeculi
2355 4595 2705 4662 valelaciens,
2738 4597 2924 4652 Solem
2951 4599 3084 4654 adiit
3126 4600 3218 4672 qui
3237 4601 3411 4657 nescit
3456 4617 3734 4660 occasum.

2140 4684 2312 4740 Nocte
2342 4701 2471 4741 vero
2490 4685 2578 4740 illa
2599 4701 2759 4757 quam
2787 4686 2959 4758 ipsius
2999 4689 3261 4745 transitus
3306 4691 3552 4762 proxime
3599 4692 3737 4748 sub-

2140 4863 2336 4913 statutis
2359 4863 2517 4927 Guigo
2564 4865 2760 4927 quintus
2804 4867 3074 4919 Carthasim
3110 4869 3246 4931 prior
3287 4869 3394 4920 haec
3440 4869 3586 4920 habet
3615 4883 3630 4921 :
3658 4871 3737 4921 Ad

2140 4931 2418 5000 morientem
2429 4932 2633 5000 festinat
2639 4934 2799 4993 prior,
2827 4935 2901 4984 vel
2914 4935 2998 4982 cui
3012 4936 3119 4996 ipse
3136 4937 3406 4997 σίνηαι-ξι,
3427 4937 3740 5000 deposiqu

2140 5008 2194 5066 eo
2218 5008 2366 5056 super
2392 4997 2699 5066 benedictum
2722 5000 2934 5051 cinerem
2969 5002 3217 5064 Ietaniam,
3242 5007 3391 5062 prout
3423 4997 3505 5052 res
3521 4997 3732 5066 patitur,

2141 5063 2327 5133 longam
2354 5064 2432 5112 vel
2467 5065 2658 5133 brevem
2683 5067 2892 5127 faciunt,
2916 5063 3259 5118 consuetudine
3287 5070 3379 5119 hac
3415 5063 3539 5119 nunc
3573 5071 3634 5120 ob
3659 5063 3741 5133 pe-

2142 5129 2347 5178 riculum
2392 5131 2696 5181 accelerandi
2753 5136 2962 5183 mortem
3007 5134 3212 5195 sublata,
3252 5137 3406 5186 adhuc
3457 5129 3739 5187 cineres—ut

2140 5199 2254 5310 ante
2273 5197 2483 5258 ρι’ωωὶδὶ
2512 5197 2890 5263 benedicuntur,
2928 5205 3242 5266 sparguntur,
3269 5207 3319 5252 et
3347 5203 3549 5253 Litanite
3572 5203 3739 5264 legun-

2208 5369 2347 5435 (569)
2369 5373 2562 5422 Festum
2589 5375 2642 5425 S.
2671 5375 2870 5425 Martini
2913 5388 3040 5427 anno
3070 5377 3216 5440 I200,
3255 5378 3425 5430 incidit
3460 5379 3512 5430 in
3547 5378 3735 5432 Sabba-

2138 5439 2259 5508 tum3
2299 5442 2349 5488 et
2385 5443 2524 5490 sexta
2570 5444 2853 5508 octavarum
2887 5441 2992 5493 dies
3022 5444 3072 5493 in
3114 5439 3282 5495 feriam
3308 5445 3561 5508 quintam;
3603 5447 3735 5500 unde

2139 5504 2422 5555 conﬁrmata
2449 5509 2565 5557 nota
2583 5505 2702 5572 367,
2730 5507 2779 5558 in
2804 5510 3097 5572 prmcedenti
3118 5512 3278 5574 capite
3301 5504 3473 5576 posita.
