3938 6442
247 383 386 436 1105

1619 385 1796 440 VITA.
1830 413 1898 425 —
1927 385 2058 440 LIB.
2111 388 2171 440 V.

3409 394 3548 446 1106

251 511 473 559 secutus
502 511 622 573 est,
673 511 823 560 certo
872 505 1108 576 quodam
1156 506 1487 562 imminentis
1517 524 1674 563 casus
1703 525 1846 578 prte-
1867 511 1920 569 A
1950 509 2268 565 vastissima
2319 509 2531 565 arboris
2560 513 2797 567 conferri
2826 520 3080 583 putentur
3107 514 3276 568 robur
3303 514 3540 569 immen-

253 592 407 664 sagio
433 633 446 660 ,
501 608 760 662 suprema
811 593 1098 648 clementia
1141 603 1337 650 cuncta
1383 597 1471 666 pie
1501 597 1842 666 disponente,

251 680 345 734 uni
375 695 567 734 eorum
597 681 776 750 (370),
812 681 901 752 qui
931 697 1116 736 secum
1159 683 1322 752 positi
1353 692 1524 750 erant,
1566 685 1681 738 haec
1712 683 1849 739 visio

253 776 591 837 praeostensa
621 767 737 823 fuit.
772 768 941 836 Quam
973 769 1064 824 ille
1111 786 1271 824 mane
1312 770 1453 826 facto
1486 772 1647 826 sociis
1678 771 1848 825 mani-

251 855 453 909 festans
474 897 488 922 ,
540 871 606 910 ea
653 872 773 926 qua
801 855 857 910 in
908 857 1179 912 solemnes
1209 859 1496 930 exsequias
1526 875 1663 930 opus
1694 866 1850 914 erant

249 942 532 998 sollicitius
562 943 764 997 studuit
792 959 1128 1014 praeparare,
1182 946 1440 1011 medicis,
1475 947 1566 1017 qui
1598 947 1843 1013 aderant,

249 1046 374 1086 cum
421 1031 880 1086 subsannantibus
909 1040 962 1086 et
991 1032 1406 1103 objurgantibus
1431 1050 1443 1088 :
1469 1050 1594 1088 nam
1637 1035 1848 1106 physici

247 1119 532 1173 sanitatem
563 1118 612 1173 ei
641 1135 814 1190 usque
840 1119 894 1172 in
915 1120 1106 1175 horam
1139 1120 1381 1175 ultimam
1404 1122 1547 1186 vitae,
1576 1122 1847 1194 vitamque

249 1205 588 1276 spondebant
633 1206 958 1278 longiorem.
1009 1209 1105 1262 Est
1136 1215 1317 1262 autem
1338 1209 1645 1277 hujusmodi
1673 1211 1837 1265 visio.

252 1294 485 1348 Videbat
513 1301 567 1348 et
604 1309 733 1351 ecce
781 1294 837 1348 in
881 1295 1140 1350 viridario
1171 1296 1404 1368 quodam
1433 1297 1621 1367 parieti
1650 1298 1846 1353 domus

249 1380 546 1452 contiguo,
596 1381 650 1437 in
694 1397 802 1453 qua
849 1383 1065 1450 jacebat
1123 1384 1452 1454 episcopus,
1512 1386 1733 1454 putabat
1789 1402 1848 1441 se

251 1469 580 1525 constitisse.
614 1471 856 1541 Eratque
884 1470 990 1526 loci
1019 1470 1178 1539 hujus
1209 1471 1343 1526 situs
1373 1488 1403 1524 a
1433 1481 1586 1542 parte
1616 1473 1842 1540 boreali,

247 1565 301 1611 et
329 1556 396 1610 ab
427 1557 653 1613 occidua
684 1558 907 1629 regione
937 1559 1222 1614 domorum
1255 1559 1422 1630 septis
1469 1560 1841 1626 claudebatur,

246 1644 317 1699 ab
364 1644 571 1700 oriente
602 1645 942 1717 cingebatur,
975 1655 1028 1702 et
1057 1647 1128 1700 ab
1173 1655 1377 1716 austro,
1410 1647 1635 1714 fossato,
1667 1650 1752 1704 cui
1777 1665 1843 1704 ex

246 1741 405 1802 parte
435 1734 600 1788 altera
625 1733 989 1804 pommrium,
1043 1741 1094 1789 et
1143 1750 1210 1789 ex
1260 1736 1427 1790 altera
1473 1738 1840 1792 coemeterium

240 1821 541 1889 adjacebat.
568 1823 748 1914 Ipsum
771 1837 989 1914 quoque
1020 1821 1565 1914 fossatum-dumiset
1584 1825 1841 1896 vepribus
1859 1855 1910 1914 Β

244 1909 714 1965 succrescentibus
734 1909 968 1964 obsitum
998 1919 1136 1966 erat.
1168 1911 1249 1965 Ab
1283 1911 1402 1981 ipso
1429 1912 1598 1984 igitur
1618 1913 1838 1983 parietis

242 1995 404 2061 loco,
466 1997 555 2051 ubi
612 2005 771 2067 caput
824 1997 1004 2053 lectuli
1053 1998 1294 2069 episcopi
1323 1999 1694 2055 decumbentis
1725 2009 1840 2055 erat

242 2085 521 2150 innexum,
569 2085 718 2155 pirus
747 2085 1085 2155 proceritatis
1116 2095 1169 2140 et
1196 2087 1613 2157 pulchritudinis
1659 2088 1838 2144 nimiae

246 2180 300 2228 et
330 2173 630 2238 immensa),
655 2173 817 2245 longe
849 2174 988 2228 ultra
1016 2174 1159 2228 illius
1179 2175 1415 2229 viridarii
1446 2177 1677 2246 spatium
1711 2193 1837 2247 por-

244 2269 392 2317 recta
443 2261 732 2316 videbatur
776 2262 1048 2317 corruisse
1083 2277 1095 2315 :
1129 2263 1281 2331 cujus
1340 2272 1552 2317 vastum
1583 2265 1836 2320 decorem

241 2349 609 2420 decoramque
654 2349 958 2404 vastitatem
1006 2349 1099 2405 ille
1146 2352 1494 2406 vehementer
1537 2352 1832 2418 admirans,

240 2437 373 2492 talia
403 2437 541 2492 intra
586 2453 646 2491 se
677 2437 970 2509 cogitando
1014 2439 1278 2493 tractabat
1309 2456 1323 2492 :
1363 2460 1385 2489 ι
1421 2438 1555 2507 Quis
1599 2457 1835 2512 unquam

241 2533 349 2580 tam
408 2524 691 2596 pulchram
757 2525 964 2595 aspexit
1021 2526 1246 2596 pirum?
1292 2542 1326 2581 ο
1383 2536 1582 2597 quanta
1637 2529 1835 2584 nobilis

241 2613 487 2668 materiei
505 2614 718 2681 jactura
751 2613 852 2668 erit
891 2614 935 2668 si
985 2614 1087 2669 hoc
1118 2614 1172 2668 in
1200 2615 1324 2670 loco
1354 2615 1538 2671 abdito
1564 2625 1836 2686 putrescat

239 2701 648 2773 speciosissima
694 2702 862 2756 arbor
909 2701 1039 2768 ista,
1088 2719 1154 2757 ex
1185 2718 1292 2772 qua
1319 2703 1534 2773 dipticte
1566 2705 1714 2775 (371)
1759 2713 1834 2759 tot

237 2797 463 2860 possent
481 2789 675 2852 excidi,
701 2789 844 2860 quod
868 2790 1028 2844 totius
1052 2790 1259 2862 Anglia:
1280 2791 1394 2846 sive
1425 2792 1612 2846 Gallia:
1645 2793 1833 2847 studiis

239 2877 580 2932 scholasticis
608 2877 906 2948 quivissent
935 2877 1199 2932 sufﬁcere.
1240 2901 1261 2925 ι»
1309 2880 1449 2933 Dum
1495 2881 1609 2935 haec
1647 2896 1831 2936 secum

237 2965 447 3035 sepitus
477 2979 726 3034 corpore,
759 2965 857 3020 sed
887 2965 1052 3020 corde
1081 2965 1366 3032 sollicitus,
1399 2967 1490 3022 ille
1520 2976 1828 3038 pertractat,

238 3053 590 3123 supposuisse
609 3053 843 3108 lacertos
866 3053 1030 3123 stipiti
1045 3054 1246 3124 jacenti
1272 3064 1493 3126 repente
1514 3073 1573 3110 se
1595 3056 1828 3112 videbat.

237 3141 404 3209 Cujus
432 3142 562 3195 dum
591 3141 790 3196 molem
830 3141 1024 3196 leviter
1059 3142 1317 3214 agitando
1345 3151 1627 3213 pertentat,
1663 3152 1830 3199 totum

236 3229 524 3285 confestim
554 3229 760 3301 lignum
787 3273 799 3294 ,
862 3245 1071 3284 summa
1107 3229 1361 3286 facilitate
1391 3232 1461 3286 ab
1491 3232 1600 3287 imo
1644 3232 1832 3287 suble-

237 3326 418 3372 vatum
473 3318 527 3372 in
586 3317 854 3383 brachiis,
923 3317 1078 3389 quasi
1133 3319 1392 3389 ponderis
1441 3320 1573 3375 nihil
1617 3321 1834 3390 penitus

237 3406 502 3474 haberet,
554 3406 657 3461 huc
704 3405 940 3476 illucque
983 3422 1013 3460 a
1061 3422 1120 3461 se
1186 3407 1525 3463 circumferri
1583 3409 1828 3462 miratur.

235 3495 448 3549 Interea
478 3494 654 3548 subito
683 3493 975 3548 ramusculi
1007 3495 1122 3562 ejus
1152 3495 1220 3548 ab
1247 3495 1367 3565 ipso
1398 3496 1576 3567 stipite
1606 3496 1831 3552 decide-

234 3590 396 3648 runt;
429 3581 546 3653 ipse
595 3597 723 3637 vero
753 3581 964 3636 medius
995 3582 1180 3649 vectis,
1231 3583 1426 3654 planus
1453 3592 1614 3656 atque
1642 3585 1834 3640 enodis

236 3670 292 3724 in
321 3670 586 3742 gestantis
613 3669 756 3724 ulnis
784 3671 1105 3740 permansit.
1140 3671 1304 3739 Cujus
1333 3673 1414 3726 rei
1452 3673 1712 3729 miraculo
1741 3673 1832 3728 ille

235 3757 567 3828 stupefactus
604 3757 808 3828 pariter
856 3766 909 3812 et
944 3759 1306 3827 jucundatus,
1358 3768 1411 3814 et
1459 3776 1653 3831 sopore
1707 3777 1832 3816 mox

239 3846 506 3918 deposito,
541 3847 702 3914 hujus
735 3846 884 3901 cordi
914 3863 1014 3902 suo
1043 3839 1366 3918 impressam
1386 3849 1610 3904 visionis
1632 3849 1833 3920 reperit

239 3935 622 4003 conjecturam,
647 3941 703 3988 ut
723 3933 884 3988 etiam
914 3934 1068 3989 labiis
1090 3943 1141 3990 et
1163 3951 1261 3991 ore
1291 3936 1418 3991 talia
1441 3952 1623 3992 secum
1646 3937 1833 4007 loque-

237 4031 384 4078 retur
417 4039 429 4077 :
467 4043 488 4071 κ
525 4022 733 4077 Revera
778 4021 834 4076 in
882 4022 1030 4078 brevi
1058 4023 1351 4078 moriturus
1381 4031 1464 4078 est
1493 4026 1654 4080 homo
1682 4025 1781 4079 iste
1815 4040 1828 4078 :

205 4109 414 4182 'ipsum
448 4110 592 4164 enim
636 4110 1026 4166 demonstravit
1075 4111 1245 4166 arbor
1289 4113 1407 4167 haec
1451 4112 1727 4168 fructifera
1781 4121 1833 4168 et

241 4197 632 4270 pulcherrima.
678 4223 698 4244 η
749 4199 817 4253 Et
856 4199 985 4254 talia
1015 4199 1234 4271 quidem
1263 4199 1364 4254 iste
1395 4200 1463 4254 de
1492 4209 1831 4256 sacramento

237 4285 462 4341 visionis
492 4302 606 4341 sua:
633 4302 693 4341 se
723 4287 792 4341 ad
821 4303 1064 4356 praesens
1094 4287 1425 4341 intellexisse
1455 4303 1615 4342 mane
1651 4287 1831 4342 retulit

236 4374 343 4428 illis
365 4419 377 4439 ,
413 4374 611 4446 quibus
642 4373 851 4429 referre
898 4374 1125 4448 dignum
1154 4375 1305 4429 duxit
1331 4417 1344 4444 ,
1378 4391 1444 4430 ex
1475 4376 1658 4432 sociis.

307 4462 451 4532 Quid
472 4478 600 4518 vero
619 4463 790 4518 facilis
819 4463 910 4516 illa
939 4463 1154 4519 arboris
1175 4463 1476 4518 sublevatio
1506 4464 1823 4534 prmtendat,

234 4567 345 4606 non
374 4551 526 4622 prius
554 4550 750 4622 aliquis
778 4551 1000 4622 agnovit
1029 4567 1190 4622 quam
1222 4551 1313 4606 ille
1345 4551 1438 4622 qui
1475 4552 1578 4606 ista
1608 4552 1676 4606 de
1720 4552 1827 4607 vita
1858 4545 1909 4603 D
1930 4520 2158 4622 θξθίθῗίθ
2207 4519 2387 4573 Beata?

230 4640 375 4694 illius
429 4647 591 4711 atque
651 4639 960 4707 virtutibus,
995 4648 1275 4695 accurtato
1302 4640 1446 4704 licet,
1479 4639 1620 4695 facili
1651 4648 1828 4694 tamen

231 4729 407 4799 stylo,
441 4727 712 4799 digessit?
751 4727 1102 4799 Qumcunque
1150 4728 1296 4782 enim
1341 4728 1559 4782 libellus
1589 4745 1828 4798 praesens

231 4817 302 4871 de
357 4815 543 4871 verbis
589 4824 676 4870 aut
727 4816 897 4888 gestis
954 4824 1212 4886 excerpta
1261 4816 1532 4882 centinet,
1594 4816 1670 4870 ita
1715 4833 1827 4886 prae

230 4903 603 4977 magnitudine
648 4903 902 4958 virtutum
945 4912 998 4958 et
1043 4919 1274 4973 Operum
1322 4904 1420 4960 viri
1473 4904 1646 4960 sancti
1678 4905 1826 4959 testi-

231 4992 432 5047 manda
477 5000 620 5056 sunt,
644 5001 702 5047 ut
724 4991 943 5047 frondes
964 4992 1176 5064 exigua:
1206 4991 1468 5063 facileque
1497 4993 1740 5048 deciduo:
1761 4993 1827 5047 ad

302 5170 583 5234 (370)1psi,
627 5175 678 5221 ut
703 5171 915 5231 vidi-tur,
949 5171 1155 5232 auctori,
1187 5172 1301 5222 dum
1343 5171 1508 5221 subdit
1530 5185 1542 5221 :
1563 5173 1668 5222 Non
1686 5172 1829 5231 prius

228 5240 412 5302 aliquis
440 5238 640 5300 agnovit
657 5251 802 5300 quam
827 5239 914 5288 ille
931 5238 1016 5299 qui
1039 5238 1136 5288 ista
1160 5241 1224 5288 de
1249 5239 1350 5287 vita
1373 5239 1512 5286 illius
1534 5239 1759 5298 digessit.

300 5359 442 5419 (571)
471 5358 692 5421 Βίριίοω,
719 5358 769 5408 id
815 5361 889 5408 est
936 5359 1202 5421 Diptycha,
1227 5371 1314 5408 seu
1357 5356 1551 5408 tabella!
1593 5358 1640 5408 in
1686 5371 1825 5408 usum

229 5426 524 5476 scribarum.

303 5526 448 5588 (372)
475 5527 684 5577 Advenit
709 5528 786 5577 illa
813 5529 1159 5578 monachorum
1187 5531 1235 5576 ct
1260 5528 1544 5576 clericorum
1573 5526 1828 5576 multitudo

230 5608 259 5645 a
284 5594 723 5644 Westmonasterio
741 5598 791 5644 et
815 5595 876 5644 ab
895 5594 1096 5643 ecclesia
1140 5596 1193 5643 S.
1237 5594 1391 5655 Pauli,
1416 5594 1484 5642 uti
1504 5595 1564 5642 S.
1598 5595 1751 5655 Hugo,
1781 5606 1824 5640 e.

227 5663 314 5719 24,
343 5661 573 5722 petierat,
599 5659 680 5710 illa
710 5661 812 5724 ipsa
839 5661 916 5710 die
941 5671 1035 5721 qua
1063 5659 1182 5710 obiit
1204 5659 1293 5709 sub
1317 5659 1653 5720 completorio.

1950 613 2088 650 sum.
2119 619 2141 648 ι
2170 598 2275 652 Sed
2298 615 2475 670 neque
2506 600 2574 660 ad
2595 616 2680 668 ea,
2705 617 2825 672 qua:
2842 601 3102 656 memoria
3132 601 3234 655 ista
3255 602 3544 657 scribentis

1948 684 2380 754 inseparabiliter
2411 688 2479 741 de
2509 690 2849 758 magnalibus
2881 689 3137 744 tanti'viri
3169 690 3392 753 inserta,
3423 691 3540 758 ejus

1947 789 2168 842 semper
2196 775 2402 843 pectori
2433 776 2756 830 cohaerentia
2783 776 3111 843 circumfert,
3144 793 3244 832 nec
3273 778 3390 832 hmo
3423 778 3543 848 ipsa

1948 877 2069 931 qua:
2130 861 2463 916 membranis
2509 863 2725 917 tradidit
2766 864 2922 918 aliter
2977 865 3158 919 valent
3212 866 3538 935 comparari,

1949 964 2112 1018 quam
2162 949 2207 1002 si
2266 950 2466 1004 levium
2517 960 2914 1006 sarmentorum
2955 951 3240 1008 fasciculos
3271 954 3542 1026 contiguis

1947 1036 2086 1091 cmlo
2129 1036 2393 1092 abietibus
2427 1039 2713 1110 cedrisque
2745 1039 3147 1094 sublimissimis
3179 1041 3299 1111 quis
3328 1041 3541 1096 duxerit

1948 1123 2328 1178 conferendas.
2368 1144 2390 1174 ι

2017 1249 2114 1302 llic
2144 1251 2206 1302 in
2236 1251 2380 1304 serie
2402 1266 2622 1320 magna:
2658 1252 2788 1305 Vita:
2813 1255 3110 1321 ponuntur
3134 1251 3260 1305 dua:
3287 1252 3419 1306 alite
3458 1253 3535 1307 vi-

1945 1337 2146 1401 siones,
2173 1337 2287 1391 sive
2325 1339 2698 1394 revelationes
2719 1340 2961 1410 Ilugonis
2988 1340 3180 1410 gloria:
3208 1341 3536 1411 astipulan-

1949 1425 2272 1496 tes:quibus
2299 1425 2621 1480 incidenter
2650 1428 3018 1482 interseritur
3046 1429 3200 1491 visio,
3231 1443 3398 1498 quam
3431 1426 3536 1482 ha-

1944 1511 2064 1566 buit
2134 1515 2372 1583 ipsemet
2410 1512 2561 1583 apud
2598 1515 2921 1584 La/fordum
2953 1516 3209 1570 existens
3240 1514 3304 1567 de
3351 1517 3560 1584 fratre,

1946 1599 2156 1654 Marino
2190 1641 2202 1665 ,
2263 1601 2702 1670 eleemosynario
2764 1619 2862 1658 suo
2910 1601 3060 1673 apud
3101 1601 3261 1657 Stobe
3307 1605 3536 1673 portum

1942 1686 2264 1744 decedente.

2506 1848 2728 1904 CAPUT
2777 1849 2999 1906 XXVII.

1937 2008 2011 2061 De
2023 2009 2270 2086 corporis
2293 2008 2566 2086 defuncti
2577 2013 3009 2086 prreparatione,
3027 2017 3444 2086 exsequiarum,
3466 2015 3537 2072 ut

2009 2076 2404 2155 descripserat,
2429 2076 2820 2155 celebratione,
2845 2083 3091 2155 ejusdem
3125 2076 3275 2155 apud
3305 2076 3529 2141 Lincol-

2008 2149 2167 2202 niam
2195 2149 2503 2212 delatione,
2538 2149 2946 2207 miraculorum
2974 2154 3038 2207 in
3067 2149 3273 2210 itinere
3303 2159 3531 2211 contin-

2005 2220 2259 2295 gentium
2322 2221 2692 2295 recitatione,
2758 2226 2814 2276 et
2853 2223 2918 2276 de
2962 2239 3199 2280 occursu
3224 2241 3423 2295 regum
3470 2232 3528 2281 et

2007 2288 2257 2342 aliarum
2285 2290 2611 2362 sublimium
2639 2307 3034 2362 personarum.
3068 2295 3136 2349 Et
3184 2300 3268 2351 cst
3289 2288 3358 2351 in
3387 2297 3530 2352 serie

2005 2374 2228 2429 magnae
2256 2361 2384 2414 vita:
2413 2360 2514 2415 sub
2557 2360 2734 2432 capit.
2769 2366 2852 2414 l9.

2008 2495 2127 2552 lam
2176 2513 2308 2553 vero
2357 2500 2422 2553 ad
2470 2500 2640 2571 ipsius
2695 2500 3093 2558 funerationem
3149 2506 3529 2561 revertendum

1935 2593 2037 2639 est.
2072 2587 2261 2657 Igitur,
2286 2596 2447 2657 prout
2469 2588 2767 2656 docuimus,
2793 2597 3078 2662 postquam
3097 2593 3198 2646 sub
3227 2593 3375 2662 pacis
3397 2609 3531 2650 can-

1934 2673 2071 2739 tico,
2123 2674 2272 2744 pacis
2301 2682 2506 2730 amator
2535 2677 2690 2746 Hugo
2720 2677 2773 2730 in
2806 2693 2943 2746 pace
2972 2679 3026 2731 in
3056 2678 3292 2749 idipsum
3321 2681 3529 2736 obdor-

1935 2761 2109 2815 miens
2125 2762 2390 2832 requievit
2411 2764 2464 2816 in
2485 2763 2735 2827 Domino,
2751 2766 2936 2835 paucis
2957 2781 3181 2821 suorum
3204 2769 3526 2835 astantibus,

1933 2849 2420 2904 commendationis
2475 2850 2707 2906 officium
2752 2854 2802 2906 ei
2849 2853 3087 2922 parvitas
3143 2862 3365 2921 nostra,
3424 2872 3530 2928 qua

1935 2937 2141 3007 potuit,
2213 2937 2501 2993 devotione
2565 2939 2814 2994 exsolvit.
2866 2941 3003 2996 Hinc
3077 2941 3146 2995 ad
3215 2943 3526 3010 lavandum,

1935 3024 2074 3080 sicut
2125 3024 2243 3095 ipse
2297 3025 2674 3094 disposuerat,
2708 3042 2909 3096 corpus
2940 3031 3055 3094 ejus
3113 3043 3307 3084 manus
3350 3046 3528 3101 appo-

1934 3113 2140 3166 suimus
2189 3112 2461 3184 indignas.
2514 3113 2709 3182 Quod,
2763 3115 2854 3169 ubi
2901 3116 3161 3170 nudatum
3207 3125 3316 3183 est,
3367 3135 3528 3188 supra

1865 3198 1912 3258 Ο
1934 3216 2094 3270 quam
2124 3200 2274 3255 credi
2305 3207 2483 3269 potest
2511 3243 2524 3266 ,
2570 3202 2831 3256 mundum
2861 3210 2914 3256 et
2958 3203 3124 3258 multo
3157 3205 3330 3259 nitore
3362 3220 3528 3261 cons-

1932 3288 2150 3357 picuum
2180 3289 2516 3358 apparebat;
2568 3289 2810 3344 ablutum
2855 3306 2987 3346 vero
3017 3299 3069 3345 et
3099 3292 3388 3364 diligenter
3435 3310 3528 3348 ex-

1931 3383 2137 3430 tersum
2169 3374 2568 3446 pontiﬁcalibus
2597 3376 2872 3432 induimus
2901 3378 3172 3451 insigniis.
3205 3381 3418 3436 Interea
3447 3394 3530 3436 re;

1933 3463 2092 3528 versi,
2129 3478 2266 3534 quos
2296 3463 2432 3533 ipse,
2467 3471 2524 3517 ut
2561 3463 2824 3530 diximus,
2855 3465 2925 3520 ad
2949 3466 3334 3522 'celebratores
3363 3483 3540 3523 exse-~

1933 3550 2182 3621 quiarum
2223 3567 2438 3604 suarum
2477 3552 2858 3607 accersieudos
2877 3553 3282 3619 destinaverat,
3318 3563 3525 3624 septem

1931 3639 2016 3693 vel
2038 3654 2102 3693 eo
2131 3654 2360 3693 numero
2380 3639 2563 3709 plures
2581 3641 2894 3707 monachos,
2919 3641 3192 3712 copiosam
3213 3656 3345 3697 vero
3366 3641 3527 3697 cleri-

1931 3742 2114 3782 corum
2145 3727 2487 3782 deduxerunt
2532 3727 2927 3783 multitudinem
2958 3731 3129 3799 (372).
3183 3729 3266 3783 Ab
3295 3730 3380 3783 his
3410 3736 3523 3784 tota

1931 3814 2100 3884 ipsius
2129 3815 2304 3870 noctis
2332 3815 2502 3885 spatia
2531 3815 2587 3869 in
2634 3815 2850 3886 hymnis
2893 3826 2946 3871 et
2975 3816 3198 3872 canticis
3227 3815 3525 3886 spirituali-

1932 3904 2032 3957 bus
2061 3903 2457 3974 expenduntur.
2509 3904 2687 3959 Posito
2719 3905 2774 3958 in
2802 3905 3053 3960 Ecclesia
3083 3921 3244 3960 sacro
3275 3920 3524 3975 corpore,

1931 4001 1983 4047 et
2011 3991 2118 4045 illis
2146 4007 2246 4060 per
2274 4007 2472 4062 gyrum
2511 3993 2721 4047 votivas
2751 3992 3005 4048 excubias
3045 3993 3444 4049 celebrantibus
3473 4000 3533 4047 et

1931 4079 2430 4150 frequentantibus,
2481 4079 2766 4134 celebratis
2815 4080 2868 4133 in
2933 4081 3170 4136 crastino
3240 4081 3526 4135 missarum

1930 4167 2207 4221 solemniis
2231 4170 2398 4238 (373),
2434 4167 2663 4222 consilio
2684 4165 3022 4223 medicorum
3055 4168 3198 4236 (cum
3228 4168 3283 4223 id
3311 4167 3526 4238 penitus

1930 4254 2047 4310 fieri
2091 4269 2200 4309 non
2248 4263 2503 4325 oportere
2550 4255 2640 4310 alii
2670 4256 2949 4321 sentirent,
2982 4263 3035 4311 et
3063 4257 3394 4324 assererem)
3425 4271 3524 4310 ex-

1929 4352 2010 4397 tra
2057 4358 2090 4397 a
2136 4357 2364 4412 corpore
2413 4342 2529 4410 ejus
2581 4343 2834 4413 quoniam
2861 4343 3079 4415 longius
3131 4343 3202 4397 ad
3248 4342 3525 4412 sepelien-

1929 4432 2059 4484 dum
2085 4431 2286 4500 portari
2333 4429 2556 4494 debuit,
2633 4429 2968 4485 auferuntur.
3025 4430 3158 4499 Quae
3214 4430 3270 4483 in
3327 4430 3521 4486 eadem

2431 4518 2614 4572 Mariae
2658 4519 2728 4572 ad
2775 4526 2926 4572 vetus
2973 4518 3230 4588 templum
3279 4518 3334 4571 in
3391 4532 3524 4572 vase

1928 4606 2184 4678 plumbeo
2213 4606 2492 4661 recondita
2515 4606 2683 4677 (374),
2709 4613 2762 4661 et
2791 4621 2948 4662 secus
2978 4605 3167 4660 altaris
3184 4605 3522 4675 crepidinem

1931 4695 2031 4750 sub
2059 4694 2236 4764 lapide
2279 4709 2589 4748 marmoreo
2637 4695 2863 4749 honeste
2908 4693 3172 4764 reposita,
3224 4693 3523 4763 gloriosum

1930 4783 2154 4838 redivivi
2202 4783 2448 4854 corporis
2497 4783 2579 4836 sui
2628 4782 2886 4852 templum
2915 4789 3218 4850 expectant,
3271 4781 3372 4834 sub
3402 4795 3524 4834 ma-

1930 4873 2086 4926 ximae
2135 4871 2549 4926 resurrectionis
2594 4879 2834 4940 tempore
2885 4869 3111 4924 feliciter
3157 4868 3520 4922 subeundum.

2003 4961 2129 5016 llaec
2179 4968 2357 5014 autem
2387 5001 2400 5027 ,
2456 4959 2579 5014 licet
2631 4959 2864 5013 inaniter
2893 4966 2944 5013 et
2994 4956 3283 5029 superﬂue,
3347 4956 3527 5028 quoad

2000 5136 2142 5202 (575)
2155 5139 2242 5188 Die
2262 5138 2483 5188 videlicet
2505 5138 2559 5186 17
2580 5138 2879 5196 Novembris,
2903 5149 2994 5197 qua
3014 5137 3194 5198 elapsa,
3221 5137 3298 5187 die
3323 5137 3379 5184 18
3395 5135 3528 5197 ejus-

1931 5204 2038 5254 dem
2083 5205 2263 5255 mensis
2306 5217 2473 5253 versus
2513 5205 2812 5254 Lincolniam
2847 5203 3141 5254 transfertur
3165 5204 3345 5254 ibidem
3372 5207 3528 5253 tumu-

1931 5271 2118 5330 landus,
2142 5284 2234 5332 quo
2255 5271 2332 5319 die
2352 5271 2416 5319 23
2440 5271 2594 5331 ejusd.
2610 5271 2710 5330 jam
2735 5271 2850 5320 dicti
2879 5269 3059 5319 mensis
3106 5271 3341 5331 pervenit.
3393 5271 3525 5328 Unde

1934 5339 2221 5387 Hovelenus
2278 5337 2404 5398 apud
2463 5337 2658 5398 Pagium
2707 5337 2754 5385 in
2803 5337 2992 5386 Criticis
3028 5349 3076 5398 p.
3122 5335 3217 5385 708
3259 5335 3319 5385 ad
3347 5349 3524 5386 annum

1937 5404 2083 5460 H94,
2113 5404 2177 5452 ita
2201 5404 2371 5452 scribit
2397 5416 2410 5452 :
2441 5404 2605 5452 Mense
2627 5403 2915 5451 Novembris
2936 5416 3020 5450 xvi
3046 5403 3155 5452 Kal.
3183 5405 3300 5452 Dec.
3317 5403 3449 5462 feria
3474 5417 3525 5464 v,

1933 5469 2063 5517 obiit
2099 5470 2262 5530 Hugo,
2294 5473 2389 5517 etc.
2434 5470 2493 5517 Et
2523 5469 2658 5517 addit
2685 5481 2697 5516 :
2729 5470 2917 5527 Corpus
2940 5471 3043 5530 ejus
3070 5483 3118 5518 ix
3138 5470 3246 5518 Kal.
3275 5471 3525 5519 Decembr.

1936 5535 2206 5585 Lincolniis
2229 5535 2445 5585 delatum
2468 5548 2594 5590 esse.
2620 5535 2802 5582 ibidem
2829 5535 3183 5584 tumulandum.

2005 5655 2144 5716 (374)
2172 5654 2457 5704 Consolatur
2477 5657 2589 5702 nota
2615 5651 2711 5700 342
2740 5652 2796 5700 ad
2825 5665 2868 5700 c.
2908 5653 2991 5700 25.
