3938 6432
374 378 516 434 1107

1243 374 1300 430 S.
1344 371 1658 430 HUGONIS
1694 369 1916 426 EPISC.
1956 366 2282 425 LINCOLN.
2321 365 2486 423 0RD.
2528 365 2776 422 CARTH.

3541 364 3684 416 1108

382 497 664 556 hominum
691 495 1060 569 prudentiam,
1091 503 1246 570 gesta
1286 495 1456 552 fuisse
1501 496 1635 566 ipsis
1676 493 1982 552 visceribus
2010 495 2064 555 Α
2085 491 2372 548 cessabant
2399 489 2542 546 cerei
2596 496 2847 544 naturam
2893 486 3169 558 propriam
3211 485 3550 557 degliscente
3579 499 3684 554 per

386 603 514 644 mox
559 585 837 658 patefactis
884 585 1110 652 claruit;
1160 584 1414 640 divinitus
1461 591 1659 649 tamen,
1693 590 1750 637 ut
1778 582 1853 636 ita
1880 580 1983 636 fie-
2083 579 2278 634 merita
2331 578 2506 633 sancti
2565 577 2820 648 qualitate
2884 574 3138 631 elementi
3193 573 3440 644 triplicis.
3501 571 3686 626 Flatus

388 684 492 742 ret,
524 674 845 745 dispositum
873 673 1143 728 exstitisse
1171 673 1242 728 ad
1273 673 1506 745 gloriam
1550 671 1681 736 Dei,
1713 670 1803 742 qui
1833 685 1983 724 sem-

389 779 489 835 per
517 770 599 818 est
626 762 681 816 in
713 761 916 817 sanctis
947 760 1308 828 admirabilis,
1361 761 1430 815 ad
1474 761 1740 815 honorem
1769 771 1986 828 quoque

389 849 632 920 ejusdem
665 849 810 904 servi
839 848 944 914 sui,
998 848 1153 903 varia
1183 856 1306 919 post
1332 849 1450 904 hmc
1498 847 1702 902 ratione
1729 844 1983 899 innotuit.

389 939 458 994 Et
486 937 706 1010 quidem
755 944 920 1006 tunc,
971 936 1063 990 ubi
1109 952 1272 990 manu
1315 935 1629 1005 chirurgica
1660 933 1780 1004 ipsa
1809 933 1986 986 intra-

389 1041 618 1081 neorum
669 1032 880 1080 secreta
925 1031 1246 1095 patuerant,
1297 1024 1518 1078 inventa
1564 1027 1690 1077 sunt
1719 1019 1815 1074 illa
1856 1019 1991 1074 nihil

387 1112 678 1184 superﬂua:
709 1109 1066 1177 collectionis,
1098 1110 1342 1181 nihilque
1368 1125 1590 1180 prorsus
1618 1106 1900 1172 concreti,
1933 1112 1991 1160 ut

392 1199 614 1266 assolet,
667 1198 910 1254 humoris
939 1198 1083 1253 intra
1111 1215 1171 1253 se
1201 1196 1490 1253 retinentia
1527 1195 1810 1251 continere
1832 1237 1844 1260 ,
1892 1193 1992 1247 sed

389 1286 483 1343 tali
541 1287 779 1359 quodam
833 1285 1129 1357 purissimo
1185 1285 1359 1339 nitore
1414 1283 1794 1355 perlucebant,
1852 1297 1916 1336 ac
1945 1279 1994 1334 si

390 1373 621 1446 plurima
648 1373 883 1430 hominis
923 1373 1208 1446 diligentia
1233 1371 1416 1427 abluta
1445 1378 1648 1438 essent,
1672 1378 1726 1426 et
1752 1369 1992 1440 undique

391 1469 640 1534 purgata.
690 1461 823 1516 Erat
870 1460 1113 1531 profecto
1141 1459 1282 1515 istud
1313 1459 1560 1514 mirabile
1603 1457 1659 1512 in
1702 1456 1874 1512 oculis
1912 1456 1995 1510 in-

394 1549 677 1615 tuentium,
712 1548 809 1603 sed
835 1547 980 1618 apud
1011 1547 1277 1619 quosdam
1321 1546 1594 1618 levigabat
1636 1544 1849 1616 pondus
1894 1543 1997 1599 mi-

396 1636 583 1702 raculi,
620 1651 741 1692 cum
773 1636 1096 1690 abstinentia
1125 1634 1388 1705 temporis
1418 1633 1573 1699 tanti,
1605 1633 1688 1688 vis
1736 1633 1997 1703 dysente-

395 1724 510 1790 ria,
543 1739 651 1796 qua
678 1723 869 1778 diebus
913 1722 1117 1793 aliquot
1163 1731 1288 1778 ante
1334 1729 1566 1777 mortem
1597 1728 1847 1784 vexatus,
1882 1718 1998 1788 ejus

2087 667 2287 739 quippe
2309 682 2520 731 aereus,
2546 666 2746 720 humor
2775 663 3082 734 aquaticus,
3107 670 3160 717 et
3177 661 3438 732 splendor
3466 661 3683 732 igneus,

2088 754 2438 825 triumphanti
2480 753 2680 808 Christi
2726 751 2884 806 militi
2934 751 3076 806 mira
3103 750 3486 820 dependebant
3515 747 3686 802 obse-

2087 843 2234 914 quia.
2293 843 2494 897 Praeter
2549 840 2872 896 sacratiores
2934 853 3063 894 vero
3117 837 3350 892 aliorum
3403 837 3472 891 de
3520 834 3687 889 tantis

2087 945 2317 1000 Operum
2365 929 2466 984 Dei
2509 927 2857 998 magnalibus
2886 925 3182 980 sententias
3207 967 3221 990 ,
3280 925 3422 980 hanc
3469 922 3688 978 interim

2089 1017 2416 1088 simplicium
2471 1015 2598 1070 ﬁdei
2652 1014 3070 1070 commendasse
3124 1011 3387 1077 suﬂiciat,
3419 1010 3545 1082 quia
3574 1025 3690 1066 non

2089 1105 2364 1160 immerito
2410 1104 2528 1175 ipse
2573 1111 2795 1159 sanctus
2824 1110 2930 1156 tam
2953 1101 3194 1170 jucunde
3222 1100 3440 1154 luminis
3479 1100 3692 1154 honore

2093 1194 2378 1249 decoratus
2406 1191 2676 1262 apparuit,
2709 1189 2831 1261 qui,
2863 1189 2932 1244 ad
2959 1187 3129 1244 decus
3156 1187 3340 1242 matris
3368 1187 3486 1242 veri
3518 1186 3687 1241 lumi-

2095 1282 2179 1336 nis
2208 1287 2590 1351 perpetumque
2621 1276 2863 1348 Virginis
2882 1317 2897 1342 ,
2938 1283 3197 1332 consueta
3227 1274 3488 1330 Ecclesia:
3516 1273 3691 1344 ipsius

2094 1367 2398 1434 luminaria,
2429 1365 2731 1434 adjectione
2759 1364 3054 1419 admodum
3082 1377 3373 1418 numerosa
3392 1403 3406 1430 ,
3439 1361 3694 1416 cumula-

2096 1457 2190 1514 vit.
2222 1453 2589 1511 Lincolniensi
2614 1467 2848 1524 namque
2880 1452 3215 1506 thesaurario
3243 1449 3454 1520 amplos
3479 1449 3536 1503 in
3583 1449 3693 1504 hoc

2096 1544 2274 1614 ipsum
2329 1541 2628 1614 assignavit
2683 1540 2928 1596 redditus
2985 1547 3044 1593 ut
3105 1539 3282 1608 ampla
3341 1544 3501 1592 tanta;
3556 1535 3694 1592 aedis

2098 1630 2454 1696 immensitas,
2487 1629 2781 1700 parietibus
2809 1643 2979 1699 prope
3008 1627 3232 1692 nudum,
3256 1625 3396 1680 inter
3421 1631 3693 1680 nocturna

2100 1719 2278 1775 ofﬁcia
2305 1733 2584 1774 cereorum
2625 1717 2848 1772 micaret
2890 1714 3214 1786 fulgoribus,
3248 1722 3305 1768 ut
3333 1711 3565 1767 interdiu
3594 1727 3692 1767 ra-

398 1807 601 1878 impetu
639 1806 966 1863 credebatur
1010 1806 1086 1860 ita
1132 1805 1376 1877 potuisse
1419 1804 1661 1859 funditus
1707 1802 1992 1859 exhauriri.
2018 1838 2070 1897 B
2101 1808 2206 1863 diis
2235 1806 2598 1862 renitescebat
2643 1804 2931 1860 solui-ibus.

398 1894 559 1965 Quod
586 1902 789 1963 tamen,
821 1893 1270 1966 qualitercunque
1301 1892 1500 1949 factum
1528 1892 1615 1960 sit,
1667 1892 1768 1946 hoc
1816 1890 1996 1946 dicere

402 1982 663 2038 veraciter
688 1980 834 2048 licet,
859 1981 986 2053 quia
1014 1980 1249 2036 exterius
1270 1980 1487 2051 quidem
1517 1979 1659 2035 lacte
1689 1978 1994 2044 candidior,

402 2070 549 2126 intus
597 2085 730 2125 vero
786 2076 841 2124 et
888 2076 1040 2124 extra
1095 2068 1237 2125 vitro
1265 2067 1451 2139 purior
1495 2082 1726 2138 corpore
1783 2081 2000 2136 quoque

405 2164 747 2214 monstratus
793 2163 878 2212 est
938 2171 1037 2211 suo
1067 2155 1262 2210 similis
1289 2155 1556 2223 Martino,
1612 2162 1670 2209 ut
1724 2162 1776 2209 et
1802 2153 2000 2209 merito

405 2245 511 2318 ipsi
541 2244 648 2302 dici
677 2244 872 2301 debeat
898 2244 955 2299 in
982 2245 1087 2300 hac
1117 2244 1278 2299 etiam
1316 2250 1464 2314 parte
1502 2265 1524 2290 α
1551 2242 1784 2298 Gemma
1814 2256 2001 2297 sacer-

405 2333 615 2389 dotum.
644 2357 667 2382 ιι
701 2333 784 2388 De
813 2332 967 2402 cujus
986 2331 1222 2387 mirabili
1241 2331 1442 2388 decore
1469 2329 1698 2387 inferius
1719 2330 1841 2386 loco
1859 2343 2002 2386 com-

403 2420 610 2493 petenti
637 2419 797 2490 plura
840 2419 1107 2476 dicentur.

480 2507 766 2564 Conditum
795 2514 976 2563 autem
1003 2506 1190 2562 multis
1218 2505 1582 2572 aromatibus,
1632 2521 1664 2560 a
1713 2503 2001 2562 dormitio-

408 2595 495 2652 nis
532 2611 647 2652 suae
672 2595 797 2651 loco
843 2595 1183 2652 Lincolniam
1211 2611 1335 2651 eum
1383 2595 1454 2650 ad
1482 2593 1855 2666 sepeliendum
1884 2609 2002 2650 cm-

408 2684 588 2758 pimus
618 2683 915 2740 transferre
945 2683 1116 2756 (375).
1139 2683 1263 2739 Non
1292 2690 1373 2739 est
1403 2689 1585 2738 autem
1605 2697 1851 2750 necesse,
1879 2681 2004 2753 quia

408 2787 513 2829 nec
539 2771 804 2842 possibile
831 2771 991 2827 nobis
1019 2771 1181 2839 foret,
1202 2771 1360 2826 ﬂetus
1381 2778 1434 2826 et
1453 2770 1688 2843 gemitus
1719 2785 2006 2826 occurren-

408 2861 544 2916 tium
572 2858 812 2932 undique
843 2858 1159 2916 describere
1203 2859 1548 2930 populorum.
1592 2858 1830 2915 Civitatis
1860 2857 2004 2913 enim

407 2947 703 3004 Londonim
729 2946 907 3003 clerus
938 2954 992 3002 et
1020 2946 1255 3017 populus
1294 2945 1486 3017 procul
1514 2954 1668 3001 extra
1694 2945 1842 3002 urbis
1869 2962 2006 3000 moe-

407 3035 500 3091 nia
529 3049 654 3091 cum
684 3033 939 3090 crucibus
965 3041 1018 3089 et
1039 3034 1216 3089 cereis
1247 3033 1504 3089 feretrum
1533 3033 1809 3104 prosecuti
1847 3041 1996 3088 sunt.

410 3121 631 3180 Obitum
675 3136 806 3178 vero
851 3136 950 3191 per
995 3135 1160 3192 agros
1204 3127 1257 3174 et
1300 3121 1493 3189 villas,
1541 3129 1771 3191 uterque
1818 3137 2001 3187 sexus,

414 3208 701 3279 omnisque
747 3207 986 3264 conditio
1033 3207 1239 3279 gradus
1281 3215 1335 3262 et
1376 3184 1584 3262 ordinis
1614 3184 2001 3278 cujuscunque,
2029 3184 2076 3246 Ο

409 3296 502 3353 ubi
531 3295 738 3363 audiit,
786 3295 844 3350 in
891 3294 1029 3351 ﬁnes
1077 3311 1204 3350 suos
1247 3295 1592 3351 venientibus
1620 3295 1837 3351 obviam
1869 3310 2004 3350 con-

410 3384 612 3441 ﬂuebat
640 3383 780 3440 sacri
811 3383 1020 3439 funeris
1046 3383 1420 3455 portitoribus.
1451 3383 1719 3455 Tetigisse
1742 3383 2007 3438 feretrum

409 3472 589 3546 palma
635 3487 893 3544 suprema
920 3471 1040 3527 fuit.
1075 3470 1285 3540 Quibus
1313 3471 1368 3526 id
1398 3471 1702 3545 negabatur
1728 3488 1844 3542 prae
1869 3487 2005 3527 con-

410 3559 721 3632 stipantium
766 3560 1047 3615 turbarum
1091 3558 1464 3625 multitudine,
1517 3559 1606 3614 vel
1633 3559 1844 3614 eminus
1875 3559 2008 3614 ado-

410 3663 586 3715 rasse,
621 3655 674 3704 et
702 3647 1058 3720 conspexisse
1085 3663 1197 3703 non
1223 3647 1332 3702 vile
1361 3646 1663 3702 ducebatur
1685 3647 2004 3718 trophaeum.

415 3736 478 3791 In
528 3734 649 3807 ipso
695 3735 887 3790 itinere
931 3751 1030 3806 per
1070 3735 1201 3808 juge
1229 3733 1597 3805 quatriduum,
1627 3749 1735 3789 uno
1767 3733 2007 3806 quotidie

415 3823 644 3894 repetito
665 3863 679 3890 ,
728 3823 816 3878 vel
861 3822 1042 3893 potius
1089 3821 1400 3878 continuato
1429 3821 1690 3878 miraculo
1714 3865 1727 3890 ,
1761 3830 2009 3879 sanctum

417 3925 577 3966 suum
623 3909 936 3965 miriﬁcavit
990 3909 1274 3965 Dominus.
1326 3910 1387 3964 In
1433 3910 1684 3964 manibus
1741 3911 2009 3983 siquidem

415 4011 710 4070 puerorum
739 3996 1089 4068 equitantium
1117 3998 1261 4054 cerei
1314 4005 1546 4069 quatuor
1582 3998 1787 4069 jugiter
1842 4000 2010 4055 arde-

416 4084 580 4154 bant;
629 4100 768 4157 quos
812 4085 867 4140 in
893 4100 1105 4141 morem
1133 4085 1431 4142 facularum
1461 4087 1563 4141 sub
1593 4087 1682 4142 die
1712 4088 2006 4159 expositos,

420 4189 523 4229 nec
552 4181 834 4229 ventorum
862 4173 1188 4245 spiramina,
1234 4189 1337 4230 nec
1378 4174 1648 4230 interdum
1675 4175 1844 4248 guttis
1870 4175 2010 4231 den-

420 4260 660 4317 sioribus
687 4261 921 4317 rorantia
949 4261 1175 4317 nubium
1195 4262 1484 4324 stillicidia,
1508 4264 1854 4337 exstinguere
1880 4279 2014 4334 prae-

417 4348 694 4406 valebant.
743 4349 905 4405 Pueri
954 4366 1101 4407 nunc
1142 4351 1212 4407 ab
1243 4351 1396 4423 equis
1423 4351 1839 4419 descendentes,
1871 4369 2013 4408 nunc

421 4453 546 4494 cum
590 4437 898 4494 vehementi
948 4438 1152 4510 impetu
1199 4439 1364 4494 sellas
1408 4455 1608 4496 vacuas
1655 4440 2013 4496 reascenden-

2172 1896 2353 1950 Prima
2382 1894 2546 1964 igitur
2571 1893 2628 1947 in
2657 1892 2906 1963 corporis
2925 1889 3304 1962 deportationc
3333 1904 3525 1944 versus
3569 1888 3694 1944 Lin-

2099 1983 2335 2040 colniam
2363 1998 2487 2038 cum
2515 1981 2794 2036 monachis
2819 1977 3300 2036 Bedefortensibus
3329 1977 3539 2032 mansio
3569 1975 3690 2031 fuit.

2101 2070 2437 2142 Crepusculo
2479 2070 2587 2125 diei
2633 2068 2919 2133 secundae,
2979 2075 3266 2137 postquam
3317 2065 3420 2120 iter
3447 2064 3698 2135 aggressi

2101 2175 2310 2225 sumus,
2343 2159 2412 2213 ad
2441 2157 2622 2214 villam
2650 2155 2891 2227 episcopi
2920 2153 3316 2210 Lincolniensis
3343 2151 3696 2208 Bikclesuade

2101 2247 2252 2318 (376)
2281 2253 2662 2316 nuncupatam,
2695 2243 3032 2300 devenimus.
3066 2243 3193 2312 Ubi,
3220 2242 3348 2296 dum
3379 2257 3524 2297 circa
3551 2239 3696 2296 fere-

2101 2343 2244 2390 trum
2265 2333 2638 2405 plangentium
2665 2332 2974 2389 accolarum
3001 2347 3063 2386 se
3089 2337 3264 2385 turma
3293 2330 3691 2402 conglomerat,

2101 2422 2158 2478 in
2186 2423 2307 2493 ipso
2337 2421 2584 2479 ecclesiae
2611 2420 2865 2490 introitu,
2915 2419 2972 2474 in
3026 2435 3132 2490 qua
3160 2435 3259 2490 per
3285 2426 3503 2473 noctem
3548 2417 3700 2472 illam

2103 2511 2417 2567 venerabile
2446 2525 2644 2581 corpus
2674 2509 2960 2580 quiescere
2989 2507 3214 2575 debuit,
3248 2505 3485 2562 hominis
3513 2504 3696 2574 cujus-

2102 2599 2230 2654 dam
2261 2598 2544 2655 brachium
2571 2598 2647 2652 ita
2675 2596 3012 2653 confractum
3042 2595 3139 2650 fuit
3168 2603 3226 2650 ut
3257 2594 3522 2665 crepitum
3554 2593 3697 2649 ossis

2103 2687 2357 2758 patientis
2387 2686 2676 2742 fracturam
2704 2685 2780 2740 illi
2808 2685 2969 2740 etiam
2989 2726 3006 2750 ,
3056 2683 3150 2755 qui
3204 2682 3459 2738 remotius
3488 2681 3697 2738 consti-

2104 2783 2300 2843 terant,
2350 2775 2553 2830 clarius
2597 2773 2868 2829 audirent.
2925 2773 3058 2828 Erat
3110 2778 3292 2826 autem
3337 2785 3535 2826 nomen
3572 2770 3697 2836 viri,

2107 2864 2200 2935 qui
2255 2863 2420 2919 etiam
2493 2863 2672 2917 adhuc
2727 2876 3016 2932 superesse
3072 2859 3271 2915 dicitur
3296 2901 3308 2925 ,
3365 2858 3695 2913 Bernardus.

2107 2951 2282 3020 Quem
2330 2950 2413 3006 sui
2453 2951 2520 3005 ab
2567 2949 2814 3005 ecclesiae
2843 2948 3053 3004 foribus
3096 2946 3470 3002 semianimem
3499 2961 3700 3016 rapue-

2105 3046 2250 3105 runt,
2284 3046 2337 3094 et
2357 3038 2427 3093 ad
2455 3039 2675 3093 domum
2696 3037 2975 3107 propriam
2996 3035 3236 3090 delatum
3256 3050 3428 3106 usque
3457 3034 3513 3088 in
3533 3048 3695 3088 mane

2106 3127 2376 3198 patientia:
2404 3141 2630 3196 operam
2659 3125 2789 3179 dare
2813 3125 3112 3192 jusserunt,
3145 3131 3382 3193 tuncque
3411 3123 3461 3176 ei
3491 3122 3697 3177 subve-

2104 3214 2361 3269 niendum
2389 3213 2709 3284 pollicentes
2756 3226 2860 3280 ope
2898 3209 3255 3265 medicorum.
3289 3209 3380 3264 Sic
3409 3224 3544 3278 ergo
3574 3223 3699 3263 cum

2105 3309 2272 3367 esset,
2296 3317 2398 3357 nec
2428 3300 2619 3354 saltem
2651 3298 2960 3369 colligatus,
2985 3313 3089 3352 nec
3116 3296 3309 3368 quovis
3338 3296 3699 3351 medicamine

2105 3387 2249 3445 fotus
2278 3388 2528 3444 fracturae
2556 3387 2693 3442 adeo
2720 3386 2962 3441 molestae
2993 3385 3165 3454 locus,
3214 3384 3502 3454 plurimam
3532 3383 3707 3440 noctis

2104 3486 2315 3548 partem
2363 3491 2489 3532 eum
2531 3475 2585 3529 in
2631 3473 2912 3529 doloribus
2941 3471 3158 3544 magnis
3187 3471 3508 3542 pertrahere
3536 3471 3696 3526 dolor

2105 3565 2286 3636 coegit
2314 3565 2638 3621 insomnem.
2671 3562 2780 3630 Qui
2808 3562 3028 3616 demum
3079 3561 3136 3614 in
3181 3568 3399 3616 tenuem
3429 3559 3701 3615 resolutus

2107 3669 2364 3725 soporem
2407 3668 2535 3708 mox
2573 3651 2706 3707 vidit
2731 3649 3047 3720 episcopum
3076 3647 3358 3704 brachium
3387 3664 3544 3702 suum
3575 3663 3700 3702 ma-

2107 3743 2267 3797 nibus
2295 3739 2555 3812 piissimis
2585 3746 3035 3803 contrectantem,
3067 3737 3298 3808 dataque
3326 3734 3706 3791 benedictione

2107 3847 2139 3885 a
2184 3846 2246 3886 se
2293 3837 2418 3900 post
2463 3827 2739 3898 paululum
2770 3825 3134 3881 recedentem.
3186 3825 3452 3880 Caeterum
3483 3838 3708 3879 recessu

2114 3919 2335 3974 indultae
2377 3916 2602 3973 visionis
2627 3958 2640 3982 ,
2691 3914 2902 3970 collata
2947 3911 3341 3969 benedictionis
3387 3911 3554 3968 virtus
3599 3926 3708 3966 non

2111 4006 2354 4063 recessit.
2404 4004 2688 4076 Evigilans
2736 4017 2971 4074 namque
3018 4017 3052 4056 a
3081 4016 3308 4066 somno,
3361 3999 3432 4053 ita
3471 3999 3705 4069 penitus,

2109 4096 2297 4166 fugato
2345 4093 2494 4148 omni
2545 4091 2736 4147 dolore
2761 4133 2775 4157 ,
2823 4107 2887 4145 os
2916 4088 3312 4146 consolidatum
3344 4096 3395 4142 et
3424 4086 3704 4142 brachium

2112 4191 2361 4239 sanatum
2388 4180 2593 4237 invenit
2619 4222 2634 4247 ,
2665 4188 2722 4234 ut
2750 4178 3153 4251 praecedentem
3179 4175 3359 4246 potius
3389 4174 3707 4230 fractionem

2111 4287 2275 4344 quam
2341 4269 2674 4326 curationem
2750 4269 3171 4338 subsequentem
3198 4307 3210 4331 ,
3288 4280 3388 4335 per
3459 4278 3706 4318 somnum

2114 4358 2423 4430 suscepisse
2451 4364 2687 4428 putaret.

2183 4447 2362 4503 Tertia
2402 4445 2611 4500 mansio
2657 4443 2756 4499 fuit
2801 4442 2944 4513 apud
2974 4440 3292 4497 Buckedens
3325 4438 3495 4509 (3'77).
3529 4439 3588 4492 In
3626 4437 3710 4492 his

385 4585 400 4591 ..
421 4531 525 4589 ῑθες
555 4540 747 4582 cereos
778 4526 1039 4582 ienebant
1071 4543 1084 4582 ε
1117 4543 1256 4600 quos
1286 4527 1430 4600 ignis
1460 4527 1602 4583 inter
1629 4529 1747 4584 11330
1776 4544 1886 4583 non
1908 4529 2010 4584 de-
2031 4533 2085 4592 D
2116 4536 2333 4608 quidem
2353 4534 2566 4590 duobus
2592 4531 2852 4588 maneriis
2873 4529 3294 4601 episcopalibus,
3321 4535 3400 4582 tot
3427 4525 3710 4595 ejulatibus

418 4612 657 4669 serebat.
701 4613 1040 4685 Stupebant,
1080 4623 1134 4670 et
1180 4631 1295 4686 prae
1343 4615 1701 4671 admiratione
1754 4617 1811 4671 in
1853 4633 2017 4672 voces

420 4700 876 4757 exclamationum
900 4703 1332 4773 prorumpebant
1361 4703 1478 4759 haec
1505 4703 1829 4759 intuentium
1871 4705 2016 4760 mul-

421 4787 698 4856 titudines,
721 4797 1031 4845 asserentes
1051 4805 1154 4846 nec
1183 4790 1325 4846 inter
1352 4806 1548 4846 manus
1569 4791 1813 4847 clausum
1833 4792 2019 4848 lumen

420 4891 454 4930 a
482 4891 542 4931 se
574 4876 748 4932 teneri
775 4892 942 4946 posse
970 4877 1367 4946 inexstinctum,
1399 4879 1489 4934 ubi
1517 4879 1573 4934 hi
1602 4879 1750 4935 nullo
1778 4880 1904 4936 tecti
1931 4896 2020 4935 ve-

420 4963 659 5032 lamine,
715 4963 813 5020 sed
879 4964 981 5020 Dei
1027 4964 1195 5020 solius
1232 4965 1352 5021 freti
1401 4966 1598 5023 virtute
1645 4967 1881 5040 ﬂagrare
1908 4984 2016 5024 non

488 5137 628 5206 (ξτες)
664 5139 756 5206 Die
791 5138 852 5190 18
897 5140 1202 5206 Novembris,
1247 5154 1340 5204 qua
1382 5141 1460 5192 die
1501 5143 1660 5206 prima
1702 5145 1890 5195 mansio
1927 5144 2019 5195 fuit

415 5203 543 5265 apud
567 5205 837 5255 monachos
860 5203 1328 5266 Bedefortenscs,id
1353 5211 1432 5258 est
1456 5203 1704 5260 incelebri
1730 5211 1814 5260 illo
1852 5223 2018 5261 emno-

415 5269 496 5320 bio
515 5269 578 5320 ad
604 5273 657 5322 S.
681 5270 922 5322 Albanum
947 5271 995 5322 in
1019 5285 1136 5334 agro
1163 5275 1496 5325 Bedet'ortensi
1523 5275 1714 5338 pridem
1741 5276 1962 5328 fundato.

413 5375 873 5496 Bigl'ggzdiecunda
921 5381 1107 5431 mansio
1155 5382 1235 5434 die
1277 5383 1563 5436 Novembris
1589 5385 1680 5435 fuit
1702 5387 1828 5449 apud
1849 5388 2014 5438 villam

481 5563 618 5625 (377)
643 5564 829 5616 lansio
853 5566 1000 5618 tertia
1023 5565 1100 5618 die
1125 5568 1191 5618 ΞΟ
1235 5569 1516 5622 Novembris
1548 5571 1674 5636 apud
1713 5572 2012 5634 Buckedens,

2117 4632 2170 4680 et
2197 4624 2450 4678 lamentis
2497 4621 2876 4693 indigenarum
2904 4617 3114 4688 excepti
3145 4632 3366 4684 sumus,
3414 4623 3472 4669 ut
3513 4613 3709 4669 memi-

2115 4713 2263 4766 nisse
2293 4712 2504 4776 horror,
2537 4708 2779 4764 scribere
2811 4722 2941 4761 vero
2971 4706 3125 4760 labor
3154 4703 3243 4759 sit.

2188 4799 2395 4868 Quarta
2425 4795 2775 4868 profectionis
2805 4795 2951 4849 dieta
2981 4791 3382 4848 Staunfordiam
3414 4790 3563 4860 (378)
3608 4804 3706 4844 ve-

2117 4889 2316 4942 nimus.
2343 4885 2422 4940 lbi
2451 4885 2581 4940 dum
2611 4883 2831 4956 agmine
2860 4882 3031 4937 denso
3061 4879 3367 4951 frequentia
3411 4876 3594 4949 populi
3624 4877 3714 4931 sti-

2116 4984 2273 5048 patur
2301 4974 2449 5030 circa
2480 4972 2762 5038 feretrum,
2797 4978 2851 5026 et
2869 4970 2995 5026 hinc
3025 4968 3296 5039 virginum
3328 4968 3442 5022 Deo
3472 4972 3714 5021 sacrata-

2116 5155 2198 5216 qui
2227 5154 2353 5270 igem
2379 5154 2476 5204 erit
2501 5152 2654 5214 locus,
2680 5152 2762 5214 qui
2785 5161 2932 5214 supra
2959 5161 3003 5199 c.
3027 5147 3060 5197 9
3087 5147 3250 5209 hujus,
3275 5146 3388 5196 libri
3424 5142 3712 5206 Buggedena

2116 5233 2230 5270 voca
2258 5233 2309 5270 ιι.

2116 5233 2230 5271 γοοδ
2239 5233 2287 5271 ιιι
2296 5256 2309 5269 .

2189 5304 2332 5368 (378)
2361 5304 2549 5354 Mansio
2575 5305 2748 5366 quarta
2789 5301 2867 5350 die
2908 5301 2978 5368 2t
3003 5298 3290 5368 Novembris
3329 5294 3456 5368 apud
3481 5293 3711 5368 _Stanfor-

2115 5361 2266 5429 diam.
2293 5361 2374 5420 ubi
2399 5377 2506 5420 erat
2524 5361 2797 5419 cm'nobium
2823 5366 3062 5428 quondam
3092 5365 3195 5414 ord.
3237 5366 3288 5412 S.
3330 5362 3515 5412 Bened.
3540 5361 3599 5410 dc
3625 5373 3714 5429 quo

2115 5427 2424 5487 Mabillonius
2449 5441 2569 5486 tom.
2596 5436 2633 5483 V
2662 5434 2840 5492 Annal,
2868 5446 2922 5494 p.
2944 5433 3065 5493 539,
3086 5431 3168 5480 ubi
3195 5429 3425 5491 quosdam
3453 5427 3719 5477 monachos

2114 5501 2526 5563 cnumerathujus
2547 5500 2775 5559 cmnohii,
2800 5493 2926 5549 forte
2953 5497 3231 5548 monialium
3258 5507 3426 5546 curam
3453 5493 3713 5554 habentes,

2115 5574 2168 5621 ut
2192 5571 2242 5620 in
2265 5569 2487 5632 sequenti
2517 5571 2629 5619 nota
2665 5567 2875 5618 dicetur.
