3938 6408
261 353 398 406 1109

1628 353 1807 409 VITA.
1850 383 1918 393 —
1956 352 2082 408 LIB.
2126 355 2188 408 V.

3432 357 3568 408 1110

272 490 444 531 rume
474 474 654 531 vicino
683 478 1021 534 monasterio
1043 482 1192 553 (579)
1225 483 1443 550 chorus,
1481 481 1606 536 inde
1638 479 1867 536 circum-
1893 479 1943 540 Α
1972 476 2062 532 ille
2121 477 2178 532 in
2233 479 2490 534 extremis
2531 481 2645 548 jam
2704 479 2930 550 positus,
2982 494 3128 543 mox,
3187 486 3241 533 ut
3297 479 3561 549 percepit,

257 563 555 632 jacentium
602 562 856 620 villarum
913 568 1133 635 accolze,
1166 571 1446 642 populosis
1489 569 1659 640 ipsius
1711 567 1867 640 burgi

261 651 435 705 turbis
481 663 818 717 accrescunt,
853 655 940 709 vix
969 664 1094 712 ante
1142 659 1423 728 profundae
1482 658 1658 712 noctis
1708 665 1866 710 tene-

266 739 392 793 bras
425 740 602 794 vicum
631 740 809 810 ipsum
843 743 1055 814 ingredi
1105 746 1393 801 valuimus.
1429 747 1554 802 Istic
1611 761 1742 800 vero
1767 760 1866 814 per

260 827 456 882 merita
505 829 650 884 servi
679 830 762 884 sui
811 831 916 886 tale
965 833 1228 888 Dominus
1278 835 1598 890 miraculum
1654 843 1863 904 patrare

258 915 515 987 dignatus
545 925 646 982 est,
681 927 738 972 ut
768 919 873 976 hoc
914 930 1255 977 mortuorum
1278 923 1671 979 resuscitationi
1703 937 1863 975 nemo

251 1004 370 1072 jure
399 1004 607 1060 dubitet
626 1006 1045 1077 przeferendum.
1095 1011 1343 1065 Interfuit
1403 1020 1549 1066 tanto
1607 1009 1861 1066 occursui

261 1091 484 1163 quidam
522 1093 606 1148 vir
660 1094 966 1152 innocentis
1015 1097 1156 1164 vitae,
1201 1099 1466 1168 bonisque
1531 1115 1631 1170 per
1679 1098 1861 1153 omnia

265 1180 458 1235 studiis
495 1181 728 1249 deditus,
773 1191 886 1240 arte
934 1187 1133 1242 sutoria
1179 1186 1284 1242 sibi
1340 1204 1560 1259 suaeque
1610 1187 1858 1242 familiae-

261 1268 464 1323 victum
493 1271 803 1340 quaeritans.
838 1272 937 1328 Hic
969 1274 1180 1330 eminus
1201 1284 1508 1346 conspecta:
1543 1275 1717 1347 gleba:
1734 1292 1860 1346 pre-

261 1355 543 1412 tiosissimi
595 1361 888 1430 gestatoris
934 1377 1058 1418 cum
1097 1364 1364 1419 accedere
1410 1363 1688 1429 niteretur,
1758 1364 1856 1419 sed

262 1459 378 1515 prae
400 1445 676 1500 turbarum
727 1447 992 1506 densitate
1049 1450 1271 1507 nitendo
1309 1467 1502 1522 parum
1547 1450 1852 1522 proficeret,

264 1532 452 1587 multis
479 1534 822 1590 audientibus
851 1537 907 1591 in
938 1553 1104 1594 voces
1125 1539 1759 1610 hujuscemodiprorupit
1779 1539 1854 1594 di-

265 1635 395 1676 cens
431 1638 444 1675 :
482 1643 504 1669 α
540 1621 586 1678 0
619 1622 758 1678 bone
786 1625 952 1694 Deus,
977 1643 1145 1698 quare
1190 1644 1297 1683 non
1328 1629 1612 1698 permittor
1657 1629 1726 1682 ad
1757 1643 1852 1699 op-

261 1709 376 1763 timi
405 1710 550 1764 servi
583 1711 659 1764 tui
688 1727 886 1783 corpus
917 1715 1201 1780 accedere,
1237 1724 1293 1770 ut
1324 1717 1406 1771 vel
1432 1714 1695 1770 fimbriam
1727 1716 1850 1786 pal-

1967 567 2250 636 praemissa
2299 567 2660 632 confessione,
2695 574 2951 638 percepta
2982 566 3342 633 absolutione,
3392 574 3563 622 testa-

1967 661 2259 725 mentoque
2287 655 2528 728 legitime
2551 655 2818 720 confecto,
2850 655 3097 725 spiritum
3116 655 3166 708 in
3197 671 3327 725 pace
3362 655 3558 712 emisit.

2037 743 2310 798 Habuerat
2368 759 2497 798 vero
2555 753 2771 797 sanctus
2829 743 2882 796 in
2940 760 3040 796 usu
3097 741 3365 807 familiari,
3427 743 3554 798 dum

1965 830 2142 886 adhuc
2175 831 2398 896 viveret,
2445 838 2520 896 ut,
2567 847 2689 886 cum
2739 831 2949 885 audiret
2980 831 3248 902 quosdam
3295 831 3562 902 intempe-

1965 919 2172 973 rantius
2220 920 2410 990 lugere
2479 934 2856 990 quemcunque
2904 928 3212 987 mortuum,
3269 919 3411 974 inter
3455 920 3557 974 alia

1963 1007 2351 1062 consolationis
2382 1007 2549 1061 verba
2579 1007 2659 1061 eis
2689 1006 2896 1062 diceret
2931 1022 2941 1060 :
2982 1030 3003 1053 α
3041 1006 3108 1061 Ε1
3138 1007 3265 1078 quid
3287 1016 3369 1062 est
3389 1007 3552 1074 istud,

1963 1094 2111 1164 quod
2142 1094 2305 1166 agitis
2327 1097 2354 1150 Ὺ
2384 1111 2482 1166 per
2510 1103 2752 1150 sanctam
2783 1111 2973 1150 nucem
3005 1095 3108 1166 (sic
3138 1095 3284 1150 enim
3313 1095 3432 1150 vice
3455 1096 3550 1165 ju-

1961 1183 2192 1236 ramenti
2211 1183 2279 1237 ad
2310 1181 2772 1238 confirmationem
2807 1182 2960 1237 verbi
2989 1182 3254 1238 interdum
3284 1182 3548 1254 loqueba-

1960 1271 2069 1339 tur)
2099 1286 2197 1341 per
2245 1279 2504 1339 sanctam,
2538 1270 2807 1343 inquiens,
2843 1286 3038 1326 nucem
3093 1271 3379 1326 nobiscum
3409 1271 3554 1328 male

1957 1358 2182 1413 nimium
2212 1369 2486 1432 ageretur,
2513 1359 2558 1414 si
2588 1359 2723 1413 mori
2765 1373 3040 1430 nunquam
3071 1359 3484 1416 concederetur.
3525 1381 3546 1410 ι

1956 1446 2331 1503 Miraculosam
2357 1463 2574 1519 quoque
2604 1455 2938 1502 mortuorum
2970 1447 3373 1502 suscitationem
3428 1447 3551 1502 lau-

1955 1535 2114 1590 dibus
2169 1534 2448 1602 eﬂ'erebat,
2480 1535 2577 1590 sed
2622 1535 2865 1590 virorum
2897 1551 2961 1590 ex
2993 1536 3096 1590 hoc
3125 1535 3324 1590 saeculo
3379 1535 3548 1590 mira-

1954 1623 2142 1678 culose
2171 1624 2458 1694 aliquoties
2491 1624 2691 1678 factam
2734 1623 3071 1693 ereptionem
3120 1622 3300 1694 potius
3329 1623 3546 1678 attolle-

1955 1710 2065 1778 bat,
2100 1719 2158 1765 ut
2191 1711 2334 1766 Petri
2379 1713 2528 1782 (380)
2578 1711 2895 1765 subdiaconi
2949 1718 3112 1781 atque
3170 1711 3366 1766 notarii
3405 1711 3548 1766 beati

255 1795 482 1864 liorum,
535 1799 731 1870 quibus
761 1801 979 1874 tegitur,
1011 1803 1244 1858 osculari
1293 1820 1522 1872 merear,
1571 1804 1658 1859 vel
1688 1812 1848 1874 caput
1882 1831 1930 1889 Β
1951 1814 2108 1869 papae
2135 1799 2409 1871 Gregorii,
2444 1808 2496 1853 et
2526 1799 2811 1868 cujusdam
2839 1798 3172 1869 paenitentis,
3204 1799 3272 1853 de
3303 1814 3410 1869 quo
3440 1800 3549 1870 agi-

253 1901 435 1939 meum
457 1885 891 1959 indignissimum
913 1891 1086 1946 sacris
1099 1891 1214 1960 ejus
1231 1908 1542 1962 supponere
1565 1892 1807 1964 reliquiis
1822 1893 1849 1946 ?

257 1971 304 2028 Ο
328 1973 605 2029 Scrutator
618 1991 799 2030 rerum
831 1985 880 2032 et
911 1978 1176 2044 cordium,
1226 1980 1376 2046 Jesu,
1407 1980 1659 2036 Salvator
1689 1981 1849 2035 beni-

254 2061 538 2132 gnissime,
575 2062 630 2117 in
651 2064 752 2119 hoc
781 2064 899 2121 solo
927 2065 1259 2123 desiderium
1293 2085 1471 2122 meum
1502 2069 1757 2140 adimple,
1793 2077 1850 2123 ut

253 2148 532 2213 feretrum,
561 2151 705 2221 quod
746 2153 1046 2223 conspicio,
1089 2155 1255 2211 corde
1282 2164 1334 2210 et
1390 2172 1614 2226 corpore
1671 2173 1847 2228 prono

265 2238 474 2292 valeam
497 2239 698 2307 subire,
730 2248 782 2294 et
813 2241 892 2296 sic
909 2243 977 2296 de
1006 2243 1164 2312 hujus
1186 2245 1372 2298 mundi
1400 2245 1702 2301 colluvione
1731 2245 1846 2301 ani-

259 2341 402 2380 mam
432 2342 611 2382 meam
634 2328 784 2384 tolle.
814 2348 832 2381 I
859 2329 1004 2384 Talia
1035 2331 1124 2386 ilfe
1153 2331 1438 2387 clamitans
1461 2333 1668 2387 nisibus
1693 2333 1844 2389 inde-

255 2413 418 2469 fessis
443 2457 456 2480 ,
490 2415 665 2469 turbis
721 2433 933 2489 quoque
964 2419 1030 2473 ad
1079 2419 1344 2475 clamores
1389 2422 1504 2488 ejus
1532 2422 1770 2476 attonitis
1792 2431 1845 2476 et

252 2501 513 2572 paulatim
559 2504 962 2572 secedentibus,
994 2506 1259 2562 immersit
1290 2525 1350 2564 se
1377 2510 1592 2564 tandem
1633 2510 1735 2564 sub
1767 2509 1842 2564 fe-

252 2599 478 2644 retrum.
512 2589 671 2659 Quod
717 2601 1003 2664 postquam
1033 2595 1228 2666 attigit,
1262 2605 1314 2650 et
1344 2597 1519 2667 capite
1568 2598 1842 2654 submisso

252 2678 518 2745 adoravit,
551 2679 721 2734 oculis
742 2697 803 2735 ac
821 2683 1073 2737 manibus
1093 2684 1149 2737 in
1169 2685 1366 2739 cmlum
1390 2687 1585 2741 erectis
1613 2685 1664 2740 in
1699 2688 1841 2742 hunc

249 2767 471 2822 modum
499 2783 654 2822 orare
685 2770 848 2839 carpit
882 2787 894 2825 :
933 2793 953 2821 α
1003 2772 1220 2826 Gratias
1249 2773 1345 2827 tibi
1385 2789 1511 2845 ago,
1549 2776 1708 2829 Pater
1738 2775 1838 2829 mi-

244 2855 661 2910 sericordiarum
693 2866 745 2911 et
775 2859 920 2912 Deus
943 2859 1106 2914 totius
1137 2861 1540 2928 consolationis,
1575 2864 1699 2935 quia
1730 2863 1836 2918 mi-

244 2952 420 2998 sertus
470 2960 529 2998 es
587 2945 713 3010 mei,
760 2947 894 3000 etin
942 2955 1152 3003 tantum
1197 2950 1502 3004 consolatus
1551 2968 1610 3006 es
1639 2968 1726 3007 me
1758 2960 1832 3019 ut,

237 3031 384 3102 quod
414 3030 467 3086 in
499 3032 601 3087 hoc
629 3034 832 3088 mundo
863 3051 1029 3106 super
1048 3037 1228 3091 omnia
1259 3039 1566 3108 concupivi,
1603 3041 1834 3095 sanctis~

243 3119 380 3174 simo
410 3121 630 3191 corpori
676 3122 818 3177 servi
847 3123 925 3178 tui
980 3139 1179 3195 corpus
1207 3142 1408 3196 meum,
1466 3135 1541 3182 tot
1596 3129 1834 3198 peccatis

1953 1894 2038 1940 tur
2063 1886 2119 1940 in
2168 1887 2445 1942 miraculis
2507 1887 2678 1941 sancti
2725 1886 2976 1957 martyris
3011 1894 3065 1941 et
3120 1885 3362 1956 episcopi
3412 1887 3544 1942 Pro-

1943 1975 2075 2043 jecti
2131 1977 2302 2045 (381).
2355 1974 2715 2029 Plurimorum
2780 1989 2994 2045 quoque
3042 1974 3457 2039 monachorum,
3489 1983 3546 2029 ut

1948 2061 2146 2133 legitur
2174 2063 2230 2116 in
2265 2063 2385 2118 Vita
2431 2063 2572 2117 beati
2601 2061 3062 2117 Gemeticensium
3093 2061 3306 2116 abbatis
3327 2063 3538 2118 Archa-

1947 2151 2032 2206 dri
2064 2150 2247 2220 (382);
2281 2166 2382 2206 nec
2412 2166 2521 2205 non
2551 2159 2603 2205 et
2644 2151 2858 2204 illorum
2903 2158 3114 2220 septem
3153 2149 3538 2205 dormientium

1945 2240 2097 2310 (383)
2127 2239 2219 2310 qui
2247 2238 2793 2294 fuerantconsobrini
2823 2239 2878 2294 S.
2911 2239 3128 2294 Martini
3177 2239 3393 2310 patroni
3426 2239 3540 2293 llu-

1944 2327 2105 2398 gonis
2138 2327 2327 2382 nostri.

2015 2415 2124 2470 Sed
2147 2416 2282 2484 jam,
2315 2423 2370 2470 ut
2402 2423 2622 2482 caetera,
2683 2432 2802 2486 quae
2859 2423 3080 2480 restant,
3113 2431 3533 2486 prosequamur,

1941 2503 1994 2558 in
2024 2504 2130 2559 hoc
2176 2504 2296 2560 loco
2354 2511 2746 2574 procuratores
2803 2504 2976 2560 nostri
3011 2504 3248 2559 laternas
3307 2519 3534 2559 corneas

1942 2599 2210 2657 emerunt,
2242 2591 2298 2644 in
2329 2592 2526 2663 quibus
2566 2609 2664 2662 per
2689 2593 2832 2646 diem
2890 2591 3134 2648 candela:
3157 2592 3363 2664 jugiter
3393 2592 3538 2647 circa

1939 2678 2200 2734 feretrum
2259 2678 2525 2734 lucerent.
2588 2681 2741 2735 Cerei
2799 2696 3034 2751 namque
3094 2681 3330 2735 motibus
3375 2680 3540 2735 variis

1938 2767 2290 2838 equitantium
2322 2776 2374 2822 et
2396 2767 2715 2838 impulsibus
2747 2776 3030 2823 ventorum
3065 2769 3382 2823 irruentium
3413 2785 3536 2823 exa-

1936 2855 2110 2925 gitati,
2147 2872 2178 2910 a
2233 2855 2372 2911 facie
2413 2856 2557 2928 ignis
2605 2856 2919 2911 devorantis
2949 2857 3174 2912 nimium
3227 2857 3538 2914 defluebant

1935 2960 2129 3000 manus
2154 2959 2370 3016 quoque
2415 2951 2467 2999 et
2509 2944 2822 3000 indumenta
2877 2945 3206 3016 gestantium
3263 2945 3533 3002 continuis

1933 3031 2369 3088 distillationibus
2451 3033 2731 3088 molestius
2815 3033 3189 3089 infundebant.
3281 3029 3532 3101 Quintam

1933 3121 2295 3190 mansionem,
2328 3121 2486 3176 nobis
2541 3124 2843 3176 Anacastra
2891 3123 3041 3193 (384)
3095 3119 3344 3193 praefixit.
3395 3121 3534 3177 Hinc

241 3179 557 3276 obnoxium,
606 3208 900 3280 quivissem
949 3179 1268 3285 adjuiigcre,
1304 3223 1356 3269 et
1385 3179 1434 3271 ei
1480 3217 1571 3286 qui
1597 3179 1835 3273 fideliter
1859 3179 1905 3240 Ο
1933 3209 2187 3265 milliaria
2218 3179 2301 3264 bis
2328 3209 2472 3264 dena
2509 3211 2652 3279 (385)
2683 3179 3061 3281 computantur
3090 3179 3261 3281 usque
3291 3210 3360 3264 ad
3391 3209 3529 3264 civi-

242 3295 338 3350 tibi
375 3295 597 3352 servivit
644 3298 969 3353 meruissem
1019 3302 1419 3371 approximare.
1468 3305 1750 3374 Deprecor
1779 3313 1832 3362 te

241 3381 424 3455 igitur,
444 3383 969 3456 omnipotentissime
991 3388 1156 3453 Deus,
1195 3398 1252 3444 ut
1289 3391 1345 3445 in
1376 3391 1479 3447 hac
1519 3401 1676 3449 nocte
1707 3394 1829 3448 ani-

239 3487 383 3526 mam
414 3487 594 3527 meam
625 3489 748 3529 cum
803 3475 984 3530 anima
1027 3477 1205 3544 istius,
1266 3479 1420 3547 cujus
1485 3496 1687 3551 corpus
1742 3499 1830 3538 me

237 3559 395 3614 adire
420 3559 617 3628 fecisti,
658 3561 714 3616 in
765 3553 952 3635 requie
1000 3565 1248 3635 perenni,
1283 3567 1370 3621 ubi
1401 3584 1519 3623 eam
1550 3586 1674 3626 esse
1721 3587 1828 3626 non

235 3647 444 3714 dubito,
471 3648 667 3718 jubeas
698 3649 976 3706 collocari.
1017 3673 1037 3702 ι
1073 3653 1168 3708 His
1215 3655 1284 3709 ab
1316 3672 1381 3710 eo
1412 3655 1486 3711 ita
1540 3660 1824 3729 peroratis,

235 3751 336 3790 nos
367 3751 488 3791 cum
519 3746 708 3794 sancto
738 3754 968 3810 corpore
1007 3742 1316 3811 ecclesram,
1350 3744 1404 3798 in
1437 3761 1545 3817 qua
1594 3763 1826 3818 pernoc-

233 3823 451 3879 tandum
483 3824 600 3892 fuit,
623 3826 994 3899 ingredimur;
1029 3829 1117 3885 ille
1147 3848 1278 3887 vero
1309 3849 1436 3888 suos
1464 3834 1623 3889 intrat
1652 3853 1824 3906 pena-

230 3919 333 3980 tes,
369 3928 476 3968 una
497 3913 612 3968 sola
639 3922 810 3970 strata
840 3916 1196 3986 interjacente
1217 3919 1390 3975 eidem
1413 3923 1662 3980 ecclesiae
1685 3941 1824 3995 pene

232 4000 540 4073 contiguos.
571 4003 686 4059 Nec
714 4019 885 4072 mora,
911 4005 1215 4077 irrumpunt
1260 4009 1421 4064 vicini
1450 4010 1593 4066 illius
1641 4013 1694 4066 in
1726 4029 1821 4069 ec-

226 4089 471 4160 clesiam,
503 4091 878 4162 presbyterum
900 4094 1126 4149 turbatis
1143 4097 1366 4152 vocibus
1389 4098 1686 4170 inquirunt,
1728 4119 1820 4156 re-

227 4185 438 4248 pertum
470 4178 538 4233 ad
568 4179 787 4236 domum
807 4181 910 4236 viri
933 4192 1150 4254 sumpto
1173 4201 1359 4240 secum
1386 4203 1556 4243 sacrm
1572 4204 1820 4244 commu-

224 4265 402 4323 nionis
435 4267 628 4324 viatico
654 4269 904 4326 celeriter
939 4287 1235 4343 properare
1264 4275 1614 4346 compellunt.
1661 4276 1817 4347 Quod

290 4437 433 4512 (3'79)
459 4441 527 4512 De
550 4454 642 4512 quo
667 4442 718 4512 i_n
741 4443 951 4512 Monast.
978 4445 1244 4509 Anglicano
1269 4448 1428 4509 agitur
1460 4452 1496 4498 t.
1537 4449 1574 4510 l,
1608 4463 1657 4512 p.
1695 4451 1812 4511 487,

222 4506 902 4592 €99_l1‘§_£i}9}2_131m2@'?
930 4511 995 4592 ετξ.
1008 4506 1234 4592 cenat»
1271 4506 1622 4592 ις’ίηςρξειεεηέί
1645 4506 1816 4592 αριιιεςέ
1843 4534 1892 4592 D

218 4575 659 4624 sanctimonialium
685 4578 735 4626 S.
768 4579 1042 4628 Michaelis.
1068 4579 1122 4627 ln
1145 4581 1329 4630 chartis
1373 4581 1551 4631 ibidem
1598 4586 1815 4634 recitatis

221 4651 353 4710 nunc
391 4640 647 4710 Stanford,
688 4646 773 4696 sed
814 4646 992 4706 saepius
1027 4646 1298 4707 Staun/‘ord
1333 4653 1551 4710 vocatur,
1579 4656 1628 4698 et
1669 4652 1816 4700 situm

219 4704 547 4834 :ipud
570 4704 918 4774 Stanfordiani,
943 4704 1309 4777 subjectumque
1335 4726 1441 4764 esse
1459 4704 1622 4766 abbati
1651 4719 1817 4767 Petro-

447 4892 498 4970 ln
729 4895 947 4956 Gregorii
973 4898 1133 4970 Magni
1157 4910 1184 4947 a
1207 4899 1392 4970 Joanne
1411 4899 1614 4970 diacono
1637 4902 1818 4970 scripta

215 4961 448 5074 ἓξὲξ»ῗὲἓῖ
481 4960 702 5024 historia,
742 4974 887 5023 quam
930 4964 1126 5025 quidam
1169 4970 1254 5016 aut
1295 4965 1540 5029 rejiciunt,
1568 4972 1650 5018 aut
1675 4960 1819 5020 tle-ea

262 5189 272 5200 ο
283 5123 428 5200 (581)
444 5128 809 5200 DuplexAsancti
829 5131 1042 5200 Projecti
1067 5133 1194 5196 apud
1218 5135 1559 5186 Bollandianos
1578 5139 1824 5200 reperitur

366 5191 426 5270 ad
473 5194 600 5270 diem
624 5195 700 5270 ἓξ
733 5189 971 5270 Januarii.
992 5189 1113 5270 (Sed
1149 5206 1407 5270 exneutra
1434 5189 1663 5266 colligere
1687 5207 1820 5266 potui

215 5258 328 5331 quis
373 5258 518 5331 fuerit
553 5264 798 5331 pmnitens
837 5265 897 5313 de
921 5269 1033 5314 ante
1058 5278 1151 5326 quo
1176 5268 1254 5317 hic
1279 5268 1464 5328 agitur,
1493 5258 1584 5318 nisi
1613 5258 1821 5322 foratum

215 5325 281 5371 sit
306 5325 567 5376 Amerinus
592 5328 868 5390 Projectum
893 5325 1101 5394 occisus,
1128 5337 1178 5382 et
1205 5325 1387 5395 martyr
1413 5325 1635 5385 effectus.

216 5489 226 5499 _
284 5424 429 5489 (382)
458 5429 609 5502 Hujus
631 5431 787 5483 Vitam
813 5433 922 5502 vide
942 5435 1067 5496 apud
1092 5437 1287 5487 Surium
1313 5439 1391 5488 die
1437 5442 1497 5489 15
1521 5440 1823 5502 Septembris

214 5497 263 5539 in
289 5503 383 5552 qua
409 5506 516 5556 qua:
537 5497 629 5547 huc
654 5505 877 5560 spectant
901 5501 1126 5563 leguntur
1148 5504 1239 5554 sub
1264 5506 1405 5556 Num.
1449 5508 1533 5567 20,
1563 5497 1626 5558 ‘2"2
1652 5513 1702 5560 et
1736 5511 1818 5560 ‘25.

289 5593 434 5658 (383)
479 5597 547 5647 De
586 5599 662 5648 his
709 5605 860 5664 agunt
903 5603 1209 5654 Bollandiani
1257 5610 1376 5657 tom.
1406 5609 1465 5658 Vl
1492 5612 1668 5660 Mensis
1689 5612 1819 5674 Julii,

1933 3305 2098 3352 tatem
2137 3298 2288 3368 (386)
2344 3314 2451 3369 qua
2499 3313 2719 3352 eramus
2768 3299 2995 3352 venturi.
3045 3298 3130 3352 Ad
3173 3313 3338 3370 quam
3376 3305 3530 3354 sexta

1929 3385 2284 3456 profectionis
2329 3387 2418 3441 die
2473 3387 2586 3454 jam
2635 3387 2882 3442 cominus
2941 3386 3339 3452 adventantes,
3399 3402 3525 3443 cum

1928 3474 1998 3529 ad
2018 3473 2342 3530 descensum
2369 3475 2569 3530 montis
2608 3491 2714 3531 uno
2743 3491 2884 3546 pene
2941 3474 3199 3530 milliario
3229 3483 3376 3530 extra
3429 3491 3525 3529 ur-

1928 3562 2053 3618 bem
2081 3564 2489 3629 accederemus,
2524 3564 2714 3621 obvios
2744 3563 3054 3630 habuimus,
3079 3555 3202 3618 cum
3232 3563 3521 3619 inaestima-

1927 3651 2021 3705 bili
2048 3651 2390 3707 multitudine
2420 3651 2548 3708 cleri
2575 3661 2626 3707 et
2652 3652 2858 3723 p0puli,
2890 3667 3081 3724 regem
3128 3651 3340 3723 Anglia:
3369 3651 3520 3722 (387)

1928 3747 1978 3794 et
2008 3739 2216 3812 Regem
2247 3741 2441 3796 Scotiaa
2471 3743 2619 3811 (388)
2650 3741 3090 3812 arcliiepiscOpos
3113 3739 3280 3810 (389),
3299 3739 3518 3810 episco-

1924 3842 2046 3897 pos,
2102 3828 2394 3899 principes,
2451 3829 2696 3894 abbates,
2748 3837 2800 3884 et
2843 3844 3100 3899 proceres
3145 3835 3239 3897 tot,
3274 3835 3405 3898 quot
3434 3827 3522 3884 vix

1923 3931 2164 3986 unquam
2209 3917 2264 3970 in
2311 3916 2508 3988 Anglia
2555 3917 2758 3988 pariter
2808 3925 2932 3972 ante
2999 3923 3326 3974 conventum
3372 3915 3524 3971 illum

1923 4004 2146 4076 contigit
2204 4005 2457 4060 inveniri.
2509 4005 2623 4061 Rex
2681 4007 2876 4062 Scotia:
2929 4022 3046 4077 pra:
3100 4020 3359 4071 mcerore,
3393 4004 3521 4077 quia

1921 4090 2088 4146 nimio
2109 4108 2325 4162 semper
2353 4109 2540 4148 amore
2561 4093 2826 4150 dilexerat
2856 4093 3031 4149 virum
3062 4093 3236 4160 illum,
3271 4092 3326 4146 in
3358 4101 3514 4163 parte

1921 4195 2165 4235 seorsum
2188 4187 2357 4247 stans,
2389 4197 2491 4237 nec
2516 4182 2740 4252 propius
2769 4181 3034 4238 accedere
3085 4181 3292 4250 valens,
3326 4180 3510 4252 lacry-

1918 4268 2023 4322 mis
2078 4268 2339 4335 vacabat,
2373 4283 2497 4324 cum
2568 4270 2791 4326 sentiret
2839 4270 3013 4341 magis
3093 4285 3216 4324 esse
3263 4269 3513 4339 gauden-

1916 4461 1966 4512 p.
1995 4450 2112 4510 375,
2138 4453 2189 4500 et
2207 4451 2333 4514 apud
2355 4453 2572 4503 Martene
2597 4455 2645 4504 et
2670 4453 2880 4504 Durand.
2910 4457 3029 4503 tom.
3055 4454 3112 4502 V.
3135 4453 3338 4504 Collect.
3369 4455 3515 4504 Vete-

1916 4529 2022 4567 rum
2048 4517 2268 4567 Column.
2290 4519 2407 4568 928.
2446 4519 2500 4568 ln
2532 4521 2764 4570 chronico
2805 4520 3072 4569 Turonensi
3099 4519 3288 4570 illorum
3318 4521 3514 4570 nomina

1917 4582 2272 4646 exprimuntur,
2299 4587 2349 4635 et
2372 4585 2596 4637 dicuntur
2636 4600 2692 4636 ex
2735 4586 2924 4635 duobus
2961 4588 3013 4636 S.
3055 4586 3248 4636 Martini
3283 4586 3516 4637 fratribus

1916 4650 2018 4700 nati
2030 4687 2042 4698 .

1985 4732 2125 4796 (58.4)
2171 4735 2346 4794 Quinta
2380 4740 2567 4787 mansio
2593 4738 2671 4787 die
2713 4737 2777 4787 2‘2
2816 4737 3122 4786 Novembris.
3153 4735 3288 4797 Apud
3313 4735 3512 4786 Wbart.

1919 4805 2027 4861 part
2052 4814 2084 4848 ιι
2108 4802 2251 4862 Angl.
2278 4816 2427 4852 sacra!
2454 4817 2500 4865 p.
2544 4806 2659 4853 409.
2692 4805 2763 4853 De
2779 4805 2964 4864 juvene
2987 4803 3193 4864 quodam
3217 4804 3278 4850 de
3301 4803 3515 4851 Anacas-

1919 4871 1992 4916 tro
2019 4867 2069 4915 in
2093 4869 2349 4917 amentiam
2372 4884 2527 4933 verso,
2547 4873 2611 4920 ad
2634 4871 2841 4920 tumbam
2857 4870 3017 4919 S.viri
3041 4868 3292 4934 (Remigii)
3312 4868 3518 4920 sanitati

1918 4935 2164 4993 restituto,
2197 4935 2250 4983 tit
2272 4939 2472 4986 mentio.

1990 5018 2132 5081 (585)
2161 5020 2316 5068 Parva
2346 5021 2526 5082 utique,
2555 5021 2594 5070 si
2620 5033 2711 5070 una
2737 5021 2815 5072 die
2841 5026 3060 5082 peracta.

1992 5103 2133 5165 (386)
2175 5102 2494 5165 Lincolniam,
2552 5107 2611 5155 ad
2652 5119 2795 5167 quam
2849 5111 3133 5168 perventum
3179 5106 3269 5156 fuit
3323 5105 3401 5156 die
3451 5105 3517 5154 23

1922 5168 2232 5230 Novembris,
2259 5171 2304 5220 id
2331 5177 2423 5231 est,
2453 5176 2504 5222 ut
2530 5173 2599 5222 ait
2641 5171 2945 5232 Hovedenus,
2977 5188 3025 5221 lx
3064 5174 3178 5224 Kal.
3212 5172 3515 5224 Decembris.

1985 5252 2134 5316 (587)
2163 5254 2394 5304 Joannem
2426 5270 2510 5317 pro
2554 5269 2647 5306 unc
2673 5269 2833 5317 regem
2862 5257 3065 5319 Anglia.

1992 5336 2128 5399 (288)
2157 5337 2472 5390 Wilhelmum
2498 5343 2560 5392 ab
2586 5352 2712 5392 anno
2743 5341 2868 5388 1165
2891 5353 3038 5402 usque
3078 5342 3135 5393 ad
3163 5354 3341 5393 annum
3373 5340 3520 5402 1214,

1925 5413 2092 5463 regem
2117 5405 2312 5453 Scottia.

1993 5485 2133 5547 (58))
2179 5488 2301 5536 Tres
2347 5489 2425 5537 vel
2474 5492 2694 5550 quatuor.
2741 5489 3056 5540 llumbertum
3093 5493 3516 5553 Cantuariensem,

1921 5550 2625 5621 gauli-idumEboracensem,
2677 5557 3016 5606 Dublincnsem
3065 5560 3141 5608 vel
3190 5550 3517 5621 Raguensem.

1923 5615 2043 5666 Vide
2065 5619 2250 5680 Raynal
2275 5621 2390 5669 dum
2418 5634 2465 5682 p.
2493 5622 2577 5683 49,
2602 5622 2651 5671 in
2678 5623 2856 5672 Annal.
2887 5627 2926 5672 t.
2963 5625 3096 5675 Xlll.
