3938 6406
399 297 534 354 1111

1290 296 1345 350 S.
1388 292 1702 352 HUGONIS
1738 287 1959 345 EPISC.
1999 283 2332 374 LINCOLN.
2363 287 2526 344 0RD.
2569 287 2796 345 CAR'I'II
2839 311 2851 326 ο

3573 285 3724 341 1112

407 421 560 487 dum,
593 419 642 477 si
691 419 954 477 rationem
1011 420 1092 474 vis
1151 418 1351 475 doloris
1405 417 1737 473 admitteret.
1791 407 2073 482 ReliquiA
2108 416 2230 479 post
2251 409 2524 466 modicum
2573 411 2626 465 in
2667 410 3014 467 secretiorem
3062 407 3388 463 transfertur
3417 407 3706 474 exedram,

405 517 746 581 magnatum,
779 525 902 565 cum
931 507 1252 580 Anglorum,
1278 515 1391 562 tum
1431 507 1714 562 Scotorum
1746 504 2001 556 humeros

407 607 718 670 supponunt
743 597 894 654 oneri
923 613 1031 652 non
1076 595 1305 669 ignobili
1327 598 1495 664 (390).
1534 595 1649 648 Nec
1681 591 1781 646 sibi
1810 605 2000 662 parum

407 686 742 742 successisse
799 685 1094 758 gaudebat,
1157 684 1403 756 quisquis
1433 697 1530 738 sua
1560 681 1810 736 membra
1856 678 2000 733 illius

408 774 632 844 corpori
661 775 927 845 portando
959 781 1145 844 aptare
1175 772 1485 838 meruisset,
1518 770 1672 840 cujus
1690 767 1883 824 merita
1904 767 2002 821 ob-

412 861 758 934 sequentium
790 862 1002 917 animas
1032 869 1084 916 et
1112 875 1346 932 corpora
1393 859 1677 914 sustollere
1710 857 1778 912 ad
1807 855 2000 911 coeles-

405 949 496 1018 tia,
527 958 581 1006 et
609 949 682 1006 ab
710 949 858 1007 omni
886 949 1042 1008 clade
1074 949 1254 1006 levare
1312 949 1639 1021 potuissent.

943 1109 1169 1166 CAPUT
1215 1107 1464 1163 XXVIII.

405 1237 483 1292 De
535 1237 785 1308 corporis
833 1249 935 1305 per
975 1235 1270 1308 civitatem
1316 1233 1702 1308 deportatione
1748 1229 2000 1308 ejusdem

476 1302 1086 1376 nova’praepa‘ratione,
1129 1302 1543 1376 miraculorum
1589 1302 1997 1376 ostentatione,

472 1371 781 1432 oblationis
829 1375 1256 1446 magnitudine,
1282 1379 1335 1428 et
1408 1389 1671 1446 versuum
1717 1371 2000 1446 subscrip-

481 1447 655 1510 tione,
687 1443 1000 1523 I’ontiﬁeu'm
1036 1445 1280 1523 baculus,
1315 1452 1418 1523 etc.
1452 1445 1515 1523 In
1559 1444 1692 1523 loco,
1727 1443 1823 1496 ubi
1847 1457 2000 1523 prce-

482 1520 732 1587 ccperat,
765 1517 1115 1586 sepelitione.
1151 1517 1220 1570 Et
1245 1515 1574 1587 cont-inetur
1604 1513 1702 1569 hoc
1732 1513 1905 1584 capit.
1937 1513 2002 1566 in

481 1586 627 1642 serie
649 1601 872 1656 magna
913 1587 1045 1641 Vitae
1073 1587 1172 1642 sub
1199 1586 1450 1658 capitulo
1482 1587 1571 1640 20.

477 1709 651 1782 Igitur
699 1709 828 1764 dum
886 1709 1154 1780 portando
1211 1709 1389 1764 funeri
1438 1715 1515 1763 tot
1560 1723 1619 1763 se
1673 1721 1999 1780 magnorum

403 1797 646 1853 virorum
705 1797 920 1852 humeri
969 1797 1213 1852 certatim
1277 1796 1674 1859 submitterent,
1708 1803 1767 1849 ut
1796 1793 1998 1849 nullius

405 1901 658 1956 personae
689 1885 743 1940 in
779 1884 942 1955 globo
974 1892 1136 1939 tanta
1180 1884 1545 1939 multitudinis
1600 1883 1845 1939 delectus
1875 1898 1998 1939 esse

403 1973 687 2044 pctuisset,
718 1989 814 2028 rex
843 1973 1056 2028 tandem
1107 1981 1159 2027 et
1185 1969 1579 2044 archiepiscopi
1602 1972 1716 2026 sive
1732 1971 1994 2042 episcopi,

405 2067 529 2115 ante
549 2061 701 2115 urbis
731 2059 1041 2132 ingressum
1070 2060 1387 2131 pretiosam,
1421 2075 1581 2132 quam
1636 2059 1776 2114 ferre
1805 2074 1996 2114 susce-

405 2155 615 2220 perant,
649 2147 770 2203 aliis
800 2149 1201 2220 quodammodo
1249 2148 1626 2220 diripientibus
1679 2148 1996 2219 portandam

401 2244 685 2294 cesserunt
716 2237 1080 2310 margaritam.
1113 2239 1211 2302 Ita,
1254 2237 1451 2309 quibus
1505 2236 1701 2292 virium
1730 2244 1996 2308 praestan-

402 2325 510 2381 tior
527 2325 843 2398 magnitudo
871 2325 1127 2380 feretrum
1157 2325 1422 2380 subeundi
1443 2326 1654 2397 copiam
1673 2325 1995 2397 paravisset,

407 2429 552 2469 nunc
591 2413 853 2484 scapulis,
914 2429 1058 2469 nunc
1104 2414 1354 2468 manibus
1408 2413 1540 2469 illud
1598 2414 1996 2486 contingentes,

405 2501 607 2576 gaudio
636 2501 782 2572 pleni
829 2501 1172 2558 incedebant.
1225 2501 1468 2575 Cumque
1512 2502 1712 2558 diutius
1753 2503 1848 2557 tali
1895 2503 1997 2558 tri-

405 2589 574 2663 pudio
602 2589 965 2661 potiebantur,
997 2598 1220 2662 repente
1250 2591 1318 2646 ab
1347 2591 1466 2646 aliis
1494 2591 1720 2662 explosi,
1754 2591 1998 2662 praedam

405 2689 561 2730 suam
590 2674 747 2730 novis
767 2674 1075 2746 raptoribus
1095 2675 1296 2731 cedere
1351 2676 1831 2747 compellabantur.
1863 2677 1998 2732 Toto

407 2777 625 2835 quoque
657 2763 851 2818 itinere
895 2761 990 2818 illo
1030 2780 1201 2836 usque
1253 2764 1324 2819 ad
1373 2764 1682 2830 ecclesiam,
1716 2765 1860 2836 quod
1888 2781 2000 2821 non

406 2851 562 2907 brevi
592 2851 767 2922 spatio
795 2851 1052 2916 tenditur,
1085 2868 1186 2923 per
1214 2852 1429 2924 singula
1459 2851 1574 2908 fere
1602 2862 1879 2909 momenta
1902 2870 1999 2910 no-

408 2937 492 2995 vis
520 2939 648 2994 novi
671 2939 1246 3008 suecedebantbajulis
1276 2940 1455 3010 bajuli,
1487 2956 1589 2997 nec
1604 2957 1830 2998 numero
1858 2943 1994 3013 pari,

407 3027 507 3082 sed
534 3033 611 3082 tot
639 3035 792 3083 erant
817 3028 1126 3098 portitores,
1161 3029 1306 3100 quod
1354 3030 1602 3085 machina
1657 3031 1865 3102 grabati
1895 3032 1998 3086 ad-

407 3115 624 3171 mittere
654 3122 866 3186 poterat
893 3116 1243 3171 aecedentes.
1285 3117 1390 3172 Sed
1445 3133 1548 3174 nec
1577 3118 1666 3172 alii
1710 3135 1872 3190 quam
1902 3135 1994 3173 su-
2020 3109 2067 3171 Ο

410 3199 608 3255 blimes
645 3200 746 3256 viri
795 3208 848 3255 et
901 3201 1338 3272 praeminentes,
1389 3202 1506 3256 istis
1561 3219 1620 3257 se
1659 3204 1998 3260 conﬂictibus

410 3287 653 3344 inserere
681 3289 1101 3358 praesumebant.
1135 3289 1277 3357 Quin
1319 3299 1371 3346 et
1407 3306 1506 3362 per
1550 3291 1761 3361 plateas
1790 3309 1854 3346 ex
1886 3292 2000 3347 hie-

408 3375 627 3430 malium
670 3376 936 3447 profluvio
1001 3393 1281 3450 aquarum,
1313 3378 1425 3434 luto
1479 3379 1743 3434 altissimo
1786 3380 1996 3451 plenas,

407 3463 752 3534 incedebant,
786 3465 1096 3538 frequenter
1124 3481 1304 3531 suras,
1337 3476 1390 3522 et
1419 3483 1564 3538 sape
1607 3468 1767 3523 etiam
1797 3484 1996 3539 genua,

409 3567 567 3609 emno
612 3553 1018 3626 immergentes.
1055 3553 1159 3622 Qui
1193 3556 1460 3611 accedere
1488 3556 1735 3612 cominus
1762 3573 1870 3613 non
1899 3573 2000 3613 va-

407 3640 608 3708 lebant,
666 3657 920 3698 nummos
967 3643 1400 3714 superjaciebant
1454 3659 1617 3711 arcae,
1651 3662 1772 3717 qua
1799 3661 2002 3717 corpus

407 3729 719 3797 incluserat,
752 3731 1136 3802 protensisque
1172 3732 1426 3786 manibus
1455 3733 1667 3789 eminus
1690 3729 1997 3802 adorantes,

411 3825 603 3873 sancto
632 3834 756 3874 sese
782 3818 1032 3874 devotius
1062 3820 1528 3877 commendabant.
1576 3823 1744 3878 Judei
1785 3839 2001 3895 quoque

407 3905 660 3978 lugentes
689 3914 743 3961 et
769 3906 1112 3978 plangentes,
1144 3923 1211 3964 ac
1247 3924 1434 3964 verum
1463 3911 1647 3980 magni
1694 3913 1792 3968 Dei
1829 3912 2002 3968 famu-

409 3993 520 4049 lum
549 3993 821 4050 exstitisse
851 4011 974 4050 eum
1003 3996 1425 4063 conclamantes,
1462 4014 1692 4055 occursu
1722 4001 1926 4071 pariter
1951 4010 2002 4057 et

412 4082 543 4139 iletu
584 4083 904 4155 obsequium
935 4084 1080 4155 quod
1108 4093 1375 4155 poterant,
1426 4087 1476 4142 ei
1503 4087 1899 4158 impendentes,
1931 4090 2002 4144 il-

411 4170 522 4226 lam
551 4169 696 4226 circa
724 4171 896 4227 virum
923 4172 1023 4228 Dei
1049 4172 1328 4244 impletam
1365 4191 1489 4231 esse
1538 4178 1859 4233 sententiam
1901 4194 2003 4235 nos

411 4259 698 4315 advertere
719 4260 1134 4331 compellebant,
1159 4277 1265 4334 qua
1280 4263 1480 4319 dicitur
1512 4279 1525 4318 :
1548 4266 2002 4325 Benedictionem

410 4349 670 4406 omnium
714 4351 972 4422 gentium
1001 4351 1155 4406 dedit
1183 4353 1274 4406 illi
1321 4353 1594 4409 Dominus
1622 4355 1818 4424 (Eccli.
1851 4371 1998 4421 xuv,

405 4438 519 4508 25).

478 4525 806 4582 Sonantibus
837 4527 1020 4600 itaque
1049 4543 1148 4599 per
1199 4528 1484 4586 universas
1513 4531 1675 4586 totius
1720 4533 1868 4588 urbis
1902 4549 1997 4590 ec-

408 4613 608 4670 clesias
635 4615 878 4672 classicis
920 4632 1042 4672 cum
1080 4617 1296 4688 hymnis
1332 4625 1384 4672 et
1423 4618 1645 4674 canticis
1700 4621 1998 4690 spirituali-

408 4703 544 4772 bus,
579 4718 692 4759 sum
736 4705 956 4761 tandem
1004 4703 1232 4760 infertur
1278 4707 1491 4778 gremio
1548 4709 1814 4764 ecclesiae.
1863 4711 1999 4767 Hinc

472 4876 614 4948 (399)
633 4878 909 4948 pontii-mat
933 4879 1038 4928 haec
1060 4879 1358 4948 Coggeshale
1381 4881 1472 4932 col.
1496 4870 1615 4946 866,
1637 4886 1760 4948 apud
1783 4887 2001 4937 Martene

409 4945 529 4994 tom.
556 4945 595 4994 ν
619 4945 822 4995 Collect.
871 4946 1102 4995 Veterum
1149 4947 1461 5008 scriptorum,
1510 4945 1609 5000 ubi
1637 4945 1814 5002 asserit
1852 4954 1997 5003 etiam

407 5022 576 5072 regem
602 5016 654 5060 et
678 5011 1070 5073 archiepiscopos
1092 5013 1400 5076 supposuisse
1436 5016 1661 5066 humeros
1703 5019 1877 5082 loculo,
1901 5025 1998 5070 etc.

472 5092 616 5158 (59t)
659 5095 720 5143 Se
763 5095 918 5163 ipsum
963 5095 1188 5158 intelligit
1234 5103 1421 5163 auctor,
1449 5101 1524 5150 cui
1548 5113 1601 5150 se
1627 5101 1918 5154 induendum
1946 5107 1997 5154 S.

405 5161 542 5221 Hugo
569 5173 735 5222 supra,
763 5173 808 5210 c.
836 5161 920 5222 24,
947 5164 1280 5214 commiserat.

475 5241 612 5306 (392)
640 5245 855 5315 Rogerus
879 5249 983 5315 erat
1010 5247 1086 5297 ille
1106 5247 1166 5297 de
1194 5261 1287 5311 quo
1313 5249 1494 5300 dictum
1540 5252 1587 5300 in
1630 5255 1740 5301 nota
1770 5253 1786 5311 (
1804 5255 1911 5315 152)
1939 5257 1999 5306 ad

405 5308 493 5358 lib.
522 5322 662 5369 m,c.
692 5311 742 5372 7,
784 5311 842 5361 ad
884 5312 1025 5374 cujus
1069 5308 1222 5365 etiam
1261 5315 1543 5369 instantiam
1589 5308 1813 5369 Giraldus
1859 5308 2001 5370 Cam-

403 5374 618 5449 b_rensi_s_
640 5377 856 5449 quaedam
890 5383 1015 5442 part.
1059 5395 1092 5430 ιι
1126 5383 1310 5444 Anglia:
1333 5395 1505 5443 sacrae,
1531 5397 1590 5446 p.
1618 5387 1738 5447 454,
1763 5399 1817 5436 se
1841 5388 2000 5449 diges-

403 5441 526 5492 sisse
553 5443 760 5494 fatetur.

468 5525 608 5600 (ξρὸ)
655 5529 706 5600 In
752 5531 1317 5600 translationeforsitan.
1346 5545 1474 5584 anno
1503 5535 1632 5586 1285
1674 5537 1823 5600 facta,
1850 5551 1995 5600 quam

401 5591 461 5642 ad
480 5591 638 5644 Vitam
677 5597 728 5647 S.
773 5598 986 5661 Hugonis
1011 5599 1158 5650 edidit
1183 5600 1353 5650 Surius
1379 5602 1540 5654 nescio
1563 5605 1687 5656 unde
1721 5591 1992 5668 acceptam,

2100 498 2269 568 ipsius
2318 499 2763 554 vestimentorum
2821 498 3100 569 insigniis,
3157 495 3442 567 parvitatis
3497 503 3709 550 nostra;

2101 586 2249 657 (391)
2280 587 2543 658 obsequio
2575 587 2882 642 induendus
2925 588 2979 641 in
3035 585 3232 657 quibus
3290 584 3417 638 olim
3473 583 3703 654 pontifi-

2101 674 2271 730 calem
2303 684 2617 746 susceperat
2664 677 3156 731 consecrationem.
3223 673 3354 727 Erat
3410 687 3542 727 vero
3569 681 3702 727 tunc

2099 763 2302 818 ibidem
2359 763 2546 818 videre
2593 764 2930 819 miraculum.
2983 765 3126 819 Caro
3188 776 3424 832 namque
3474 760 3588 828 ejus
3619 760 3701 814 ita

2097 851 2256 906 niveo
2313 853 2549 924 quodam
2607 859 2660 906 et
2717 851 2971 908 uniformi
3011 851 3250 907 candore
3281 849 3601 914 nitescebat,
3637 855 3696 902 ut

2101 939 2335 1010 quodam
2385 940 2796 995 resurrectionis
2852 941 3019 996 decus
3043 940 3155 1008 jam
3211 945 3288 993 tot
3344 937 3534 992 diebus
3564 952 3700 992 exs-

2101 1026 2261 1082 tincta
2317 1027 2599 1082 manifeste
2668 1026 2966 1099 praeferret.
3015 1027 3161 1082 Nihil
3216 1026 3270 1080 in
3329 1041 3390 1080 ea
3445 1024 3696 1090 lividum,

2101 1115 2233 1169 nihil
2290 1115 2572 1186 pallidum,
2626 1125 2713 1171 aut
2775 1116 3204 1181 submarcidum,
3267 1114 3401 1168 nihil
3460 1113 3694 1175 fuscum,

2100 1202 2233 1256 nihil
2275 1219 2384 1258 non
2427 1203 2679 1271 lacteum,
2716 1212 2808 1259 aut
2865 1204 3041 1274 potius
3096 1203 3352 1271 liliosum,
3401 1201 3696 1257 renitebat.

2105 1291 2298 1345 Manus
2331 1292 2445 1359 ejus
2499 1300 2552 1348 et
2607 1291 2782 1365 digiti,
2817 1292 3039 1348 brachia
3087 1307 3303 1362 quoque
3360 1298 3412 1345 et
3476 1289 3691 1355 lacerti,

2100 1394 2208 1432 non
2238 1379 2410 1446 aliter,
2452 1380 2832 1451 quampridem
2862 1381 2914 1433 in
2947 1379 3093 1444 vivo,
3156 1394 3301 1434 nunc
3380 1378 3434 1432 in
3491 1377 3695 1432 defun-

2101 1474 2212 1534 cto,
2245 1466 2570 1537 palpabiles,
2634 1467 2825 1524 molles
2868 1475 2923 1522 et
2970 1467 3276 1522 tractabiles
3327 1473 3502 1520 erant.
3564 1464 3696 1520 Bal-

2101 1569 2253 1610 samo
2283 1554 2396 1610 sola
2422 1555 2538 1624 ejus
2568 1555 2749 1620 facies,
2785 1563 2839 1610 et
2868 1569 3062 1610 manus
3093 1556 3210 1623 ejus
3253 1554 3476 1609 dextera
3511 1553 3695 1608 fuerat

2099 1643 2358 1698 delibuta.
2392 1644 2473 1698 De
2493 1643 2722 1700 aliorum
2748 1651 2931 1699 autem
2975 1651 3115 1698 statu
3153 1643 3527 1698 membrorum
3557 1640 3695 1695 nihil

2100 1731 2572 1805 investigavimus.
2611 1732 2796 1806 Digito
2826 1733 2988 1787 etiam
3019 1731 3292 1797 annulum,
3351 1730 3696 1786 chirothecas

2101 1819 2460 1892 baculumque
2503 1821 2828 1891 pastoralem
2883 1820 3134 1876 manibus
3193 1821 3306 1888 ejus
3353 1826 3405 1874 et
3449 1817 3695 1874 brachiis

2099 1909 2421 1977 inserentes,
2447 1909 2516 1965 de
2538 1909 2622 1962 his
2644 1909 2987 1964 solummodo
3009 1923 3074 1964 ea
3096 1924 3216 1980 quae
3263 1907 3516 1976 diximus,
3539 1906 3608 1960 ita
3629 1921 3691 1962 se

2097 1995 2299 2052 habere
2362 1997 2838 2068 deprehendimus.

2172 2084 2439 2140 Omnibus
2470 2085 2654 2158 itaque
2684 2085 3080 2157 pontificalibus
3119 2085 3216 2140 rite
3245 2084 3550 2157 insignitus,
3581 2100 3690 2138 nu-

2099 2173 2226 2228 data
2256 2172 2395 2228 facie
2424 2174 2659 2244 seporati
2689 2175 2866 2245 magis
2907 2189 3070 2245 quam
3123 2173 3407 2228 exanimati
3440 2173 3684 2243 speciem

2098 2261 2442 2332 praeferebat.
2475 2263 2551 2316 Ita
2582 2277 2613 2316 a
2670 2261 3105 2335 glorificantibus
3163 2269 3326 2318 Deum
3384 2260 3608 2316 refertur
3634 2259 3691 2314 in

2098 2345 2344 2400 chorum.
2377 2347 2681 2401 Accurrunt
2736 2346 2974 2418 undique
3029 2346 3204 2401 turbm
3249 2344 3688 2418 inspectantium,

2099 2447 2290 2489 cereos
2338 2433 2589 2488 manibus
2611 2433 2864 2490 ardentes
2891 2433 3314 2506 praeferentium,
3362 2434 3532 2506 pedes
3571 2434 3692 2502 ejus

2099 2529 2152 2577 et
2180 2536 2374 2576 manus
2402 2522 2781 2589 osculantium,
2817 2539 3009 2578 aurum
3037 2539 3254 2594 quoque
3301 2530 3353 2578 et
3381 2530 3687 2593 argentum,

2097 2609 2415 2682 lapidesque
2444 2611 2714 2681 pretiosos
2755 2609 3116 2666 offerentium.
3143 2613 3352 2667 Interea
3395 2612 3521 2666 dum
3549 2627 3690 2681 pau-

2098 2697 2269 2753 lulum
2289 2698 2552 2753 remotius
2569 2715 2690 2753 cum
2711 2699 2824 2754 viro
2853 2699 3169 2769 venerabili,
3210 2699 3379 2771 ipsius
3425 2699 3689 2754 Ecclesiae

2100 2787 2309 2843 decano
2332 2787 2506 2859 (392,)
2562 2788 3020 2855 consedissemus,
3053 2788 3284 2844 invicem
3332 2789 3400 2842 de
3454 2788 3538 2842 his
3567 2803 3690 2859 quae

2099 2875 2239 2931 circa
2297 2875 2570 2931 Christum
2619 2876 2835 2931 Domini
2867 2877 3184 2931 mirabiliter
3213 2876 3524 2932 acciderant
3551 2891 3690 2932 con-

2100 2963 2355 3028 ferentes,
2389 2963 2586 3018 adsunt
2634 2965 2853 3036 quidam
2901 2973 3176 3036 stupentes
3215 2972 3267 3020 ct
3301 2965 3530 3034 attoniti,
3565 2965 3689 3018 talia

2099 3053 2258 3108 nobis
2303 3053 2548 3108 dicentes
2581 3072 2598 3108 :
2633 3075 2653 3099 α
2693 3053 2982 3109 Vidistisne
3040 3063 3094 3108 et
3143 3055 3447 3110 attendistis
3487 3062 3689 3126 quanto

2097 3142 2296 3197 decore
2320 3142 2434 3210 jam
2465 3141 2682 3196 vernari
2713 3142 2935 3213 coeperit
2963 3142 3130 3198 facies
3161 3143 3420 3214 episcopi,
3453 3150 3512 3198 ut
3551 3143 3692 3198 rosis

2097 3228 2414 3284 rubentibus
2470 3245 2642 3302 genas
2672 3230 2878 3285 similes
2920 3231 3254 3302 praetendat,
3290 3239 3347 3285 ut
3373 3231 3691 3287 dormientis

2097 3333 2206 3373 non
2222 3317 2475 3385 defuncti,
2510 3334 2793 3390 nuperque
2823 3319 2891 3374 de
2936 3319 3146 3374 balneis
3185 3320 3396 3390 egressi
3438 3319 3692 3375 hilarita-

2096 3414 2204 3462 tem
2234 3405 2527 3477 prreferat?
2556 3428 2575 3455 ι
2609 3407 2689 3462 Ad
2720 3409 2836 3462 haec
2867 3408 3073 3462 decano
3096 3407 3417 3474 admirante,
3439 3409 3541 3464 hoc
3559 3425 3696 3463 nun-

2097 3495 2354 3549 tiantibus
2384 3494 2705 3565 respondit:
2735 3517 2756 3544 α
2793 3495 3061 3550 Fallimini
3083 3495 3272 3567 procul
3293 3496 3476 3562 dubio,
3499 3496 3694 3552 fratres

2098 3583 2424 3638 charissimi.
2463 3583 2677 3639 Revera
2709 3583 2850 3638 enim
2882 3585 3118 3640 candore
3164 3584 3394 3639 mirabili
3425 3584 3556 3639 nitet
3576 3586 3695 3640 vul-

2099 3679 2186 3726 tus
2215 3672 2366 3740 ejus;
2401 3671 2556 3726 rubei
2587 3687 2717 3727 vero
2750 3672 2949 3726 coloris
2972 3672 3179 3727 nullum
3211 3673 3266 3728 in
3297 3688 3362 3728 eo
3405 3673 3694 3745 vestigium

2099 3759 2326 3816 relucet.
2359 3759 2497 3814 Satis
2527 3759 2688 3830 paulo
2719 3768 2841 3815 ante
2889 3761 3182 3833 diligenter
3235 3762 3540 3816 notavimus
3571 3777 3694 3817 om-

2100 3863 2225 3904 nem
2256 3848 2372 3916 ejus
2411 3848 2650 3918 speciem
2699 3856 2860 3920 atque
2905 3849 3185 3905 decorem.
3226 3873 3247 3898 »
3297 3851 3447 3905 Tunc
3474 3850 3551 3903 illi
3594 3865 3696 3905 nos

2101 3936 2499 4008 quodammodo
2528 3935 2850 3991 reluctantes
2907 3945 3220 4008 rapuerunt,
3255 3946 3307 3993 et
3337 3938 3391 3992 in
3447 3939 3694 3993 cominus

2101 4025 2351 4080 adductis
2399 4025 2754 4079 ostendebant
2787 4023 2892 4080 ﬁde
2924 4026 3158 4093 oculata,
3192 4043 3252 4082 se
3306 4026 3594 4081 verissima
3624 4027 3693 4083 de

2101 4113 2280 4185 gratia
2308 4113 2537 4180 ruboris,
2571 4129 2677 4186 quo
2707 4113 2911 4168 nitebat
2944 4113 3110 4170 facies
3132 4115 3265 4184 ejus,
3299 4114 3467 4170 fuisse
3495 4132 3693 4187 prose-

2101 4209 2278 4257 cutos.
2301 4201 2605 4256 Permansit
2634 4210 2814 4256 autem
2845 4202 2990 4258 idem
3035 4219 3196 4258 verus
3226 4203 3427 4274 speciei
3457 4204 3694 4260 caelestis

2102 4297 2356 4359 aspectus
2385 4289 2456 4344 ita
2486 4289 2747 4346 candidus
2779 4299 2831 4345 et
2871 4291 3224 4357 rubicundus,
3264 4292 3503 4364 quandiu
3533 4308 3693 4348 man-

2103 4378 2171 4432 sit
2191 4378 2246 4432 in
2279 4393 2494 4448 sponsa:
2511 4379 2611 4434 sibi
2633 4380 2941 4436 commissae
2971 4380 3284 4452 aspectibus
3307 4397 3471 4452 super
3491 4389 3693 4436 terram

2028 4461 2432 4523 Dmanifestus.
2460 4468 2648 4522 Utrum
2680 4482 2812 4522 vero
2843 4471 2896 4522 in
2932 4469 3186 4540 sepulcro
3215 4469 3436 4540 corpori
3462 4469 3552 4524 ille
3583 4470 3684 4525 de-

2099 4571 2196 4610 cor
2223 4555 2578 4626 permanserit
2608 4571 2800 4622 necne,
2834 4573 2942 4612 non
2965 4566 3047 4612 est
3067 4565 3310 4613 nostrum
3333 4558 3494 4612 modo
3524 4558 3685 4620 scire.

2102 4644 2301 4699 scietur
2327 4652 2507 4700 autem
2537 4652 2728 4715 postea
2757 4647 2926 4716 (393).
2960 4645 3065 4715 Qui
3121 4646 3165 4700 si
3196 4646 3336 4701 forte
3368 4647 3602 4712 evanuit,
3639 4656 3691 4702 et

2101 4747 2223 4788 cum
2245 4733 2430 4803 Moyse
2452 4741 2707 4789 evacuata
2737 4741 2820 4789 est
2850 4735 3032 4805 gloria
3051 4735 3229 4790 vultus
3253 4735 3388 4804 ejus,
3437 4751 3544 4790 non
3567 4735 3686 4801 erit,

2100 4917 2195 4955 non
2221 4909 2417 4956 auctore
2441 4907 2583 4957 Vitae.
2606 4908 2729 4958 Hinc
2751 4912 2799 4958 et
2822 4909 3098 4970 Raynaldus
3123 4911 3222 4959 tom
3264 4910 3373 4960 Xlll
3412 4908 3614 4968 Annal.,
3640 4922 3691 4970 p.

2098 4971 2184 5039 l8,
2214 4977 2350 5022 recte
2374 4973 2574 5035 colligit,
2604 4976 2698 5024 ista
2716 4976 2776 5024 de
2801 4975 3116 5025 translatione
3141 4977 3358 5039 corporis
3381 4977 3441 5024 ab
3468 4976 3562 5026 alio
3587 4988 3693 5025 esse

2099 5037 2312 5100 adjecta,
2337 5051 2430 5089 non
2457 5041 2517 5088 ab
2535 5047 2732 5091 auctore
2749 5042 2886 5091 Vita).
2915 5043 3091 5092 Petrus
3109 5037 3374 5092 Dorlandus
3390 5043 3436 5092 in
3453 5043 3690 5092 Chronico

2098 5104 2421 5154 Carthusiano
2447 5106 2531 5156 lib.
2556 5121 2628 5167 ιιι,
2652 5121 2698 5156 c.
2729 5109 2809 5168 14,
2837 5109 2985 5158 etiam
3027 5110 3250 5158 meminit
3297 5110 3442 5170 hujus
3487 5107 3694 5158 transla-

2100 5171 2264 5231 tionis,
2308 5176 2356 5220 et
2403 5173 2514 5232 quia
2559 5173 2658 5236 ipse
2685 5177 2759 5224 est
2783 5175 3026 5233 antiquior
3049 5176 3208 5234 Surie,
3236 5178 3286 5224 et
3311 5176 3487 5225 asserit
3511 5177 3692 5225 transla

2097 5237 2278 5286 tionem
2330 5238 2506 5289 factam
2554 5251 2680 5288 anno
2729 5244 2838 5303 post
2879 5241 3216 5290 dormitionem
3241 5245 3293 5292 S.
3322 5242 3539 5304 Hugonis
3559 5243 3693 5291 octo-

2098 5305 2280 5362 gesimo
2305 5305 2498 5354 circiter
2516 5311 2674 5367 sexto,
2699 5309 2766 5356 uti
2792 5312 2839 5355 et
2863 5307 3034 5358 Surius
3058 5309 3251 5358 videtur
3290 5309 3370 5357 illa
3409 5309 3534 5358 facta
3585 5319 3692 5358 esse

2097 5371 2228 5419 circa
2251 5383 2428 5420 annum
2462 5371 2604 5431 19.85,
2634 5385 2728 5421 non
2755 5385 2867 5422 vero
2892 5386 3017 5422 anno
3048 5374 3194 5433 1:280,
3221 5375 3291 5424 uti
3317 5375 3366 5424 in
3393 5374 3611 5436 margine
3636 5376 3694 5424 ad

2094 5437 2277 5486 dictum
2320 5451 2434 5499 cap.
2495 5439 2552 5486 14
2597 5441 2810 5499 notatur,
2857 5444 2904 5488 et
2944 5440 3260 5500 eorrigendus
3290 5442 3511 5492 fortassis
3545 5442 3691 5492 etiam

2096 5502 2374 5564 Raynaldus
2400 5510 2516 5554 tom.
2545 5504 2654 5554 Xlll
2684 5505 2883 5567 Annal.,
2905 5518 3015 5566 pag.
3045 5507 3122 5555 t8.
