3938 6406
212 361 344 414 1113

1228 348 1744 408 CONSTITUTION
1752 349 1836 404 ES
1874 347 1949 403 IN
1988 345 2452 404 VISITATIONE.

3376 350 3510 403 1114

215 483 360 539 unde
390 480 853 546 scandalizentur,
886 477 1083 551 quibus
1111 477 1165 533 id
1195 476 1332 533 forte
1361 477 1504 532 scire
1522 474 1812 546 aliquando
1830 474 1884 534 Α
1913 480 1969 527 ut
1997 473 2075 528 ita
2096 473 2519 545 gesticularetur
2538 473 2593 528 in
2625 474 2747 532 loco
2763 475 2876 542 tali,
2907 473 3247 545 inquirerent
3273 473 3510 531 circum-

214 572 526 637 donabitur,
557 585 680 625 cum
705 569 909 641 jugiter
938 568 1006 621 sit
1043 565 1428 636 conspicabilis
1483 572 1536 619 et
1581 564 1816 618 inexter—

215 659 491 714 minabilis
517 657 731 728 species
767 657 883 724 ejus
919 654 1282 708 invisibilibus
1331 652 1474 718 coeli,
1527 651 1669 706 unde
1705 667 1814 705 non

218 748 390 804 solum
421 748 581 802 detur
601 746 750 818 pacis
780 743 1107 808 formositas,
1132 743 1230 797 sed
1250 750 1302 796 et
1329 740 1620 797 debilitatis
1637 739 1814 810 sospi-

216 844 298 892 tas
327 835 496 890 ﬂuere
527 834 581 888 in
613 850 735 889 eum
765 847 874 887 non
904 831 1148 886 desistat.

282 924 379 979 His
407 938 470 978 ea
498 937 620 994 quae
637 929 938 992 sequuntur
961 918 1204 988 jucundo
1247 917 1376 972 satis
1404 915 1645 986 auspicio
1676 914 1810 969 asti-

211 1010 387 1084 pulari
417 1019 731 1066 noscuntur.
763 1009 905 1063 Nam
961 1006 1234 1079 regressis
1289 1003 1448 1060 nobis
1502 1005 1569 1058 ad
1627 1004 1810 1059 locum

211 1099 494 1156 memorati
523 1113 841 1163 consessus,
872 1095 1093 1151 veniunt
1137 1093 1391 1149 celeriter
1418 1092 1487 1146 ad
1543 1092 1810 1148 decanum

213 1187 419 1258 plures,
453 1185 546 1258 qui
595 1185 839 1241 dicerent
896 1183 1182 1238 mulierem
1239 1181 1546 1252 quamdam,
1605 1179 1810 1235 lumine

212 1275 492 1332 oculorum
521 1273 703 1328 multis
733 1272 890 1328 annis
919 1271 1206 1342 privatam,
1241 1270 1418 1340 primo
1449 1268 1622 1323 sancti
1679 1284 1806 1323 cor-

211 1363 358 1435 poris
386 1370 586 1419 attactu
611 1361 786 1415 visum
816 1359 1112 1430 recepisse.
1173 1359 1490 1430 Suggerunt
1545 1357 1728 1422 etiam,
1752 1364 1809 1410 ut

208 1450 498 1506 classicum
529 1449 930 1521 pulsari,atque
965 1449 1030 1502 Te
1049 1449 1225 1504 Deum
1259 1447 1560 1501 laudamus
1583 1444 1808 1500 vocibus

207 1539 449 1594 altisonis
478 1537 743 1594 Dominus
769 1537 1014 1593 decanus
1042 1535 1315 1592 decantari
1340 1535 1544 1603 jubeat.
1603 1533 1806 1588 Verum

204 1628 348 1683 istud
376 1642 477 1681 nos
506 1627 858 1682 vehementer
897 1625 1272 1689 dissuasimus,
1320 1623 1444 1694 quia
1473 1622 1661 1692 ignota
1712 1620 1807 1676 fuit

208 1715 288 1770 eis
326 1715 444 1785 ipsa
472 1714 689 1780 mulier,
738 1729 807 1768 ne
853 1713 988 1768 forte
1035 1711 1266 1768 conficta
1320 1711 1565 1766 caecitate
1624 1710 1803 1765 lumen

207 1803 531 1858 mentiretur
561 1818 620 1858 se
653 1801 721 1857 de
772 1815 914 1857 novo
954 1800 1230 1870 recepisse
1279 1815 1387 1871 quo
1425 1800 1538 1867 jam
1595 1813 1876 1885 annosaB

207 1891 357 1946 nullo
380 1899 626 1961 tempore
672 1889 961 1945 caruisset.
986 1890 1143 1945 Unde
1201 1888 1268 1959 [Γ.
1317 1886 1487 1941 multo
1538 1887 1803 1958 tempore]

208 1979 486 2034 veritatem
538 1994 704 2048 super
733 1979 855 2044 hoc,
891 1986 942 2032 et
970 1993 1134 2047 super
1150 1976 1271 2030 aliis
1301 1993 1421 2046 quae
1441 1975 1807 2046 proculdubio

207 2067 380 2122 audiri
425 2067 786 2139 contingeret,
823 2065 994 2137 signis
1024 2064 1441 2136 diligentissime
1472 2079 1688 2134 semper
1717 2064 1803 2117 in-

208 2155 526 2227 quirendam
557 2153 822 2224 primitus,
855 2162 909 2208 et
937 2168 1045 2208 non
1096 2153 1200 2207 nisi
1231 2152 1532 2208 certissime
1559 2152 1800 2222 probata,

205 2243 445 2316 quolibet
475 2243 638 2298 modo
665 2242 1008 2314 propalanda
1043 2257 1166 2298 esse
1195 2249 1285 2296 aut
1342 2240 1556 2311 publice
1599 2241 1803 2312 praedi-

206 2331 380 2388 canda
401 2331 731 2388 monuimus.

278 2421 419 2476 Dum
451 2420 618 2492 igitur
648 2435 812 2490 super
858 2419 942 2473 his
988 2417 1254 2491 disceptio
1283 2417 1614 2490 aliquantula
1666 2417 1806 2472 inter

203 2524 306 2564 nos
337 2517 389 2565 et
419 2509 652 2566 clericos
678 2509 994 2577 haberetur,
1026 2515 1313 2564 accurrunt
1338 2515 1391 2562 et
1435 2506 1542 2574 alii,
1575 2507 1645 2561 de
1687 2522 1805 2561 mu-

205 2597 340 2653 liere
361 2598 528 2653 altera
558 2597 917 2652 indubitatum
946 2595 1242 2652 referentes
1281 2595 1615 2650 miraculum.
1660 2597 1803 2650 Dnm

203 2687 349 2741 enim
381 2694 638 2742 matrona:
669 2687 916 2757 quaedam
948 2687 1142 2741 devota
1163 2685 1436 2740 oblatione
1468 2683 1611 2739 facta
1647 2685 1803 2752 juxta

203 2774 694 2846 corpusinsisteret
713 2775 816 2846 piis
834 2775 1108 2846 precibus,
1145 2788 1461 2829 crumenam
1484 2773 1589 2827 sibi
1616 2788 1649 2827 a
1668 2788 1801 2827 zona

203 2863 626 2933 dependentem,
662 2870 715 2918 et
735 2863 942 2918 solidos
971 2863 1177 2934 aliquot
1206 2872 1496 2935 argenteos
1525 2862 1804 2917 continen-

206 2959 334 3016 tem,
369 2951 449 3006 fur
487 2951 855 3007 clandestinus
875 2959 1097 3024 repente
1117 2951 1327 3006 incidit.
1361 2950 1466 3020 Qui
1484 2967 1628 3018 mox,
1651 2950 1801 3005 nullo

204 3039 383 3094 adhuc
412 3039 714 3093 mortalium
734 3047 936 3110 prazter
965 3041 1163 3110 ipsum,
1195 3039 1338 3111 quod
1373 3039 1595 3106 fecerat,
1628 3055 1800 3110 agno-

203 3135 392 3182 scente
420 3127 720 3197 percutitur
749 3127 926 3182 subita
956 3128 1216 3183 caecitate.
1277 3127 1413 3183 Hinc
1451 3143 1688 3199 quoque,
1743 3135 1799 3180 ut

199 3214 385 3281 refert,
412 3231 519 3286 quo
552 3231 805 3287 gressum
828 3216 1094 3284 tenderet,
1119 3232 1345 3287 prorsus
1367 3217 1666 3270 nesciebat.
1691 3213 1795 3283 Qui

200 3303 370 3358 nimio
401 3303 617 3357 attritus
650 3304 863 3370 timore,
899 3320 1020 3360 cum
1053 3304 1369 3376 aliquandiu
1399 3306 1503 3360 huc
1541 3303 1797 3374 illucque.

199 3399 455 3462 tanquam
489 3391 674 3445 ebrius
698 3400 750 3446 et
778 3392 1085 3462 crapulatus
1115 3407 1144 3446 a
1174 3394 1321 3459 vino,
1351 3392 1594 3448 nutando
1650 3391 1800 3446 abire

205 3487 459 3548 tentaret,
496 3496 598 3534 nec
632 3489 832 3548 posset,
867 3496 992 3536 cum
1019 3482 1133 3550 jam
1156 3481 1341 3537 oculos
1365 3481 1422 3535 in
1451 3497 1510 3536 se
1537 3479 1797 3552 plurimo-

197 3584 317 3622 rum
349 3568 434 3622 his
465 3568 711 3641 gestibus
729 3577 1088 3637 converteret,
1123 3579 1195 3637 et,
1223 3570 1483 3641 quidnam
1501 3569 1604 3625 sibi
1627 3576 1796 3635 esset,

1918 567 2142 626 stantes,
2177 577 2394 616 manum
2416 577 2537 616 cum
2568 561 2734 616 bursa
2764 562 2894 616 nihil
2924 563 3158 618 dicendo
3193 562 3418 630 tetendit
3455 562 3512 618 in

1915 648 2100 715 altum,
2134 650 2261 720 quid
2291 650 2515 718 egisset,
2539 650 2702 705 rebus
2731 651 2862 721 ipsis
2886 650 3260 717 manifestans,
3285 658 3357 718 et,
3382 650 3510 722 quid

1915 737 2096 791 statim
2125 737 2455 807 pertulisset,
2493 754 2623 793 voce
2665 739 2879 811 lugubri
2927 738 3291 794 subinferens.
3339 739 3512 808 Inspi-

1914 825 1985 881 cit
2008 827 2323 898 etagnoscit
2361 826 2556 881 mulier
2575 843 2732 880 suum
2771 827 2824 880 in
2853 843 3015 881 manu
3065 827 3322 899 sacrilegi
3369 826 3508 882 inci-

1912 914 2054 970 soris
2081 914 2318 970 loculum
2348 915 2468 970 :cui
2497 914 2582 969 fur
2612 915 2701 970 ille
2731 915 2963 970 restituit
2994 916 3140 986 quod
3170 915 3409 983 abstulit,
3456 923 3512 971 et

1910 1018 2036 1056 mox
2057 1003 2239 1058 lumen
2256 1003 2459 1074 recepit
2490 1003 2637 1074 quod
2664 1003 2861 1057 amisit.
2902 1003 3126 1073 Recepit
3159 1011 3213 1060 et
3260 1003 3355 1058 illa
3400 1019 3505 1074 pe-

1909 1092 2124 1148 cuniam
2157 1108 2318 1163 quam
2345 1092 2600 1163 perdidit,
2635 1101 2686 1146 et
2713 1093 2994 1147 immensis
3009 1092 3508 1163 attollitpraconiis

1907 1181 2124 1250 patroni
2154 1181 2499 1236 clementiam
2535 1197 2698 1251 quem
2741 1181 2939 1236 devota
2969 1189 3150 1237 mente
3205 1181 3392 1237 adivit.
3424 1182 3506 1236 De

1907 1269 2237 1338 praecedenti
2273 1285 2489 1342 quoque
2517 1269 2767 1336 muliere,
2803 1269 2948 1340 quod
2990 1285 3184 1326 revera
3221 1269 3313 1325 diu
3359 1285 3507 1326 caeca

1906 1356 2084 1424 fuerit,
2120 1365 2173 1412 et
2201 1358 2461 1412 amissum
2481 1357 2665 1413 lumen
2695 1358 2900 1412 ibidem
2920 1358 3204 1429 receperit,
3233 1358 3289 1413 in
3319 1357 3505 1415 brevi-

1906 1454 2030 1515 post
2056 1446 2171 1501 haec
2199 1446 2400 1501 certius
2430 1446 2680 1501 innotuit.

1976 1534 2175 1589 Tantus
2225 1535 2433 1590 interea
2497 1533 2658 1589 ﬁebat
2704 1550 3003 1591 concursus
3057 1535 3396 1606 pepulerum,
3447 1543 3506 1590 ut

1903 1621 2042 1676 infra
2074 1623 2353 1678 modicum
2385 1631 2597 1694 tempus
2619 1623 2982 1696 quadraginta
3010 1639 3319 1680 marcarum
3350 1640 3502 1678 sum-

1904 1725 2049 1765 mam
2079 1712 2389 1767 oblatorum
2419 1711 2690 1783 quantitas
2739 1713 3048 1768 excederet.
3089 1714 3369 1768 Jacentem
3399 1728 3501 1767 au-

1906 1807 2015 1853 tem
2045 1800 2097 1853 in
2127 1800 2308 1855 medio
2347 1799 2515 1854 ﬁlium
2557 1800 2695 1855 lucis
2753 1801 2840 1855 die
2898 1808 2951 1855 et
2997 1808 3155 1857 nocte
3193 1801 3506 1855 ambiebant

1907 1887 2010 1942 viri
2040 1897 2093 1942 et
2123 1888 2356 1954 feminae,
2391 1896 2638 1944 tenentes
2668 1888 2722 1942 in
2770 1888 3019 1943 manibus
3057 1904 3249 1945 cereos
3307 1888 3504 1944 arden-

1906 1984 2007 2042 tes,
2043 1985 2096 2031 et
2125 1977 2179 2030 in
2209 1977 2431 2032 modum
2459 1992 2678 2032 coronae
2689 1976 2864 2048 gloria
2886 1985 2937 2030 et
2959 1978 3165 2032 honore
3189 1985 3500 2032 coronatum

1903 2081 1934 2118 a
1965 2064 2196 2120 Domino
2233 2064 2488 2121 continue
2517 2065 2819 2137 cingentes.
2845 2065 2996 2120 Tunc
3027 2065 3184 2120 etiam
3243 2064 3502 2137 magister

1905 2153 2332 2224 Leycestrensis,
2365 2153 2449 2208 vir
2476 2153 2738 2222 litteratus
2759 2162 2812 2207 et
2837 2153 3156 2220 industrius,
3196 2153 3504 2222 hujusmodi

1905 2241 2177 2297 distichon
2207 2241 2277 2296 ad
2305 2242 2476 2312 pedes
2507 2243 2624 2310 ejus
2671 2241 2871 2312 posuit,
2905 2241 2962 2296 in
3009 2257 3117 2312 quo
3174 2241 3500 2312 multiplices

1903 2329 2164 2386 virtutum
2193 2331 2308 2399 ejus
2355 2330 2745 2403 praerogativas
2795 2329 3034 2388 breviter
3075 2329 3361 2401 expressit,
3413 2329 3500 2385 di-

1905 2433 2036 2474 cens
2072 2434 2083 2472 ἶ

1935 2506 2256 2563 Pontificum
2278 2507 2523 2569 baculus,
2547 2509 2942 2564 monachorum
2956 2522 3164 2576 norma,
3189 2507 3495 2564 scholarum

1972 2596 2274 2661 Consultor,
2301 2612 2487 2666 regum
2517 2596 2768 2663 malleus,
2800 2597 2961 2668 Hugo
3004 2595 3121 2651 fuit.

1902 2685 2002 2740 Die
2032 2692 2268 2756 postera,
2303 2685 2430 2739 dum
2460 2692 2769 2755 portaretur
2797 2685 2867 2739 ad
2893 2685 3179 2751 tumulum,
3223 2685 3499 2740 mutilatur

1903 2773 2026 2828 hinc
2055 2773 2321 2829 scissione
2347 2773 2541 2829 crebra
2587 2789 2884 2842 sacrarum,
2919 2773 3116 2844 quibus
3172 2773 3499 2830 induebatur

1898 2862 2146 2917 vestium.
2183 2862 2401 2916 Sacrari
2443 2862 2589 2918 enim
2620 2862 2706 2918 vel
2737 2861 3066 2918 sanctiﬁcari
3119 2863 3409 2918 admodum
3441 2878 3500 2918 se

1902 2951 2174 3018 credebat,
2209 2950 2457 3021 quisquis
2487 2950 2833 3023 sacrilegium
2863 2950 2971 3005 tale
3003 2951 3344 3006 committere
3395 2966 3498 3006 va-

1899 3038 2111 3102 luisset,
2137 3046 2193 3092 ut
2221 3053 2254 3092 a
2284 3054 2444 3095 sacro
2472 3039 2614 3094 sacri
2649 3039 2850 3110 aliquid
2898 3040 3184 3110 rapuisset.
3241 3039 3498 3110 Sepultus

1900 3135 2079 3182 autem
2112 3135 2214 3191 est,
2248 3127 2386 3182 sicut
2412 3128 2529 3196 ipse
2551 3127 2706 3182 nobis
2738 3136 3095 3198 praeceperat,
3129 3143 3287 3182 secus
3316 3127 3496 3198 parie-

1899 3223 2026 3282 tem,
2059 3230 2168 3268 non
2199 3215 2389 3284 procul
2408 3215 2476 3269 ab
2525 3215 2683 3269 altari
2728 3216 2909 3270 Sancti
2962 3216 3187 3271 Joannis
3225 3215 3494 3287 Baptista,

1903 3310 1974 3366 et,
2011 3303 2147 3358 sicut
2197 3303 2370 3357 visum
2404 3311 2506 3372 est,
2555 3312 2775 3374 propter
2835 3319 3118 3359 accessum
3177 3304 3496 3359 confluentis

1864 3465 1866 3467 j
1899 3391 2085 3462 populi
2117 3391 2294 3464 magis
2328 3407 2658 3464 congruere,
2690 3407 2722 3446 a
2779 3392 2981 3447 boreali
3014 3392 3184 3462 ipsius
3237 3392 3373 3448 aedis
3402 3409 3496 3447 re-

1898 3479 2079 3552 gione,
2112 3480 2178 3533 ad
2209 3480 2443 3551 gloriam
2465 3481 2582 3545 Dei,
2620 3480 2712 3551 qui
2733 3480 2861 3535 vivit
2910 3489 2964 3535 et
3017 3480 3287 3552 gloriatur
3331 3496 3497 3552 super

1898 3568 2082 3622 omnia
2111 3569 2257 3623 Deus
2285 3569 2602 3624 benedictus
2632 3569 2688 3624 in
2717 3568 2936 3625 saecula.
2981 3572 3173 3625 Amen.

1024 3737 1281 3810 Explicit
1315 3739 1438 3794 Vita
1468 3741 1656 3795 sancti
1683 3739 1931 3809 Hugom's
1961 3739 2208 3810 episcopi
2238 3738 2676 3794 Lincolaiensis.

193 3915 3498 3942 Μ

1158 4079 1682 4212 BEATI
1790 4081 2564 4216 HUGONIS

1401 4295 1942 4352 LINCOLNIENSIS
1981 4298 2298 4354 EPISCOPI

500 4448 1060 4598 LITTER/E
1151 4401 2174 4601 CONSTITUTIONUM
2269 4455 2379 4601 IN
2468 4455 3224 4605 VISITATIONE

1195 4685 1562 4754 (Monasticon
1595 4686 1844 4755 Anglia,
1884 4687 1930 4752 Ι,
1975 4690 2096 4752 924,
2143 4687 2272 4743 edit.
2318 4690 2500 4759 1682.)

273 5042 545 5098 Omnibus
578 5043 774 5098 Christi
807 5043 1058 5099 fidelibus
1090 5045 1158 5100 ad
1191 5063 1327 5118 quos
1357 5065 1597 5118 praesens
1629 5050 1797 5121 scrip-
1819 5057 1869 5114 D
1901 5067 2062 5123 quam
2097 5053 2367 5107 sustinere
2399 5053 2613 5108 valeant
2641 5053 2836 5108 domus
2866 5054 3010 5110 illius
3048 5054 3353 5123 facultates,
3397 5056 3500 5110 ha-

192 5139 307 5186 tum
345 5131 674 5201 pervenerit,
710 5133 888 5198 llvco,
920 5133 1017 5187 Dei
1046 5134 1218 5206 gratia
1252 5135 1545 5192 Lincolnius
1576 5138 1793 5209 episco-

191 5237 318 5290 pus,
357 5219 590 5274 salutem
625 5220 677 5273 in
719 5221 974 5275 Domino.

266 5308 401 5363 Cum
458 5308 524 5361 ad
540 5310 1025 5378 congregationem
1045 5311 1358 5366 ancillarum
1384 5313 1580 5367 Christi
1603 5315 1671 5369 de
1695 5315 1796 5369 Co-

192 5405 308 5462 tun,
339 5412 502 5450 causa
567 5395 890 5451 visitationis
930 5415 994 5452 ex
1041 5399 1202 5454 oﬂicii
1261 5401 1428 5454 nostri
1474 5402 1655 5458 debito
1716 5403 1796 5457 fa-

187 5484 404 5539 ciendae
437 5484 838 5548 accederemus,
874 5486 943 5539 ad
976 5502 1039 5539 ea
1077 5504 1198 5557 quae
1253 5488 1542 5543 didicimus
1595 5490 1796 5545 ibidem

181 5571 550 5644 corrigenda,
585 5573 885 5626 remedium
917 5574 1221 5628 studuimus
1251 5575 1533 5632 adhibere.
1586 5579 1796 5634 Adver—

187 5669 369 5716 tentes
431 5659 597 5728 igitur
655 5659 1050 5716 multitudinem
1108 5662 1419 5717 monialium
1478 5666 1794 5736 ampliorem

1898 5139 2086 5205 bitare,
2122 5141 2425 5212 statuimus,
2462 5159 2583 5197 cum
2618 5159 2890 5198 consensu
2913 5145 3498 5217 magistri,priorissm,

1898 5236 1949 5281 et
1982 5239 2297 5294 conventus,
2339 5231 2482 5302 quod
2517 5233 2876 5304 congregatio
2931 5234 3267 5299 monialium,
3302 5235 3369 5290 de
3399 5251 3504 5291 ca:-

1898 5325 2033 5384 tero,
2068 5318 2437 5389 trigintarium
2471 5337 2753 5374 numerum
2785 5339 2893 5376 non
2955 5323 3202 5387 excedat,
3256 5340 3505 5379 sororum

1898 5422 2156 5460 numerus
2178 5408 2278 5460 sub
2310 5407 2534 5463 denario
2563 5409 2932 5473 concludatur,
2983 5412 3274 5468 duodecim
3305 5412 3505 5468 fratres

1899 5495 2149 5549 conversi
2183 5495 2250 5549 ad
2281 5494 2455 5549 ofﬁcia
2499 5497 2699 5550 ruralia
2756 5498 2863 5551 sint
2919 5499 3118 5553 ibidem
3171 5503 3500 5556 exercenda.

1899 5583 2158 5654 Magister
2179 5583 2512 5652 capellanus,
2549 5601 2673 5640 cum
2704 5586 2913 5641 duobus
2944 5588 3240 5658 capellanis
3273 5597 3506 5656 tantum,

1899 5669 1964 5723 ad
1996 5669 2177 5724 divina
2208 5673 2531 5741 deputentur
2558 5674 2923 5744 adimplenda.
2950 5676 3092 5731 Nulli
3117 5693 3248 5732 vero
3271 5677 3494 5748 religio-
