3938 6436
417 365 557 419 1115

1291 371 1348 425 S.
1388 369 1704 429 HUGONIS
1740 371 1965 429 EPISC.
2011 371 2336 430 LINCOLN.
2378 371 2550 434 0RD.
2613 377 2869 439 CARTH.

3579 387 3728 439 1116

419 487 506 577 nis
533 486 750 577 habitus
785 488 840 544 in
861 489 1049 546 eadem
1077 490 1242 548 domo
1273 493 1555 564 tribuatur,
1574 495 1751 553 donec
1777 497 2016 552 minutus
2034 503 2090 563 Α
2118 505 2171 554 et
2200 513 2440 567 sorores,
2471 516 2631 572 quam
2653 502 2896 573 hospites
2940 510 3246 570 vescantur,
3281 510 3335 561 et
3388 513 3573 577 potum
3603 509 3717 564 ha-

421 574 580 630 fuerit
596 591 842 646 praesens
870 587 1168 635 conventus
1198 580 1267 636 ad
1299 599 1584 639 numerum
1630 591 2010 656 pra-tamtum,

421 663 525 718 nisi
551 671 777 734 prOpter
804 666 1147 722 manifestam
1169 669 1367 725 domus
1396 672 1699 738 utilitatem,
1735 680 1785 727 et
1816 674 1920 729 hoc
1951 689 2014 728 ex

419 751 645 821 speciali
675 752 889 808 licentia
919 754 1236 812 dimcesaui.
1273 759 1523 832 Sigillum
1555 761 1748 816 domus
1771 761 1868 815 sub
1893 776 2016 816 cus-

419 839 564 894 todia
594 841 871 912 magistri,
901 843 1177 913 priorissze
1208 854 1258 900 et
1287 847 1601 903 monialium
1635 849 1704 906 ad
1734 850 1838 904 hoc
1867 865 2015 905 com-

417 927 652 982 muniter
683 928 890 1000 electae,
923 933 1077 1000 cujus
1106 933 1300 1005 religio
1328 934 1506 1003 fuerit,
1541 943 1592 991 et
1623 937 1880 993 discretio
1912 953 2011 1007 ap-

416 1015 661 1086 probata,
685 1017 784 1071 sub
822 1018 961 1074 clavi
1015 1020 1208 1091 triplici
1255 1032 1586 1090 reservetur,
1636 1041 1739 1080 nec
1795 1024 2014 1097 aliquod

419 1103 680 1174 scriptum
703 1103 828 1160 inde
857 1106 1125 1179 signetur,
1160 1112 1276 1165 sine
1297 1111 1628 1167 conscientia
1659 1112 1819 1167 totius
1859 1112 2014 1182 capi-

315 1261 320 1264 _
416 1190 532 1258 ῑιιῘίρ
566 1191 654 1248 Vel
683 1193 924 1262 maioris.
960 1195 1044 1251 γε]
1074 1198 1305 1253 sanioris
1333 1200 1501 1269 partis
1551 1201 1814 1270 ejusdem.
1863 1199 2014 1254 Red-
2114 1206 2335 1272 cularis,
2370 1206 2484 1262 sive
2513 1207 2785 1277 religiosae
2814 1190 3170 1278 professionis
3198 1190 3417 1265 aliunde
3454 1211 3704 1278 veniens,

2118 587 2282 643 beant
2311 589 2592 656 eumdem;
2626 599 2852 662 excepto
2881 591 3025 662 quod
3081 591 3416 649 infirmorum
3461 597 3719 652 necessi-

2117 676 2234 742 tati,
2266 684 2428 747 prout
2471 686 2830 749 Opportunum
2861 678 3040 744 fuerit,
3084 680 3368 736 delicatius
3421 684 3718 753 providea-

2117 771 2222 819 tur.
2250 763 2387 832 Quia
2434 781 2563 821 vero
2612 782 2712 837 per
2768 766 3128 838 frequentiam
3167 769 3505 826 smeularium
3551 773 3716 844 quies

2116 852 2493 926 religiosorum
2524 854 2727 908 turbari
2757 854 2915 923 solet,
2945 855 3341 925 prohibuimus,
3389 874 3458 914 ne
3487 859 3583 924 vir,
3617 860 3713 916 vel

2115 941 2310 996 mulier
2332 942 2620 1012 recipiatur
2640 943 2693 996 in
2724 943 2908 997 habitu
2939 944 3185 998 saeculari
3215 960 3421 1000 moram
3461 946 3710 1004 facturus

2116 1029 2170 1082 in
2204 1029 2367 1085 domo
2399 1038 2698 1085 memorata
2720 1071 2735 1097 ,
2767 1030 2873 1085 nisi
2908 1030 3093 1086 forsan
3130 1032 3506 1103 hospitalitatis
3534 1035 3717 1108 gratia

2116 1117 2238 1190 quis
2266 1118 2340 1173 ibi
2367 1120 2784 1189 pernoctaverit.
2816 1120 2950 1175 Item
2973 1135 3041 1174 ne
3071 1120 3193 1192 quis
3223 1120 3310 1176 vel
3327 1138 3453 1192 qua,
3477 1123 3590 1179 sive
3607 1140 3718 1181 saa-

415 1279 562 1334 ditus
581 1295 774 1336 omnes
800 1282 1060 1353 instaura,
1092 1295 1386 1356 proventus
1416 1287 1764 1359 quicumque,
1784 1286 2017 1360 singulis
2113 1310 2234 1349 cum
2256 1294 2371 1348 sola
2400 1294 2621 1350 moniali
2649 1295 2798 1350 solus
2811 1295 2896 1350 vel
2916 1295 3033 1349 sola
3055 1294 3324 1367 loquatur,
3356 1298 3453 1353 sed
3473 1299 3708 1355 honesto

414 1367 572 1422 annis
600 1369 920 1440 redigantur
946 1371 1000 1426 in
1022 1374 1304 1445 scriptum,
1337 1375 1480 1446 quod
1508 1375 1786 1445 priorissae
1814 1383 1864 1430 et
1885 1376 2014 1430 sub-

410 1455 706 1525 priorissae,
739 1466 792 1512 et
821 1460 1030 1515 caeteris
1061 1470 1294 1533 quatuor
1321 1463 1391 1518 de
1421 1463 1735 1518 melioribus
1793 1472 1845 1518 et
1874 1479 2013 1534 pru-

2115 1383 2444 1448 testimonio,
2477 1382 2586 1450 tali,
2619 1381 2765 1454 quod
2803 1382 3024 1436 sinistra
3054 1392 3234 1438 careat
3291 1386 3616 1456 suspicione,
3648 1396 3712 1443 et

2115 1487 2238 1527 cum
2269 1471 2501 1536 licentia,
2541 1470 2840 1526 secundum
2867 1470 3116 1543 regulam
3163 1488 3315 1527 suam
3346 1474 3417 1528 ab
3460 1473 3542 1529 his
3580 1491 3706 1547 quae

410 1541 770 1613 dentioribus,
803 1561 837 1600 a
867 1555 977 1603 toto
1007 1549 1281 1620 capitulo,
1333 1550 1420 1606 vel
1467 1551 1663 1619 majori
1693 1565 1759 1606 ac
1812 1550 2016 1606 saniori
2114 1568 2391 1631 praesunt,
2443 1559 2682 1614 obtenta.
2768 1541 3075 1624 Pmterca,
3139 1561 3266 1632 quia
3314 1541 3613 1629 religiosis,
3654 1572 3713 1619 et

412 1639 569 1702 parte
599 1635 956 1690 communiter
1000 1637 1206 1704 electis,
1260 1639 1506 1694 tradatur
1563 1639 2007 1694 custodiendum.

2114 1647 2416 1719 praesertim
2446 1647 2502 1700 in
2528 1663 2661 1701 sexu
2713 1645 2948 1712 mulieri,
3010 1647 3339 1714 discurrere,
3373 1649 3462 1705 vel
3513 1653 3710 1724 vagari

415 1718 674 1789 Magister
705 1730 766 1777 et
799 1732 1182 1792 procuratores
1237 1726 1452 1792 domus,
1499 1734 1662 1781 totam
1723 1727 2013 1796 pecuniam

2112 1718 2289 1792 modis
2316 1735 2566 1790 omnibus
2588 1743 2670 1788 est
2697 1734 3063 1793 inhonestum.
3103 1737 3480 1792 constituimus
3508 1718 3708 1795 ne'so-

411 1805 608 1862 domus
655 1809 712 1863 in
768 1810 1010 1866 denariis
1068 1813 1155 1868 vel
1210 1814 1521 1881 hujusmodi
1568 1830 1634 1869 ex
1688 1829 2013 1885 quacunque
2043 1823 2227 1912 BI'OI‘.
2259 1807 2348 1861 νεὶ
2385 1805 2833 1912 ωοηίθῙίενθᾶΡξιξί
2888 1805 3171 1912 Εΐειοξζίεξφ
3228 1815 3486 1912 monili".
3535 1825 3710 1865 causa

413 1909 578 1950 causa
607 1896 793 1951 domui
821 1914 934 1954 suae
962 1900 1370 1970 provenientem
1408 1916 1532 1957 cum
1561 1917 1748 1957 coram
1805 1901 2010 1956 eisdem
2043 1891 2556 1950 "nutrimentorum
2588 1891 2922 1958 animalium,
2954 1893 3039 1948 vel
3069 1893 3254 1965 aliqua
3283 1895 3518 1966 qualibet
3547 1913 3711 1953 occa-

416 1998 512 2037 sex
540 1994 824 2040 numerata
845 1987 1026 2054 fuerit,
1069 1988 1170 2042 sub
1218 1989 1400 2061 sigillo
1442 1990 1687 2061 magistri
1741 1989 2007 2060 signatam

410 2070 544 2141 ipsis
565 2073 797 2140 tradent,
824 2091 982 2146 quam
1016 2076 1222 2131 caedem
1251 2078 1321 2132 ad
1350 2078 1571 2148 negotia
1600 2079 1793 2132 domus
1842 2093 2010 2148 expe-

412 2158 635 2226 dienda,
673 2161 884 2232 quoties
940 2179 1169 2220 necesse
1217 2163 1397 2234 fuerit,
1455 2172 1509 2221 et
1567 2173 1824 2238 quantum
1869 2181 2008 2236 opus

409 2245 590 2313 fuerit,
625 2250 725 2303 sub
753 2250 900 2305 fideli
931 2252 1259 2322 testimonio,
1293 2261 1403 2308 tam
1427 2253 1672 2326 magistri
1691 2269 1853 2326 quam
1875 2253 2010 2308 alio-

412 2351 530 2390 rum
560 2336 678 2392 sine
708 2337 1020 2396 diﬁicultate
1048 2340 1374 2410 liberabant,
1407 2350 1460 2396 et
1518 2343 1795 2397 residuum
1827 2341 2008 2413 sigillo

407 2425 652 2497 magistri
685 2426 957 2497 signatum
987 2428 1183 2484 iterato
1213 2438 1501 2500 reponent.
1552 2430 1793 2502 Singulis
1827 2438 2007 2484 autem

407 2513 689 2569 mensibus
720 2517 926 2570 eadem
956 2532 1052 2571 sex
1073 2527 1383 2588 compotum
1431 2518 1650 2573 audient
1689 2519 1758 2573 de
1789 2517 2003 2588 simpli-

406 2601 560 2657 cibus
589 2603 829 2671 ejusdem
854 2605 1049 2660 domus
1077 2607 1352 2676 expensis.
1373 2607 1712 2678 thuoniam
1733 2605 2004 2662 abdicatio

405 2691 755 2761 proprietatis
782 2693 1106 2763 professioni
1123 2695 1507 2766 religiosorum
1530 2704 1612 2750 est
1641 2711 1874 2760 annexa,
1911 2694 2002 2748 fir-

405 2778 566 2834 rniter
593 2779 943 2845 inhibuimus,
966 2798 1035 2836 ne
1056 2797 1182 2853 qua,
1212 2783 1298 2838 vel
1329 2783 1450 2855 quis
1481 2784 1535 2837 in
1565 2783 1758 2839 eadem
1816 2783 1998 2849 domo,

405 2875 529 2937 post
556 2877 870 2938 susceptum
910 2870 1192 2939 religionis
1222 2871 1464 2926 habitum
1487 2871 1692 2942 aliquid
1721 2871 2002 2942 proprium

408 2955 611 3011 habere
649 2966 960 3027 prmsumat,
1002 2958 1100 3012 sed
1142 2958 1247 3013 sint
1303 2959 1383 3014 eis
1436 2960 1622 3014 omnia
1668 2958 1997 3014 communia.

404 3042 616 3099 Eodem
645 3044 805 3099 etiam
843 3061 1003 3116 pane,
1038 3054 1144 3100 tam
1176 3046 1458 3114 moniales,
1490 3047 1777 3118 capellani,
1810 3047 2002 3101 fratres

2111 1983 2290 2038 sione.
2327 1981 2588 2036 Moniales
2618 1981 2781 2036 etiam
2811 1995 2974 2035 causa
2993 1981 3247 2036 visitandi
3283 1983 3578 2053 proximos,
3609 1993 3712 2040 aut

2110 2079 2382 2142 parentes,
2414 2070 2719 2124 nullatenus
2748 2075 2897 2124 extra
2918 2068 3214 2138 mittantur,
3256 2086 3321 2125 ex
3349 2087 3534 2126 earum
3582 2074 3708 2129 sola

2110 2160 2381 2215 voluntate
2413 2158 2497 2214 vel
2536 2157 2642 2213 levi
2675 2156 2916 2229 qualibet
2973 2158 3286 2222 occasione,
3344 2175 3446 2215 nec
3482 2161 3706 2217 tandem

2108 2247 2220 2302 ullo
2251 2247 2432 2315 modo,
2467 2247 2582 2302 sine
2598 2245 2848 2318 magistri
2866 2252 2918 2299 et
2934 2245 3206 2317 priorissa:
3223 2246 3437 2302 licentia
3453 2249 3704 2319 speciali,

2110 2344 2161 2391 et
2189 2335 2446 2401 maxima,
2479 2350 2544 2390 ac
2573 2335 2792 2406 cognita
2823 2336 3174 2392 necessitate.
3215 2334 3354 2403 Quia
3401 2336 3711 2394 Simoniaca

2108 2425 2343 2496 pravitas
2370 2424 2556 2495 plures
2587 2423 2638 2478 in
2671 2439 2886 2480 errores
2916 2432 2970 2480 et
2998 2423 3274 2478 interitum
3303 2423 3542 2493 adduxit,
3574 2425 3706 2480 ani-

2107 2529 2316 2567 marum
2347 2511 2507 2566 saluti
2525 2512 2813 2582 providere
2839 2513 3105 2576 volentes,
3130 2511 3372 2567 districte
3409 2513 3702 2582 prohibui-

2106 2617 2250 2670 mus,
2281 2617 2350 2656 ne
2379 2601 2464 2655 vir
2492 2600 2578 2655 vel
2605 2601 2817 2666 mulier,
2851 2617 2952 2671 pro
2981 2600 3214 2671 pecunia
3245 2599 3329 2655 vel
3351 2616 3411 2654 re
3459 2600 3706 2671 qualibet

2104 2689 2392 2760 temporali
2416 2688 2702 2759 recipiatur
2740 2704 2978 2759 unquam
3028 2687 3229 2742 ibidem
3279 2703 3343 2742 ex
3387 2697 3565 2758 pacto.
3591 2688 3711 2744 Sub

2103 2777 2462 2834 anathematis
2492 2777 2930 2832 interminatione
2959 2776 3337 2846 praecipientes
3387 2777 3533 2846 quod
3574 2792 3706 2831 om-

2103 2868 2189 2921 nia
2221 2865 2587 2937 praztermissa
2637 2865 2926 2920 salubriter
2981 2880 3013 2919 a
3070 2864 3228 2919 nobis
3282 2865 3566 2920 constituta
3600 2863 3708 2919 fir-

2102 2955 2262 3010 miter
2292 2955 2362 3009 ab
2391 2954 2644 3009 omnibus
2699 2953 2975 3024 utriusque
3018 2969 3181 3008 sexus
3206 2953 3260 3007 in
3290 2953 3478 3008 eadem
3534 2953 3708 3010 domo

2103 3051 2387 3100 serventur
2415 3043 2470 3096 in
2505 3050 2847 3113 perpetuum.

1399 3388 1889 3521 BEATI
1987 3383 2710 3519 HUGONIS

1676 3642 2408 3756 DIPLOMATA.

1172 4029 1214 4083 Ι.

413 4167 626 4223 Charta
650 4166 991 4224 donatorum
1019 4170 1396 4228 concessione:
1421 4171 1670 4227 recitem
1707 4175 1762 4228 et
1797 4169 2000 4240 conﬁr-

1108 4276 1294 4315 mam.

467 4360 778 4432 (Monastic.
798 4363 961 4435 Ang.,
979 4372 1109 4420 tom.
1127 4366 1216 4432 III,
1236 4382 1290 4436 p.
1308 4368 1394 4432 84,
1411 4365 1540 4421 edit.
1562 4367 1695 4420 1673
1713 4385 1728 4432 ;
1743 4373 1872 4420 tom.
1900 4366 1942 4434 Ι,

918 4470 975 4524 p.
1007 4455 1095 4522 81,
1131 4454 1260 4510 edit.
1298 4454 1481 4526 1682.)

477 4561 756 4618 Universis
785 4561 985 4618 Christi
1017 4563 1267 4620 fidelibus
1295 4565 1364 4620 ad
1396 4581 1532 4638 quos
1557 4580 1800 4636 praesens
1829 4563 2000 4634 scrip-

403 4657 516 4704 tum
545 4652 874 4721 pervenerit,
909 4653 1090 4717 Huco,
1125 4654 1224 4708 Dei
1254 4654 1431 4725 gratia
1461 4653 1856 4709 Lincolniensis
1877 4652 1998 4723 epi-

405 4755 604 4810 scopus
631 4739 863 4795 salutem
895 4740 950 4794 in
978 4741 1230 4796 Domino.

476 4826 746 4895 Quoniam
787 4843 850 4882 ea
893 4844 1016 4898 quae
1062 4829 1130 4882 ad
1190 4829 1637 4885 sustentationem
1697 4844 1998 4900 pauperum

404 4915 604 4971 Christi
624 4916 808 4971 divino
864 4915 1121 4971 instinctu
1171 4917 1366 4973 collata
1409 4928 1532 4973 sunt
1588 4919 1869 4983 beneficia,
1930 4934 1999 4973 ne

402 5003 818 5075 malignantium
853 5004 1064 5074 possint
1093 5005 1355 5060 retentari
1383 5007 1762 5078 perversitate,
1789 5005 1998 5076 episco-

402 5090 544 5162 palis
573 5091 906 5147 auctoritatis
934 5091 1190 5164 suffragio
1219 5102 1468 5150 tenemur
1523 5094 1880 5150 communire.
1916 5095 1997 5148 Ad

404 5173 770 5228 universitatis
827 5185 1021 5232 vestrm
1085 5177 1330 5232 notitiam
1387 5177 1636 5232 volumus
1683 5177 1994 5248 pervenire,

403 5275 504 5314 nos
527 5268 645 5314 rata
671 5261 794 5316 huic
816 5270 868 5316 et
896 5264 1154 5333 praesenti
1185 5265 1386 5335 scripto
1424 5263 1748 5319 confirmare
1803 5265 1916 5318 Deo
1945 5271 1998 5320 et

2031 4028 2079 4089 Ο
2098 4023 2380 4083 vocabulis
2407 4021 2718 4078 censuimus
2745 4030 3028 4078 annotare.
3065 4022 3328 4092 lnspectis
3351 4020 3518 4093 igitur
3536 4020 3708 4076 char-

2100 4113 2190 4179 tis,
2223 4128 2360 4185 quas
2387 4111 2588 4166 habent
2616 4110 2862 4182 praedicti
2908 4109 3103 4166 fratres
3133 4125 3200 4165 ex
3229 4110 3372 4165 dono
3399 4109 3553 4164 bonae
3585 4125 3716 4164 me-

2101 4201 2290 4258 moria:
2336 4199 2550 4255 comitis
2580 4199 2648 4254 de
2696 4199 3037 4270 Legircestre
3088 4197 3306 4252 Roberti
3348 4196 3596 4263 senioris,
3649 4207 3712 4254 et

2100 4289 2195 4344 ﬁlii
2226 4289 2343 4357 ejus
2371 4287 2584 4344 comitis
2614 4287 2682 4342 de
2713 4287 3078 4358 Legrecestre,
3115 4285 3336 4341 Roberti
3364 4284 3573 4341 scilicet
3603 4286 3709 4354 ju-

2103 4375 2294 4434 nioris.

2174 4473 2444 4546 Imprimis
2465 4482 2641 4528 ratam
2661 4473 2923 4528 habemus
2970 4479 3024 4527 et
3059 4469 3443 4528 confirmamus
3498 4469 3703 4524 funda-

2102 4565 2305 4620 tionem
2337 4562 2597 4619 Ecclesia:
2643 4561 2827 4616 Sancti
2881 4561 3104 4616 Joannis
3159 4559 3387 4630 apostoli
3431 4567 3483 4614 et
3517 4575 3700 4614 evan—

2101 4653 2310 4726 gelista:
2339 4650 2621 4721 hospitalis
2651 4650 2719 4706 de
2749 4649 3035 4719 Brakeley,
3069 4657 3121 4704 et
3138 4648 3382 4704 eamdem
3412 4646 3705 4703 ecclesiam

2100 4757 2222 4796 cum
2254 4740 2447 4796 eodem
2476 4737 2752 4809 hospitali,
2801 4737 2940 4793 sicut
2981 4737 3037 4791 in
3081 4736 3282 4791 chartis
3323 4735 3707 4806 praedictorum

2101 4837 2472 4899 patronorum,
2505 4842 2642 4898 quas
2688 4825 2938 4894 vidimus,
2981 4825 3355 4895 exprimuntur
3393 4823 3614 4877 liberam
3649 4831 3710 4878 et

2101 4917 2338 4988 quietam
2371 4916 2440 4970 ab
2475 4915 2621 4970 omni
2663 4913 2997 4982 subjectione
3045 4929 3167 4968 esse
3210 4911 3516 4966 statuimus.
3550 4910 3707 4965 Salo-

2100 5005 2247 5059 moui
2275 5019 2406 5058 vero
2437 5002 2679 5072 prmdicti
2710 5001 2996 5072 hospitalis
3027 5000 3312 5073 magistro,
3344 5008 3396 5054 et
3422 5013 3706 5054 successo-

2103 5093 2251 5147 ribus
2275 5093 2391 5161 ejus
2425 5098 2477 5146 et
2507 5089 2765 5144 fratribus
2793 5090 2849 5143 in
2878 5089 2997 5160 ipso
3033 5088 3286 5158 hospitali
3319 5085 3704 5143 commoranti-

2101 5182 2202 5235 bus
2234 5181 2302 5235 ad
2333 5179 2620 5234 sacerdotii
2649 5178 2883 5251 gradum
2914 5177 3185 5248 provectis
3241 5175 3609 5238 concedimus,
3641 5183 3706 5228 ut

2101 5270 2170 5324 ad
2200 5270 2463 5324 honorem
2497 5267 2617 5332 Dei,
2649 5275 2698 5321 et
2728 5281 2830 5338 pro
2858 5265 3031 5321 salute
3077 5265 3444 5330 fundatorum,
3495 5270 3548 5318 et
3573 5278 3700 5317 om—

402 5346 667 5402 Ecclesim
699 5349 753 5403 S.
786 5350 1009 5405 Joannis
1039 5353 1406 5424 Evangelistre
1454 5353 1737 5422 hospitalis
1768 5353 1836 5407 de
1867 5353 1995 5406 Bra-
2029 5379 2081 5436 Ι)
2103 5355 2248 5411 nium
2282 5356 2520 5411 fidelium
2551 5355 2738 5410 divina
2760 5355 2816 5409 in
2845 5355 2965 5425 ipsa
3004 5353 3207 5424 capella
3238 5353 3514 5408 celebrent
3542 5366 3700 5420 mys-

404 5436 582 5506 keley,
608 5446 660 5491 et
689 5437 940 5494 fratribus
961 5440 1164 5494 ibidem
1192 5442 1309 5495 Deo
1339 5439 2001 5506 servientibus,beneficia

404 5525 587 5580 omnia
619 5542 739 5597 quae
771 5527 849 5582 eis
876 5543 908 5583 a
931 5528 1127 5582 Christi
1157 5527 1409 5582 fidelibus
1443 5527 1640 5582 fuerint
1697 5529 1882 5584 divina
1911 5530 1999 5583 in-

403 5614 599 5670 stinctu
632 5615 844 5684 collata,
879 5623 1137 5671 eteorum
1158 5617 1348 5670 usibus
1377 5617 1653 5687 deputata,
1679 5619 1747 5673 de
1781 5619 1998 5689 quibus,

404 5711 457 5758 ut
490 5704 555 5758 ad
589 5703 828 5761 omnium
859 5703 1103 5760 notitiam
1146 5705 1352 5776 possint
1409 5707 1711 5777 pervenire,
1764 5709 2001 5779 prOpriis

2103 5445 2284 5511 teria;
2344 5445 2415 5498 ita
2457 5452 2636 5498 tamen
2687 5444 2835 5515 quod
2889 5441 3189 5514 parochiali
3245 5440 3473 5497 ecclesia
3521 5439 3708 5510 aliquo

2103 5548 2234 5588 casu
2263 5541 2509 5600 vacante,
2543 5532 2702 5586 liceat
2730 5531 3004 5601 praedictis
3034 5529 3302 5597 fratribus,
3327 5527 3560 5583 exclusis
3592 5543 3698 5581 ex-

2103 5620 2514 5676 communicatis
2542 5627 2592 5674 et
2633 5618 2952 5682 interdictis,
3013 5618 3285 5672 submissa
3338 5631 3472 5671 voce
3520 5614 3710 5670 divina

2103 5707 2279 5764 ofﬁcia
2312 5707 2628 5774 celebrare;
2673 5705 2964 5762 venerabili
2994 5713 3145 5776 patre
3198 5713 3251 5761 et
3284 5703 3505 5760 domino
3546 5703 3707 5758 beata
