3938 6444
207 413 343 466 1117

1647 399 2070 460 DIPLOMATA.

3370 407 3506 460 1118

205 533 484 590 memoriae
510 535 578 590 Α.
609 534 786 599 tertio,
820 547 1035 588 summo
1064 531 1318 603 pontiﬁce
1363 545 1529 601 super
1574 529 1660 584 his
1706 542 1807 582 au-
1833 527 1883 587 Α
1911 526 2034 596 pale
2065 528 2383 586 auctoritate
2412 531 2674 586 adhibere
2704 529 3088 587 testimonium.
3133 529 3230 584 His
3259 528 3510 600 testibus,

205 622 452 677 ctoritate
482 629 750 692 patrante,
786 621 927 676 sicut
956 622 1011 676 in
1048 619 1336 692 privilegio
1368 619 1613 688 ejusdem
1644 616 1813 688 patris

204 710 283 765 eis
315 709 511 765 collato
540 710 901 780 inspeximus.

281 798 623 869 Sepulturam
653 814 870 869 quoque
897 813 1199 868 pauperum
1239 805 1291 851 et
1339 799 1612 869 hospitum
1641 796 1734 868 qui
1762 795 1818 850 in

207 885 327 956 ipso
354 887 609 957 hospitali
637 887 998 952 decesserint,
1029 885 1116 941 vel
1146 901 1336 941 eorum
1369 886 1462 956 qui
1489 887 1543 940 in
1574 893 1818 940 extrema

211 974 482 1030 voluntate
525 975 580 1029 in
612 975 886 1030 territorio
916 973 1170 1045 hospitali
1217 990 1276 1029 se
1319 974 1660 1039 devoverint,
1701 973 1819 1026 sine

207 1062 504 1119 vicinarum
555 1063 912 1120 ecclesiarum
978 1061 1173 1132 injuria
1236 1062 1466 1118 liberam
1514 1078 1639 1118 esse
1687 1076 1819 1116 san-

211 1150 382 1206 cimus
394 1192 408 1206 .

277 1238 582 1295 Libertates
609 1240 666 1294 in
715 1255 849 1312 quas
895 1239 961 1295 R.
1010 1239 1169 1295 bona
1215 1239 1496 1294 memoriae
1547 1239 1715 1293 abbas
1760 1237 1817 1292 S.

213 1325 393 1383 Maria:
421 1327 490 1384 de
521 1329 683 1384 Prato
713 1328 782 1384 de
815 1329 1172 1398 Legrecestre
1203 1336 1256 1383 et
1286 1327 1532 1397 ejusdem
1563 1327 1671 1382 loci
1700 1343 1823 1382 con-

214 1421 406 1470 ventus
435 1415 516 1470 eis
543 1415 891 1479 contulerint,
941 1415 1080 1471 sicut
1108 1415 1164 1470 in
1193 1430 1380 1470 eorum
1429 1415 1631 1485 scripto
1678 1413 1820 1470 vidi-

215 1518 334 1557 mus
363 1502 610 1574 digestus
641 1504 786 1560 felici
834 1504 1198 1575 perpetuitate
1235 1503 1495 1575 gaudere,
1546 1510 1600 1558 et
1635 1510 1824 1558 nostra

214 1586 442 1642 solidari
485 1587 898 1644 confirmatione
946 1603 1272 1654 censemus;
1311 1588 1422 1644 Viz.
1463 1595 1522 1642 ut
1569 1587 1822 1643 Salomon

211 1676 459 1746 praedicti
489 1676 774 1746 hospitalis
803 1692 1121 1732 mconomus
1149 1684 1202 1731 et
1227 1691 1580 1732 successores
1618 1676 1701 1730 sui
1732 1677 1823 1730 ha-

213 1762 379 1818 beant
409 1763 702 1820 ecclesiam
731 1764 874 1820 inter
903 1773 1058 1835 septa
1075 1765 1244 1820 curtis
1264 1765 1509 1836 praedicti
1536 1763 1822 1835 hospitalis

1917 616 1986 670 B.
2027 616 2225 672 abbate
2255 618 2323 672 de
2375 619 2617 686 Nostele,
2669 620 2930 690 magistro
2977 619 3249 688 Stephano
3298 616 3515 672 Lincol-

1917 703 2122 758 niensis
2149 705 2413 761 Ecclesia:
2434 707 2776 773 cancellario,
2797 707 3058 779 magistro
3077 707 3364 772 Womero,
3395 721 3516 759 ma-

1917 792 2091 863 gistro
2129 793 2370 848 Geraldo
2438 795 2507 848 de
2551 795 2780 862 Rowell,
2829 796 3095 867 magistro
3133 793 3402 850 Richardo
3449 794 3518 850 de

1919 880 2209 948 Claleveel,
2241 890 2294 937 et
2323 882 2505 936 multis
2536 881 2677 937 aliis.

2682 1007 2748 1060 II.

1924 1129 2133 1212 Charta
2163 1131 2379 1212 domini
2413 1132 2656 1212 Hygonis
2686 1131 2933 1212 episcopi
2959 1133 3016 1212 et
3044 1130 3288 1212 capituli
3306 1130 3524 1212 Lincol-

1992 1203 2210 1256 niensis
2237 1201 2304 1257 de
2331 1201 2544 1257 duabus
2565 1201 2825 1273 partibus
2854 1201 3106 1256 ecclesiae
3135 1201 3203 1256 dc
3249 1201 3426 1256 Corbi.

1993 1306 2362 1377 (Monasticon
2404 1309 2621 1379 Anglic.
2674 1315 2804 1362 tom.
2838 1307 2880 1373 Ι,
2927 1323 2988 1377 p.
3031 1309 3154 1372 881,
3201 1305 3289 1362 ed.
3341 1305 3525 1375 1673.)

1993 1411 2260 1466 Omnibus
2290 1413 2490 1468 Christi
2520 1412 2771 1468 fidelibus
2815 1413 2884 1467 ad
2932 1427 3068 1484 quos
3098 1427 3340 1483 praesens
3390 1412 3528 1468 scri-

1920 1507 2073 1572 ptum
2103 1501 2433 1571 pervenerit,
2468 1503 2626 1556 Huco
2659 1502 2756 1556 Dei
2787 1501 2964 1574 gratia
2993 1499 3390 1557 Lincolniensis
3421 1500 3532 1573 epi-

1922 1603 2141 1659 scopus,
2185 1588 2413 1643 salutem
2444 1588 2498 1643 in
2528 1589 2782 1644 Domino.

1993 1677 2219 1732 Noverit
2249 1677 2574 1732 universitas
2605 1685 2804 1745 vestra,
2839 1692 2943 1732 nos
2974 1676 3044 1732 de
3079 1692 3308 1732 assensu
3355 1684 3408 1732 et
3435 1693 3532 1734 vo-

1923 1765 2125 1820 luntate
2173 1765 2491 1820 dilectorum
2550 1765 2604 1819 in
2652 1765 2866 1820 Christo
2936 1763 3188 1834 filiorum,
3233 1765 3522 1821 Willielmi

211 1850 437 1906 liberam
471 1861 523 1906 et
549 1852 789 1923 quietam
818 1853 884 1906 ab
915 1854 1062 1908 omni
1082 1852 1440 1921 subjectione,
1471 1852 1527 1906 in
1559 1868 1667 1923 qua
1695 1867 1820 1922 per-
1925 1853 2119 1908 decani
2151 1861 2202 1907 et
2231 1853 2450 1923 capituli
2488 1853 2661 1908 nostri
2709 1852 3019 1920 Lincolniae,
3071 1853 3268 1908 divinae
3313 1853 3532 1924 pietatis

215 1947 382 2010 petuo
409 1940 650 1996 divinum
680 1941 992 1996 celebretur
1020 1941 1275 2007 ofﬁcium,
1307 1947 1360 1994 et
1380 1941 1658 2011 sepultura
1687 1955 1823 2011 pau-

210 2043 405 2098 perum
437 2036 495 2083 et
521 2028 738 2084 familiae
767 2046 898 2098 suae,
934 2037 986 2085 et
1015 2028 1366 2085 servientium
1398 2044 1616 2084 suorum
1649 2036 1701 2084 et
1729 2044 1826 2099 pe-

212 2116 586 2187 regrinorum,
619 2127 670 2173 et
702 2118 972 2190 integram
1015 2117 1329 2174 facultatem
1361 2117 1590 2188 regendi
1618 2125 1670 2172 et
1701 2116 1824 2187 ple-

211 2204 422 2259 nariam
460 2206 873 2276 dispositionem
921 2206 1186 2272 omnium,
1236 2221 1356 2276 qua
1394 2205 1462 2260 ad
1511 2205 1826 2276 praedictum

208 2291 480 2363 hospitale
507 2295 798 2365 pertinent.

298 2383 690 2439 Confessiones
718 2391 896 2439 autem
915 2398 1216 2454 pauperum
1248 2389 1303 2437 et
1321 2379 1659 2437 infirmorum
1689 2397 1828 2438 con-

215 2475 541 2534 solationem
568 2473 781 2545 integre
809 2471 1067 2541 habeant,
1100 2479 1152 2527 et
1179 2470 1234 2526 in
1282 2477 1607 2542 perpetuum
1635 2470 1827 2541 praesi-

207 2565 396 2622 deant.

284 2654 371 2708 Ex
399 2649 692 2707 donatione
721 2663 852 2705 vero
883 2647 1106 2704 Roberti
1136 2647 1348 2702 comitis
1378 2648 1448 2702 de
1469 2648 1828 2723 Legrecestre

216 2740 446 2798 Boberti
476 2737 944 2805 secundijunioris
972 2737 1109 2791 duas
1136 2751 1290 2791 acras
1332 2743 1382 2790 et
1429 2735 1724 2800 dimidiam,
1759 2735 1828 2790 de

217 2829 364 2887 creis
389 2829 544 2897 juxta
572 2834 785 2882 curtem
814 2825 1098 2895 hospitalis
1115 2832 1167 2880 et
1187 2832 1355 2879 totam
1377 2832 1581 2879 terram
1602 2824 1670 2878 de
1689 2823 1828 2879 creis

212 2917 414 2972 subtus
443 2923 652 2972 curtem
681 2914 895 2969 illorum
925 2914 992 2968 de
1025 2929 1196 2984 grava
1225 2912 1443 2968 Domini
1473 2911 1686 2967 comitis
1716 2911 1828 2967 sic-

223 3015 284 3062 ut
313 3005 484 3077 septis
515 3004 628 3058 suis
657 3003 967 3059 includitur.
1015 3003 1092 3057 Ex
1135 3002 1278 3056 dono
1325 3001 1571 3070 ejusdem
1619 3000 1832 3056 comitis

228 3095 368 3151 duas
417 3093 659 3166 virgatas
724 3100 902 3158 terrae,
955 3105 1118 3146 unam
1183 3090 1392 3146 scilicet
1463 3107 1585 3161 quae
1633 3098 1715 3144 est
1760 3089 1829 3144 de

217 3191 370 3238 terra
399 3182 469 3237 de
499 3189 711 3237 assarta
741 3196 863 3235 cum
895 3179 1200 3250 quietancia
1228 3178 1503 3250 pannagii,
1549 3195 1669 3249 qua:
1700 3194 1828 3248 per-

215 3271 353 3328 tinet
383 3271 452 3326 ad
483 3269 700 3325 Halsow
723 3276 774 3324 et
795 3285 919 3325 cum
936 3268 1246 3340 Messuagio
1269 3284 1389 3338 quae
1410 3268 1480 3322 ad
1512 3267 1830 3338 praedictam

214 3359 492 3432 virgatam
540 3358 791 3428 pertinet,
861 3373 981 3428 quae
1027 3364 1109 3411 est
1159 3356 1214 3410 in
1268 3355 1516 3421 Brakele,
1564 3355 1634 3409 ad
1673 3361 1832 3426 caput

211 3447 390 3503 fontis
420 3447 488 3504 de
519 3444 892 3511 Gotdewelle;
927 3451 981 3500 et
1013 3460 1172 3498 unam
1201 3444 1364 3499 aliam
1410 3443 1675 3516 virgatam
1710 3461 1831 3515 qua:

207 3535 447 3608 pertinet
489 3534 558 3590 ad
598 3534 848 3600 Brakele,
899 3548 1023 3588 cum
1065 3533 1379 3605 messuagio
1431 3547 1550 3599 suo,
1592 3548 1715 3603 quae
1741 3539 1824 3587 est

209 3625 409 3680 subtus
430 3624 585 3692 juxta
614 3622 849 3678 rivulum
877 3621 1126 3690 ejusdem
1174 3621 1338 3676 fontis
1367 3636 1528 3692 quam
1558 3620 1827 3691 virgatam

211 3713 505 3770 Swerman
535 3719 687 3783 pater
709 3710 954 3783 magistri
983 3709 1287 3765 Salomonis
1328 3709 1516 3765 tenuit.

283 3802 374 3858 Ex
409 3800 701 3856 donatione
733 3798 966 3854 Gilberti
995 3799 1062 3854 de
1094 3800 1276 3853 Monte
1305 3813 1451 3852 χχιιι
1481 3812 1642 3853 acras
1672 3804 1832 3852 terrae

215 3889 274 3946 in
303 3889 582 3945 dominico
615 3903 715 3944 suo
762 3895 1106 3943 mensuratas
1154 3903 1254 3956 per
1299 3886 1561 3957 perticam
1609 3885 1665 3939 in
1704 3885 1830 3940 Sto-

207 3979 418 4050 chinga
448 3977 503 4031 in
531 3985 685 4048 parte
731 3992 926 4032 versus
975 3975 1200 4030 Brakele
1229 3982 1281 4030 et
1327 3982 1542 4046 pratum
1590 3974 1830 4043 Ringes-

207 4068 362 4133 ham,
398 4073 558 4136 prout
587 4066 774 4121 charta
803 4065 975 4135 ipsius
1008 4063 1238 4118 Gilberti
1262 4063 1458 4119 exinde
1489 4062 1628 4118 facta
1655 4061 1831 4116 mani-

203 4154 395 4211 festat.
427 4155 508 4210 Ex
539 4154 682 4209 dono
715 4153 884 4208 Helia
910 4153 979 4208 de
998 4153 1196 4207 Hinton
1227 4159 1444 4222 pratum
1468 4151 1613 4222 quod
1635 4149 1832 4206 dicitur

195 4243 552 4309 Herlesham,
585 4249 639 4296 et
667 4241 811 4296 aliud
859 4249 1076 4311 pratum
1121 4241 1268 4312 quod
1320 4239 1520 4295 dicitur
1567 4239 1826 4294 Ferham.

202 4333 288 4388 Ex
321 4332 470 4387 dono
501 4330 685 4385 Aliciae
716 4330 784 4384 de
813 4329 1024 4384 Romeli
1046 4337 1275 4400 quatuor
1305 4343 1464 4383 acras
1494 4334 1652 4382 terrm
1681 4326 1734 4380 in
1766 4341 1833 4382 ea

202 4429 372 4490 parte
401 4419 630 4474 cultura
661 4419 728 4473 de
760 4418 1171 4484 Werveldiche,
1205 4425 1255 4472 et
1289 4431 1353 4471 ea
1391 4424 1544 4486 parte
1575 4431 1695 4487 quae
1730 4431 1832 4470 ex-

203 4508 459 4564 tenditur
488 4523 682 4562 versus
714 4507 950 4561 Halsow.

1929 1940 2141 2010 intuitu,
2198 1941 2417 1996 dedisse
2465 1949 2518 1995 et
2564 1941 2908 1996 concessisse
2960 1940 3174 1996 dilectis
3216 1939 3432 1995 ﬁliabus
3478 1941 3535 1998 in

1929 2028 2167 2094 Christo,
2199 2029 2531 2084 monialibus
2557 2029 2736 2084 Sancti
2768 2027 3046 2084 Michaelis
3095 2036 3255 2083 extra
3303 2029 3536 2100 burgum

1929 2117 2309 2184 Stauncforde,
2343 2118 2478 2172 duas
2525 2125 2708 2188 partes
2753 2117 3002 2174 ecclesia:
3043 2117 3113 2172 de
3163 2117 3361 2189 Corby,
3412 2135 3534 2190 quae

1927 2206 1996 2261 de
2019 2206 2163 2261 dono
2193 2206 2462 2261 Mathilda:
2493 2205 2559 2261 de
2583 2207 2737 2272 Diva,
2772 2215 2822 2262 et
2875 2207 2942 2262 de
2970 2207 3116 2261 dono
3168 2205 3436 2262 Ascelinaa
3465 2207 3534 2263 de

1928 2295 2253 2350 Watervilla
2285 2303 2339 2350 et
2368 2295 2647 2350 haeredum
2676 2311 2897 2350 suorum
2922 2314 2935 2362 ;
2969 2295 3038 2350 de
3070 2295 3214 2350 dono
3243 2295 3405 2351 etiam
3436 2295 3537 2351 Ha-

1928 2384 2104 2438 monis
2132 2385 2326 2449 Peche,
2360 2385 2430 2438 ad
2461 2384 2704 2455 ipsarum
2759 2383 3076 2438 monialium
3125 2383 3537 2439 advocationem

1927 2472 2201 2543 pertinent
2238 2487 2249 2526 :
2281 2473 2564 2526 habendas
2601 2471 2826 2538 eisdem,
2862 2481 2912 2527 et
2962 2472 3016 2526 in
3065 2471 3303 2544 propriis
3345 2472 3538 2528 usibus

1934 2560 1987 2614 in
2019 2568 2344 2631 perpetuum
2366 2561 2730 2632 possidendas
2767 2576 2780 2615 :
2814 2561 2966 2616 salva
2987 2561 3224 2633 liugonis
3242 2560 3312 2617 de
3331 2560 3538 2616 Osber—

1928 2649 2072 2720 neby
2101 2649 2348 2719 portione
2393 2665 2489 2703 sua
2538 2649 2760 2715 ibidem,
2811 2649 2990 2720 quoad
3037 2649 3269 2716 vixerit;
3303 2656 3355 2705 et
3384 2649 3538 2704 salva

1929 2737 2133 2792 vicaria
2165 2745 2448 2808 perpetua,
2481 2754 2606 2793 cum
2635 2753 2829 2792 manso
2858 2737 3208 2808 competenti,
3243 2753 3405 2810 quam
3436 2737 3537 2793 Hi-

1929 2825 2096 2879 larius
2127 2825 2446 2896 capellanus
2476 2826 2682 2880 obtinet
2729 2825 2798 2880 de
2847 2825 2976 2881 dicti
3017 2825 3381 2896 portionibus,
3434 2825 3540 2882 sibi

1930 2922 1983 2968 et
2018 2914 2432 2970 successoribus
2479 2914 2593 2968 suis
2651 2914 2913 2970 dictarum
2968 2915 3279 2985 portionum
3321 2914 3540 2970 vicariis

1927 3003 2226 3074 assignata.
2264 3003 2541 3058 Praedicta:
2589 3010 2772 3057 autem
2824 3002 3093 3058 moniales
3140 3002 3324 3058 omnia
3371 3017 3539 3058 onera

1931 3091 2263 3161 episcopalia
2293 3099 2346 3146 et
2374 3089 2847 3146 archidiaconialia
2878 3107 3023 3160 saepe
3040 3090 3211 3146 dictas
3243 3090 3379 3144 duas
3408 3105 3540 3161 par-

1933 3187 2014 3234 tes
2044 3179 2434 3251 contingentia,
2470 3177 2832 3243 sustinebunt,
2885 3178 3050 3233 salvis
3082 3178 3244 3234 etiam
3274 3178 3330 3232 in
3359 3177 3540 3234 omni-

1853 3231 1900 3292 Ο
1933 3269 2033 3322 bus
2089 3267 2489 3338 episcopalibus
2553 3266 3075 3334 consuetudinibus,
3144 3266 3540 3324 Lincolniensis

1930 3355 2193 3412 Ecclesiae
2250 3356 2511 3428 dignitate
2547 3373 2559 3409 ε
2595 3355 2737 3426 quod
2801 3363 2855 3409 ut
2904 3363 3218 3425 perpetuam
3267 3355 3543 3410 obtineant

1931 3443 2260 3511 firmitatem,
2295 3452 2621 3515 praesentem
2652 3445 2900 3499 chartam
2949 3443 3128 3515 sigillo
3175 3451 3400 3509 nostro,
3435 3459 3544 3499 una

1931 3549 2055 3588 cum
2086 3533 2266 3605 sigillo
2295 3533 2539 3604 praedicti
2570 3530 2790 3603 capituli
2821 3530 2988 3586 nostri
3005 3530 3256 3586 duximus
3285 3530 3534 3586 munien-

1929 3623 2077 3677 dam.

2001 3710 2097 3765 His
2128 3710 2379 3773 testibus,
2409 3709 2710 3765 Willielmo
2757 3709 2984 3776 decano,
3045 3708 3255 3764 Joanne
3303 3723 3543 3780 praecen-

1929 3807 2067 3866 tore,
2103 3807 2206 3855 etc.
2240 3801 2394 3868 Data,
2430 3807 2569 3865 etc.,
2622 3799 2678 3853 in
2733 3798 2974 3869 capitulo
3021 3795 3407 3866 Lincolniensi,
3440 3812 3542 3854 xm

1931 3888 2057 3942 Kal.
2100 3888 2241 3954 Maii,
2278 3887 2625 3959 pontificatus
2659 3877 2829 3943 nostri
2858 3901 3001 3942 xvn.

2671 4030 2763 4084 III.

1935 4153 2144 4209 Charta
2175 4154 2420 4225 [lagonis
2448 4153 2868 4225 Lincolniensis
2907 4152 3163 4225 episcopi
3185 4152 3548 4225 amatorum

2002 4223 2388 4280 concessibnes
2416 4225 2761 4297 monasterio
2793 4224 2849 4280 S.
2889 4223 3137 4278 Osivaldi
3163 4223 3228 4277 de
3261 4223 3547 4297 Bardeney

2003 4297 2252 4350 recitans
2283 4299 2340 4350 et
2371 4295 2741 4363 conﬁrmans.

2002 4402 2370 4471 (Monasticon
2401 4401 2627 4471 Anglic.
2670 4407 2800 4454 tom.
2834 4400 2874 4465 Ι,
2910 4415 2966 4470 p.
3003 4402 3124 4464 850,
3162 4398 3250 4454 cd.
3286 4398 3471 4470 1673.)

2003 4508 2185 4572 lluco,
2217 4508 2316 4562 Dei
2348 4507 2528 4580 gratia
2559 4506 2952 4561 Lincolniensis
2975 4505 3286 4576 episcopus,
3318 4504 3542 4561 univer-

277 4597 364 4652 Ex
395 4596 540 4650 dono
571 4596 794 4650 Thomm
843 4595 999 4650 Sorel
1032 4601 1083 4648 et
1133 4593 1368 4648 Simonis
1415 4591 1510 4646 filii
1542 4593 1654 4661 ejus
1687 4607 1823 4664 qua-
1846 4587 1898 4646 D
1929 4597 2004 4650 sis
2035 4605 2237 4652 sanctae
2264 4596 2449 4650 matris
2473 4595 2737 4651 Ecclesiae
2768 4593 2892 4647 filiis
2925 4593 3176 4648 salutem.

197 4691 328 4739 tuor
359 4698 519 4740 acras
551 4683 604 4736 in
637 4683 914 4737 Siresham
941 4701 954 4749 ;
990 4690 1158 4736 totam
1181 4697 1397 4754 quoque
1433 4689 1637 4735 terram
1665 4697 1828 4752 quam

197 4773 400 4828 habuit
449 4771 503 4826 in
553 4771 792 4839 Eswich,
841 4771 977 4826 sicut
1027 4771 1228 4826 charta:
1278 4770 1604 4826 donatorum
1648 4769 1828 4825 mani-

196 4861 426 4916 festant.

270 4949 581 5004 Libertates
613 4947 774 5003 etiam
809 4955 860 5002 et
899 4947 1102 5002 liberas
1151 4946 1575 5002 consuetudines
1623 4945 1826 5017 praedi-

196 5038 305 5093 ctis
335 5036 604 5091 fratribus
634 5051 950 5104 concessas,
987 5035 1126 5092 sicut
1147 5035 1202 5089 in
1239 5035 1444 5090 chartis
1473 5043 1824 5106 patronorum

196 5126 554 5181 continentur
618 5141 970 5195 expresse....
1051 5124 1338 5178 statuimus
1380 5131 1433 5179 et
1481 5123 1826 5194 praecipimus

194 5213 601 5269 inviolabiliter
638 5212 946 5266 observari.
999 5212 1065 5266 Ut
1112 5212 1369 5284 igitur....
1421 5211 1742 5266 donationes
1773 5214 1826 5265 et

194 5302 494 5357 libertates
523 5301 841 5355 memoratis
879 5299 1156 5366 fratribus,
1194 5299 1335 5355 sicut
1365 5301 1566 5354 chartae
1595 5299 1826 5354 donato-

193 5406 320 5445 rum
353 5396 623 5443 testantur
651 5404 1066 5459 praeconcessaz,
1115 5396 1274 5457 prout
1325 5387 1714 5442 rationabiliter
1743 5387 1823 5442 eis

193 5487 327 5533 sunt
381 5476 561 5542 facta},
610 5486 884 5546 perpetua:
949 5477 1258 5530 stabilitatis
1307 5476 1583 5530 obtineant
1632 5475 1821 5530 ﬁrma-

191 5573 474 5630 mentum,
507 5573 706 5620 nostra:
736 5563 1162 5620 confirmationis
1219 5564 1427 5618 eisdem
1475 5564 1816 5620 duximus....

191 5670 402 5710 arc....
441 5653 638 5707 sidiam
669 5661 719 5708 et
749 5653 819 5707 ad
861 5653 1107 5707 notitiam
1140 5661 1479 5723 posterorum
1526 5668 1690 5724 super
1735 5653 1820 5708 his

190 5740 468 5815 praesenti
499 5739 703 5812 scripto
735 5749 788 5798 et
817 5740 982 5811 sigilli
1030 5741 1201 5797 nostri
1241 5739 1577 5811 appositione
1607 5739 1818 5813 episco-

2005 4686 2403 4756 Religiosorum
2434 4685 2672 4739 virorum
2711 4683 2870 4752 justis
2921 4682 3272 4753 petitionibus
3319 4681 3540 4752 episco-

1928 4776 2069 4846 palis
2098 4774 2392 4830 auctoritas
2422 4772 2653 4828 sollicitc
2684 4771 2850 4826 debet
2893 4769 3200 4840 suffragari,
3251 4787 3318 4826 ne
3370 4769 3544 4826 benc-

1928 4864 2052 4920 ficia
2108 4864 2188 4919 eis
2237 4863 2495 4918 canonice
2543 4861 2739 4915 collata
2798 4860 3213 4932 malignantium
3275 4858 3547 4930 inquieta-

1928 4953 2166 5008 tionibus
2214 4951 2554 5022 aliquatenus
2615 4950 3018 5020 perturbentur,
3089 4956 3180 5003 aut
3227 4947 3547 5019 importunis

1926 5041 2303 5096 vexationibus
2334 5039 2656 5094 alienantur.
2695 5037 2927 5093 Proinde
2961 5036 3175 5093 dilectis
3192 5035 3320 5090 ﬁliis
3351 5036 3550 5092 nostris

1928 5131 2112 5185 abbati
2158 5137 2212 5184 et
2272 5128 2556 5183 monachis
2624 5127 2693 5182 de
2743 5125 3050 5197 Bardeney,
3108 5126 3162 5180 in
3215 5125 3550 5180 monasterio

1929 5220 1984 5272 S.
2020 5217 2264 5274 Oswaldi
2294 5217 2475 5272 divina
2506 5215 2685 5288 gratia
2732 5215 3100 5287 congregatis,
3153 5231 3344 5269 omnes
3374 5230 3464 5268 res
3493 5222 3549 5269 et

1927 5306 2306 5378 possessiones
2338 5321 2526 5360 eorum
2560 5304 2614 5357 in
2645 5303 2825 5370 terris,
2876 5304 2930 5357 in
2981 5302 3310 5366 hominibus,
3362 5301 3416 5356 in
3447 5317 3544 5358 cc-

1927 5395 2128 5460 clesiis,
2165 5395 2215 5448 in
2249 5394 2473 5448 decimis
2504 5400 2556 5447 et
2587 5391 2641 5445 in
2673 5391 2886 5447 caeteris
2937 5392 3118 5456 rebus,
3162 5407 3283 5462 quae
3311 5390 3364 5444 in
3394 5407 3544 5461 prte-

1926 5484 2222 5538 scntiarum
2251 5483 2392 5550 justc
2425 5489 2478 5536 et
2508 5479 2770 5535 canonice
2801 5480 3103 5550 possident,
3142 5487 3193 5534 ct
3230 5479 3543 5535 authentica

1925 5571 2128 5642 scripta
2157 5571 2378 5636 habent,
2439 5567 2738 5640 episcopali
2780 5568 3105 5624 auctoritate
3153 5565 3539 5623 conﬁrmamus

1923 5668 1974 5716 et
2003 5659 2288 5731 praesentis
2317 5658 2506 5729 scripti
2535 5655 2833 5712 munimine
2881 5657 3224 5713 roboramus.
3257 5654 3534 5725 Quaecun-

1923 5763 2028 5818 que
2049 5763 2184 5819 ergo
2217 5746 2496 5804 Gilbertus
2544 5746 2613 5802 de
2659 5745 2841 5804 Gaunt
2901 5745 3130 5818 primus,
3186 5751 3239 5799 et
3294 5742 3408 5801 Aliz
3463 5743 3533 5800 de
