3938 6408
381 367 516 420 1119

1622 361 1909 419 ORDINIS
1947 357 2436 418 CARTHUSIANI.

3548 368 3694 426 1120

380 485 639 542 Muntfort
657 499 857 557 sponsa
879 484 995 554 ejus
1018 491 1364 554 reparatores
1392 486 1604 556 prmfati
1626 486 1936 543 monasterii
1960 504 1974 551 ;
2007 483 2065 544 Α
2085 485 2231 540 dedit
2261 487 2543 543 monachis
2572 488 2626 542 in
2656 487 2952 544 excambio.
2987 488 3046 542 In
3081 489 3388 545 Ilorkeston
3417 490 3694 547 decimam

385 575 664 630 Walterus
695 573 762 627 de
816 573 996 628 Gaunt
1044 580 1097 626 et
1124 588 1307 628 comes
1354 573 1632 630 Gilbertus
1675 575 1818 631 filius
1849 576 1986 643 ejus,

384 679 485 719 nec
515 678 624 716 non
656 669 708 716 et
736 661 985 716 homines
1025 659 1386 727 feudicorum,
1438 680 1538 734 pro
1581 664 1755 719 salute
1784 663 1992 718 anima-

385 768 506 807 rum
537 765 773 815 suarum,
810 749 962 804 titulo
1009 749 1337 816 donationis,
1371 751 1428 805 in
1457 751 1820 822 eleemosyna,
1854 767 1994 821 pra--

386 838 531 895 dicto
571 837 905 894 monasterio
953 838 1317 905 contulerunt,
1369 840 1506 894 sicut
1553 844 1753 895 chartae
1803 857 1990 895 eorum

387 933 675 992 testantur,
707 925 882 982 libera
909 933 963 980 et
993 925 1167 980 soluta
1207 927 1278 980 ab
1335 928 1483 982 omni
1532 937 1744 984 terreno
1775 927 1993 983 servitio

387 1023 440 1072 et
468 1014 817 1085 praestatione
847 1013 902 1068 in
931 1022 1252 1086 perpetuum
1283 1015 1399 1072 fore
1431 1017 1812 1083 decrevimus;
1847 1017 1993 1070 simi-

389 1103 512 1158 liter
541 1119 672 1159 vero
705 1118 1040 1176 qu>ecunque
1072 1118 1257 1159 comes
1283 1105 1490 1174 Simon,
1534 1105 1624 1178 qui
1665 1105 1994 1160 comitissam

389 1189 527 1256 Aliz,
552 1189 718 1245 filiam
749 1190 961 1246 comitis
979 1190 1230 1258 Gilberti,
1251 1208 1472 1248 uxorem
1491 1193 1735 1261 duxerat,
1750 1209 1872 1248 cum
1886 1193 1995 1246 hae-

390 1279 618 1334 reditate
647 1279 1163 1350 praenominatorum
1211 1280 1448 1335 virorum
1495 1281 1662 1347 dedit,
1697 1289 1751 1336 et
1792 1281 1996 1336 chartis

389 1367 504 1423 suis
525 1365 883 1423 confirmavit.

465 1457 594 1512 Haec
623 1463 746 1510 sunt
775 1455 957 1510 omnia
1005 1456 1412 1527 possessionum
1468 1457 1779 1513 eollatarum
1813 1472 1826 1512 :
1857 1458 1997 1512 Bar-

395 1545 593 1615 deney,
628 1552 680 1599 et
702 1543 1104 1617 Osgotebicum
1127 1546 1466 1615 pertinentiis
1491 1547 1622 1601 suis.
1655 1547 1713 1601 In
1744 1547 1999 1618 Stepings

395 1633 597 1688 habent
626 1632 932 1704 praescripti
962 1633 1213 1688 monachi
1245 1643 1472 1706 quatuor
1508 1642 1787 1691 carucatas
1822 1643 1996 1699 terrae,

402 1729 455 1776 et
485 1721 622 1776 duas
653 1721 902 1787 bovatas,
933 1728 985 1777 et
1015 1720 1300 1777 ecclesiam
1340 1723 1408 1778 de
1438 1723 1663 1777 Frisebi.
1697 1723 1754 1777 In
1787 1723 2000 1778 Schen-

2088 575 2331 628 dominii.
2367 577 2422 629 [n
2447 576 2624 646 Torpe
2655 584 2818 630 totam
2852 577 3117 631 decimam
3161 577 3412 633 dominii.
3468 580 3528 633 In
3558 580 3694 634 Fol-

2091 663 2349 731 kingham
2381 664 2668 718 ecclesiam
2702 679 2822 719 cum
2856 664 3014 718 terris
3035 673 3087 720 et
3116 665 3344 720 decimis
3375 667 3506 721 suis.

2163 753 2241 805 Ex
2270 752 2415 806 dono
2446 752 2662 807 Erberti
2692 752 2761 807 de
2791 752 2972 807 Gaunt
3015 754 3302 809 ecclesiam
3347 755 3416 809 de
3447 757 3690 823 Irnham,

2091 855 2215 894 cum
2245 840 2401 893 terris
2431 848 2481 894 et
2510 841 2734 894 decimis
2764 841 2896 896 suis.
2949 843 3006 895 In
3051 841 3357 896 Afwardebi
3400 843 3534 897 duas
3561 859 3695 914 par-

2093 936 2174 982 tes
2204 928 2430 983 decima:
2459 928 2684 983 domini.
2719 929 2778 982 In
2809 927 3054 998 Wilegbi
3083 930 3215 984 duas
3247 939 3431 1000 partes
3459 931 3690 986 domini.

2095 1017 2152 1071 In
2185 1017 2446 1072 Staunton
2475 1025 2641 1072 totam
2672 1017 2940 1072 decimam
2967 1017 3209 1072 dominii.
3262 1019 3321 1072 In
3369 1019 3570 1090 Surray
3603 1027 3694 1074 to-

2095 1113 2203 1159 tam
2237 1113 2438 1160 terram
2485 1121 2606 1176 qua:
2656 1104 2752 1159 fuit
2797 1105 2977 1160 Ivonis
3021 1105 3112 1159 filii
3164 1106 3517 1175 Schardman,
3569 1122 3695 1163 cum

2096 1202 2307 1248 essarto
2338 1209 2473 1259 suo;
2507 1202 2559 1248 et
2591 1201 2858 1247 essartum
2907 1193 3188 1248 Willielmi
3216 1192 3310 1248 filii
3358 1196 3590 1250 Haconis
3638 1196 3699 1250 in

2096 1282 2366 1337 territorio
2395 1281 2639 1350 ejusdem
2688 1281 2846 1347 villae,
2882 1289 2936 1336 et
2981 1291 3246 1336 essartum
3292 1283 3555 1337 Willelmi
3600 1283 3701 1338 Bi-

2097 1378 2210 1442 got,
2245 1385 2363 1425 cum
2394 1378 2544 1424 terra
2564 1369 2789 1440 Gippolf
2830 1370 2884 1423 in
2930 1370 3119 1425 eadem
3169 1370 3312 1424 villa.
3362 1372 3422 1424 In
3471 1372 3702 1426 Suttona

2099 1458 2374 1513 dimidiam
2425 1465 2732 1513 carucatam
2778 1465 2934 1512 terra:
2982 1473 3104 1512 cum
3146 1457 3385 1528 pasturis
3430 1466 3484 1513 et
3527 1459 3704 1529 pratis

2100 1547 2490 1615 adjacentibus,
2543 1554 2593 1601 et
2639 1554 2790 1616 prato
2831 1546 2885 1599 in
2942 1545 3213 1600 territorio
3269 1547 3338 1600 de
3385 1546 3586 1602 Ilotoft.
3638 1547 3702 1601 In

2102 1634 2350 1703 Scrubbi,
2379 1635 2516 1688 duas
2556 1633 2784 1688 bovatas
2831 1642 2883 1688 et
2919 1633 3226 1688 dimidiam.
3294 1635 3353 1688 In
3401 1634 3706 1705 Wdetorpe

2101 1739 2259 1777 unam
2288 1722 2542 1777 bovatam
2582 1731 2779 1788 terrm;
2807 1730 2859 1777 et
2885 1722 3075 1777 Thuait
3123 1737 3248 1777 cum
3296 1730 3439 1776 terra
3487 1737 3703 1793 appen-

399 1807 548 1865 delbi
577 1807 859 1864 ecclesiam
894 1809 950 1864 S.
983 1809 1146 1874 Petri,
1182 1825 1304 1865 cum
1328 1811 1487 1866 terris
1520 1819 1572 1864 et
1601 1811 1824 1865 decimis
1852 1811 1998 1875 suis;
2027 1831 2084 1896 Β
2104 1812 2284 1879 dente,
2337 1819 2389 1865 et
2437 1811 2808 1865 molendinum
2860 1810 2928 1865 de
2973 1809 3263 1866 Wilierne.
3334 1810 3705 1866 Hertelholme

401 1905 456 1952 et
485 1897 556 1951 ad
585 1905 832 1951 austrum
849 1897 1093 1966 ejusdem
1107 1897 1266 1963 villae,
1291 1899 1557 1970 capellam
1578 1899 1778 1954 Sancti.
1811 1898 2001 1954 Jacobi

401 1999 525 2041 cum
555 1985 790 2057 virgulto
822 1985 1088 2056 proximo,
1122 1994 1175 2040 et
1221 1986 1330 2041 duo
1376 1987 1687 2042 molendina
1718 1987 1959 2055 ejusdem
1985 2005 2000 2051 ;

402 2081 455 2129 et
485 2083 687 2129 terram
720 2073 894 2140 Tholi,
930 2080 982 2127 et
1012 2074 1290 2129 servitium
1310 2076 1442 2143 ejus,
1469 2084 1520 2130 et
1551 2084 1748 2130 terram
1781 2076 2004 2130 Gunnes

401 2175 528 2217 cum
561 2161 779 2216 servitio
809 2161 945 2229 ejus.
980 2163 1039 2216 In
1071 2162 1333 2234 Partenay
1363 2164 1651 2219 ecclesiam
1699 2164 1755 2219 S.
1796 2163 2006 2219 Nicolai

401 2265 526 2306 cum
554 2248 891 2321 pertinentiis
918 2250 1048 2316 suis,
1083 2259 1136 2306 et
1167 2251 1428 2321 capellam
1447 2252 1503 2306 S.
1529 2251 1709 2307 Maria:
1728 2251 1783 2306 in
1815 2251 2006 2306 eadem

401 2338 547 2405 villa,
583 2346 636 2394 et
665 2337 930 2393 decimam
975 2338 1269 2394 molendini
1303 2341 1544 2408 ejusdem
1577 2340 1741 2395 villm.
1782 2341 1841 2394 In
1870 2340 2011 2394 Brai-

405 2426 506 2482 toft
535 2425 761 2482 dominii
795 2426 1032 2482 Simonis
1062 2427 1156 2482 filii
1196 2429 1502 2496 Willielmi,
1536 2437 1702 2484 totam
1734 2429 2008 2484 dicimam.

408 2516 469 2570 In
501 2514 666 2582 Croft,
701 2531 764 2569 ex
787 2514 931 2570 dono
960 2515 1190 2588 Philippi
1223 2515 1291 2572 de
1314 2518 1488 2583 Kima,
1514 2518 1619 2572 XX
1651 2517 1883 2572 sextaria
1916 2531 2009 2570 sa-

414 2603 484 2658 lis
513 2619 579 2658 ex
610 2602 930 2669 redditibus,
965 2603 1208 2672 ejusdem
1242 2605 1402 2672 villae,
1427 2607 1502 2660 Ex
1531 2606 1676 2660 dono
1707 2605 1917 2660 Gatteri
1944 2604 2013 2658 de

408 2691 646 2757 Braitof’t,
681 2691 732 2746 X
761 2707 914 2747 acras
946 2693 1102 2762 prati,
1149 2693 1203 2747 in
1252 2693 1525 2748 territorio
1555 2694 1622 2749 de
1673 2693 1900 2748 Frisebi.
1933 2694 2014 2746 Ex

407 2780 554 2836 dono
602 2780 853 2835 Herberti
918 2779 1010 2834 filii
1057 2780 1284 2847 Alardi,
1335 2781 1438 2836 XII
1497 2798 1652 2838 acras
1693 2782 1831 2852 prati
1875 2781 2016 2834 ultra

413 2868 658 2924 Scalslet.
695 2869 775 2923 Ex
808 2869 952 2925 dono
982 2869 1249 2940 Radulphi
1281 2869 1375 2924 filii
1427 2871 1672 2935 Gilberti,
1707 2886 1807 2941 pro
1836 2873 2018 2923 anima

414 2957 662 3030 Hugonis
691 2957 870 3012 fratris
901 2957 1004 3023 sui,
1038 2966 1237 3012 terram
1269 2974 1431 3030 quam
1479 2959 1648 3014 tenuit
1689 2959 1742 3012 in
1787 2957 2016 3024 Frisebi,

415 3053 468 3100 et
493 3061 657 3117 quam
687 3045 881 3100 habuit
904 3045 955 3100 in
988 3045 1406 3119 lngaldclmeles
1435 3055 1488 3102 et
1535 3047 1800 3102 Derflctes
1848 3045 2016 3112 Croft,

415 3133 702 3188 ecclesiam
732 3133 800 3188 de
831 3135 1111 3207 Stepinge.

489 3223 548 3276 In
579 3221 842 3277 Wainflet
861 3238 1023 3278 unam
1047 3223 1296 3279 bovatam
1327 3240 1450 3280 cum
1482 3224 1690 3280 salimis
1718 3223 2024 3295 appenden-

417 3311 582 3365 tibus.
626 3311 686 3364 In
737 3310 982 3380 Haltano,
1034 3329 1097 3368 ex
1147 3313 1291 3369 dono
1340 3313 1623 3370 Willielmi
1671 3314 1738 3368 de
1789 3313 2026 3368 Rumara

421 3399 662 3472 quinque
691 3399 916 3456 bovatas
946 3409 1106 3457 terra:
1135 3411 1186 3458 et
1215 3402 1490 3458 dimidiam
1516 3421 1531 3468 ;
1564 3411 1614 3456 et
1633 3401 2022 3467 molendinum,

421 3497 474 3544 et
504 3504 699 3543 nonam
732 3497 943 3560 partem
975 3491 1196 3546 alterius
1227 3491 1543 3547 molendini.
1601 3492 1660 3545 In
1691 3489 2025 3560 llagiordin-

428 3578 614 3651 gham,
649 3594 714 3633 ex
743 3578 891 3633 dono
922 3579 1151 3634 Walteri
1173 3581 1240 3635 de
1258 3580 1454 3647 Gaunt,
1481 3597 1574 3636 sex
1598 3580 1826 3634 bovatas
1843 3587 2025 3642 terrae,

421 3673 476 3721 et
505 3665 793 3722 ecclesiam
824 3667 1068 3735 ejusdem
1101 3668 1263 3737 villae,
1313 3677 1366 3724 et
1395 3685 1462 3724 ex
1491 3669 1638 3724 dono
1687 3666 1918 3724 Gilberti
1960 3667 2027 3720 de

424 3755 607 3811 Gaunt
635 3754 854 3810 feudum
886 3756 1092 3824 militis,
1127 3757 1273 3829 quod
1300 3757 1490 3812 habuit
1537 3757 1590 3811 in
1639 3755 1832 3812 eadem
1880 3755 2026 3809 villa.

423 3845 484 3898 In
515 3842 717 3900 Lucebi
747 3843 882 3898 duas
911 3843 1136 3900 bovatas
1165 3852 1325 3901 terra:
1355 3855 1408 3902 et
1452 3845 1739 3902 ecclesiam
1785 3844 2029 3913 ejusdem

425 3931 586 3998 villae,
621 3948 745 3987 cum
774 3932 1111 4003 pertinentiis
1162 3934 1312 4001 suis;
1347 3943 1400 3990 et
1455 3934 1792 3989 mansionem
1841 3948 2025 3997 unam,

425 4029 478 4076 et
503 4019 874 4076 molendinum
905 4037 1068 4076 unum
1099 4022 1155 4076 in
1186 4023 1458 4078 territorio
1491 4023 1734 4092 ejusdem
1765 4021 1944 4087 villa};
1979 4028 2030 4074 et

427 4124 594 4164 unam
660 4109 909 4164 bovatam
955 4109 1009 4164 in
1049 4111 1324 4180 Wincebi,
1375 4119 1427 4168 et
1473 4110 1821 4168 Tonnecroft.
1873 4110 2031 4163 Juxta

425 4199 611 4268 Lymc.
645 4197 725 4251 Ex
771 4198 913 4254 dono
959 4199 1227 4271 Ranulphi
1269 4200 1500 4257 comitis.
1553 4200 1776 4254 Cestrize
1823 4198 2031 4252 molen-

425 4287 612 4341 dinum
641 4286 711 4341 de
753 4287 1071 4356 Bradewad,
1119 4297 1172 4343 et
1211 4305 1371 4344 unam
1415 4303 1655 4344 marcam
1703 4286 1918 4359 argenti
1963 4285 2032 4340 de

425 4375 640 4431 redditu
670 4376 968 4432 molendini
1017 4377 1084 4433 de
1130 4378 1519 4448 Bracebrigge.
1567 4375 1934 4431 Molendinum
1964 4373 2033 4428 de

426 4468 712 4523 Strattone.
772 4465 1120 4539 Edlingtone,
1187 4482 1310 4523 cum
1374 4465 1645 4521 universis
1697 4461 2035 4535 pertinentiis

2044 3187 2094 3248 0

2105 1916 2225 1956 cum
2256 1899 2414 1953 terris
2441 1906 2494 1954 et
2515 1898 2839 1961 redditibus,
2864 1898 3165 1954 Ecclesiam
3198 1898 3265 1953 de
3286 1898 3551 1952 Bulthalm
3579 1914 3708 1953 cum

2102 1987 2439 2058 appendiciis
2467 1987 2602 2040 suis.
2635 1987 2695 2040 In
2724 1986 3076 2058 Braeebrige,
3110 2002 3175 2040 ex
3218 1987 3381 2040 domo
3422 1975 3712 2040 Willielmi

2103 2075 2198 2130 filii
2228 2075 2458 2129 Walteri
2503 2074 2876 2137 Winterhard,
2916 2090 3075 2128 unam
3124 2073 3373 2128 bovatam
3414 2081 3592 2128 terrae.
3645 2073 3708 2127 In

2104 2164 2444 2235 Edelesberg
2473 2162 2758 2217 ecclesiam
2788 2178 2913 2218 cum
2941 2161 3284 2232 pertinentiis
3316 2162 3448 2216 suis.
3483 2162 3542 2215 In
3569 2161 3709 2217 Hale

2106 2252 2392 2308 ecclesiam
2417 2267 2537 2305 cum
2570 2250 2906 2320 pertinentiis
2942 2250 3072 2304 suis.
3099 2250 3157 2304 In
3187 2250 3495 2322 Hekington
3522 2249 3711 2306 eccle-

2108 2341 2241 2395 siam
2272 2355 2394 2395 cum
2426 2339 2763 2409 pertinentiis
2795 2338 2928 2393 suis.

2182 2427 2574 2482 Praanominata
2636 2427 2817 2491 itaque
2865 2426 3044 2482 omnia
3105 2442 3225 2498 qua:
3272 2426 3713 2496 praedecessores

2111 2517 2280 2572 nostri
2311 2517 2389 2570 eis
2422 2515 2818 2570 rationabiliter
2844 2514 3321 2579 confirmaverunt,
3367 2530 3490 2570 cum
3538 2514 3713 2568 liber-

2113 2607 2308 2659 tatibus
2341 2613 2393 2659 et
2424 2603 2906 2660 consuetudinibus
2937 2611 2990 2657 et
3019 2602 3444 2657 immunitatibus
3473 2603 3604 2667 suis,
3637 2601 3714 2655 si-

2114 2703 2202 2749 cut
2249 2693 2581 2747 munimeuta
2651 2708 2841 2746 eorum
2906 2699 3185 2756 testantur,
3239 2691 3340 2745 sub
3379 2690 3716 2760 profectione

2115 2791 2300 2837 nostra
2329 2781 2675 2851 suscipimus,
2711 2780 2988 2834 tuitionem
3035 2779 3457 2836 ecclesiasticam
3507 2779 3718 2849 impen-

2117 2873 2308 2926 dentes
2333 2887 2348 2936 ;
2381 2870 2545 2923 salvis
2573 2870 2626 2923 in
2657 2869 2908 2923 omnibus
2938 2868 3340 2938 episcopalibus
3365 2867 3707 2923 consuetudi-

2117 2960 2296 3024 nibus,
2349 2966 2402 3013 et
2445 2957 2839 3013 Lincolniensis
2889 2956 3152 3012 Ecclesia:
3199 2956 3570 3028 dignitatibus.
3623 2955 3720 3008 llis

2120 3048 2369 3112 testibus,
2404 3047 2648 3101 llomone
2679 3047 2885 3100 decano
2915 3044 3226 3110 Lincolniae,
3277 3043 3540 3098 Willilmo
3588 3043 3719 3098 sub-

2123 3136 2352 3200 decano,
2378 3134 2644 3205 magistro
2676 3134 2973 3204 Stephano,
3006 3141 3111 3188 etc.

2879 3300 2970 3354 IV.

2131 3446 2339 3504 Charta
2383 3443 2838 3512 Conﬁrmationis
2886 3441 3256 3496 donatiomtm
3297 3455 3396 3510 pcr
3423 3439 3725 3512 Hugonem

2197 3510 2652 3572 Lincolniemem
2707 3516 3028 3584 episcOpum
3091 3527 3191 3584 pro
3231 3511 3467 3566 ecclesia
3525 3510 3726 3566 Sancti

2199 3588 2437 3644 Andreaz
2469 3587 2953 3656 Northamptonw.

2127 3713 2442 3783 (Monastic.
2477 3709 2662 3780 Angl.,
2687 3716 2724 3763 t.
2758 3708 2799 3775 1,
2833 3724 2888 3778 p.
2943 3709 3064 3772 681,
3095 3705 3224 3762 edit.
3260 3707 3394 3760 1673
3438 3711 3492 3760 et
3540 3703 3724 3775 1682.)

2202 3835 2468 3892 Omnibus
2497 3833 2699 3889 Christi
2729 3831 2978 3887 fidelibus
3025 3830 3096 3886 ad
3137 3845 3276 3901 quos
3321 3844 3562 3900 presens
3591 3827 3729 3884 scri—

2129 3935 2278 3998 ptum
2326 3922 2656 3995 pervenerit,
2731 3922 2888 3976 Hueo
2953 3919 3054 3976 Dei
3119 3917 3292 3992 gratia
3338 3915 3729 3974 Lincolniensis

2132 4015 2420 4086 episcopus
2448 4011 2679 4066 salutem
2705 4009 2761 4064 in
2801 4008 3052 4064 Domino.

2201 4105 2459 4159 Nostrum
2544 4107 2626 4154 est
2677 4099 2838 4168 justis
2883 4096 3232 4168 petitionibus
3283 4094 3632 4166 acquiescere
3677 4101 3731 4148 et

2134 4190 2396 4264 quidquid
2417 4204 2710 4260 possumus
2737 4187 2918 4242 auxilii
2948 4185 3073 4239 filiis
3103 4192 3302 4240 sanctae
3332 4181 3594 4239 Ecclesia:
3622 4181 3730 4235 im—

2134 4279 2361 4352 pertiri;
2393 4278 2537 4333 unde
2566 4285 2619 4331 et
2672 4275 2934 4331 fratribus
2962 4273 3164 4328 nostris
3211 4270 3494 4327 monachis
3540 4269 3731 4325 Eccle-

2135 4370 2230 4425 siae
2263 4367 2443 4424 Sancti
2475 4365 2706 4420 Andreae
2730 4364 2798 4419 de
2845 4363 3241 4432 Nortbampton
3289 4358 3510 4430 speciali
3540 4365 3730 4413 aucto-

2136 4459 2290 4512 ritate
2337 4471 2445 4527 qua
2486 4453 2764 4526 fungimur
2819 4449 3220 4518 confirmamus,
3287 4447 3492 4502 scilicet
3555 4445 3722 4501 eccle-

427 4557 558 4612 suis.
593 4557 672 4612 Ex
703 4555 847 4611 dono
863 4535 1075 4612 comitis
1097 4555 1322 4611 Gilberti
1344 4555 1556 4610 tertiam
1586 4563 1799 4624 partem
1828 4553 2027 4606 Baum-
2051 4540 2107 4601 D
2138 4545 2274 4600 siam
2323 4543 2577 4598 Omnium
2628 4541 2949 4596 Sanctorum
2997 4537 3066 4592 de
3111 4535 3583 4624 Northamptona,_
3609 4547 3731 4624 cum

430 4646 610 4718 burgi,
645 4653 698 4700 et
725 4645 1093 4700 molendinum
1125 4645 1370 4713 ejusdem
1423 4643 1582 4698 villar.
1630 4640 1935 4696 Ecclesiam
1963 4639 2032 4694 de

429 4733 720 4800 Sotteberi,
781 4749 904 4789 cum
953 4733 1110 4788 terris
1160 4741 1213 4787 et
1274 4731 1504 4788 decimis
1551 4731 1683 4786 suis.
1729 4727 2032 4784 Ecclesiam

428 4824 485 4878 S.
519 4823 706 4878 Hilarii
739 4823 807 4878 de
837 4821 1296 4894 Spridelingtona,
1350 4837 1472 4876 cum
1519 4819 1750 4875 decimis
1793 4817 1924 4871 suis.
1975 4815 2036 4869 In

426 4913 660 4969 Burtona
706 4919 816 4966 tres
865 4917 1145 4966 carucatas
1195 4918 1374 4965 terrae.
1427 4910 1486 4962 In
1535 4909 1864 4964 Sehamtona
1911 4918 2036 4959 cum

427 5001 588 5056 terris
639 5008 693 5056 et
732 4999 962 5056 decimis
1010 4998 1142 5052 suis.
1207 4999 1267 5052 In
1314 4996 1680 5069 Edelingtona
1727 4992 2035 5060 ecclesiam,

429 5105 554 5145 cum
585 5088 839 5144 omnibus
869 5086 1212 5158 pertinentiis
1243 5086 1374 5140 suis.

508 5178 587 5232 Ex
619 5177 764 5230 dono
796 5175 1019 5232 Roberti
1050 5175 1361 5230 Marmirem
1395 5173 1686 5244 Buteyake,
1718 5187 1840 5228 cum
1872 5169 2042 5223 omni-

432 5265 531 5319 bus
573 5263 912 5334 pertinentiis
963 5264 1094 5318 suis.
1145 5264 1206 5318 In
1248 5263 1475 5316 Bartona
1531 5259 1820 5317 ecclesiam
1870 5255 2042 5313 sancti

437 5353 602 5419 Petri,
637 5369 758 5407 cum
793 5352 1000 5422 capella
1042 5351 1281 5406 omnium
1329 5359 1660 5416 sanctorum,
1712 5365 1835 5403 cum
1884 5345 2042 5402 terris

426 5449 479 5496 ct
510 5441 741 5497 decimis
789 5442 920 5507 suis,
975 5449 1028 5496 et
1075 5441 1328 5496 omnibus
1371 5439 1752 5510 pertinentiis;
1789 5446 1839 5492 et
1887 5435 2042 5491 deci—

433 5547 579 5585 mam
614 5530 1055 5586 molendinorum
1099 5530 1346 5599 ejusdem
1404 5529 1565 5584 villae.
1624 5528 1704 5582 Ex
1755 5527 1899 5581 dono
1931 5525 2046 5579 Gil-

2134 4633 2386 4689 omnibus
2451 4628 2790 4702 pertinentiis
2855 4627 3006 4692 suis;
3081 4632 3132 4680 et
3173 4623 3459 4679 ecclesiam
3551 4619 3734 4676 Sancti

2135 4722 2332 4792 i-Egidii
2360 4737 2484 4776 cum
2513 4717 2765 4774 omnibus
2795 4713 3136 4787 pertinentiis
3184 4711 3330 4777 suis;
3365 4719 3419 4766 et
3447 4707 3733 4765 ecclesiam

2137 4809 2319 4866 Sancti
2350 4807 2627 4864 Michaelis
2673 4822 2796 4860 cum
2838 4803 3089 4858 omnibus
3135 4798 3476 4872 pertinentiis
3505 4797 3650 4861 suis;
3683 4803 3736 4850 et

2138 4897 2424 4954 ecclesiam
2457 4895 2640 4952 Sancti
2673 4892 2957 4964 Sepulchri
3003 4907 3128 4947 cum
3176 4887 3429 4944 omnibus
3457 4885 3734 4957 pertinen-

2137 4987 2226 5041 tiis
2248 4985 2400 5050 suis;
2433 4993 2484 5039 et
2514 4982 2801 5038 ecclesiam
2835 4981 3048 5035 Sancta:
3093 4977 3279 5032 Maria:
3323 4991 3444 5031 cum
3490 4971 3739 5027 omnibus

2140 5073 2480 5147 pertinentiis
2512 5072 2622 5126 suis
2647 5090 2662 5138 ;
2685 5079 2739 5125 et
2769 5068 3058 5124 ecclesiam
3102 5065 3285 5121 Sancti
3334 5059 3587 5133 Gregorii
3615 5075 3737 5147 cum

2141 5145 2395 5220 omnibus
2425 5159 2763 5231 pertinentiis
2793 5158 2926 5222 suis,
2961 5165 3015 5211 et
3058 5153 3344 5210 ecclesiam
3376 5149 3560 5206 Sancti
3602 5145 3743 5202 Petri

2145 5268 2268 5309 cum
2298 5251 2551 5306 omnibus
2579 5246 2922 5319 pertinentiis
2950 5244 3084 5309 suis,
3137 5242 3344 5298 scilicet
3389 5255 3511 5294 cum
3561 5236 3740 5292 ecclo-

2146 5343 2224 5396 sia
2255 5341 2322 5394 de
2352 5341 2535 5408 Thorp
2565 5346 2616 5391 et
2647 5335 2853 5405 capella
2885 5335 2953 5388 de
2981 5334 3160 5403 Upton
3190 5347 3313 5385 cum
3345 5327 3594 5383 omnibus
3625 5323 3744 5378 aliis

2145 5427 2484 5502 pertinentiis
2514 5426 2662 5489 suis;
2697 5432 2750 5478 et
2778 5422 3068 5478 ecclesiam
3107 5418 3277 5474 sancti
3320 5413 3591 5472 Edmundi
3615 5427 3744 5502 cum

2148 5501 2401 5573 omnibus
2431 5513 2772 5586 pertinentiis
2801 5511 2948 5575 suis;
2981 5517 3034 5564 et
3082 5506 3369 5563 ecclesiam
3400 5502 3581 5559 Sancti
3613 5501 3748 5555 Bar-

436 5620 575 5675 berti
607 5619 820 5675 comitis
851 5635 1012 5675 unam
1046 5589 1295 5675 boratam
1328 5627 1491 5674 terrae
1539 5634 1637 5688 pro
1687 5617 1868 5671 anima
1919 5615 2049 5667 Seer
2149 5605 2406 5661 tholomei
2436 5619 2558 5660 cum
2587 5601 2839 5658 omnibus
2869 5596 3208 5688 pertinentiis
3238 5594 3372 5688 suis,
3394 5600 3457 5688 et
3485 5589 3750 5688 capellam

439 5710 506 5763 de
540 5709 728 5764 Arcels
765 5729 774 5763 :
803 5718 848 5763 et
873 5710 941 5764 ad
965 5719 1202 5764 austrum
1227 5709 1472 5776 ejusdem
1495 5707 1634 5761 villie
1667 5715 1866 5760 terram
1888 5718 2047 5771 quam

2153 5693 2332 5749 Sancti
2380 5694 2600 5747 Thema!
2651 5705 2770 5746 cum
2821 5687 3072 5742 omnibus
3119 5680 3457 5754 pertinentiis
3507 5678 3665 5733 suis:
3701 5685 3750 5730 et
