3938 6494
257 378 384 432 1121

1703 371 2124 429 DIPLOMATA.

3416 375 3552 430 1122

253 497 545 553 ecclesiam
577 497 646 551 de
676 495 833 567 Ryall
865 511 986 552 cum
1035 497 1288 551 omnibus
1327 497 1669 566 pertinentiis
1697 497 1850 562 suis;
1881 498 1936 558 Α
1957 505 2067 552 stro
2097 498 2362 554 Samsone
2412 498 2479 551 de
2535 497 2834 567 Bereheby,
2895 495 3156 568 magistro
3216 494 3451 550 Roberto
3480 493 3549 550 de

252 594 304 639 et
333 584 625 640 ecclesiam
680 585 749 638 de
799 585 965 639 Erton
1021 601 1142 639 cum
1199 585 1453 639 omnibus
1510 585 1852 655 pertinentiis
1950 585 2190 652 Mellum,
2224 585 2492 657 magistro
2524 586 2764 640 Roberto
2811 584 3118 639 Grosteste.

260 673 410 738 suis;
445 681 497 727 et
527 672 815 727 ecclesiam
847 673 915 727 de
944 673 1248 727 Newenton
1277 689 1397 727 cum
1439 672 1690 727 omnibus
1719 688 1851 742 per-

260 760 496 815 tinentiis
526 760 679 825 suis;
707 768 759 814 et
789 759 1080 814 ecclesiam
1110 760 1180 814 de
1208 760 1389 831 Syvell
1445 775 1566 816 cum
1599 760 1852 814 omnibus

259 847 598 918 pertinentiis
631 848 777 912 suis;
810 855 862 902 et
889 848 1178 904 ecclesiam
1217 848 1286 903 de
1316 849 1517 904 Multon
1549 864 1673 904 cum
1729 864 1854 904 om-

261 935 420 990 nibus
449 935 791 1006 pertinentiis
821 936 970 1001 suis;
1003 944 1056 990 et
1095 935 1386 992 ecclesiam
1439 935 1508 992 de
1566 935 1854 992 Braut'elde

260 1039 385 1080 cum
441 1024 694 1078 omnibus
767 1022 1105 1094 pertinentiis
1168 1024 1300 1090 suis;
1343 1032 1396 1080 et
1451 1024 1742 1080 ecclesiam
1783 1025 1853 1080 de

262 1113 492 1168 Preston
522 1127 646 1168 cum
677 1112 930 1166 omnibus
974 1111 1313 1182 pertinentiis
1368 1112 1516 1179 suis;
1575 1121 1629 1168 et
1671 1113 1855 1169 eccle-

260 1202 393 1254 siam
424 1200 492 1256 de
522 1199 754 1272 Byllyng
801 1215 922 1256 cum
958 1201 1210 1256 omnibus
1238 1199 1581 1271 pertinentiis
1612 1201 1726 1255 suis
1753 1220 1766 1268 ;
1801 1208 1860 1256 et

263 1289 553 1344 ecclesiam
609 1288 677 1343 de
727 1289 954 1343 Hawton
1028 1304 1152 1344 cum
1209 1288 1462 1343 omnibus
1516 1289 1857 1359 pertinentiis

265 1377 416 1442 suis;
450 1385 502 1432 et
530 1376 822 1432 ecclesiam
851 1377 921 1432 de
955 1378 1208 1432 Nuenton
1237 1392 1361 1434 cum
1392 1377 1644 1433 omnibus
1691 1378 1860 1448 perti-

261 1465 460 1520 nentiis
481 1465 596 1520 suis
619 1472 702 1530 ;et
723 1465 1011 1520 ecclesiam
1033 1465 1101 1520 de
1125 1466 1578 1538 Hardyngystoru
1603 1482 1724 1521 cum
1742 1481 1859 1520 om-

264 1552 424 1607 nibus
468 1552 806 1623 pertinentiis
839 1553 987 1617 suis;
1020 1561 1073 1607 et
1100 1552 1388 1609 ecclesiam
1445 1554 1513 1608 de
1535 1554 1860 1626 Stotysbury

263 1655 388 1696 cum
421 1641 672 1696 omnibus
701 1640 1042 1711 pertinentiis
1059 1642 1208 1707 suis;
1241 1650 1294 1696 et
1324 1641 1611 1698 ecclesiam
1641 1643 1709 1698 de
1738 1642 1861 1698 Sul-

264 1745 433 1800 grave
464 1745 587 1784 cum
609 1729 860 1783 omnibus
881 1729 1221 1799 pertinentiis
1252 1730 1386 1794 suis,
1420 1738 1474 1785 et
1505 1730 1640 1785 duas
1675 1739 1861 1801 partes

1959 781 2324 850 Conﬁrmat-io
2349 781 2595 852 Hugonis
2627 780 2870 852 episcopi
2905 779 3316 836 Lincolniensis
3351 777 3417 833 de
3446 777 3554 832 Ec-

2388 853 2567 906 clesia
2606 851 2671 905 de
2705 851 2984 905 Waldene.

2064 958 2326 1027 (Monast.
2379 957 2568 1026 Angl.,
2602 964 2732 1012 tom.
2767 957 2807 1022 Ι,
2841 973 2896 1026 p.
2942 959 3066 1026 819,
3098 955 3229 1012 edit.
3263 956 3446 1025 1673.)

2030 1045 2296 1100 Omnibus
2330 1045 2528 1101 Christi
2576 1043 2828 1099 ﬁdelibus
2858 1043 2930 1099 ad
2959 1060 3097 1116 quos
3151 1060 3392 1116 praesens
3424 1042 3556 1099 scri-

1957 1141 2106 1204 ptum
2139 1134 2470 1204 pervenerit,
2505 1134 2660 1188 [loco
2694 1133 2792 1189 Dei
2821 1133 2997 1205 gratia
3017 1132 3414 1190 Lincolniensis
3434 1132 3556 1204 epi-

1959 1237 2178 1292 sc0pus,
2219 1222 2448 1278 salutem
2477 1222 2529 1276 in
2579 1221 2837 1277 Domino.

2029 1310 2251 1365 Noverit
2308 1310 2635 1366 universitas
2693 1317 2873 1364 vestra
2929 1325 3030 1364 nos
3092 1308 3309 1380 pietatis
3365 1308 3558 1376 intuitu

1960 1398 2302 1454 concessisse
2346 1407 2399 1454 et
2454 1398 2709 1470 praesenti
2743 1399 2930 1454 charta
2975 1396 3332 1453 conﬁrmasse
3387 1413 3558 1454 cano-

1961 1487 2100 1542 nicis
2125 1486 2334 1541 ordinis
2365 1487 2434 1542 de
2465 1486 2878 1560 Semplingham
2907 1486 3049 1556 apud
3078 1486 3302 1552 Malton,
3333 1485 3558 1542 domino

1962 1575 2344 1642 servientibus,
2378 1575 2668 1630 ecclesiam
2697 1575 2766 1631 de
2794 1574 3088 1643 Waldene,
3116 1589 3242 1630 cum
3272 1574 3558 1646 pertinen-

1963 1663 2052 1717 tiis
2085 1662 2198 1718 suis
2228 1663 2283 1717 in
2329 1671 2669 1734 perpetuum,
2704 1663 2842 1718 sicut
2871 1662 2950 1718 eis
3005 1662 3404 1719 rationabiliter
3438 1661 3558 1719 col-

1963 1751 2076 1806 lata
2102 1759 2186 1807 est
2234 1768 2300 1806 ex
2329 1751 2476 1806 dono
2507 1750 2740 1806 Walteri
2788 1751 2858 1806 de
2901 1751 3091 1807 Nevile
3147 1759 3202 1806 et
3257 1751 3414 1806 Alani
3442 1753 3559 1822 Ay-

262 1817 492 1911 decimaa
520 1817 683 1911 totius
699 1816 1075 1911 decimationis
1104 1817 1328 1911 dominii
1357 1817 1569 1911 comitis
1599 1819 1774 1874 David
1808 1819 1860 1911 in
1891 1850 1944 1910 Β
1965 1855 2140 1906 ταυτῃ,
2174 1839 2418 1908 ejusdem
2450 1839 2700 1896 ecclesia
2727 1847 3037 1910 patronum,
3070 1837 3235 1895 salvis
3265 1816 3560 1911 episcopi-

265 1905 516 1971 Yordele,
551 1913 604 1960 et
661 1905 714 1959 in
762 1905 1013 1971 Bartone,
1057 1913 1112 1960 et
1169 1905 1225 1960 in
1279 1906 1682 1979 Dodyngtonne
1711 1908 1862 1964 etde

1987 1905 2134 1981 ibus
2169 1905 2675 1994 consuetudinibus,
2729 1905 2790 1984 et
2826 1926 3222 1984 Lincolniensis
3295 1905 3560 1985 Ecclesia:

264 1994 635 2065 Ilaryngwith.
661 1994 728 2048 Et
757 1995 971 2048 tertiam
1014 2001 1226 2064 partem
1284 1994 1449 2050 totius
1507 1995 1734 2051 decima:
1763 1995 1862 2050 do-

263 2081 417 2137 minii
447 2081 659 2138 comitis
689 2081 864 2136 David
893 2081 947 2136 in
978 2081 1362 2154 Fodryngeya.
1401 2083 1468 2137 Et
1496 2083 1711 2138 tertiam
1742 2099 1864 2154 par-

259 2179 372 2225 tem
405 2170 565 2225 totius
595 2170 822 2226 decimue
852 2169 1075 2224 dominii
1105 2170 1174 2224 de
1199 2172 1458 2226 Dverton.
1487 2173 1554 2227 Et
1581 2172 1718 2226 duas
1735 2188 1864 2242 par-

264 2268 347 2314 tes
379 2259 541 2313 totius
570 2259 797 2314 decima:
825 2257 1050 2312 dominii
1081 2259 1150 2313 de
1181 2259 1456 2329 Styvede?
1475 2261 1541 2314 Et
1560 2259 1752 2332 viginti
1774 2275 1866 2315 so-

263 2347 406 2402 lidos
435 2347 504 2401 de
535 2346 861 2402 molendinis
889 2346 957 2402 de
1007 2348 1203 2402 Parton
1233 2347 1304 2402 ad
1335 2347 1515 2403 vinum
1574 2348 1865 2403 emendum

268 2436 339 2490 ad
379 2436 604 2490 missas.
642 2435 710 2490 Et
739 2434 809 2490 de
837 2435 996 2490 horto
1043 2434 1255 2490 comitis
1314 2435 1484 2490 David
1539 2435 1593 2490 in
1631 2436 1866 2491 Bertona

268 2535 378 2580 tres
409 2539 647 2578 summas
677 2522 926 2578 frumenti
954 2523 1024 2578 ad
1054 2523 1265 2578 oblatas
1296 2523 1596 2579 faciendas.
1631 2525 1697 2579 Et
1730 2524 1866 2579 duas

268 2621 454 2684 partes
483 2611 647 2668 totius
663 2611 892 2667 decimae
920 2611 1143 2667 dominii
1169 2612 1238 2667 de
1267 2612 1598 2667 Wllastona.
1633 2614 1700 2667 Et
1728 2612 1865 2668 duas

271 2710 456 2772 partes
486 2700 715 2756 decima
779 2699 1005 2756 dominii
1061 2700 1294 2756 Walteri
1328 2700 1422 2754 ﬁlii
1478 2701 1782 2756 Winemeri
1811 2701 1866 2756 in

269 2791 472 2860 Throp.
506 2790 573 2843 Et
595 2789 732 2843 duas
760 2797 946 2860 partes
962 2788 1189 2844 decimae
1212 2789 1447 2844 Dominii
1469 2789 1706 2844 Walteri
1724 2806 1865 2859 prae-

268 2878 399 2934 dicti
428 2878 483 2931 in
528 2877 781 2932 Wuston.
817 2878 884 2932 Et
940 2877 1076 2932 duas
1121 2886 1307 2949 partes
1361 2877 1589 2933 decima:
1643 2877 1866 2932 dominii

267 2965 503 3023 Achardi
533 2966 602 3021 de
634 2965 905 3036 Sproxton
933 2965 989 3020 in
1019 2965 1308 3037 Sproxton,
1353 2974 1404 3021 et
1431 2966 1485 3019 in
1516 2965 1780 3037 Wythyn,
1813 2973 1867 3021 et

276 3056 333 3110 in
363 3055 659 3109 Strattona.
691 3055 758 3108 Et
786 3053 924 3108 duas
945 3063 1127 3124 partes
1157 3055 1320 3109 totius
1367 3054 1593 3109 decimae
1640 3054 1866 3109 dominii

274 3142 421 3212 quod
451 3141 547 3197 fuit
578 3142 780 3214 Rogeri
812 3141 905 3196 filii
937 3145 1046 3197 Aze
1075 3142 1128 3196 in
1160 3143 1376 3197 Psham.
1399 3143 1466 3196 Et
1494 3142 1632 3197 duas
1680 3150 1865 3212 partes

272 3205 436 3283 totius
451 3205 692 3281 decima;
706 3226 932 3281 dominii
954 3225 1170 3282 Henrici
1199 3226 1268 3281 de
1298 3226 1559 3298 Cogenho
1588 3227 1640 3280 in
1659 3205 1868 3281 Plorro-
1891 3205 1938 3266 θ

272 3315 488 3370 \vedon.
511 3315 580 3369 Et
608 3314 747 3369 duas
777 3323 960 3385 partes
991 3315 1153 3369 totius
1181 3315 1410 3371 decimae
1467 3314 1693 3369 dominii
1721 3314 1868 3369 Wil-

274 3403 438 3458 lielmi
489 3401 582 3456 ﬁlii
609 3403 904 3457 Burchardi
934 3403 985 3456 in
1008 3403 1186 3458 Flore.
1218 3405 1284 3458 Et
1312 3403 1450 3458 duas
1491 3411 1676 3474 partes
1708 3402 1869 3458 totius

274 3492 502 3547 decimae
540 3490 766 3546 dominii
809 3491 1029 3546 Henrici
1059 3491 1127 3546 de
1175 3491 1480 3547 Armenteri
1509 3491 1564 3545 in
1586 3493 1784 3558 Stowe,
1819 3499 1869 3546 et

275 3581 329 3635 in
361 3581 766 3651 Ryslyngburg,
800 3594 938 3651 quas
968 3587 1150 3636 tenent
1179 3580 1247 3634 ad
1269 3578 1478 3634 ﬁrmam
1498 3579 1565 3634 de
1587 3580 1869 3635 monachis

281 3669 465 3725 Sancti
488 3669 716 3736 Projecti
749 3669 816 3722 dc
849 3669 1205 3723 Vermendes.
1239 3669 1305 3722 Et
1336 3669 1472 3724 duas
1501 3677 1682 3740 partes
1713 3668 1869 3724 deci-

281 3773 382 3812 mae
412 3757 637 3812 dominii
658 3756 891 3812 Walteri
912 3757 1078 3812 Luvel
1096 3757 1151 3811 in
1170 3757 1569 3830 Lyslynghury.
1590 3759 1657 3812 Et
1685 3757 1867 3812 eccle-

277 3847 414 3900 siam
447 3845 515 3900 de
539 3846 769 3900 Postona
797 3860 921 3901 cum
968 3845 1220 3900 omnibus
1269 3846 1612 3917 pertinentiis
1652 3846 1785 3913 suis,
1817 3853 1870 3900 et

280 3935 336 3990 in
363 3934 555 3990 eadem
585 3934 712 3989 villa
741 3934 876 3989 duas
926 3933 1165 4004 virgatas
1205 3943 1366 3990 terra:
1406 3943 1458 3989 et
1485 3934 1679 4005 viginti
1711 3948 1870 3990 acras

275 4023 343 4078 de
397 4023 624 4088 bruera;
683 4029 735 4077 et
794 4022 926 4076 duas
967 4029 1149 4092 partes
1213 4022 1440 4078 decimae
1496 4022 1721 4078 dominii
1773 4021 1870 4076 Ri-

275 4111 464 4167 chardi
496 4111 564 4166 de
610 4109 881 4182 lleyforde
940 4110 994 4164 in
1052 4110 1358 4166 llerleston.
1392 4111 1460 4166 Et
1506 4111 1642 4166 duas
1687 4119 1872 4181 partes

275 4200 436 4255 totius
480 4199 707 4254 decimae
735 4199 960 4254 dominii
1003 4199 1238 4254 Andrem
1283 4199 1352 4254 de
1383 4199 1782 4270 Braybroocke.
1806 4201 1873 4255 Et

275 4289 488 4344 tertiam
545 4295 753 4358 partem
810 4287 974 4342 totius
1031 4287 1258 4343 decimae
1316 4286 1540 4342 dominii
1597 4287 1874 4343 Richardii

276 4376 444 4432 Foxle
473 4376 527 4430 in
559 4375 749 4442 Forle;
775 4383 829 4431 et
855 4376 991 4430 duas
1021 4384 1204 4447 partes
1225 4375 1388 4430 totius
1416 4375 1642 4432 decima:
1669 4375 1874 4431 domini

275 4467 346 4521 de
376 4481 544 4536 parva
601 4465 844 4520 Hoctona
893 4465 1048 4534 juxta
1092 4465 1454 4536 Langeporte,
1513 4481 1646 4536 quas
1676 4465 1876 4520 habent

1963 2013 2246 2087 dignitate.
2281 2016 2377 2071 His
2408 2016 2657 2084 testibus,
2703 2023 2809 2073 etc.

2747 2113 2837 2169 VI.

1968 2199 2331 2276 Conﬁrmatio
2361 2202 2828 2276 saactgﬂugorzis
2856 2203 3273 2276 Lincolaiensis
3315 2204 3560 2276 episcopi

2031 2272 2399 2345 ecclesiarum
2420 2273 2487 2326 de
2523 2272 2868 2345 Thorneberg
2895 2277 2952 2330 et
2970 2273 3246 2344 Dodeford
3265 2272 3558 2332 monachis

2036 2341 2408 2412 Lu/feldensis
2428 2345 2785 2399 monasterii.

2019 2447 2388 2516 (Monasticon
2420 2450 2607 2521 Angl.,
2647 2457 2784 2504 tom.
2824 2450 2867 2517 Ι,
2901 2466 2962 2521 ρ.
3002 2452 3124 2517 522,
3158 2449 3286 2506 edit.
3323 2453 3507 2523 1682.)

2037 2535 2302 2591 Omnibus
2331 2536 2528 2591 Christi
2574 2535 2824 2593 ﬁdelibus
2853 2539 2920 2593 ad
2977 2554 3112 2610 quos
3142 2555 3386 2610 praesens
3418 2539 3561 2596 scri-

1965 2631 2116 2694 ptum
2147 2625 2478 2696 pervenerit,
2513 2625 2673 2681 Iluco
2693 2627 2792 2682 Dei
2822 2627 3002 2700 gratia
3021 2628 3417 2685 Lincolniensis
3447 2629 3562 2703 epi-

1967 2728 2167 2784 scopus
2196 2721 2458 2770 aeternam
2487 2714 2542 2768 in
2590 2715 2841 2784 Domino,
2878 2715 3130 2771 salutem.

2037 2802 2104 2856 Ut
2133 2817 2195 2856 ea
2226 2819 2346 2873 qua:
2388 2802 2660 2874 religiosis
2711 2802 2846 2860 locis
2890 2804 2991 2860 Dei
3028 2804 3220 2860 intuitu
3250 2821 3282 2861 a
3311 2805 3564 2863 ﬁdelibus

1966 2889 2161 2945 collata
2180 2898 2324 2957 sunt,
2343 2890 2550 2962 absque
2570 2892 2977 2962 perturbatione
2995 2893 3396 2965 possideantur,
3413 2895 3565 2966 prio-

1968 2992 2087 3030 rum
2119 2975 2349 3032 sollicite
2389 2977 2697 3048 procuravit
2747 2977 3054 3049 prudentia,
3089 2977 3210 3049 ipsa
3237 2980 3318 3035 eis
3346 2980 3562 3051 scriptis

1965 3064 2290 3120 authenticis
2318 3063 2718 3120 conﬁrmando.
2773 3064 3020 3134 Quorum
3050 3082 3150 3122 nos
3205 3068 3438 3141 vestigia
3468 3085 3561 3126 se-

1967 3161 2198 3218 ctantes,
2233 3152 2449 3208 dilectis
2478 3153 2604 3208 ﬁliis
2632 3153 2837 3208 nostris
2866 3154 2920 3208 in
2950 3155 3168 3210 Christo
3196 3157 3476 3212 monachis
3491 3157 3563 3214 de

1969 3239 2176 3296 Luﬁ'eld
2208 3240 2472 3297 beneﬁcia
2503 3259 2623 3314 qua:
2651 3242 2730 3298 eis
2790 3241 3028 3297 ﬁdelium
3072 3245 3300 3300 contulit
3343 3245 3564 3302 donatio

1969 3329 2107 3385 sicut
2130 3330 2264 3400 ipsis
2291 3337 2343 3384 et
2373 3330 2558 3386 domui
2587 3346 2778 3386 eorum
2794 3331 3184 3387 rationabiliter
3198 3333 3398 3389 collata
3414 3342 3559 3402 sunt,

1968 3417 2288 3474 conﬁrmare
2317 3428 2370 3474 et
2395 3420 2451 3474 in
2484 3420 2740 3491 praasenti
2795 3419 2994 3491 scripto
3047 3429 3308 3477 annotare
3337 3422 3564 3493 dignum

1967 3505 2243 3562 duximus.
2280 3507 2360 3562 Ex
2381 3507 2545 3563 domo
2574 3507 2840 3578 Radulphi
2882 3508 2950 3563 de
2980 3508 3239 3581 Caignes,
3271 3509 3566 3566 ecclesiam

1969 3596 2182 3652 Sanctae
2210 3596 2394 3652 Maria:
2424 3597 2492 3651 de
2523 3596 2822 3652 Dodeford.
2885 3597 2962 3651 Ex
2999 3597 3145 3652 dono
3176 3598 3439 3654 Hamonis
3467 3597 3565 3654 ﬁlii

1967 3684 2302 3755 Mempbilini
2331 3685 2618 3742 ecclesiam
2651 3686 2720 3740 de
2757 3685 3130 3759 Thorneberg.
3162 3687 3241 3742 Ex
3270 3687 3416 3743 dono
3463 3687 3564 3743 Ri-

1970 3773 2159 3830 cbardi
2183 3773 2278 3828 ﬁlii
2298 3773 2519 3847 Nigelli,
2549 3774 2894 3830 medietatem
2919 3775 3167 3832 ecclesiae
3204 3777 3417 3832 Sancta
3446 3777 3565 3831 Ma-

1969 3861 2066 3917 riae
2110 3861 2179 3916 de
2231 3863 2654 3934 Beckhampton.
2710 3865 2840 3920 Haec
2894 3864 3079 3918 omnia
3127 3863 3391 3921 beneﬁcia
3439 3882 3562 3921 cum

1971 3949 2223 4005 omnibus
2255 3950 2326 4006 ad
2355 3967 2414 4006 ea
2443 3951 2858 4022 pertinentibus,
2892 3953 3031 4007 sicut
3059 3952 3115 4006 in
3155 3954 3359 4008 chartis
3389 3955 3564 4010 dona-

1971 4045 2168 4104 torum,
2202 4047 2366 4110 atque
2395 4040 2906 4096 archidiaconorum
2936 4057 2965 4094 a
2989 4042 3188 4111 quibus
3217 4041 3272 4097 in
3303 4042 3436 4114 ipsis
3452 4044 3565 4113 jam

1972 4126 2103 4182 dicti
2130 4127 2381 4182 monachi
2411 4136 2536 4182 sunt
2563 4128 2812 4198 instituti,
2870 4129 3196 4197 continetur,
3229 4131 3309 4186 eis
3364 4148 3567 4189 conce-

1972 4215 2151 4270 dimus
2181 4214 2234 4269 in
2264 4223 2588 4286 perpetuum
2609 4217 2966 4287 possidenda,
2996 4220 3394 4292 praesentisque
3423 4222 3568 4277 scri-

1973 4312 2066 4374 pto
2107 4312 2266 4376 atque
2324 4304 2490 4375 sigilli
2547 4305 2721 4360 nostri
2775 4305 3080 4375 patrocinio
3135 4307 3568 4378 conﬁrmamus;

1975 4391 2142 4448 salvis
2171 4392 2572 4464 episcopalibus
2602 4393 3087 4449 consuetudinibus
3131 4403 3182 4450 et
3227 4396 3569 4454 Lincolnien-

1975 4480 2050 4534 sis
2079 4480 2341 4536 Ecclesim
2357 4481 2636 4551 dignitate,
2660 4481 2744 4535 his
2775 4482 3004 4536 testibus
3027 4483 3264 4539 Roberto
3294 4485 3514 4543 abbate.
3545 4511 3567 4535 η

277 4571 344 4609 ex
393 4553 687 4609 donatione
742 4551 1025 4608 Godefridi
1073 4553 1143 4608 de
1191 4552 1476 4625 Boloigne.
1536 4553 1605 4607 Et
1653 4561 1708 4609 ut
1755 4553 1867 4609 haac

1986 4571 2188 4642 Rogero
2208 4569 2276 4624 de
2293 4569 2605 4636 Rolveston,
2625 4570 2888 4640 magistro
2910 4571 3144 4626 Ricardo
3158 4571 3226 4628 de
3244 4572 3568 4644 Swalewual,

279 4642 464 4699 omnia
511 4641 750 4713 praefatis
779 4640 1060 4696 monachis
1089 4640 1257 4696 sancti
1277 4641 1511 4696 Andreaa
1543 4649 1660 4696 rata
1688 4648 1742 4696 et
1762 4641 1874 4696 illi-

277 4732 401 4786 bata
429 4737 806 4801 permaneant,
850 4727 990 4784 sicut
1028 4729 1160 4800 ipsis
1186 4730 1332 4798 juste
1390 4737 1442 4785 et
1479 4729 1876 4786 rationabiliter

279 4819 474 4877 collata
495 4827 638 4884 sunt,
669 4817 951 4889 praesentis
983 4818 1166 4888 scripti
1222 4826 1276 4875 et
1313 4817 1477 4889 sigilli
1529 4818 1702 4874 nostri
1732 4825 1876 4874 atte-

277 4908 511 4964 statione
540 4907 957 4972 communimus,
991 4907 1144 4962 salva
1171 4905 1228 4960 in
1258 4907 1510 4962 omnibus
1538 4906 1880 4963 Lincolnien-

279 4997 358 5052 sis
406 4996 668 5052 Ecclesia:
713 4995 994 5066 dignitate.
1054 4994 1302 5049 Testibus
1359 4995 1464 5063 bis,
1509 4995 1747 5052 Roberto
1776 4995 1878 5049 ab-

283 5087 408 5140 bate
453 5085 521 5138 de
552 5083 864 5156 Nuttelega,
897 5082 1212 5137 Walkelino
1241 5083 1437 5137 abbate
1468 5082 1536 5138 de
1574 5089 1761 5138 sancto
1789 5083 1880 5138 Ja-

280 5173 442 5238 cobo,
476 5171 792 5228 Walkelino
823 5171 1001 5242 priore
1024 5170 1091 5225 de
1124 5170 1327 5236 Londa,
1359 5171 1621 5242 magistro
1641 5171 1881 5227 Roberto

279 5262 350 5316 de
381 5260 646 5332 Harding,
683 5259 943 5331 magistro
982 5259 1196 5329 Rogero
1217 5259 1285 5314 de
1319 5259 1632 5324 Rolveston,
1665 5260 1881 5331 magis-

281 5360 363 5403 tro
397 5349 616 5403 Simone
638 5347 706 5402 de
738 5347 936 5418 Sywel,
957 5347 1220 5416 magistro
1249 5347 1550 5402 Willielmo
1580 5349 1648 5402 de
1679 5349 1878 5414 Monte,

278 5439 546 5508 magistro
581 5435 849 5492 Richardo
887 5435 954 5490 de
994 5433 1325 5500 Dodeforde,
1359 5435 1592 5490 I-lenrico
1621 5433 1733 5490 ﬁlio
1777 5436 1883 5490 Pe-

280 5527 369 5592 tri,
402 5525 671 5597 magistro
705 5523 934 5578 Warino
981 5523 1049 5578 de
1077 5520 1363 5586 Bedtorde,
1397 5521 1620 5578 Simone
1673 5522 1885 5578 decano

280 5618 349 5672 de
380 5612 788 5684 Witlyngberc,
823 5613 1041 5681 Rogero
1069 5610 1280 5666 decano
1307 5609 1377 5666 de
1389 5610 1683 5682 Pateshyll,
1715 5609 1888 5683 magi-

1976 4656 2221 4713 Galfrido
2248 4657 2315 4712 de
2338 4657 2679 4724 Leichelavc,
2704 4657 2944 4714 Roberto
2959 4658 3029 4714 de
3058 4659 3300 4730 Capella,
3323 4662 3570 4720 Iohanne

1975 4745 2185 4802 decano
2213 4746 2283 4803 de
2311 4746 2547 4817 Lieston,
2600 4747 2890 4803 Eustachio
2947 4747 3017 4803 de
3071 4747 3333 4816 Wiltona,
3367 4759 3420 4806 et
3447 4751 3570 4807 aliis

1977 4834 2179 4889 multis.

2710 4907 2825 4963 VII.

1985 5010 2191 5087 Cha_rta
2204 5013 2883 5087 HugonisLincolniensis
2911 5016 3153 5087 episcOpi
3191 5016 3258 5072 de
3278 5019 3578 5087 conﬁrma-

2057 5085 2210 5139 tione
2267 5084 2591 5140 donationis
2655 5084 2872 5154 Βοώιίκῖ
2914 5084 2980 5142 de
3039 5084 3138 5144 Abi
3165 5087 3237 5143 ad
3291 5084 3576 5147 abbatiam

2055 5156 2498 5210 construendum
2517 5155 2664 5227 apud
2700 5157 3038 5227 Grene/eild.

2056 5260 2370 5329 (Monastic.
2415 5262 2580 5332 Ang.,
2633 5269 2764 5316 tom.
2799 5263 2839 5328 Ι,
2874 5279 2928 5333 p.
2972 5268 3095 5332 881,
3130 5266 3260 5333 edit,
3296 5268 3480 5340 1682.)
3546 5324 3551 5328 _

2057 5347 2322 5402 Omnibus
2344 5349 2541 5402 Christi
2573 5348 2822 5404 ﬁdelibus
2859 5351 2925 5405 ad
2959 5369 3094 5423 quos
3150 5371 3393 5425 praesens
3441 5355 3579 5412 scri-

1986 5443 2135 5505 ptum
2167 5436 2495 5508 pervenerit,
2526 5438 2684 5491 HUGO
2715 5439 2813 5492 Dei
2843 5442 3022 5510 gratia
3050 5441 3443 5500 Lincolniensis
3460 5445 3582 5516 cpi-

1987 5539 2205 5594 scopus,
2240 5525 2472 5578 salutem
2492 5525 2546 5579 in
2576 5526 2828 5582 Domino.

2058 5613 2140 5668 Ne
2170 5611 2491 5669 donationes
2519 5613 2656 5670 locis
2695 5615 2987 5687 religiosis
3038 5635 3072 5674 a
3128 5618 3376 5677 ﬁdelibus
3425 5620 3584 5679 facta:
