3938 6396
416 301 552 356 1123

1642 298 1926 355 ORDINlS
1964 296 2410 355 CARTHUSIAN
2413 299 2434 352 Ι
2447 339 2460 352 .

3571 298 3720 357 1126

413 423 591 494 aliqua
631 421 1038 495 malignantium
1098 420 1496 478 machinatione
1537 422 1750 494 possint
1799 423 1855 477 in
1882 422 2008 478 irri-
2030 425 2084 484 Α
2111 423 2356 478 Toresbi.
2406 424 2486 479 Ex
2513 422 2658 480 dono
2688 422 2869 478 Ivonis
2923 423 2994 478 de
3037 421 3230 478 .Strubi
3259 429 3313 478 et
3367 423 3586 480 Henrici
3615 423 3722 478 ﬁlii

415 519 528 566 tum
558 511 818 576 revocari,
852 510 1024 565 solers
1055 509 1405 582 antiquorum
1435 511 1576 566 cavit
1595 510 1884 580 prudentia
1905 527 2000 565 eas

415 599 710 671 episcopali
796 599 1110 654 auctoritate
1167 597 1521 665 confirmari;
1556 599 1682 653 inde
1722 607 1805 654 est
1859 599 2005 670 quod

412 705 514 744 nos
539 703 727 743 eorum
758 694 1048 758 sequentes
1089 687 1343 759 vestigia,
1408 695 1461 743 et
1509 687 1694 742 domui
1723 688 1791 741 de
1823 686 2008 742 Gene-

411 776 522 831 feld
539 783 699 847 atque
729 774 1053 830 monialibus
1086 775 1140 829 in
1177 790 1244 830 ea
1272 776 1389 830 Deo
1445 774 1804 830 servientibus
1833 790 2006 846 quan-

411 864 590 920 tumin
613 863 769 918 nobis
790 871 872 918 est
892 863 1180 934 providere
1210 864 1480 928 videntes,
1510 879 1572 919 ea
1604 880 1725 934 qua:
1755 863 1887 934 ipsis
1917 863 2006 933 pie

413 953 605 1008 collata
637 960 762 1006 sunt
792 951 1106 1006 auctoritate
1137 967 1241 1022 qua
1284 951 1562 1024 fungimur
1591 951 1843 1005 duximus
1873 950 2006 1020 ipsis

407 1041 749 1106 conﬁrmare,
783 1047 835 1094 et
865 1055 927 1096 ea
955 1039 1193 1111 propriis
1223 1039 1502 1096 vocabulis
1533 1046 1788 1094 annotata
1807 1038 2007 1108 scripto

408 1129 714 1184 authentico
763 1128 1100 1199 imprimere,
1132 1128 1403 1194 videlicet,
1439 1144 1504 1183 ex
1562 1128 1707 1183 dono
1765 1125 2008 1182 Eudonis

405 1218 474 1274 de
514 1216 782 1272 Grenesbi
815 1225 867 1271 et
899 1215 1109 1272 Radulﬁ
1141 1215 1237 1270 filii
1267 1217 1386 1286 cjus
1413 1217 1763 1271 fundatorum
1794 1213 2006 1285 praefati

405 1305 531 1373 loci,
583 1305 873 1362 ecclesiam
931 1305 1000 1360 de
1046 1304 1148 1360 Abi
1185 1320 1308 1360 cum
1358 1304 1612 1360 omnibus
1665 1302 2007 1374 pertinentiis

405 1395 537 1460 suis,
571 1402 624 1449 et
653 1394 920 1450 culturam
951 1394 1022 1449 de
1051 1393 1256 1448 Boland
1283 1400 1336 1448 et
1365 1394 1434 1447 de
1466 1391 1917 1462 Wargarthweit,
1952 1397 2007 1445 et

405 1483 472 1538 de
503 1481 828 1548 Catecrooft,
861 1497 984 1538 cum
1014 1481 1226 1536 cultura
1242 1481 1393 1549 juxta
1434 1481 1660 1536 boscum
1691 1479 1760 1535 de
1791 1478 2006 1534 Swine-

402 1572 514 1637 wit,
549 1580 600 1626 et
631 1578 840 1642 pratum
873 1570 1016 1643 quod
1040 1569 1272 1640 pertinet
1319 1569 1388 1625 de
1439 1567 1735 1624 Catecrot‘t.
1796 1567 2006 1621 Sexde-

404 1660 510 1716 cim
539 1675 697 1716 acras
742 1657 884 1729 prati
941 1658 999 1712 in
1033 1657 1241 1728 campis
1293 1657 1362 1712 de
1418 1656 1540 1722 Abi,
1566 1663 1620 1711 et
1676 1656 1902 1710 boscum
1939 1653 2007 1708 de

2107 513 2224 579 ejus
2251 511 2615 582 quadraginta
2659 511 2796 566 duas
2851 526 3012 566 acras
3071 519 3231 565 terrae
3270 510 3325 563 in
3347 511 3622 566 Crareker
3657 519 3720 566 et

2106 599 2411 670 Croxhage.
2445 601 2525 654 Ex
2554 599 2698 654 dono
2751 599 3035 655 Willielmi
3064 599 3133 653 de
3162 599 3435 670 Wdetorp
3467 607 3520 654 et
3549 599 3718 654 Alani

2107 684 2202 740 ﬁlii
2233 687 2350 755 ejus
2384 687 2663 751 Motteker,
2699 695 2750 742 et
2792 703 2957 741 unam
2987 687 3245 741 bovatam
3290 694 3452 741 terra;
3482 686 3537 740 in
3571 687 3713 740 Far-

2108 773 2226 829 ford
2257 789 2378 830 cum
2417 775 2552 829 tofto
2606 789 2740 830 uno.
2793 776 2873 830 Ex
2917 775 3062 830 dono
3109 773 3395 830 Willielmi
3423 775 3491 829 de
3520 774 3715 829 Welle

2109 870 2163 917 et
2191 863 2411 918 Roberti
2445 862 2539 918 ﬁlii
2576 863 2692 931 ejus
2720 878 2816 918 sex
2845 878 3006 918 acras
3045 871 3208 918 terra:
3248 863 3300 917 in
3331 862 3603 918 territorio
3637 861 3716 917 de

2107 951 2305 1006 Wiern
2334 951 2387 1004 in
2417 951 2540 1006 loco
2574 951 2666 1022 qui
2687 959 2910 1006 vocatur
2938 951 3214 1007 Harlham.
3249 953 3332 1007 Ex
3367 953 3512 1007 dono
3541 952 3717 1006 Here-

2109 1038 2248 1094 berti
2277 1039 2345 1094 de
2374 1039 2550 1104 Alebi,
2585 1047 2638 1094 et
2659 1039 2892 1094 Walteri
2923 1047 2977 1094 et
3006 1039 3293 1095 Willielmi
3322 1039 3555 1094 ﬁliorum
3586 1039 3713 1108 ejus

2109 1126 2371 1198 quidquid
2400 1126 2503 1198 ipsi
2525 1127 2829 1182 habuerunt
2849 1127 2905 1182 in
2953 1128 3372 1200 Wlurikehage,
3405 1135 3458 1184 et
3485 1128 3715 1182 Preste-

2108 1215 2270 1286 hage,
2292 1222 2345 1270 et
2365 1215 2628 1287 quidquid
2649 1215 2753 1286 ipsi
2773 1216 3082 1271 habuerunt
3101 1216 3244 1271 inter
3265 1215 3710 1286 Bolandewange

2109 1311 2162 1359 et
2190 1303 2643 1369 Derwennehille,
2675 1311 2728 1359 et
2756 1303 2898 1359 inter
2935 1304 3207 1359 abbatiam
3247 1313 3301 1360 et
3345 1303 3609 1360 fossatum
3637 1302 3716 1358 de

2109 1392 2512 1446 Crakethweith
2556 1407 2656 1462 per
2683 1399 2859 1448 metas
2915 1392 3209 1463 dispositas
3267 1408 3297 1446 a
3343 1390 3716 1448 Crakethweit

2110 1496 2284 1552 usque
2315 1480 2612 1546 Trentesic,
2647 1495 2771 1536 cum
2801 1481 3078 1536 communi
3124 1488 3342 1551 pastura
3370 1481 3440 1536 de
3469 1479 3591 1536 Abi.
3625 1479 3714 1533 Ex

2109 1568 2252 1623 dono
2280 1568 2509 1623 Gunteri
2528 1568 2598 1623 de
2628 1568 2783 1623 Alebi
2806 1569 3068 1640 quidquid
3105 1569 3222 1640 ipse
3252 1568 3438 1623 habuit
3466 1568 3521 1622 in
3548 1567 3719 1622 Wlu-

2109 1657 2386 1727 rikehage,
2418 1664 2471 1711 et
2501 1656 2763 1728 quidquid
2796 1657 2984 1711 habuit
3016 1658 3158 1712 inter
3185 1657 3456 1713 culturam
3484 1657 3552 1711 de
3573 1657 3707 1710 Pre-

402 1747 704 1804 Aitterlund
725 1755 779 1802 et
806 1745 1021 1801 Tiedolf
1046 1745 1364 1813 Barnewde,
1384 1752 1438 1800 et
1467 1744 1734 1799 decimam
1785 1741 2001 1797 molen-
2035 1771 2086 1830 B
2111 1746 2327 1816 sthage,
2364 1752 2417 1798 et
2454 1751 2656 1799 terram
2711 1744 2940 1800 Gilberti
2971 1744 3041 1800 de
3072 1745 3387 1816 Campania.
3436 1745 3518 1798 Ex
3562 1744 3714 1799 dono

405 1836 660 1890 dinorum
689 1835 759 1890 de
799 1835 934 1900 Abi,
966 1841 1021 1889 et
1068 1841 1239 1889 totum
1305 1833 1533 1888 boscum
1603 1832 1670 1886 de
1720 1831 2005 1901 Croxhage

407 1923 554 1996 quod
581 1924 932 1980 Normannus
961 1921 1168 1976 habuit.
1194 1922 1274 1976 Ex
1305 1920 1449 1975 dono
1470 1919 1742 1976 Roscelini
1763 1919 1832 1973 de
1869 1917 2007 1989 Rig-

407 2012 568 2084 gesbi
596 2020 648 2067 et
677 2011 890 2066 Jodlani
921 2009 1016 2064 ﬁlii
1047 2010 1162 2078 ejus
1205 2009 1462 2081 quicquid
1495 2009 1598 2078 ipsi
1628 2007 1933 2062 habuerunt
1954 2007 2007 2059 in

409 2100 826 2170 Wlurikehage.
858 2101 936 2153 Ex
969 2098 1114 2152 dono
1146 2097 1373 2152 Gilberti
1403 2097 1472 2150 de
1497 2095 1758 2167 Riggesbi
1791 2103 1844 2149 et
1864 2096 2006 2148 Her-

410 2188 552 2244 berti
599 2187 692 2243 filii
718 2188 832 2256 ejus
863 2185 1125 2258 quidquid
1159 2185 1263 2256 ipsi
1310 2185 1618 2240 habuerunt
1645 2183 1698 2237 in
1722 2182 2004 2236 Wlurike-

409 2278 553 2348 hage
581 2283 633 2331 et
660 2276 1011 2346 Prestehage,
1045 2282 1099 2329 et
1141 2281 1347 2328 sartum
1371 2273 1520 2342 justa
1568 2271 1923 2342 Prestehage,
1955 2277 2008 2324 et

410 2373 644 2438 quatuor
691 2379 846 2420 acras
906 2371 1064 2428 terra:
1094 2363 1149 2416 in
1181 2361 1630 2433 Heregerethage
1689 2375 1812 2414 cum
1861 2357 2008 2413 omni

409 2461 633 2526 pastura
662 2452 731 2508 de
789 2450 1072 2524 Riggesbi.
1125 2451 1205 2504 Ex
1255 2450 1400 2505 dono
1450 2447 1678 2503 Ainfridi
1735 2447 1804 2501 de
1853 2447 2011 2520 Hage

412 2540 804 2614 quinquaginta
833 2540 1070 2612 quinque
1100 2553 1253 2594 acras
1282 2537 1351 2593 de
1381 2545 1534 2592 terra
1566 2535 1728 2601 culta,
1763 2543 1814 2589 et
1844 2535 2008 2607 quin-

413 2647 517 2702 que
549 2645 703 2685 acras
733 2628 876 2699 prati
906 2628 959 2682 in
1001 2626 1273 2683 communi
1329 2633 1549 2696 pastura
1597 2625 1666 2679 de
1722 2624 1894 2694 Hage.
1929 2624 2009 2677 Ex

411 2719 555 2775 dono
585 2716 742 2773 Alani
761 2716 829 2771 de
861 2715 1043 2770 Munbi
1073 2725 1125 2771 et
1162 2713 1407 2770 Eudonis
1457 2711 1552 2766 ﬁlii
1581 2713 1700 2781 ejus
1749 2711 2009 2782 quidquid

411 2807 512 2878 ipsi
569 2807 878 2861 habuerunt
948 2805 1003 2858 in
1076 2803 1491 2874 Wlurikehage,
1527 2809 1580 2855 et
1609 2799 1896 2856 ecclesiam
1941 2799 2010 2854 de

413 2895 784 2952 Combrewrth
823 2901 1081 2966 quantum
1130 2892 1200 2946 ad
1249 2891 1398 2961 ipsos
1445 2889 1769 2961 pertinebat,
1803 2886 2011 2943 scilicet

409 2993 521 3039 tres
558 2991 742 3054 partes
781 2982 1026 3050 ejusdem
1086 2979 1354 3035 ecclesiae.
1387 2979 1454 3033 Et
1510 2975 1858 3032 Snoutecroft
1887 2991 2009 3031 cum

413 3071 686 3129 communi
744 3077 968 3140 pastura
997 3069 1066 3124 de
1098 3069 1287 3123 Sutton
1338 3074 1391 3121 et
1447 3082 1614 3120 unum
1645 3063 1835 3120 toftum
1864 3063 2010 3136 quod

2111 1834 2274 1888 Picoti
2304 1833 2373 1888 de
2403 1833 2618 1887 Houton
2655 1840 2707 1888 et
2739 1832 2996 1888 Richardi
3023 1831 3118 1887 filii
3149 1834 3266 1902 ejus
3295 1849 3456 1888 unam
3479 1831 3708 1886 salinam

2106 1921 2162 1976 in
2209 1921 2444 1977 marisco
2487 1921 2555 1976 de
2583 1921 2857 1985 Newton;
2890 1929 2945 1976 et
3000 1921 3240 1993 quinque
3294 1936 3453 1977 acras
3481 1921 3618 1992 prati
3651 1920 3716 1975 in

2106 2010 2392 2065 Twaﬂates
2423 2017 2476 2063 et
2505 2009 2561 2063 in
2603 2008 2942 2080 Westinges.
2977 2012 3056 2064 Ex
3117 2011 3264 2066 dono
3320 2011 3540 2065 Thomas
3568 2009 3712 2063 Bur-

2106 2097 2304 2170 gefurn
2334 2097 2470 2152 duas
2501 2112 2664 2153 acras
2713 2106 2869 2153 terrae
2897 2097 2951 2152 in
3007 2098 3278 2153 territorio
3317 2098 3386 2153 de
3436 2099 3609 2170 Hage,
3651 2105 3708 2152 et

2109 2193 2274 2242 totam
2304 2194 2503 2240 terram
2535 2201 2692 2240 suam
2721 2185 2777 2240 in
2804 2186 3052 2242 Northon
3072 2202 3194 2257 quae
3216 2187 3360 2255 jacet
3401 2185 3543 2240 inter
3561 2185 3712 2240 viam

2108 2282 2159 2329 et
2189 2274 2459 2330 culturam
2519 2289 2690 2328 suam.
2733 2274 2816 2329 Ex
2853 2274 2998 2329 dono
3055 2274 3285 2330 Gilberti
3337 2273 3564 2328 Testard
3594 2281 3712 2327 tres

2107 2363 2396 2433 perticatas
2428 2370 2586 2417 terrae
2615 2362 2670 2416 in
2701 2362 2974 2418 territorio
3001 2363 3070 2417 de
3105 2363 3226 2417 Abi.
3259 2363 3341 2417 Ex
3379 2362 3524 2417 dono
3558 2360 3713 2416 Wil-

2107 2450 2275 2506 lielmi
2304 2450 2609 2522 Burgefurn
2639 2465 2805 2505 unam
2829 2465 3013 2506 acram
3048 2459 3208 2506 terrae
3254 2451 3310 2505 in
3338 2450 3610 2506 territorio
3639 2449 3715 2505 de

2110 2539 2311 2606 Swabi,
2339 2539 2394 2592 in
2413 2539 2624 2594 cultura
2655 2555 2777 2610 quae
2806 2547 3031 2594 vocatur
3076 2539 3705 2609 Brerthebuskewange.

2110 2629 2237 2682 Haac
2263 2627 2444 2682 omnia
2473 2627 2608 2682 sicut
2640 2627 2718 2682 eis
2746 2627 2891 2696 juste
2919 2628 3109 2682 collata
3147 2637 3271 2683 sunt
3294 2637 3348 2682 et
3377 2626 3715 2683 rationabili-

2109 2725 2210 2782 ter,
2253 2716 2509 2786 praasenti
2554 2716 2753 2785 scripto
2783 2723 2837 2769 et
2875 2715 3042 2786 sigilli
3098 2717 3207 2772 mei
3237 2715 3540 2787 patrocinio
3568 2729 3713 2770 con-

2109 2803 2292 2859 ﬁrmo.
2329 2804 2506 2858 Salvis
2535 2804 2938 2874 episcopalibus
2969 2804 3456 2860 consuetudinibus
3485 2812 3537 2858 et
3577 2803 3713 2858 Lin-

2109 2893 2404 2949 coluiensis
2434 2892 2693 2948 Ecclesiae
2722 2892 3009 2963 dignitate,
3041 2893 3126 2948 his
3158 2893 3403 2958 testibus,
3438 2892 3709 2948 Haimone

2109 2980 2316 3038 decano
2359 2980 2755 3037 Lincolniensis
2785 2980 3072 3046 Ecclesiae,
3102 2982 3370 3052 magistro
3398 2982 3615 3052 Rogero
3636 2981 3709 3036 de

2112 3070 2376 3126 Rovelton
2388 3069 2772 3125 archidiacono
2789 3069 2856 3125 de
2877 3070 3186 3136 Leicestria,
3209 3071 3466 3142 Magistro
3479 3069 3714 3125 Ricardo

412 3160 512 3216 fuit
560 3123 841 3215 Gunebien
900 3165 952 3212 et
999 3163 1278 3228 pasturam
1319 3155 1385 3209 ad
1442 3161 1718 3210 trecentas
1777 3123 1910 3207 ον’θέ
1955 3123 2081 3205 inc
2110 3157 2179 3214 de
2207 3157 2627 3226 Swaiewecliva,
2691 3156 2941 3213 Galt'rido
2986 3158 3057 3214 de
3115 3123 3450 3223 Lachedale,
3479 3123 3717 3214 Roberto

413 3255 643 3320 pastura
679 3246 820 3302 ultra
850 3246 1094 3300 Habedic
1124 3244 1192 3299 de
1221 3241 1426 3298 Munbi.
1460 3243 1541 3296 Ex
1560 3243 1704 3297 dono
1725 3239 2012 3294 Willielmi
2116 3247 2186 3302 de
2216 3245 2457 3316 Capella,
2477 3245 2774 3302 Eustachio
2799 3246 2868 3302 de
2896 3246 3108 3302 Wilton
3136 3255 3190 3303 ει
3219 3246 3342 3302 aliis
3361 3246 3562 3302 multis,

413 3334 509 3392 ﬁlii
537 3335 725 3392 Otveri
757 3333 980 3408 triginta
1021 3342 1129 3389 tres
1180 3347 1340 3388 acras
1368 3332 1424 3386 in
1451 3330 1661 3402 campis
1709 3329 1779 3385 de
1831 3328 1934 3384 Abi
1964 3333 2018 3383 et

419 3511 3710 3537 Μ

718 3675 1264 3827 STATUTA
1350 3672 1890 3848 ANTIQUA
1981 3669 2470 3819 illiillle
2562 3669 3413 3818 CARTHUSIANI.

1250 3935 1432 4004 (Dom.
1465 3934 1796 3998 MARILLON.,
1841 3933 2055 3988 Annal.
2090 3931 2294 3988 Bcned.
2329 3929 2420 3998 Vl,
2461 3933 2600 4000 App.
2643 3945 2698 4000 p.
2738 3931 2888 3994 685.)

1716 4293 2414 4406 MONITUM.

494 4575 747 4632 Vixerant
777 4572 1008 4646 primum
1029 4571 1129 4646 sub
1161 4567 1549 4646 episcoporum
1571 4563 1954 4646 jurisdictione
1984 4561 2206 4646 Maioris
2236 4558 2530 4646 Carthusiaz
2557 4557 2832 4646 monachi,
2845 4553 3259 4646 lin_suisucel‘li_s
3599 4552 3712 4646 Aeris,

417 4657 472 4707 et
499 4628 1212 4720 proutrlwibebatiemendati‘.
1245 4628 1367 4720 Sed‘
1381 4655 1505 4720 cum
1536 4628 1591 4692 in
1620 4637 1739 4720 illis.
1760 4635 1939 4704 magis
1969 4628 2110 4720 quid.
2129 4631 2477 4720 mirarentur,
2505 4628 2871 4720 quamnquod

2921 4626 3303 4697 corrigerent,_
3312 4623 3714 4697 deprehendis-

419 4692 1464 4790 Qéxﬁ,idolii;23'533‘j5riéaibtidaeig.
1493 4692 1885 4790 sanctissimos?
1924 4692 2181 4784 eremitas
2217 4692 2499 4790 exuerunt,
2523 4692 2762 4790 'earnqLué
2887 4692 3715 4790 manus-capituli.geaneli'alis‘et

418 4763 1377 4862 Bi'i‘é'riéréziéfhﬁéi;aéﬁééﬁiﬁhi,
1397 4782 1560 4862 plena
1589 4778 1668 4859 eis
1701 4776 1881 4858 quoad
1928 4773 2217 4862 regiminis
2265 4763 2884 4862 disciplinamtlibertalt‘e
2914 4763 3196 4862 concessa:
3216 4763 3713 4862 .Hancndudu'ul‘li-

421 4841 741 4917 Bé'riatéxﬁ'é
760 4841 966 4913 tabent
1004 4841 1095 4910 alii
1124 4841 1370 4923 ejusdem
1400 4841 1628 4905 instituti
1659 4841 1891 4919 priores,
1934 4841 2235 4901 scribentes
2267 4841 2556 4898 Anthelmo
2577 4841 2794 4921 Majoris
2821 4841 3118 4918 Carthusiae
3146 4841 3424 4916 priori,_ac
3454 4841 3716 4888 instanter

422 4939 672 4982 netentes
710 4877 781 4982 ag
811 4944 877 4982 eo
907 4928 959 4981 in
1006 4924 1250 4982 generali
1292 4921 1547 4982 capitulo,
1602 4920 1672 4974 ad
1727 4917 1873 4982 quod
1903 4914 2128 4982 prartixo
2157 4922 2403 4982 tempore
2433 4920 2808 4977 convenirent,
2839 4910 3143 4982 emendari.
3169 4909 3321 4961 Pium
3348 4905 3564 4982 illorum
3583 4921 3716 4982 pro-

422 4920 959 5003 petentes_ab_eo_in
991 4920 1250 5003 generali
1292 4921 1547 5003 capitulo,
1602 4920 1672 4974 ad

420 4993 657 5073 positum
687 4999 940 5073 laudavit_
973 4993 1310 5073 Anthelmus,
1333 4993 1691 5073 consultoque

1764 4905 2128 4986 uod'prartixo
2157 4922 2403 4986 tempore
2433 4905 2808 4986 convenirent,
2839 4905 3321 4986 emendari.’Pium
3348 4905 3564 4986 illorum
3583 4921 3716 4986 pro-

1773 4975 1951 5057 ugone
1980 4987 2044 5050 ll,
2098 4975 2602 5057 Gratianopolitano
2623 4975 2901 5057 episcopo,
2934 4980 3024 5057 qui
3053 4978 3227 5057 fuerat
3256 4977 3553 5031 monachus
3583 4975 3716 5030 Car-

424 5048 1534 5137 iﬁﬁéiaiiihéj'r'és'di-iﬁéiiBi‘jure’hocin
1591 5048 2221 5137 negotiovprccederent,
2281 5063 2334 5109 et
2363 5048 2746 5137 episcOporum
2801 5048 2866 5137 in
2905 5048 3135 5137 singulis
3182 5048 3717 5137 domorum‘suarum

423 5117 786 5208 HiEééEiBhé,’
805 5117 1429 5208 iiii'r’Jéiilué'ax’xixiiqm'
1453 5133 1521 5208 in
1541 5117 1899 5208 conventibus
1937 5126 2048 5208 suis
2082 5117 2414 5208 consensum
2437 5117 2779 5208 expeterent.
2823 5121 2946 5202 Quo
2973 5117 3133 5208 facile
3163 5117 3718 5208 obtento,:l:ortarum

421 5188 1704 5283 "solior-duerxcubiarum,
1731 5201 1966 5283 Lazarus
2006 5196 2298 5278 Durbonis,
2333 5188 2637 5283 Stephanus
2667 5188 2941 5273 Majorevi,
2964 5193 3203 5283 Joannes
3251 5188 3718 5283 Alv'erif‘conve-

423 5257 1424 5350 ﬁé}'dnt'£ci"1iia§5£ém"caiiﬁigia’ﬁif
1441 5281 1492 5329 et
1524 5289 1646 5328 cum
1677 5257 1985 5350 Anthelmo,
2021 5268 2172 5324 mirae
2203 5257 2501 5350 sanctitatis
2532 5257 2936 5350 virompi'imum’
2965 5259 3260 5333 capitulum
3290 5257 3550 5331 generale
3578 5257 3718 5314 cele-

425 5335 950 5422 biiiéraatghdj'us'
967 5359 1083 5408 acta
1113 5357 1166 5406 et
1195 5335 1400 5404 statuta
1427 5353 1476 5401 et
1508 5342 1870 5416 quorumdam
1917 5339 2145 5396 aliorum
2177 5337 2533 5410 capitulorum
2565 5335 2904 5390 exhibemus.
