3938 6408
202 367 340 421 1125

1501 359 1817 418 STATUTA
1870 357 2206 429 ANTIQUA.

3363 361 3501 415 1126

201 482 3487 508 W

994 799 1175 854 ACTA
1214 797 1404 853 PRIMI
1442 793 1775 885 CAPITULI'
1802 791 2092 847 0RDINIS
2129 790 2703 848 CARTHUSIENSIS.

1436 920 1540 988 (Ex
1568 933 1672 973 ms.
1711 916 1835 973 cod.
1870 915 2065 973 Montis
2097 914 2256 987 Dei.)

274 1098 541 1154 Omnibus
580 1107 779 1154 sancta:
819 1107 872 1154 et
918 1098 1197 1155 catholicae
1241 1096 1506 1152 Ecclesiae
1545 1093 1874 1156 fidelibusA
1966 1092 2216 1161 Primum
2247 1093 2428 1165 itaque
2457 1092 2814 1164 capitulorum
2850 1094 2993 1148 hanc
3028 1093 3188 1149 habet
3216 1093 3503 1150 continen-

202 1188 566 1259 praesentibus
598 1195 650 1242 et
679 1187 871 1242 futuris
900 1196 1085 1242 notum
1119 1186 1184 1240 sit
1223 1186 1370 1258 quod
1403 1184 1805 1240 Carthusiensis

200 1276 462 1348 propositi
493 1276 724 1347 priores,
778 1278 1056 1331 Portamm
1106 1274 1357 1331 videlicet
1383 1273 1709 1342 Bernardus,
1752 1280 1805 1328 et

203 1363 488 1419 Soffordus
514 1364 877 1419 Excubiarum
903 1364 1070 1435 prior,
1106 1362 1379 1417 Durbonis
1409 1377 1624 1433 quoque
1654 1360 1807 1432 prior

206 1451 531 1522 Stephanus,
566 1460 729 1523 atque
745 1452 980 1507 Alveriae
1000 1451 1150 1522 prior
1176 1452 1436 1515 Joannes,
1468 1450 1561 1504 diu
1589 1465 1689 1520 pro
1720 1456 1805 1503 te—

198 1555 336 1595 nore
365 1540 546 1594 stabili
577 1549 629 1594 et
658 1540 913 1595 firmitate
942 1539 1147 1610 praefati
1173 1538 1437 1610 propositi
1466 1554 1498 1592 a
1529 1536 1805 1607 prioribus

201 1635 255 1683 et
283 1627 540 1683 fratribus
569 1628 867 1684 Carthusim
895 1628 1179 1699 petierunt,
1214 1636 1481 1698 quatenus
1529 1626 1582 1679 in
1614 1625 1805 1679 eadem

199 1715 363 1771 domo
394 1716 695 1772 Carthusiaa
724 1733 1012 1772 commune
1045 1715 1339 1786 capitulum
1381 1714 1461 1769 eis
1490 1714 1680 1769 liceret
1700 1713 1804 1767 ha-

204 1803 351 1870 bere,
403 1804 624 1859 obtentu
689 1805 1045 1860 correctionis
1097 1812 1150 1858 et
1207 1801 1601 1858 emendationis
1645 1801 1806 1855 totius

202 1892 489 1963 propositi.
523 1893 637 1948 Hac
666 1892 831 1963 igitur
860 1908 1087 1963 precum
1124 1892 1397 1957 instantia,
1431 1899 1484 1946 et
1515 1890 1672 1962 quasi
1700 1889 1805 1943 im-

202 1980 531 2050 portunitate
562 1981 796 2046 assidua,
830 1981 980 2051 prior
1008 1981 1305 2035 Carthusiae
1334 1979 1653 2034 Anthelmus
1682 1994 1806 2034 cum

203 2066 459 2122 fratribus
489 2068 602 2123 suis
630 2068 860 2124 consilio
888 2069 1075 2124 domui
1102 2069 1350 2141 Hugonis
1381 2069 1445 2134 ll,
1479 2066 1806 2123 venerabilis

203 2154 723 2227 GratianOpolitanae
752 2156 1002 2213 ecclesiae
1032 2156 1295 2227 episcopi,
1336 2156 1553 2211 tandem
1581 2170 1809 2211 consen-

209 2251 416 2312 serunt,
462 2245 564 2300 hac
606 2253 789 2300 tamen
844 2245 1176 2312 conditione,
1221 2253 1279 2300 ut
1324 2244 1524 2316 singuli
1561 2244 1805 2315 priorum

203 2333 447 2403 acceptis
467 2333 538 2387 ab
553 2333 980 2404 archiepiscOpis
1001 2341 1055 2389 et
1070 2333 1345 2404 episcopis
1370 2333 1503 2401 suis,
1530 2340 1583 2388 et
1598 2348 1629 2386 a
1650 2348 1806 2387 com-

200 2420 356 2474 muni
403 2420 639 2491 capitulo
694 2420 921 2476 fratrum
969 2437 1191 2477 suorum
1237 2422 1451 2488 litteris,
1502 2420 1555 2475 iu
1604 2421 1803 2493 quibus
1831 2446 1884 2505 B

198 2510 446 2579 generali
476 2509 714 2579 capitulo
743 2510 983 2564 omnium
1012 2526 1133 2581 quae
1180 2509 1503 2581 corrigenda
1531 2517 1584 2564 et
1610 2525 1804 2564 emen—

199 2597 384 2651 danda
411 2606 592 2653 essent
617 2598 671 2651 in
702 2598 822 2669 ipso
852 2598 1130 2668 proposito
1172 2606 1407 2669 potestas
1451 2598 1670 2653 daretur
1706 2614 1807 2669 per

201 2699 398 2740 omnes
444 2685 657 2755 domos,
727 2686 1038 2741 annotando
1084 2686 1231 2741 diem
1275 2702 1385 2757 quo
1434 2686 1805 2742 “nvenirent.

200 2776 443 2843 Accepto
473 2774 636 2846 igitur
668 2790 789 2830 cum
839 2774 1135 2846 gratiarum
1182 2774 1393 2830 actione
1443 2783 1556 2829 tam
1584 2774 1806 2830 deside-

201 2861 359 2916 rabili
389 2878 681 2928 consensu,
715 2872 767 2917 et
794 2862 990 2918 litteris
1020 2862 1338 2935 impetratis,
1390 2862 1479 2918 die
1526 2863 1617 2934 qui
1665 2879 1809 2934 prae-

204 2957 425 3006 notatus
454 2949 647 3018 fuerat,
679 2959 1047 3007 convenerunt
1082 2967 1093 3006 :
1137 2960 1190 3007 et
1218 2952 1475 3024 quoniam
1520 2952 1590 3007 ab
1620 2951 1806 3007 archi-

202 3039 479 3110 episcopis
511 3047 564 3094 et
592 3039 865 3111 episcopis
894 3048 948 3095 et
977 3040 1047 3095 ab
1067 3040 1202 3111 ipsis
1222 3041 1470 3111 capitulis
1497 3040 1809 3096 consimiles

204 3127 349 3182 datae
379 3136 503 3181 sunt
532 3127 748 3197 litterae,
784 3127 985 3199 placuit
1012 3144 1148 3184 unas
1170 3129 1549 3200 episcoporum
1594 3136 1647 3183 et
1673 3144 1809 3183 unas

206 3215 570 3286 capitulorum
601 3216 902 3272 inscribere
932 3216 1142 3272 litteras
1168 3217 1223 3271 in
1253 3217 1395 3273 hunc
1430 3216 1652 3273 modum
1686 3232 1698 3271 :

280 3326 304 3351 ιι
341 3304 503 3360 Falco
564 3304 944 3377 Lugdunensis
1007 3304 1271 3361 Ecclesia:
1326 3305 1571 3362 minister
1612 3306 1810 3362 dilecto

201 3391 363 3447 fratri
390 3393 679 3449 Anthelmo
710 3393 1005 3449 Carthusiae
1034 3394 1223 3464 priori,
1263 3395 1579 3467 cunctisque
1607 3394 1809 3466 priori-

201 3481 310 3535 bus
337 3482 438 3536 sub
469 3481 841 3540 Carthusiensi
865 3482 1058 3537 ordine
1089 3484 1206 3538 Deo
1226 3482 1604 3550 militantibus,
1636 3491 1691 3539 et
1719 3484 1811 3555 qui

192 3584 325 3626 cum
354 3585 420 3625 eo
450 3578 575 3625 sunt
605 3569 865 3625 fratribus
886 3572 1220 3642 paupertatis
1232 3572 1516 3642 praemium
1536 3588 1570 3627 a
1589 3573 1810 3628 domino

200 3659 470 3715 obtinere.
504 3660 737 3714 Domum
764 3660 1045 3716 Portarum
1074 3668 1129 3716 et
1157 3660 1377 3717 domum
1423 3661 1681 3730 Majorevi
1709 3678 1810 3718 ve-

198 3755 337 3803 strae
364 3748 649 3820 religionis
680 3748 903 3804 aemulas
932 3765 1030 3820 pro
1060 3757 1187 3805 voto
1217 3757 1270 3807 et
1311 3749 1567 3821 petitione
1615 3766 1715 3806 sua
1742 3752 1811 3806 ad

200 3844 456 3892 tenorem
486 3844 537 3891 et
569 3835 1032 3893 confirmationem
1052 3826 1261 3894 ordinis
1281 3838 1468 3906 vestri,
1495 3838 1633 3895 sicut
1661 3856 1810 3895 com-

198 3925 359 3981 muni
407 3925 637 3981 consilio
694 3925 913 3998 capituli
955 3927 1234 3983 decretum
1282 3926 1461 3996 fuerit,
1513 3928 1810 4001 episcOpali

195 4014 523 4070 auctoritate
574 4016 924 4071 concedimus
967 4022 1022 4073 et
1060 4016 1329 4072 tradimus
1380 4016 1435 4072 in
1481 4024 1808 4089 perpetuum

197 4102 586 4174 corrigendas.
623 4125 644 4154 ι

280 4212 304 4243 ‹
341 4191 593 4246 Patribus
623 4200 676 4247 et
705 4191 939 4247 dominis
974 4192 1443 4249 reverendissimis
1474 4201 1528 4249 et
1555 4193 1655 4249 Dei
1677 4210 1806 4265 gra-

196 4280 276 4335 tia
306 4278 605 4336 Carthusize
629 4280 797 4351 priori
828 4288 881 4337 et
901 4281 994 4352 qui
1024 4280 1125 4336 sub
1154 4280 1271 4351 ejus
1300 4282 1565 4355 regimine
1595 4282 1806 4339 Christo

193 4368 434 4424 militant
462 4367 743 4434 fratribus,
774 4369 1059 4425 Portarum
1088 4369 1288 4425 fratres
1333 4370 1575 4427 universi
1615 4386 1806 4442 pacem

198 4466 254 4514 et
286 4455 514 4512 salutem
547 4465 801 4513 aeternam
829 4473 863 4512 a
892 4458 1142 4514 Domino.
1170 4458 1330 4528 Quod
1360 4459 1579 4516 tandem
1608 4476 1804 4517 assen-

196 4561 327 4601 sum
359 4544 690 4615 pra'buistis,
725 4553 782 4600 ut
810 4546 880 4600 ad
909 4546 1131 4602 domum
1162 4554 1420 4615 vestram,
1471 4565 1592 4620 quae
1636 4550 1806 4605 nostri

196 4633 473 4706 propositi
504 4642 678 4688 mater
705 4642 805 4699 est,
838 4642 1038 4690 nostrae
1068 4643 1121 4690 et
1161 4644 1478 4692 caeterarum
1521 4638 1804 4693 domorum

193 4722 417 4794 priores
454 4730 758 4792 opportuno
803 4722 943 4779 sicut
1014 4732 1270 4780 statutum
1332 4724 1511 4792 fuerit,
1556 4734 1804 4798 tempore

194 4806 553 4872 conveniant,
582 4814 637 4860 ut
666 4807 735 4861 de
766 4807 848 4861 his
880 4823 1001 4879 quae
1049 4809 1312 4864 unitatem
1341 4825 1405 4865 ac
1454 4810 1804 4867 stabilitatem

196 4896 323 4952 sive
354 4894 656 4949 firmitatem
688 4895 896 4950 ordinis
925 4896 1095 4950 nostri
1140 4897 1358 4952 valeant
1387 4898 1803 4970 diligentissime

195 4992 455 5050 tractare,
490 4999 599 5039 non
638 4984 813 5039 solum
863 4985 1213 5040 concedimus
1258 4994 1313 5041 et
1357 4986 1659 5055 laudamus,
1705 4989 1803 5045 sed

196 5074 368 5131 etiam
401 5088 522 5128 cum
562 5073 855 5144 gratiarum
885 5074 1096 5129 actione
1126 5090 1487 5145 suscepimus.
1538 5077 1599 5131 In
1627 5078 1803 5133 omni-

1905 1181 2058 1248 tiam,
2089 1190 2146 1237 ut
2176 1182 2417 1237 divinum
2441 1182 2707 1239 Ecclesiae
2736 1181 2973 1239 oﬂicium
3004 1199 3229 1253 prorsus
3258 1199 3358 1256 per
3387 1199 3501 1240 om-

1906 1286 2004 1325 nes
2033 1270 2225 1326 domos
2255 1286 2363 1325 uno
2394 1271 2500 1325 ritu
2530 1270 2852 1339 celebretur,
2885 1280 2934 1326 et
2974 1286 3167 1327 omnes
3213 1280 3509 1328 consuetu-

1905 1358 2061 1433 dines
2082 1358 2498 1414 Carthusienses
2519 1359 2733 1426 domus,
2758 1376 2879 1432 quae
2899 1360 2966 1415 ad
2988 1360 3163 1432 ipsam
3185 1360 3509 1433 religionem

1905 1447 2197 1518 pertinent,
2230 1448 2487 1503 unimode
2517 1447 2835 1503 habeantur.

1977 1534 2287 1590 Secundum
2319 1543 2498 1591 autem
2528 1537 2819 1607 capitulum
2838 1536 2906 1591 de
2936 1536 3203 1604 prioribus
3232 1538 3510 1594 decretum

1906 1630 2008 1688 est,
2042 1631 2097 1677 ut
2130 1623 2176 1677 si
2206 1623 2328 1693 quis
2357 1624 2620 1694 priorum,
2652 1625 2799 1696 quod
2841 1624 3016 1680 absitl
3052 1633 3244 1681 contra
3291 1627 3512 1700 religio-

1905 1726 2030 1766 nem
2061 1718 2113 1766 et
2142 1712 2475 1782 propositum
2511 1713 2703 1784 egerit,
2739 1712 2927 1779 semel,
2962 1713 3045 1768 bis
3076 1722 3128 1769 et
3158 1723 3241 1769 ter
3269 1732 3299 1770 a
3332 1715 3513 1771 fratri-

1905 1798 2004 1853 bus
2032 1798 2285 1869 privatim
2316 1807 2369 1854 et
2395 1800 2450 1853 in
2481 1800 2718 1871 capitulo
2749 1816 2849 1856 suo
2881 1801 3210 1868 admonitus,
3245 1802 3291 1857 si
3321 1803 3509 1859 iucor-

1906 1894 2087 1942 rectus
2150 1889 2533 1957 permanserit,
2585 1889 2732 1959 prior
2779 1889 3082 1945 Carthusiae
3124 1906 3190 1945 ex
3238 1892 3513 1947 communi

1905 1975 2139 2031 concilio
2169 1976 2447 2046 generalis
2476 1976 2715 2047 capituli,
2750 1986 2842 2031 aut
2873 1994 3017 2046 eum,
3052 1977 3099 2033 si
3146 1977 3267 2034 fieri
3312 1987 3511 2051 potest,

1906 2063 2201 2137 corrigere,
2271 2072 2363 2119 aut
2416 2080 2515 2136 pro
2564 2065 2920 2138 iucorrigibili
2966 2066 3133 2122 alium
3185 2068 3513 2125 substituere

1906 2152 2107 2207 habeat
2135 2160 2479 2222 potestatem.
2521 2154 2637 2209 Hoc
2684 2152 2829 2209 idem
2877 2154 2946 2209 de
2984 2154 3166 2226 priore
3213 2156 3514 2214 Carthusiae

1907 2246 1961 2295 et
2004 2240 2385 2296 emendatione
2431 2241 2604 2312 ipsius
2662 2241 2858 2297 domus
2925 2251 3182 2299 statutum
3231 2253 3334 2302 est.
3390 2247 3513 2319 Ipse

1905 2343 2036 2384 vero
2067 2328 2407 2399 supradictus
2436 2329 2821 2402 incorrigibilis
2863 2330 3165 2403 depositus,
3197 2342 3388 2405 postea
3417 2335 3505 2391 vel

1906 2415 1961 2471 in
1991 2415 2184 2471 eadem
2215 2416 2400 2487 domo,
2434 2417 2480 2472 si
2523 2425 2706 2473 tamen
2752 2433 2874 2474 cum
2922 2436 3058 2491 pace
3103 2421 3297 2477 domus
3342 2423 3512 2495 ipsius

1908 2503 2027 2560 fieri
2056 2505 2248 2576 possit,
2282 2514 2619 2577 permaneat,
2652 2506 2739 2561 vel
2767 2506 2834 2562 ad
2854 2507 3014 2563 aliam
3050 2509 3221 2581 ipsius
3248 2512 3513 2583 propositi

1909 2592 2152 2660 domum,
2185 2592 2240 2647 in
2272 2608 2379 2665 qua
2402 2594 2588 2663 jussus
2635 2593 2814 2665 fuerit,
2845 2596 3077 2653 transire
3120 2614 3230 2654 non
3276 2599 3511 2658 diﬂ'erat.

1910 2680 2063 2737 Prior
2092 2688 2274 2737 autem
2308 2681 2399 2753 qui
2431 2682 2843 2739 substituendus
2890 2685 2945 2739 in
2988 2685 3077 2741 illa
3117 2687 3280 2744 domo
3328 2688 3509 2761 fuerit,

1910 2769 2206 2825 secundum
2273 2771 2623 2842 praescriptas
2701 2772 3063 2829 institutiones
3129 2776 3197 2832 de
3258 2776 3514 2835 fratribus

1910 2858 2156 2926 ejusdem
2184 2858 2401 2924 domus,
2433 2859 2480 2913 si
2509 2866 2695 2915 tamen
2721 2861 3114 2919 rationabiliter
3164 2863 3279 2922 fieri
3320 2867 3512 2939 possit,

1910 2954 2236 3001 assumetur.
2272 2946 2368 3001 Sin
2397 2955 2599 3015 autem,
2637 2948 2788 3017 juxta
2833 2951 3327 3010 considerationem
3357 2970 3511 3012 com-

1908 3035 2088 3089 munis
2119 3034 2340 3105 capituli
2368 3035 2437 3090 de
2466 3035 2650 3107 aliqua
2695 3037 2924 3094 aliarum
2954 3040 3255 3111 domorum,
3290 3054 3514 3117 excepta

1911 3123 2286 3179 Carthusiensi
2313 3123 2498 3189 domo,
2529 3125 2679 3195 prior
2717 3126 2979 3184 desolatis
3035 3129 3291 3187 fratribus
3334 3133 3509 3189 detur.

1910 3211 1972 3266 Id
2001 3227 2217 3284 quoque
2248 3212 2316 3267 de
2347 3212 2610 3268 electione
2639 3214 2840 3284 prioris
2868 3224 2993 3288 post
3056 3218 3264 3276 obitum
3296 3221 3380 3276 sui
3409 3237 3513 3278 an-

1909 3300 2198 3357 tecessoris
2229 3299 2349 3356 fieri
2377 3300 2654 3358 decretum
2684 3310 2788 3358 est.

1982 3388 2226 3445 Tertium
2273 3406 2489 3462 quoque
2537 3390 2823 3462 capitulum
2873 3394 3133 3464 continet,
3183 3404 3241 3452 ut
3269 3398 3315 3453 si
3360 3400 3510 3472 prior

1912 3476 1998 3533 vel
2028 3477 2221 3533 fratres
2246 3478 2533 3547 cujuslibet
2561 3479 2756 3534 domus
2786 3480 2945 3550 hujus
2980 3484 3261 3555 prapositi,
3293 3488 3513 3559 propria

1911 3564 2190 3622 voluntate
2238 3582 2335 3622 sua
2383 3567 2606 3622 domum
2654 3568 2828 3640 ipsam
2872 3570 2941 3625 ad
2979 3571 3200 3628 alterius
3247 3577 3513 3647 propositi

1912 3653 2259 3727 religionem,
2285 3656 2433 3728 quod
2454 3655 2596 3711 absit
2623 3654 2634 3710 l
2661 3656 3255 3731 transferrevolueriut,
3274 3663 3355 3719 eis
3376 3665 3514 3722 sicut

1908 3742 2033 3811 jure
2061 3752 2329 3816 perpetuo
2351 3744 2477 3801 huic
2495 3746 2778 3818 proposito
2798 3747 3181 3806 confmderatis
3207 3751 3515 3810 nullatenus

1910 3831 2088 3888 liceat.

1982 3919 2249 3989 Quartum
2278 3921 2507 3993 proinde
2538 3923 2831 3996 capitulum
2862 3933 2942 3982 est
2972 3934 3251 3998 statutum,
3281 3938 3338 3987 ut
3368 3932 3517 3991 nulla

1909 4008 2104 4066 domus
2134 4026 2274 4066 nova
2304 4011 2464 4080 hujus
2493 4013 2781 4084 propositi,
2814 4014 2933 4071 sine
2953 4031 3180 4073 assensu
3211 4018 3514 4079 communis

1909 4097 2127 4169 capituli
2201 4106 2528 4168 exstruatur,
2604 4108 2657 4157 et
2713 4101 3079 4162 institutiones
3137 4107 3255 4164 dari
3288 4125 3321 4165 a
3365 4111 3514 4168 nullo

1905 4186 2151 4259 priorum
2180 4195 2570 4257 prasumatur.

1979 4275 2041 4330 In
2071 4274 2257 4346 quinto
2287 4284 2465 4332 autem
2497 4276 2736 4348 capitulo
2777 4280 3103 4352 continetur,
3156 4287 3301 4357 quod
3332 4288 3377 4344 si
3406 4289 3511 4348 do-

1906 4362 2020 4418 mui
2050 4363 2367 4434 Carthusim,
2417 4381 2538 4437 quae
2587 4365 2817 4421 aliarum
2858 4378 3035 4426 mater
3080 4381 3163 4428 est
3210 4383 3262 4431 et
3305 4379 3505 4447 nutrix,

1905 4452 2024 4508 haec
2049 4452 2345 4508 necessitas
2374 4452 2661 4525 ingruerit,
2696 4462 2754 4509 ut
2782 4455 2850 4511 de
2878 4457 2981 4513 alia
3027 4460 3203 4534 aliqua
3251 4480 3411 4537 quam
3443 4466 3514 4525 de

1907 4563 2001 4601 sua
2031 4547 2194 4603 domo
2237 4547 2340 4603 sibi
2386 4548 2628 4619 priorem
2675 4550 2925 4621 asciscat,
2973 4557 3270 4626 quamlibet
3314 4577 3509 4632 perso-

1905 4651 2053 4707 nam,
2085 4636 2326 4708 exceptis
2356 4636 2639 4693 domorum
2670 4640 2960 4710 prioribus,
3011 4643 3079 4701 de
3126 4646 3289 4704 domo
3332 4652 3510 4723 quali-

1905 4724 1997 4781 bet
2023 4726 2181 4794 hujus
2207 4726 2473 4797 propositi
2501 4727 2604 4782 sibi
2631 4737 2891 4785 assumat.

1978 4814 2202 4870 Sextum
2244 4815 2443 4871 deinde
2511 4816 2807 4887 capitulum
2853 4819 3077 4890 hujusce
3123 4824 3509 4884 continentiam

1904 4902 2088 4972 habet,
2122 4910 2180 4957 ut
2205 4902 2251 4956 si
2282 4903 2443 4958 alicui
2472 4903 2759 4960 domorum
2782 4906 2894 4975 jam
2926 4925 3071 4980 saepe
3090 4910 3219 4968 dicti
3249 4916 3511 4987 propositi

1905 5005 2073 5047 causa
2101 4990 2468 5047 intercesserit
2497 4992 2565 5047 de
2612 5010 2716 5064 qua
2766 4995 2836 5050 ad
2877 5012 3119 5067 prasens
3148 5008 3377 5060 tractare
3407 5021 3509 5061 ne-

1905 5079 2210 5136 cessarium
2236 5079 2324 5147 sit,
2357 5080 2509 5151 prior
2539 5081 2840 5139 Carthusim
2890 5087 3067 5142 statim
3116 5089 3187 5145 ad
3234 5092 3510 5162 praafatam

194 5163 307 5218 bus
330 5161 495 5231 igitur
523 5178 643 5232 quae
671 5162 741 5215 ad
771 5168 1015 5216 tenorem
1047 5162 1250 5217 ordinis
1296 5164 1469 5218 nostri
1517 5173 1570 5219 et
1597 5166 1800 5221 confir-
1822 5151 1875 5211 D
1910 5183 2133 5223 causam
2163 5168 2517 5236 tractandam,
2550 5177 2628 5225 tot
2654 5170 2721 5227 ad
2772 5188 2831 5227 se
2874 5186 3138 5233 convocet
3181 5151 3417 5251 priores,
3466 5185 3512 5240 si

196 5250 502 5308 mationem
532 5249 823 5320 pertinent,
857 5250 996 5305 sicut
1043 5251 1364 5305 universalis
1412 5253 1629 5323 capituli
1660 5270 1807 5310 com-

192 5338 355 5396 muni
386 5337 611 5395 consilio
640 5338 916 5393 decretum
948 5337 1128 5404 fuerit,
1180 5339 1528 5395 concedimus
1559 5350 1613 5397 et
1642 5344 1808 5397 tradi-

193 5445 327 5484 mus
362 5426 518 5481 vobis
547 5434 598 5481 et
628 5427 1040 5481 successoribus
1068 5429 1264 5482 vestris
1303 5429 1525 5483 domum
1568 5440 1807 5486 nostram

191 5518 249 5572 in
284 5524 614 5587 perpetuum
643 5515 1077 5570 conservandam
1108 5523 1268 5586 atque
1298 5516 1703 5588 corrigendam.
1733 5544 1755 5569 ι»

270 5604 449 5672 Hujus
479 5602 661 5674 itaque
687 5603 1011 5659 universalis
1038 5603 1258 5674 capituli
1303 5604 1522 5660 decreta
1564 5622 1663 5677 per
1691 5607 1806 5662 sin-

192 5692 369 5768 gulas
397 5691 761 5764 capitulorum
789 5691 1165 5750 distinctiones
1185 5690 1381 5762 placuit
1412 5693 1678 5751 adnotari.

1911 5271 2007 5327 per
2035 5273 2094 5311 se
2123 5256 2307 5312 facere
2334 5273 2447 5312 non
2471 5258 2688 5329 poterit,
2723 5269 2856 5331 quot
2884 5262 2955 5318 ad
2979 5279 3101 5320 eam
3147 5267 3510 5327 definiendam

1909 5344 2012 5399 sibi
2043 5344 2371 5400 sufficientes
2398 5362 2520 5402 esse
2549 5347 2858 5405 videantur.
2881 5352 3084 5408 Horum
3106 5364 3285 5413 autem
3317 5359 3510 5418 deﬁni—

1908 5432 1983 5488 tio
2012 5434 2153 5487 haud
2187 5448 2344 5489 secus
2393 5450 2553 5505 quam
2604 5436 2931 5494 universalis
2975 5442 3193 5512 capituli
3241 5454 3358 5503 rata
3407 5450 3511 5506 ha-

1910 5519 2122 5576 beatur.

1980 5608 2279 5681 Septimum
2310 5609 2532 5666 demum
2571 5611 2867 5684 capitulum
2911 5616 2981 5674 de
3023 5617 3108 5675 his
3154 5622 3407 5693 habetur,
3457 5634 3515 5683 ut

1907 5710 2085 5769 neque
2112 5696 2285 5769 priori
2312 5697 2613 5759 Carthusiw
2631 5741 2646 5770 ,
2695 5716 2875 5775 neque
2922 5708 3132 5766 caeteris
3179 5710 3513 5783 quibuslibet
