3938 6460
470 403 604 460 112³7

1688 407 1908 463 0RDIN
1914 408 1975 464 IS
2026 408 2493 469 CARTHUSIANI
2505 456 2518 468 .

3628 426 3755 481 1128

465 529 736 601 prioribus
765 527 848 581 his
878 527 1130 617 omnibus
1161 543 1282 598 quae
1311 529 1396 617 vel
1426 528 1495 582 ad
1533 529 1773 585 divinum
1805 531 2058 600 ofﬁcium,
2082 535 2137 594 A
2165 535 2435 604 diderunt,
2468 550 2519 593 et
2549 539 2708 608 hujus
2741 548 2946 597 sanctae
2983 542 3306 600 obedientia:
3347 547 3544 617 jugum
3574 561 3753 612 suave,

465 618 550 674 vel
579 617 648 672 ad
676 624 901 670 caeteras
930 615 1195 685 quaslibet
1239 615 1397 685 hujus
1444 617 1722 689 religionis
1766 619 2060 675 institutio-

462 723 559 762 nes
586 705 878 776 pertinent,
913 704 1029 758 sine
1060 705 1333 758 communi
1355 705 1582 760 consilio
1611 708 1882 779 generalis
1913 708 2059 779 capi-

459 795 554 850 tuli
583 794 805 848 demere
836 791 1061 863 aliquid,
1096 792 1182 847 vel
1197 792 1396 848 addere
1416 793 1618 850 licitum
1643 795 1729 849 sit.
1761 797 2058 854 Commune

2162 632 2214 678 et
2259 640 2398 679 onus
2444 627 2563 682 leve
2612 627 3017 700 infatigabiliter
3083 639 3245 702 atque
3290 632 3661 690 indeﬁcienter
3701 651 3754 690 se

2160 711 2301 767 ferre
2331 713 2564 784 professi
2583 725 2707 770 sunt
2723 717 2806 771 his
2838 719 3020 773 verbis
3053 737 3066 773 :
3098 722 3208 790 Ego
3228 723 3417 790 frater
3441 721 3752 795 Stephanus

2156 802 2314 872 prior
2346 804 2605 874 Majoreui
2619 808 2890 877 promitto
2903 807 3278 864 obedientiam
3297 811 3585 866 communi
3605 813 3753 884 capi-

459 891 658 949 autem,
693 882 808 936 sive
836 880 1139 935 universale
1181 881 1472 952 capitulum
1514 898 1775 938 vocamus
1820 900 1917 940 eos
1965 886 2060 956 qui
2160 891 2304 946 tuto.

455 970 733 1027 convocati
763 977 1148 1025 convenerunt.
1199 970 1266 1025 Ut
1295 969 1461 1041 igitur
1510 971 1625 1026 hac
1672 971 1855 1026 omnia
1897 972 2056 1028 insti-

455 1068 586 1126 tuta,
607 1076 732 1130 quae
752 1058 822 1112 ad
843 1065 1044 1113 sanctae
1056 1057 1216 1126 hujus
1237 1057 1521 1131 religionis
1541 1059 1867 1126 firmitatem,
1892 1069 2056 1136 atque

453 1147 855 1205 indeficientem
905 1145 1245 1202 stabilitatem
1287 1146 1581 1217 pertinent,
1613 1163 1646 1203 a
1676 1150 1877 1204 sanctis
1925 1150 2053 1205 viris

448 1236 649 1293 utiliter
677 1235 895 1291 inventa
935 1241 990 1290 et
1036 1234 1396 1290 saluberrime
1441 1237 1797 1307 considerata,
1847 1252 2049 1308 perpe-

447 1334 593 1382 tuam
621 1325 861 1380 habeant
888 1323 1375 1394 perseverantiam,
1410 1325 1588 1379 cuncti
1635 1325 1847 1395 priores
1875 1324 2049 1380 humi-

447 1413 611 1469 litatis
639 1411 873 1484 vestigia
902 1419 1194 1478 sectantes,
1226 1426 1350 1468 sese
1379 1411 1504 1467 huic
1527 1420 1727 1467 sanctae
1747 1412 2050 1484 disciplinae

445 1511 497 1560 et
526 1499 902 1574 perseveranti
929 1499 1253 1557 correctioni
1273 1515 1395 1556 cum
1425 1500 1572 1556 omni
1603 1500 1891 1557 devOtione
1914 1500 2047 1556 sub-

2227 997 2430 1052 Aderat
2481 1006 2662 1054 autem
2728 1016 2992 1070 praesens,
3043 1002 3190 1073 quod
3235 1005 3748 1074 pmtermittendum

2155 1100 2262 1140 non
2293 1086 2639 1154 arbitramur,
2676 1089 3000 1145 venerabilis
3040 1091 3155 1158 jam
3200 1092 3488 1162 praedictus
3534 1094 3746 1165 episco-

2152 1189 2274 1244 pus,
2308 1175 2551 1243 ejusdem
2583 1177 2987 1232 Carthusiensis
3034 1178 3227 1234 domus
3272 1189 3429 1251 pater
3467 1189 3521 1237 et
3553 1198 3744 1238 mona-

2151 1263 2307 1328 chus,
2342 1264 2498 1332 cujus
2527 1281 2767 1331 manum,
2803 1266 2860 1320 in
2888 1283 2993 1338 qua
3022 1281 3212 1324 omnes
3241 1270 3341 1323 has
3371 1270 3742 1341 praescriptio-

2150 1366 2249 1406 nes
2272 1353 2504 1418 tenebat,
2531 1352 2685 1409 ﬂexis
2701 1354 2934 1426 genibus
2948 1355 3270 1424 osculantes,
3285 1357 3424 1414 hanc
3444 1357 3744 1429 professio-

2151 1455 2277 1494 nem
2306 1439 2573 1497 fecerunt.

2059 1733 2125 1803 II

1363 1883 1531 1938 ITEM
1575 1880 1918 1938 CAPITULA
1963 1880 2305 1937 ALTERIUS
2351 1880 2796 1940 CONVENTUS.

1856 1979 1962 2049 (Ex
1991 1977 2186 2032 eodem
2216 1981 2349 2050 ms.)

507 2114 558 2165 l.
619 2105 924 2180 Capitulum
981 2105 1216 2177 primum
1263 2069 1519 2169 continet,
1567 2103 1710 2175 quod
1760 2101 2042 2173 passiones
2069 2102 2276 2175 Bquia
2303 2105 2528 2176 peccavi
2559 2105 2683 2170 tibi,
2722 2105 3022 2178 eademque
3063 2114 3339 2178 repetatur
3367 2115 3490 2178 post
3521 2109 3726 2165 Gloria.

435 2198 673 2266 Domini,
704 2197 842 2252 sicut
872 2202 924 2252 et
951 2201 1150 2250 cmtera
1180 2191 1486 2265 evangelia,
1522 2197 1828 2246 cantentur.

500 2291 555 2346 2.
589 2285 900 2343 Secundum
925 2281 1216 2354 capitulum
1245 2282 1408 2337 habet
1439 2278 1602 2352 quod,
1656 2279 1871 2351 quando
1923 2280 2035 2334 Na-

430 2377 611 2433 tivitas
641 2373 857 2430 Domini
889 2378 1079 2444 quarta
1125 2369 1258 2426 feria
1305 2369 1566 2435 evenerit,
1621 2367 1868 2439 sequenti
1914 2368 2030 2423 Do-

431 2465 629 2521 minica
661 2461 1066 2535 responsorium
1091 2458 1229 2515 sicut
1265 2457 1320 2512 in
1350 2457 1437 2513 die
1465 2457 1770 2512 Nativitatis
1816 2456 2032 2512 Domini

428 2562 693 2612 cantetur.
726 2552 786 2606 In
816 2549 1006 2619 missa,
1057 2551 1207 2605 Puer
1243 2552 1418 2602 natus
1461 2551 1544 2602 est
1585 2547 1762 2602 nobis.
1815 2545 2023 2612 Oratio,

429 2643 696 2707 Concede,
729 2655 1067 2713 quaesumus,
1101 2639 1458 2707 omnipotens
1491 2638 1655 2701 Deus,
1683 2639 1747 2690 ut
1764 2651 1865 2690 nos
1895 2636 2025 2692 Uni-

424 2734 624 2807 geniti.
639 2729 904 2803 Epistola,
921 2728 1196 2800 Apparuit
1210 2725 1549 2796 benignitas.
1563 2723 1942 2794 Evangelium,
1959 2724 2022 2778 In

417 2822 717 2895 principio,
751 2826 878 2884 etc.,
912 2817 1051 2872 sicut
1080 2815 1135 2869 in
1166 2813 1488 2869 Dominicali
1517 2812 1850 2867 Nativitatis.

487 2915 539 2967 3.
573 2908 813 2965 Tertium
844 2905 1139 2977 capitulum
1171 2911 1274 2966 est,
1316 2902 1458 2974 quod
1491 2902 1547 2956 in
1595 2917 1661 2956 ea
1709 2900 2014 2967 Dominica,

415 3003 471 3056 in
500 3015 608 3073 qua
637 3006 720 3054 est
762 2994 1104 3068 evangelium
1143 2995 1280 3049 Erat
1310 2992 1539 3062 Ioseph,
1574 2998 1824 3046 cantetur
1871 2989 2016 3045 anti-

414 3091 599 3162 phona
628 3089 766 3143 Erat
792 3084 991 3156 Ioseph
1011 3081 1066 3136 in
1097 3080 1335 3136 Sabbato
1367 3079 1434 3133 ad
1463 3079 1754 3149 VeSperas,
1787 3078 2016 3134 eadem-

416 3193 521 3250 que
550 3181 822 3247 repetatur
852 3172 922 3228 ad
973 3171 1328 3226 Benedictus.
1380 3167 1639 3239 Idemque
1685 3167 1912 3240 contigit
1960 3168 2016 3222 in

413 3264 698 3322 Dominica
727 3269 846 3334 post
873 3259 1285 3322 Ascensionem,
1318 3264 1376 3312 ut
1422 3256 1676 3313 videlicet
1721 3256 2014 3326 antiphona

409 3355 480 3410 de
509 3351 815 3424 evangelio,
850 3358 902 3406 et
931 3348 1000 3404 ad
1017 3349 1290 3420 Vesperas
1312 3345 1366 3400 in
1388 3345 1644 3415 Sabbato,
1665 3352 1719 3400 et
1739 3344 1806 3400 ad
1833 3347 2011 3401 Bene-

411 3443 615 3512 dictus,
639 3447 904 3498 cantetur.

480 3533 530 3588 4.
566 3531 829 3601 Quartum
859 3526 1152 3599 capitulum
1185 3532 1285 3590 est,
1337 3523 1482 3596 quod
1527 3530 1677 3578 sexta
1723 3521 2007 3578 Dominica

404 3628 528 3692 post
573 3617 970 3690 Epiphaniam,
1037 3630 1159 3686 qua:
1207 3612 1468 3684 praecedit
1516 3610 2004 3684 Septuagesimam,

403 3716 649 3765 cantetur
677 3705 1044 3778 evangelium,
1080 3700 1389 3771 Conﬁtebor
1419 3701 1538 3764 tibi,
1581 3699 1814 3755 Domine
1837 3703 2008 3772 pater

402 3798 528 3854 σιεζὶ
549 3800 605 3852 et
625 3799 812 3861 terrae,
865 3801 918 3848 et
960 3790 1284 3861 Antiphonaa
1339 3805 1404 3843 ex
1451 3787 1645 3843 eodem
1694 3787 2000 3860 evangelio,

405 3885 815 3954 Totlitejugum
834 3897 1024 3938 meum
1043 3895 1213 3951 super
1230 3893 1319 3934 vos
1331 3877 1399 3932 ad
1419 3877 1774 3943 Benedictus,
1794 3879 1998 3950 Iugum

399 3974 552 4030 enim
581 3987 769 4027 meum
796 3970 863 4025 ad
894 3968 1240 4040 Magni/ient.

467 4065 519 4117 5.
554 4060 812 4130 Quintum
842 4056 1135 4129 capitulum
1165 4063 1264 4120 est,
1299 4055 1443 4128 quod
1475 4053 1723 4127 repetitio
1755 4071 1991 4126 respon-

395 4150 546 4217 sorii,
577 4150 687 4222 Ego
718 4147 861 4216 dixi,
893 4147 1148 4212 Domine,
1181 4145 1270 4212 sit,
1303 4145 1456 4200 Sana
1492 4144 1748 4200 animam
1779 4160 1986 4210 meam,

2213 2195 2264 2245 6.
2298 2192 2515 2247 Sextum
2563 2193 2857 2264 capitulum
2901 2202 3004 2262 est,
3035 2203 3091 2249 ut
3137 2195 3230 2249 illa
3277 2212 3398 2266 quae
3446 2197 3730 2251 emendata

2135 2287 2260 2334 sunt
2288 2280 2344 2334 in
2373 2282 2654 2351 psalterio,
2688 2283 3045 2339 emendentur
3083 2283 3137 2338 in
3167 2284 3540 2355 rcsponsorio,
3573 2284 3726 2339 verbi

2131 2369 2304 2439 gratia
2338 2385 2351 2424 :
2383 2370 2443 2425 Si
2469 2373 2586 2426 mei
2604 2387 2720 2426 non
2740 2374 2966 2442 fuerint
2993 2371 3291 2440 deminuti,
3323 2373 3444 2444 Ipse
3471 2373 3727 2428 liberavit

2129 2473 2237 2525 me,
2271 2465 2322 2512 et
2351 2459 2625 2515 Exaltabo
2646 2476 2816 2516 mane
2837 2461 3309 2529 misericordiam,
3335 2469 3388 2516 et
3406 2462 3470 2517 in
3489 2477 3726 2532 genera-

2131 2549 2284 2603 tione
2305 2551 2360 2602 et
2389 2550 2834 2619 generationem.

2196 2637 2248 2689 7.
2284 2636 2581 2705 Septimum
2611 2637 2901 2708 capitulum
2929 2646 3030 2708 est,
3078 2646 3137 2693 ut
3163 2645 3283 2710 post
3338 2639 3545 2707 Venite,
3586 2653 3721 2694 can-

2123 2731 2264 2778 tetur
2294 2727 2522 2780 Eterne
2545 2741 2736 2781 rerum
2763 2727 3044 2783 Conditor.
3079 2727 3162 2782 Ad
3192 2727 3420 2793 Laudes,
3451 2727 3724 2798 Splendor

2119 2817 2378 2884 paterna:
2405 2814 2614 2884 gloriae.
2651 2813 2733 2869 Ad
2752 2815 3044 2886 Vesperas,
3076 2817 3223 2872 Deus
3241 2815 3485 2881 Creator,
3510 2822 3612 2870 etc.
3634 2815 3720 2870 Ad

2120 2901 2565 2972 Completorium,
2593 2901 2831 2970 Christe,
2853 2905 2950 2976 qui
2973 2905 3075 2961 tua:
3107 2920 3183 2960 es.

2190 2994 2240 3044 8.
2276 2990 2540 3047 Octavum
2572 2992 2866 3062 capitulum
2899 3000 2998 3059 est,
3048 3000 3104 3047 ut
3147 2993 3216 3047 ab
3263 2993 3469 3049 octavis
3517 2995 3715 3049 Pente-

2115 3086 2313 3144 costes,
2348 3096 2522 3151 usque
2552 3079 2623 3134 ad
2652 3080 2956 3136 Adventum
2990 3081 3204 3136 Domini
3235 3082 3483 3136 omnibus
3512 3081 3716 3137 feriali-

2115 3168 2216 3222 bus
2255 3167 2467 3236 diebus,
2518 3169 2759 3239 exceptis
2799 3168 2972 3237 festis,
3024 3169 3392 3226 Dominicales
3438 3170 3714 3227 orationes

2112 3256 2361 3312 dicantur
2381 3256 2447 3310 ad
2477 3258 2747 3327 Vesperas
2773 3265 2825 3312 et
2855 3258 2925 3312 ad
2954 3258 3186 3313 Laudes.

2182 3349 2234 3399 9.
2266 3346 2483 3400 Nonum
2513 3345 2809 3416 capitulum
2847 3354 2948 3414 est,
2979 3355 3037 3402 ut
3079 3347 3135 3402 in
3179 3346 3524 3418 responsorio
3550 3347 3712 3402 unius

2032 3457 2078 3518 ο
2109 3433 2362 3505 martyris
2390 3433 2445 3488 in
2475 3433 2634 3488 tertio
2664 3441 2929 3490 nocturno
2976 3435 3189 3492 dicatur
3241 3434 3557 3502 versiculus,
3593 3436 3710 3492 Laer-

2111 3523 2324 3579 tabitur
2341 3523 2539 3593 justus
2566 3525 2630 3578 in
2660 3524 2914 3581 Domino.

2180 3614 2266 3666 10.
2317 3611 2596 3667 Decimum
2644 3612 2938 3682 capitulum
2989 3620 3090 3681 est,
3141 3619 3201 3667 ut
3245 3612 3301 3667 in
3347 3611 3483 3668 festo
3527 3612 3707 3669 sancti

2105 3699 2354 3766 Andreae,
2417 3701 2462 3756 si
2516 3700 2570 3755 in
2627 3701 2876 3757 Adventu
2923 3701 3219 3772 contingat,
3283 3702 3452 3756 semel
3497 3707 3703 3756 tantum

2105 3789 2442 3856 comedatur,
2513 3789 2610 3845 sed
2661 3789 3012 3845 nihilominus
3078 3791 3148 3845 ad
3209 3789 3552 3846 collationem
3598 3805 3703 3846 ve-

2103 3878 2294 3934 niatur.

2167 3969 2253 4021 11.
2287 3965 2552 4022 Statutum
2583 3975 2666 4022 est
2695 3966 2858 4022 etiam
2889 3973 2944 4022 ut
2990 3982 3090 4038 pro
3136 3968 3315 4023 charis
3342 3967 3398 4023 in
3429 3976 3704 4025 conventu

2093 4054 2299 4126 aliquid
2331 4053 2536 4124 facere,
2568 4055 2624 4110 in
2669 4056 3010 4112 ordinatione
3048 4056 3247 4128 prioris
3284 4064 3337 4112 et
3366 4056 3448 4112 sui
3477 4058 3700 4129 capituli

2090 4142 2314 4200 arbitrio
2341 4143 2620 4200 consistat.

1987 4379 2087 4449 III

1690 4527 1899 4582 ALIA
1958 4523 2345 4581 STATUTA
2372 4564 2383 4577 .

1801 4642 1906 4711 (Ex
1935 4639 2132 4696 eodem
2160 4638 2294 4710 ms.)

455 4784 507 4836 1.
539 4777 803 4835 Statutum
826 4773 880 4831 in
902 4765 1272 4830 Carthusiensi
1293 4762 1546 4839 capitulo,
1579 4771 1634 4821 ut
1663 4762 1720 4819 in
1750 4763 1986 4820 claustro
2009 4771 2062 4831 1)
2091 4760 2401 4832 contigerit,
2430 4759 2486 4815 in
2511 4758 2722 4816 cunctis
2741 4758 2915 4815 nostri
2935 4758 3143 4814 ordinis
3158 4759 3430 4829 domibus,
3461 4768 3694 4831 excepto

379 4877 502 4941 post
529 4883 728 4924 nonam
761 4862 1060 4920 secundum
1089 4858 1372 4916 arbitrium
1391 4856 1588 4928 prioris
1606 4869 1706 4926 pro
1729 4867 1982 4908 sermone

382 4957 538 5014 solito
568 4954 729 5011 lectio
759 4951 1047 5006 habeatur.

448 5049 503 5100 2.
528 5042 735 5098 Deinde
753 5040 1033 5094 decretum
1052 5044 1150 5102 est,
1186 5043 1242 5090 ut
1263 5032 1535 5106 quomodo
1556 5031 1624 5086 de
1653 5029 1983 5101 equitatione

379 5133 602 5187 fratrum
633 5136 953 5185 cmterarum
982 5125 1272 5180 domorum
1304 5129 1560 5177 statutum
1593 5118 1780 5185 fuerat,
1823 5118 1900 5173 sic
1930 5127 1983 5173 et

375 5221 431 5275 in
470 5215 838 5274 Carthusiensi
879 5222 1144 5280 servetur,
1182 5212 1256 5267 ita
1300 5213 1560 5264 duntaxat
1608 5216 1682 5271 ut,
1734 5221 1856 5260 cum
1903 5206 1972 5260 ad

370 5308 664 5378 capitulum
709 5303 973 5370 venerint,
1038 5301 1124 5358 vel
1165 5317 1265 5372 per
1329 5297 1621 5368 capitulum
1665 5293 1830 5365 aliqui
1875 5309 1972 5364 pro

369 5397 552 5468 aliquo
580 5394 800 5467 negotio
831 5393 982 5448 missi
1013 5390 1230 5453 fuerint,
1266 5387 1427 5442 liceat
1456 5385 1663 5439 eisdem
1695 5382 1968 5451 domibus,

366 5485 511 5541 unde
542 5484 740 5539 fratres
762 5484 1058 5548 mittentur,
1089 5485 1249 5550 prout
1280 5473 1580 5531 necessitas
1601 5471 1968 5543 postulaverit,

365 5575 522 5631 solito
550 5589 706 5630 more
734 5572 956 5629 fratrem
988 5567 1280 5640 equitando
1312 5565 1455 5620 foras
1489 5563 1720 5617 mittere.

433 5667 484 5719 3.
517 5663 652 5720 Item
695 5658 972 5719 communi
1018 5671 1244 5712 assensu
1289 5652 1650 5719 decrevimus,
1701 5656 1971 5721 quatenus

361 5767 462 5824 pro
490 5751 692 5810 domno
722 5751 780 5806 P.
800 5743 1150 5805 Cluniacensi
1168 5743 1380 5814 abbate,
1415 5739 1632 5814 quando
1662 5754 1788 5796 eum
1820 5735 1971 5794 obire

2083 4849 2480 4916 anniversario,
2515 4849 2732 4920 etquod
2766 4848 2822 4902 in
2855 4847 3246 4920 martyrologio
3268 4864 3378 4903 non
3400 4848 3690 4914 scribatur,

2084 4938 2229 4992 idem
2260 4953 2325 4993 ac
2351 4953 2449 5008 per
2476 4936 2706 4992 officium
2754 4935 2844 4990 ﬁat
2875 4936 3021 5008 quod
3050 4952 3150 5007 pro
3197 4937 3378 5006 priore
3427 4935 3509 4991 vel
3557 4951 3692 5006 pro-

2085 5025 2232 5080 fesso
2262 5025 2380 5080 fieri
2410 5025 2709 5080 consuevit.
2744 5026 2861 5079 Prae
2891 5025 3106 5080 caeteris
3127 5041 3255 5080 vero
3286 5025 3448 5078 totius
3477 5024 3690 5078 ordinis

2085 5113 2458 5169 Cluniacensis
2503 5113 2788 5180 defunctis,
2856 5121 3058 5184 praeter
3100 5114 3339 5183 privatas
3387 5113 3683 5183 orationes,

2075 5203 2243 5257 semel
2271 5203 2325 5255 in
2355 5218 2496 5256 anno
2527 5202 2786 5273 generale
2805 5201 3061 5268 ofﬁcium,
3087 5209 3196 5255 tam
3227 5202 3296 5255 de
3325 5201 3490 5255 missa
3520 5215 3685 5271 quam

2073 5291 2142 5344 de
2206 5291 2422 5364 agenda
2462 5291 2518 5344 in
2575 5298 2863 5356 conventu,
2935 5289 3314 5345 celebrabitur.
3365 5292 3409 5343 Α
3453 5287 3688 5361 singulis

2074 5395 2291 5452 quoque
2325 5378 2695 5433 sacerdotibus
2727 5394 2892 5432 unum
2943 5378 3280 5447 psalterium,
3315 5393 3348 5432 a
3376 5377 3528 5432 laicis
3575 5379 3683 5432 300

2073 5467 2371 5523 Dominica
2423 5466 2698 5522 orationes
2743 5466 3148 5536 persolventur.
3198 5466 3312 5521 Hoc
3358 5480 3485 5520 vero
3518 5465 3686 5520 obse-

2075 5557 2261 5628 quium
2293 5555 2525 5627 singulis
2555 5555 2713 5610 annis
2743 5555 2812 5609 ab
2832 5555 2953 5626 ipso
2973 5553 3212 5626 capitulo
3232 5569 3406 5625 usque
3431 5553 3502 5609 ad
3529 5553 3687 5609 Nati-

2073 5646 2292 5702 vitatem
2323 5642 2541 5700 Domini
2571 5643 2778 5714 expleri
2799 5642 3148 5713 injunximus.
3181 5643 3289 5698 Pro
3317 5641 3518 5698 domno
3545 5657 3685 5698 vero

2075 5734 2305 5792 Ainrico
2331 5732 2704 5792 Wintoniensi
2759 5732 3043 5804 episcopo,
3077 5745 3293 5789 necnon
3337 5745 3440 5803 pro
3467 5728 3686 5802 praefati
