3938 6398
252 343 386 396 1129

253 549 486 605 oﬂicium
524 551 577 604 in
607 559 875 606 conventu
907 552 1151 606 similiter
1191 552 1568 606 celebrabitur.

327 640 378 692 4.
413 639 648 694 Rursum
679 640 943 694 sancitum
975 648 1094 705 est,
1137 648 1193 693 ut
1225 641 1266 693 si
1293 641 1506 706 domus,
1539 648 1632 695 aut
1663 639 1856 711 quasli-

252 726 341 780 bet
391 743 621 796 persona
667 728 836 781 nostri
863 727 1067 781 ordinis
1099 743 1130 781 a
1179 728 1422 782 Romana
1463 729 1612 784 curia
1642 744 1743 799 per
1773 744 1852 794 se,

249 815 334 870 vel
364 833 464 885 per
495 816 658 870 alium
691 815 899 870 litteras
930 823 1121 870 contra
1153 816 1393 871 instituta
1424 817 1728 872 communis
1759 831 1854 872 ca-

249 903 402 973 pituli
435 903 807 973 postulaverit,
846 919 878 958 a
901 904 1161 960 societate
1190 904 1428 960 universi
1457 904 1666 960 ordinis
1697 919 1856 976 sepa-

253 1000 433 1057 retur,
487 992 590 1045 uisi
639 1009 738 1062 per
768 992 908 1047 idem
940 1008 1228 1048 commune
1259 993 1558 1064 capitulum
1605 992 1854 1049 reconci-

251 1079 430 1134 lietur.

321 1171 372 1223 5.
412 1171 674 1223 Prmterea
722 1169 1017 1225 stabilitum
1066 1179 1189 1236 est,
1242 1179 1334 1236 ut,
1387 1169 1515 1243 quia
1564 1177 1744 1225 certus
1773 1177 1856 1224 est

245 1273 503 1311 numerus
552 1258 914 1312 habitatorum
961 1258 1208 1314 locorum
1260 1267 1605 1325 nostrorum,
1669 1266 1856 1314 certus

245 1345 404 1400 etiam
436 1345 490 1399 in
520 1346 844 1400 animalibus
873 1354 925 1401 et
949 1348 1301 1404 mercenariis
1332 1348 1627 1402 haberetur
1660 1354 1712 1402 et
1735 1361 1853 1401 mo-

244 1433 368 1489 dus.
402 1436 628 1505 PrOpter
655 1436 960 1490 modestam
993 1437 1156 1508 igitur
1187 1437 1447 1492 unitatem
1476 1436 1679 1507 ubique
1727 1451 1852 1490 ser-

244 1523 502 1589 vandam,
538 1531 790 1578 statutum
823 1533 926 1592 est,
959 1533 1016 1578 ut
1047 1524 1194 1580 nulla
1224 1525 1427 1580 ordinis
1448 1523 1626 1580 nostri
1657 1524 1852 1580 domus

243 1611 385 1666 ultra
414 1615 483 1667 25
515 1612 886 1668 mercenarios
916 1629 1016 1668 nec
1046 1612 1191 1668 ultra
1223 1617 1359 1670 1200
1391 1621 1501 1668 tam
1532 1629 1664 1668 oves
1687 1627 1852 1685 quam

242 1715 472 1770 capras,
523 1700 763 1771 exceptis
821 1701 988 1757 hircis
1013 1745 1026 1768 ,
1084 1718 1186 1758 nec
1233 1701 1368 1756 ultra
1418 1705 1484 1758 12
1516 1717 1679 1757 canes
1703 1743 1716 1767 ,
1750 1717 1851 1757 nec

239 1787 476 1881 ultra-32
509 1788 702 1854 boves,
729 1805 792 1845 ac
819 1793 888 1847 20
919 1789 1137 1857 vitulos,
1169 1805 1271 1847 nec
1303 1789 1447 1845 ultra
1477 1794 1508 1844 6
1537 1789 1848 1863 sagmarios
1868 1821 1920 1881 B

239 1875 466 1930 ulterius
494 1877 704 1932 habeat.

309 1969 360 2018 6.
394 1966 473 2020 De
505 1965 890 2020 submovendis
929 1981 1145 2038 quoque
1176 1981 1240 2022 ac
1270 1966 1663 2021 substituendis
1696 1965 1845 2038 prio-

240 2053 428 2118 ribus,
483 2053 586 2108 hoc
636 2054 793 2108 etiam
819 2053 1182 2123 judicavimus
1213 2071 1336 2111 esse
1369 2055 1697 2110 servandum
1725 2097 1739 2125 ,
1789 2062 1843 2108 ut

236 2141 369 2194 nulli
399 2141 609 2196 ordinis
639 2141 809 2196 nostri
844 2143 1260 2216 congregationi
1288 2142 1559 2199 viventem
1602 2143 1841 2214 priorem

239 2228 402 2284 liceat
431 2229 499 2284 ab
532 2228 708 2284 oﬁicio
739 2245 836 2286 suo
868 2245 1145 2301 amovere,
1169 2231 1274 2285 nisi
1304 2247 1370 2286 ex
1399 2247 1671 2286 consensu
1694 2245 1840 2287 com-

238 2317 418 2371 munis
452 2317 672 2389 capituli
698 2359 712 2387 ,
764 2335 942 2390 neque
990 2319 1094 2390 ipsi
1123 2319 1361 2392 capitulo
1405 2318 1566 2374 liceat
1595 2319 1838 2388 ejusdem

236 2406 690 2478 aggregationis,
745 2406 1002 2462 fratribus
1032 2407 1351 2462 inconsultis
1397 2423 1460 2464 ac
1507 2408 1836 2473 nolentibus,

235 2494 446 2566 absque
477 2495 638 2565 culpa
670 2496 960 2568 condigna,
984 2495 1225 2567 priorem
1247 2496 1381 2552 dare
1411 2496 1499 2552 vel
1528 2496 1758 2552 auferre.
1783 2497 1840 2552 Si

230 2598 367 2639 vero
397 2598 426 2636 a
456 2582 709 2638 fratribus
730 2584 1018 2652 cujuslibet
1036 2583 1230 2640 domus
1260 2600 1396 2657 erga
1412 2585 1651 2655 priorem
1675 2601 1832 2640 suum

227 2686 334 2742 pro
366 2671 480 2726 suis
509 2672 843 2740 excessibus,
871 2672 1097 2744 quaestio
1131 2672 1355 2727 suborta
1377 2671 1555 2737 fuerit,
1579 2672 1833 2743 idemque

228 2758 382 2829 prior
411 2759 481 2814 ab
513 2760 722 2815 eisdem
751 2759 948 2830 saepius
979 2760 1317 2828 admonitus,
1352 2761 1592 2831 seipsum
1641 2776 1832 2815 emen-

228 2846 364 2903 dare
411 2847 681 2915 noluerit,
731 2863 897 2904 causa
934 2848 1056 2920 ipsa
1099 2848 1166 2903 ad
1209 2848 1494 2904 consilium
1525 2849 1834 2904 communis

1557 337 1870 394 STATUTA
1909 336 2239 406 ANTIQUA.

251 462 458 516 abbatis
485 462 911 528 successoribus,
938 470 1062 532 post
1082 462 1287 518 obitum
1311 463 1573 534 ipsorum,
1598 461 1852 533 generale
1879 466 1935 525 Α
1957 461 2174 532 capituli

3416 343 3553 397 1130

2257 461 2570 526 deferatur,
2639 463 2863 534 ejusque
2917 461 3124 530 judicio
3206 461 3547 520 terminetur.

2027 552 2081 605 7.
2115 550 2327 604 Dictum
2374 558 2452 604 est
2503 550 2694 619 etiam,
2718 558 2775 605 ut
2805 550 2950 604 nulla
2981 550 3201 606 omnino
3232 552 3424 607 domus
3453 569 3556 623 pro

1956 654 2072 704 suo,
2108 646 2200 693 aut
2261 639 2440 694 alieno
2481 639 2734 711 negotio,
2770 640 2838 694 ad
2869 655 3162 710 personam
3193 641 3375 695 domni
3406 657 3562 713 papa:

1955 728 2196 783 scribere
2255 735 2579 799 praesumat,
2631 728 2748 784 sine
2779 727 3006 785 consilio
3063 729 3364 784 communis
3400 731 3553 802 capi-

1954 816 2072 870 tuli.

2027 908 2078 958 8.
2116 905 2251 960 Item
2282 911 2540 959 statutum
2570 911 2685 971 est,
2719 912 2777 959 ut
2806 903 2852 959 si
2882 904 3107 976 quilibet
3133 905 3302 976 prior,
3341 904 3428 961 vel
3457 920 3556 976 per

1955 1009 2034 1060 se,
2058 992 2145 1048 vel
2168 1008 2268 1064 per
2291 993 2594 1062 subjectum
2641 1008 2800 1047 suum
2831 993 3070 1048 instituta
3099 993 3318 1064 capituli
3345 992 3552 1049 violare

1952 1080 2382 1152 praasumpserit,
2404 1088 2694 1153 postquam
2726 1081 3097 1154 transgressio
3123 1079 3415 1137 manifesta
3434 1080 3552 1137 fue-

1954 1169 2054 1236 rit,
2106 1169 2161 1223 in
2209 1178 2505 1240 conspectu
2535 1169 2697 1225 totius
2743 1169 2962 1241 capituli
3010 1169 3228 1241 culpam
3267 1169 3553 1241 professus

1954 1265 2109 1314 extra
2139 1258 2429 1330 capitulum
2454 1258 2782 1331 egrediatur,
2815 1258 3047 1314 nudatus
3076 1258 3276 1330 pedes,
3307 1258 3553 1314 vestibus

1952 1362 2055 1418 pro
2101 1347 2496 1403 consuetudine
2545 1347 2801 1403 detractis
2825 1390 2838 1415 ,
2885 1363 3048 1403 manu
3089 1346 3276 1418 virgas
3329 1353 3555 1419 portans

1952 1442 2078 1491 ante
2129 1443 2455 1492 conventum
2501 1451 2604 1507 pro
2643 1435 2990 1507 suscipienda
3017 1435 3304 1507 disciplina
3329 1434 3553 1491 humili-

1951 1531 2036 1580 ter
2089 1532 2410 1581 revertatur.
2467 1524 2590 1596 Ipse
2647 1539 2864 1596 quoque
2922 1524 2978 1580 in
3036 1524 3200 1580 domo
3258 1539 3390 1591 sua,
3438 1523 3555 1580 suis

1952 1613 2212 1682 subjectis
2256 1629 2359 1686 pro
2409 1613 2573 1668 simili
2621 1613 2780 1685 culpa
2828 1612 3062 1669 similem
3105 1613 3351 1686 imponat
3379 1612 3551 1670 disci-

1951 1700 2178 1772 plinam.

2025 1793 2079 1844 9.
2112 1790 2401 1845 Decretum
2453 1796 2536 1844 est
2576 1789 2736 1845 etiam
2763 1831 2776 1857 ,
2824 1796 2882 1845 ut
2929 1788 2975 1845 si
3023 1788 3146 1862 quis
3174 1788 3554 1862 praescriptum

1951 1876 2264 1932 animalium
2296 1893 2580 1934 numerum
2613 1877 2940 1945 excesserit,
2961 1894 3028 1933 ex
3058 1877 3283 1934 decreto
3309 1879 3551 1951 capituli,

1950 1965 2098 2037 quod
2130 1966 2492 2037 superfuerit,
2545 1966 2874 2038 pauperibus
2913 1974 3194 2040 erogetur.

2024 2058 2112 2110 10.
2145 2056 2421 2111 Praeterea
2449 2056 2748 2111 institutum
2781 2063 2896 2122 est,
2943 2063 3001 2110 ut
3028 2055 3424 2112 monachorum
3449 2071 3546 2112 ve-

1945 2144 2201 2199 stimenta
2231 2159 2264 2198 a
2295 2144 2572 2216 semipede
2605 2153 2805 2200 terram
2834 2159 2945 2200 non
2975 2151 3234 2217 tangant,
3283 2142 3550 2201 laicorum

1944 2248 2163 2305 quoque
2184 2231 2416 2288 fratrum
2436 2240 2617 2290 vestes
2646 2232 2792 2289 ultra
2809 2247 2910 2289 ora
2939 2231 3418 2290 calciamentorum
3439 2248 3551 2290 non

1944 2321 2303 2377 descendant.

2016 2412 2102 2464 11.
2158 2409 2337 2465 Etiam
2386 2410 2489 2466 hoc
2518 2409 2842 2477 statuimus,
2893 2417 2952 2465 ut
2979 2409 3049 2466 de
3078 2408 3542 2480 Cisterciensium,

1943 2497 2058 2553 sive
2085 2497 2487 2569 pramonstrati
2517 2497 3034 2572 congregationibus
3054 2506 3276 2571 propter
3300 2499 3544 2571 ipsorum

1937 2585 2305 2641 reverentiam
2334 2594 2386 2640 et
2413 2601 2626 2658 pacem,
2659 2587 2809 2641 nulla
2837 2587 3062 2642 ulterius
3091 2602 3331 2659 persona
3358 2587 3414 2643 in
3444 2601 3544 2644 no-

1934 2681 2104 2729 strum
2133 2673 2377 2730 ordinem
2407 2674 2755 2746 suscipiatur.
2789 2673 2948 2743 Quod
2975 2675 3278 2730 institutum
3326 2675 3372 2730 si
3416 2675 3540 2749 quis

1933 2769 2244 2818 nostrorum
2301 2770 2684 2834 transgressus
2738 2763 2934 2830 fuerit,
2997 2763 3160 2819 etiam
3229 2763 3536 2836 professum

1933 2851 2207 2922 expellere
2237 2859 2508 2922 cogatur,
2541 2859 2595 2907 et
2631 2867 2664 2908 a
2689 2859 2804 2908 toto
2833 2852 3027 2908 ordine
3074 2867 3354 2925 separare.

1831 3155 1933 3225 IV

675 3326 990 3397 ANTIQUA
1037 3327 1352 3384 STATUTA
1402 3326 1690 3384 ORDlNIS
1743 3327 2300 3385 CARTHUSIENSIS
2348 3329 2441 3384 DE
2491 3328 2736 3386 SACRIS
2780 3330 3074 3389 RITIBUS.

1489 3479 1592 3550 (Ex
1619 3496 1723 3535 ms.
1770 3479 2017 3535 Colbert.
2057 3480 2256 3550 3808.)

294 3641 350 3692 1.
395 3637 456 3691 In
476 3633 622 3690 omni
653 3633 817 3688 missa
838 3633 906 3688 de
937 3630 1073 3688 vivis
1093 3646 1214 3703 quae
1233 3629 1466 3686 volvitur
1485 3629 1817 3686 celebranda
1841 3655 1886 3714 Ο
1915 3628 2076 3695 festo,
2113 3645 2180 3684 eo
2209 3628 2315 3684 ritu
2360 3637 2412 3684 et
2455 3643 2520 3684 ea
2549 3627 2893 3686 solemnitate
2911 3670 2926 3698 ,
2960 3631 3158 3703 quibus
3185 3640 3390 3691 octavae
3415 3636 3526 3692 As-

216 3742 320 3797 per
349 3723 596 3796 singulos
627 3722 820 3778 dicitur
852 3737 864 3775 :
901 3720 1264 3791 Omnipotens
1291 3720 1634 3791 sempiterno
1674 3721 1821 3775 Deus

215 3815 314 3888 qui
342 3814 617 3868 vivorum.

283 3908 340 3958 2.
387 3901 741 3956 Declaramus
785 3898 929 3969 quod
977 3896 1142 3951 missa
1197 3895 1606 3952 benefactorum
1671 3911 1816 3950 nun-

209 4007 382 4064 quam
431 3990 595 4044 debet
641 3987 792 4042 reddi
822 3987 877 4040 in
925 3985 1078 4041 festis
1131 4000 1212 4039 xu
1271 3984 1599 4049 lectionum,
1652 3984 1814 4038 etiam

203 4079 506 4136 tricenario
538 4083 824 4142 currente,
874 4074 918 4129 si
949 4082 1133 4129 tamen
1162 4073 1271 4128 alia
1299 4072 1573 4128 vacaverit
1605 4072 1659 4127 in
1710 4087 1816 4143 qua

205 4168 387 4242 possit
417 4167 590 4222 reddi.

279 4262 335 4312 3.
373 4255 706 4325 Quacunque
737 4252 824 4310 die
847 4251 1164 4323 contingant
1187 4257 1394 4305 octava;
1422 4247 1807 4320 Apparitionis.

205 4347 253 4401 si
286 4344 447 4398 aliter
465 4342 572 4397 dici
593 4357 701 4395 non
725 4340 898 4410 possit
921 4338 1329 4410 responsorium
1351 4339 1428 4394 Ne
1458 4339 1648 4402 inira,
1675 4335 1810 4406 ipsa;

204 4442 421 4490 octavae
454 4429 582 4484 fient
611 4430 665 4482 in
696 4428 956 4482 Sabbato.
1551 4441 1555 4448 ε

275 4524 332 4577 4.
372 4518 726 4574 Declaramus
750 4516 894 4588 quod
915 4516 1083 4570 missa
1113 4513 1466 4570 Dominicalis
1495 4528 1603 4566 non
1635 4511 1806 4581 impe-

202 4611 392 4667 diatur
419 4615 648 4678 prepter
681 4605 905 4658 missam
951 4603 1343 4668 anniversarii;
1377 4601 1474 4656 sed
1507 4609 1632 4654 tunc
1659 4599 1807 4654 dica-

199 4709 289 4756 tur
320 4698 488 4752 missa
537 4693 897 4749 anniversarii
943 4692 1222 4762 privatim,
1257 4699 1309 4745 et
1338 4690 1506 4744 missa
1555 4687 1801 4742 Domini-

197 4789 339 4846 calis
371 4786 426 4840 in
455 4790 741 4846 conventu,
769 4781 872 4835 nisi
905 4781 1012 4835 alia
1040 4781 1157 4834 dies
1183 4785 1334 4834 vacet
1363 4778 1417 4831 in
1449 4778 1564 4848 ipsa
1594 4775 1802 4831 hebdo-

196 4873 387 4936 mada,
423 4870 476 4922 in
511 4884 612 4939 qua
644 4866 748 4921 dici
777 4865 946 4935 possit
977 4864 1141 4918 missa
1172 4862 1532 4918 dominicalis.

268 4966 329 5017 ὃ.
373 4960 509 5013 Cum
539 4955 788 5010 dominus
820 4961 1004 5007 noster
1035 4968 1276 5006 summus
1306 4950 1546 5021 pontifex
1578 4950 1799 5004 ordina-

194 5051 360 5118 verit,
396 5055 448 5102 et
478 5043 718 5099 districte
748 5041 1066 5112 praeceperit
1095 5040 1150 5094 in
1180 5039 1376 5094 virtute
1409 5046 1611 5094 sancta:
1657 5039 1796 5092 obe-

190 5138 418 5198 dientize
448 5131 761 5188 solemniter
782 5129 1039 5186 celebrari
1060 5129 1129 5183 ab
1159 5128 1412 5182 omnibus
1444 5127 1641 5182 festum
1663 5126 1795 5181 Cor-

184 5229 342 5304 poris
375 5221 600 5286 Christi,
634 5234 734 5274 nos
764 5219 832 5272 ob
865 5218 964 5272 Dei
1012 5225 1064 5272 et
1111 5216 1285 5271 sancti
1332 5215 1590 5304 praecepti
1632 5231 1794 5304 revc-f

183 5302 420 5375 rentiam
451 5309 798 5372 ordinamus,
833 5313 886 5361 et
915 5305 1107 5360 eodem
1137 5304 1300 5358 modo
1332 5319 1438 5372 quo
1461 5303 1516 5356 in
1534 5302 1794 5358 decretali

182 5401 523 5481 prmcipitur,
557 5394 920 5467 praecipimus,
954 5401 1012 5448 ut
1042 5392 1239 5481 festum
1269 5390 1360 5481 ﬁat
1389 5391 1443 5481 in
1473 5400 1662 5481 nostro
1692 5406 1790 5445 or—

180 5479 347 5560 dine,
383 5498 437 5544 et
466 5484 661 5541 tamin
690 5480 914 5559 oﬂiciis,
966 5497 1126 5552 quam
1171 5480 1226 5534 in
1272 5479 1455 5532 missis
1502 5479 1618 5533 aliis
1666 5493 1789 5533 cum

182 5577 440 5643 candelis
481 5570 797 5629 solemniter
823 5569 1146 5634 celebretur,
1180 5566 1406 5622 scillicet
1444 5566 1578 5621 feria
1607 5583 1640 5621 v
1667 5572 1790 5636 post

177 5679 439 5729 octavam
470 5664 847 5718 Pentecostes.
903 5659 970 5712 Et
1015 5656 1147 5712 fiant
1176 5663 1381 5712 octava:
1411 5654 1480 5710 de
1525 5653 1788 5725 praedicto

327 5766 575 5821 Paraoc.
617 5754 798 5811 CLIII.

1929 3717 2255 3788 sumptionis
2283 3718 2342 3771 B.
2377 3717 2559 3773 Mariae
2589 3717 2954 3775 celebrantur.

1998 3810 2050 3860 6.
2085 3805 2438 3876 Praecipimus
2468 3814 2522 3861 et
2547 3821 2833 3862 monemus
2862 3823 3053 3864 omnes
3079 3808 3292 3881 priores
3320 3819 3370 3867 et
3398 3827 3526 3869 con-

1921 3901 2117 3949 ventus
2147 3894 2319 3949 nostri
2349 3894 2578 3959 ordinis,
2598 3902 2654 3950 ut
2685 3895 2927 3967 quolibet
2956 3913 3100 3953 anno
3128 3914 3238 3954 non
3271 3900 3523 3958 omittant

1919 3981 2100 4038 facere
2120 3982 2463 4038 tricenarium
2485 3983 2613 4038 olim
2631 3999 2953 4041 concessum
2974 3985 3196 4044 domino
3216 3988 3518 4047 Amblardo

1918 4071 2176 4141 episcopo
2205 4071 2630 4127 Mauriennensi.

1987 4162 2040 4214 7.
2087 4159 2443 4215 Declaramus
2492 4160 2639 4231 quod
2685 4161 2904 4232 quando
2933 4162 3118 4235 vigilia
3147 4165 3360 4220 Natalis
3390 4167 3507 4224 Do-

1913 4246 2044 4300 mini
2073 4247 2269 4302 accidit
2298 4247 2351 4301 in
2383 4247 2472 4302 die
2504 4248 2790 4304 Dominico
2814 4291 2827 4315 ,
2870 4253 3218 4321 responsoria
3247 4262 3506 4323 mutuata,

1911 4335 2138 4390 scillicet
2157 4338 2295 4391 Ecce
2317 4336 2433 4391 dies
2457 4337 2715 4402 veniunt,
2736 4338 2926 4403 etAve,
2952 4339 3146 4406 Maria,
3161 4341 3361 4396 debent
3376 4343 3506 4399 dici.

1981 4428 2034 4478 8.
2058 4423 2376 4479 Declaratur
2391 4424 2537 4495 quod
2566 4423 2620 4477 in
2641 4424 2730 4478 die
2758 4424 3115 4482 Exaltationis
3144 4436 3348 4484 sanctae
3372 4430 3512 4486 Cru-

1909 4511 1987 4567 cis
2008 4511 2179 4583 possit
2209 4510 2324 4567 fieri
2352 4511 2603 4566 dormitio
2634 4512 2933 4566 secundum
2963 4514 3182 4585 antiqua
3212 4523 3431 4572 statuta.

1977 4602 2030 4652 9.
2089 4598 2420 4654 Ordinamus
2476 4600 2621 4670 quod
2668 4599 2736 4654 de
2785 4608 2980 4655 cmtero
3028 4617 3134 4672 pax
3178 4613 3424 4659 sumatur
3449 4605 3506 4660 in
3583 4639 3588 4643 -

1903 4686 2138 4742 ecclesia
2165 4687 2220 4741 in
2248 4686 2460 4756 tabula,
2510 4687 2565 4742 in
2613 4703 2719 4759 qua
2749 4687 2817 4742 sit
2849 4688 3062 4759 depicta
3091 4690 3275 4763 imago
3302 4691 3500 4749 Christi

1900 4774 2157 4830 crucifixi.

1975 4866 2060 4917 10.
2109 4863 2271 4918 Omni
2320 4871 2562 4934 tempore
2608 4863 2661 4918 in
2692 4863 2995 4920 elevatione
3025 4867 3272 4938 corporis
3300 4868 3500 4924 Christi

1899 4951 1954 5004 in
1980 4951 2162 5005 missis
2184 4953 2632 5007 conventualibus
2663 4968 2856 5007 cereus
2887 4955 3238 5022 accendatur,
3271 4965 3495 5028 excepto

1897 5031 2141 5109 tempore
2170 5039 2442 5095 interdicti
2474 5048 2525 5094 et
2552 5040 2873 5094 cessationis
2911 5057 2941 5094 a
2988 5042 3205 5097 divinis.

1969 5131 2054 5181 11.
2081 5127 2434 5182 Declaramus
2463 5127 2609 5198 quod
2649 5128 2950 5184 secundum
2977 5129 3266 5203 privilegia
3307 5139 3494 5188 nostra

1895 5221 1948 5268 et
1973 5222 2194 5280 statuta,
2230 5223 2281 5270 et
2312 5215 2607 5270 secundum
2639 5215 2970 5271 decretalem
2992 5218 3224 5288 positam
3253 5219 3307 5274 in
3337 5219 3491 5275 titulo

1892 5303 1960 5358 de
1991 5303 2292 5374 privilegiis
2321 5303 2376 5357 in
2399 5303 2640 5359 secundo
2669 5302 2813 5358 libro
2839 5303 2895 5357 in
2929 5302 3036 5359 fine
3065 5305 3223 5362 dicta:
3253 5307 3493 5364 decreta-

1890 5390 1992 5458 lis,
2041 5406 2334 5462 possumus
2381 5391 2690 5445 ministrare
2738 5389 3111 5449 ecclesiastica
3145 5406 3488 5454 sacramenta

1890 5478 2247 5534 servitoribus
2278 5478 2478 5533 nostris
2508 5477 2848 5534 domesticis.

1961 5569 2048 5623 12.
2069 5566 2428 5621 Declaramus
2461 5566 2606 5637 quod
2632 5565 2849 5636 priores
2871 5573 2923 5620 et
2935 5565 3122 5622 vicarii
3141 5569 3480 5640 monialium,

1889 5653 1936 5708 si
1964 5653 2306 5725 contingeret
2337 5668 2434 5709 eos
2462 5652 2602 5709 mori
2632 5653 2689 5708 in
2714 5651 2969 5709 domibus
2999 5655 3198 5727 quibus
3241 5668 3486 5728 praesunt

3197 5755 3268 5811 36
