  <div class='ocr_page' id='page_1' title='image "/cluster/home/n/w/nwhite01/storage/ocr_20150623/153-154/uc1.31175019678096/571.png"; bbox 0 0 3938 6474; ppageno 0'>
   <div class='ocr_carea' id='block_1_1' title="bbox 417 349 543 402">
    <p class='ocr_par' dir='ltr' id='par_1_1' title="bbox 417 349 543 402">
     <span class='ocr_line' id='line_1_1' title="bbox 417 349 543 402; baseline -0.032 0"><span class='ocrx_word' id='word_1_1' title='bbox 417 349 543 402; x_wconf 84' lang='grc'><strong>1131</strong></span> 
     </span>
    </p>
   </div>
   <div class='ocr_carea' id='block_1_2' title="bbox 1650 344 2462 403">
    <p class='ocr_par' dir='ltr' id='par_1_2' title="bbox 1650 344 2462 403">
     <span class='ocr_line' id='line_1_2' title="bbox 1650 344 2462 403; baseline 0 -3"><span class='ocrx_word' id='word_1_2' title='bbox 1650 346 1937 403; x_wconf 75' lang='grc' dir='ltr'><strong>ΟῐωιΝιδ</strong></span> <span class='ocrx_word' id='word_1_3' title='bbox 1974 344 2462 402; x_wconf 79' lang='lat' dir='ltr'><strong>CARTHUSIANI.</strong></span> 
     </span>
    </p>
   </div>
   <div class='ocr_carea' id='block_1_3' title="bbox 3568 355 3710 410">
    <p class='ocr_par' dir='ltr' id='par_1_3' title="bbox 3568 355 3710 410">
     <span class='ocr_line' id='line_1_3' title="bbox 3568 355 3710 410; baseline 0.028 -4"><span class='ocrx_word' id='word_1_4' title='bbox 3568 355 3710 410; x_wconf 74' lang='grc'><strong>1132</strong></span> 
     </span>
    </p>
   </div>
   <div class='ocr_carea' id='block_1_4' title="bbox 416 466 3710 541">
    <p class='ocr_par' dir='ltr' id='par_1_4' title="bbox 416 466 3710 541">
     <span class='ocr_line' id='line_1_4' title="bbox 416 466 3710 541; baseline 0.001 -13"><span class='ocrx_word' id='word_1_5' title='bbox 416 488 528 529; x_wconf 91' lang='lat' dir='ltr'><strong>non</strong></span> <span class='ocrx_word' id='word_1_6' title='bbox 578 471 827 527; x_wconf 73' lang='lat' dir='ltr'><strong>amittant</strong></span> <span class='ocrx_word' id='word_1_7' title='bbox 871 469 1261 526; x_wconf 90' lang='lat' dir='ltr'><strong>associatioues</strong></span> <span class='ocrx_word' id='word_1_8' title='bbox 1308 469 1596 525; x_wconf 92' lang='lat' dir='ltr'><strong>domorum</strong></span> <span class='ocrx_word' id='word_1_9' title='bbox 1638 470 2005 541; x_wconf 88' lang='lat' dir='ltr'><strong>propriarum,</strong></span> <span class='ocrx_word' id='word_1_10' title='bbox 2030 470 2084 529; x_wconf 86' lang='grc' dir='ltr'><strong>Α</strong></span> <span class='ocrx_word' id='word_1_11' title='bbox 2112 468 2323 535; x_wconf 83' lang='lat' dir='ltr'><strong>Petrus,</strong></span> <span class='ocrx_word' id='word_1_12' title='bbox 2348 466 2570 534; x_wconf 83' lang='lat' dir='ltr'><strong>Paulus,</strong></span> <span class='ocrx_word' id='word_1_13' title='bbox 2608 468 2876 534; x_wconf 82' lang='lat' dir='ltr'><strong>Andreas,</strong></span> <span class='ocrx_word' id='word_1_14' title='bbox 2900 468 3165 536; x_wconf 81' lang='lat' dir='ltr'><strong>Jacobus,</strong></span> <span class='ocrx_word' id='word_1_15' title='bbox 3191 478 3244 526; x_wconf 86' lang='lat' dir='ltr'><strong>et</strong></span> <span class='ocrx_word' id='word_1_16' title='bbox 3262 472 3520 538; x_wconf 84' lang='lat' dir='ltr'><strong>Joannes,</strong></span> <span class='ocrx_word' id='word_1_17' title='bbox 3542 474 3710 531; x_wconf 83' lang='lat' dir='ltr'><strong>lebe-</strong></span> 
     </span>
    </p>
   </div>
   <div class='ocr_carea' id='block_1_5' title="bbox 418 558 2010 629">
    <p class='ocr_par' dir='ltr' id='par_1_5' title="bbox 418 558 2010 629">
     <span class='ocr_line' id='line_1_5' title="bbox 418 558 2010 629; baseline -0.004 -14"><span class='ocrx_word' id='word_1_18' title='bbox 418 560 521 616; x_wconf 89' lang='lat' dir='ltr'><strong>nisi</strong></span> <span class='ocrx_word' id='word_1_19' title='bbox 570 560 626 615; x_wconf 92' lang='lat' dir='ltr'><strong>in</strong></span> <span class='ocrx_word' id='word_1_20' title='bbox 673 559 923 614; x_wconf 87' lang='lat' dir='ltr'><strong>domibus</strong></span> <span class='ocrx_word' id='word_1_21' title='bbox 966 558 1021 612; x_wconf 90' lang='lat' dir='ltr'><strong>in</strong></span> <span class='ocrx_word' id='word_1_22' title='bbox 1068 558 1264 629; x_wconf 78' lang='lat' dir='ltr'><strong>quibus</strong></span> <span class='ocrx_word' id='word_1_23' title='bbox 1294 566 1418 613; x_wconf 91' lang='lat' dir='ltr'><strong>sunt</strong></span> <span class='ocrx_word' id='word_1_24' title='bbox 1447 558 1652 628; x_wconf 89' lang='lat' dir='ltr'><strong>priores</strong></span> <span class='ocrx_word' id='word_1_25' title='bbox 1698 559 1783 613; x_wconf 91' lang='lat' dir='ltr'><strong>vel</strong></span> <span class='ocrx_word' id='word_1_26' title='bbox 1823 558 2010 613; x_wconf 88' lang='lat' dir='ltr'><strong>vicarii</strong></span> 
     </span>
    </p>
   </div>
   <div class='ocr_carea' id='block_1_6' title="bbox 421 648 1106 719">
    <p class='ocr_par' dir='ltr' id='par_1_6' title="bbox 421 648 1106 719">
     <span class='ocr_line' id='line_1_6' title="bbox 421 648 1106 719; baseline 0 -15"><span class='ocrx_word' id='word_1_27' title='bbox 421 648 646 704; x_wconf 82' lang='lat' dir='ltr'><strong>fecerint</strong></span> <span class='ocrx_word' id='word_1_28' title='bbox 691 648 1106 719; x_wconf 83' lang='lat' dir='ltr'><strong>professionem.</strong></span> 
     </span>
    </p>
   </div>
   <div class='ocr_carea' id='block_1_7' title="bbox 492 735 2012 805">
    <p class='ocr_par' dir='ltr' id='par_1_7' title="bbox 492 735 2012 805">
     <span class='ocr_line' id='line_1_7' title="bbox 492 735 2012 805; baseline -0.002 -15"><span class='ocrx_word' id='word_1_29' title='bbox 492 741 577 791; x_wconf 89' lang='grc'><strong>13.</strong></span> <span class='ocrx_word' id='word_1_30' title='bbox 660 735 891 805; x_wconf 87' lang='lat' dir='ltr'><strong>Quando</strong></span> <span class='ocrx_word' id='word_1_31' title='bbox 958 736 1154 793; x_wconf 85' lang='lat' dir='ltr'><strong>festum</strong></span> <span class='ocrx_word' id='word_1_32' title='bbox 1209 737 1647 794; x_wconf 80' lang='lat' dir='ltr'><strong>Annuntiationis</strong></span> <span class='ocrx_word' id='word_1_33' title='bbox 1702 735 2012 791; x_wconf 79' lang='lat' dir='ltr'><strong>celebratur</strong></span> 
     </span>
    </p>
   </div>
   <div class='ocr_carea' id='block_1_8' title="bbox 416 825 2010 897">
    <p class='ocr_par' dir='ltr' id='par_1_8' title="bbox 416 825 2010 897">
     <span class='ocr_line' id='line_1_8' title="bbox 416 825 2010 897; baseline -0.003 -17"><span class='ocrx_word' id='word_1_34' title='bbox 416 825 559 880; x_wconf 83' lang='lat' dir='ltr'><strong>infra</strong></span> <span class='ocrx_word' id='word_1_35' title='bbox 598 833 821 880; x_wconf 82' lang='lat' dir='ltr'><strong>octavas</strong></span> <span class='ocrx_word' id='word_1_36' title='bbox 856 827 1075 881; x_wconf 70' lang='lat' dir='ltr'><strong>Paschae</strong></span> <span class='ocrx_word' id='word_1_37' title='bbox 1098 870 1111 891; x_wconf 98' lang='lat'><strong>,</strong></span> <span class='ocrx_word' id='word_1_38' title='bbox 1165 827 1218 880; x_wconf 92' lang='lat' dir='ltr'><strong>in</strong></span> <span class='ocrx_word' id='word_1_39' title='bbox 1266 827 1453 897; x_wconf 89' lang='lat' dir='ltr'><strong>primis</strong></span> <span class='ocrx_word' id='word_1_40' title='bbox 1493 825 1738 896; x_wconf 84' lang='lat' dir='ltr'><strong>vesperis</strong></span> <span class='ocrx_word' id='word_1_41' title='bbox 1768 825 2010 878; x_wconf 86' lang='lat' dir='ltr'><strong>dicantur</strong></span> 
     </span>
    </p>
   </div>
   <div class='ocr_carea' id='block_1_9' title="bbox 413 910 2011 985">
    <p class='ocr_par' dir='ltr' id='par_1_9' title="bbox 413 910 2011 985">
     <span class='ocr_line' id='line_1_9' title="bbox 413 910 2011 985; baseline -0.003 -17"><span class='ocrx_word' id='word_1_42' title='bbox 413 913 492 969; x_wconf 89' lang='lat' dir='ltr'><strong>illi</strong></span> <span class='ocrx_word' id='word_1_43' title='bbox 521 912 737 983; x_wconf 85' lang='lat' dir='ltr'><strong>psalmi,</strong></span> <span class='ocrx_word' id='word_1_44' title='bbox 762 913 854 985; x_wconf 87' lang='lat' dir='ltr'><strong>qui</strong></span> <span class='ocrx_word' id='word_1_45' title='bbox 881 914 1132 969; x_wconf 89' lang='lat' dir='ltr'><strong>dicuntur</strong></span> <span class='ocrx_word' id='word_1_46' title='bbox 1161 914 1300 969; x_wconf 83' lang='lat' dir='ltr'><strong>infra</strong></span> <span class='ocrx_word' id='word_1_47' title='bbox 1325 915 1495 970; x_wconf 91' lang='lat' dir='ltr'><strong>dictas</strong></span> <span class='ocrx_word' id='word_1_48' title='bbox 1526 922 1768 978; x_wconf 88' lang='lat' dir='ltr'><strong>octavas,</strong></span> <span class='ocrx_word' id='word_1_49' title='bbox 1803 910 2011 966; x_wconf 87' lang='lat' dir='ltr'><strong>scilicet</strong></span> 
     </span>
    </p>
   </div>
   <div class='ocr_carea' id='block_1_10' title="bbox 416 1003 908 1058">
    <p class='ocr_par' dir='ltr' id='par_1_10' title="bbox 416 1003 908 1058">
     <span class='ocr_line' id='line_1_10' title="bbox 416 1003 908 1058; baseline -0.002 0"><span class='ocrx_word' id='word_1_50' title='bbox 416 1003 579 1058; x_wconf 70' lang='lat' dir='ltr'><strong>Dixit</strong></span> <span class='ocrx_word' id='word_1_51' title='bbox 612 1004 882 1057; x_wconf 75' lang='lat' dir='ltr'><strong>Dominus</strong></span> <span class='ocrx_word' id='word_1_52' title='bbox 895 1044 908 1056; x_wconf 96' lang='lat'><strong>.</strong></span> 
     </span>
    </p>
   </div>
   <div class='ocr_carea' id='block_1_11' title="bbox 486 1085 2009 1163">
    <p class='ocr_par' dir='ltr' id='par_1_11' title="bbox 486 1085 2009 1163">
     <span class='ocr_line' id='line_1_11' title="bbox 486 1085 2009 1163; baseline -0.003 -19"><span class='ocrx_word' id='word_1_53' title='bbox 486 1092 573 1145; x_wconf 74' lang='grc'><strong>14.</strong></span> <span class='ocrx_word' id='word_1_54' title='bbox 605 1089 959 1145; x_wconf 79' lang='lat' dir='ltr'><strong>Declaramus</strong></span> <span class='ocrx_word' id='word_1_55' title='bbox 1007 1090 1153 1163; x_wconf 90' lang='lat' dir='ltr'><strong>quod</strong></span> <span class='ocrx_word' id='word_1_56' title='bbox 1198 1090 1438 1146; x_wconf 90' lang='lat' dir='ltr'><strong>secunda</strong></span> <span class='ocrx_word' id='word_1_57' title='bbox 1483 1090 1653 1144; x_wconf 88' lang='lat' dir='ltr'><strong>missa</strong></span> <span class='ocrx_word' id='word_1_58' title='bbox 1701 1085 2009 1142; x_wconf 86' lang='lat' dir='ltr'><strong>Nativitatis</strong></span> 
     </span>
    </p>
   </div>
   <div class='ocr_carea' id='block_1_12' title="bbox 413 1176 2004 1251">
    <p class='ocr_par' dir='ltr' id='par_1_12' title="bbox 413 1176 2004 1251">
     <span class='ocr_line' id='line_1_12' title="bbox 413 1176 2004 1251; baseline -0.003 -17"><span class='ocrx_word' id='word_1_59' title='bbox 413 1178 631 1234; x_wconf 87' lang='lat' dir='ltr'><strong>Domini</strong></span> <span class='ocrx_word' id='word_1_60' title='bbox 688 1179 1025 1246; x_wconf 81' lang='lat' dir='ltr'><strong>celebretur;</strong></span> <span class='ocrx_word' id='word_1_61' title='bbox 1074 1188 1127 1235; x_wconf 89' lang='lat' dir='ltr'><strong>et</strong></span> <span class='ocrx_word' id='word_1_62' title='bbox 1170 1180 1215 1234; x_wconf 90' lang='lat' dir='ltr'><strong>si</strong></span> <span class='ocrx_word' id='word_1_63' title='bbox 1260 1196 1368 1234; x_wconf 90' lang='lat' dir='ltr'><strong>non</strong></span> <span class='ocrx_word' id='word_1_64' title='bbox 1417 1176 1729 1251; x_wconf 84' lang='lat' dir='ltr'><strong>apparuerit</strong></span> <span class='ocrx_word' id='word_1_65' title='bbox 1787 1192 2004 1242; x_wconf 90' lang='lat' dir='ltr'><strong>aurora,</strong></span> 
     </span>
    </p>
   </div>
   <div class='ocr_carea' id='block_1_13' title="bbox 411 1264 2006 1339">
    <p class='ocr_par' dir='ltr' id='par_1_13' title="bbox 411 1264 2006 1339">
     <span class='ocr_line' id='line_1_13' title="bbox 411 1264 2006 1339; baseline -0.001 -18"><span class='ocrx_word' id='word_1_66' title='bbox 411 1268 639 1323; x_wconf 88' lang='lat' dir='ltr'><strong>redeant</strong></span> <span class='ocrx_word' id='word_1_67' title='bbox 680 1269 931 1323; x_wconf 80' lang='lat' dir='ltr'><strong>monachi</strong></span> <span class='ocrx_word' id='word_1_68' title='bbox 986 1269 1056 1323; x_wconf 88' lang='lat' dir='ltr'><strong>ad</strong></span> <span class='ocrx_word' id='word_1_69' title='bbox 1110 1268 1277 1324; x_wconf 89' lang='lat' dir='ltr'><strong>cellas</strong></span> <span class='ocrx_word' id='word_1_70' title='bbox 1325 1277 1613 1339; x_wconf 84' lang='lat' dir='ltr'><strong>antequam</strong></span> <span class='ocrx_word' id='word_1_71' title='bbox 1661 1266 1829 1321; x_wconf 91' lang='lat' dir='ltr'><strong>missa</strong></span> <span class='ocrx_word' id='word_1_72' title='bbox 1857 1264 2006 1320; x_wconf 88' lang='lat' dir='ltr'><strong>cele-</strong></span> 
     </span>
    </p>
   </div>
   <div class='ocr_carea' id='block_1_14' title="bbox 410 1355 623 1412">
    <p class='ocr_par' dir='ltr' id='par_1_14' title="bbox 410 1355 623 1412">
     <span class='ocr_line' id='line_1_14' title="bbox 410 1355 623 1412; baseline 0.005 -2"><span class='ocrx_word' id='word_1_73' title='bbox 410 1355 623 1412; x_wconf 87' lang='lat' dir='ltr'><strong>bretur.</strong></span> 
     </span>
    </p>
   </div>
   <div class='ocr_carea' id='block_1_15' title="bbox 488 1441 2008 1516">
    <p class='ocr_par' dir='ltr' id='par_1_15' title="bbox 488 1441 2008 1516">
     <span class='ocr_line' id='line_1_15' title="bbox 488 1441 2008 1516; baseline -0.002 -18"><span class='ocrx_word' id='word_1_74' title='bbox 488 1446 575 1498; x_wconf 81' lang='grc'><strong>15.</strong></span> <span class='ocrx_word' id='word_1_75' title='bbox 627 1443 941 1500; x_wconf 89' lang='lat' dir='ltr'><strong>Inhibemus</strong></span> <span class='ocrx_word' id='word_1_76' title='bbox 984 1445 1131 1516; x_wconf 88' lang='lat' dir='ltr'><strong>quod</strong></span> <span class='ocrx_word' id='word_1_77' title='bbox 1180 1461 1300 1501; x_wconf 88' lang='lat' dir='ltr'><strong>cum</strong></span> <span class='ocrx_word' id='word_1_78' title='bbox 1343 1445 1570 1500; x_wconf 91' lang='lat' dir='ltr'><strong>cucullis</strong></span> <span class='ocrx_word' id='word_1_79' title='bbox 1619 1443 1687 1498; x_wconf 92' lang='lat' dir='ltr'><strong>de</strong></span> <span class='ocrx_word' id='word_1_80' title='bbox 1716 1442 1821 1497; x_wconf 86' lang='lat' dir='ltr'><strong>tela</strong></span> <span class='ocrx_word' id='word_1_81' title='bbox 1851 1441 2008 1497; x_wconf 86' lang='lat' dir='ltr'><strong>factis</strong></span> 
     </span>
    </p>
   </div>
   <div class='ocr_carea' id='block_1_16' title="bbox 413 1530 2006 1604">
    <p class='ocr_par' dir='ltr' id='par_1_16' title="bbox 413 1530 2006 1604">
     <span class='ocr_line' id='line_1_16' title="bbox 413 1530 2006 1604; baseline -0.003 -16"><span class='ocrx_word' id='word_1_82' title='bbox 413 1532 648 1604; x_wconf 79' lang='lat' dir='ltr'><strong>amplius</strong></span> <span class='ocrx_word' id='word_1_83' title='bbox 695 1549 806 1589; x_wconf 90' lang='lat' dir='ltr'><strong>non</strong></span> <span class='ocrx_word' id='word_1_84' title='bbox 853 1533 1123 1589; x_wconf 87' lang='lat' dir='ltr'><strong>serviatur</strong></span> <span class='ocrx_word' id='word_1_85' title='bbox 1169 1534 1223 1587; x_wconf 93' lang='lat' dir='ltr'><strong>in</strong></span> <span class='ocrx_word' id='word_1_86' title='bbox 1272 1540 1579 1599; x_wconf 85' lang='lat' dir='ltr'><strong>conventu,</strong></span> <span class='ocrx_word' id='word_1_87' title='bbox 1628 1547 1731 1587; x_wconf 92' lang='lat' dir='ltr'><strong>nec</strong></span> <span class='ocrx_word' id='word_1_88' title='bbox 1760 1530 1920 1586; x_wconf 90' lang='lat' dir='ltr'><strong>etiam</strong></span> <span class='ocrx_word' id='word_1_89' title='bbox 1953 1530 2006 1584; x_wconf 93' lang='lat' dir='ltr'><strong>in</strong></span> 
     </span>
    </p>
   </div>
   <div class='ocr_carea' id='block_1_17' title="bbox 409 1621 641 1693">
    <p class='ocr_par' dir='ltr' id='par_1_17' title="bbox 409 1621 641 1693">
     <span class='ocr_line' id='line_1_17' title="bbox 409 1621 641 1693; baseline 0.004 -18"><span class='ocrx_word' id='word_1_90' title='bbox 409 1621 641 1693; x_wconf 89' lang='lat' dir='ltr'><strong>privato.</strong></span> 
     </span>
    </p>
   </div>
   <div class='ocr_carea' id='block_1_18' title="bbox 484 1706 2006 1773">
    <p class='ocr_par' dir='ltr' id='par_1_18' title="bbox 484 1706 2006 1773">
     <span class='ocr_line' id='line_1_18' title="bbox 484 1706 2006 1773; baseline -0.003 -9"><span class='ocrx_word' id='word_1_91' title='bbox 484 1713 571 1764; x_wconf 86' lang='grc'><strong>16.</strong></span> <span class='ocrx_word' id='word_1_92' title='bbox 627 1707 840 1764; x_wconf 90' lang='lat' dir='ltr'><strong>Priores</strong></span> <span class='ocrx_word' id='word_1_93' title='bbox 885 1708 972 1764; x_wconf 89' lang='lat' dir='ltr'><strong>vel</strong></span> <span class='ocrx_word' id='word_1_94' title='bbox 1018 1708 1265 1763; x_wconf 88' lang='lat' dir='ltr'><strong>monachi</strong></span> <span class='ocrx_word' id='word_1_95' title='bbox 1296 1708 1468 1763; x_wconf 88' lang='lat' dir='ltr'><strong>nostri</strong></span> <span class='ocrx_word' id='word_1_96' title='bbox 1496 1707 1721 1773; x_wconf 81' lang='lat' dir='ltr'><strong>ordinis,</strong></span> <span class='ocrx_word' id='word_1_97' title='bbox 1754 1706 1841 1762; x_wconf 86' lang='lat' dir='ltr'><strong>vel</strong></span> <span class='ocrx_word' id='word_1_98' title='bbox 1871 1721 2006 1761; x_wconf 90' lang='lat' dir='ltr'><strong>con-</strong></span> 
     </span>
    </p>
   </div>
   <div class='ocr_carea' id='block_1_19' title="bbox 408 1794 2080 1878">
    <p class='ocr_par' dir='ltr' id='par_1_19' title="bbox 408 1794 2080 1878">
     <span class='ocr_line' id='line_1_19' title="bbox 408 1794 2080 1878; baseline -0.004 -26"><span class='ocrx_word' id='word_1_99' title='bbox 408 1797 555 1853; x_wconf 80' lang='lat' dir='ltr'><strong>versi</strong></span> <span class='ocrx_word' id='word_1_100' title='bbox 600 1797 668 1852; x_wconf 89' lang='lat' dir='ltr'><strong>de</strong></span> <span class='ocrx_word' id='word_1_101' title='bbox 716 1805 913 1852; x_wconf 68' lang='lat' dir='ltr'><strong>cmtero</strong></span> <span class='ocrx_word' id='word_1_102' title='bbox 959 1813 1069 1851; x_wconf 92' lang='lat' dir='ltr'><strong>non</strong></span> <span class='ocrx_word' id='word_1_103' title='bbox 1099 1804 1223 1851; x_wconf 90' lang='lat' dir='ltr'><strong>eant</strong></span> <span class='ocrx_word' id='word_1_104' title='bbox 1259 1797 1329 1852; x_wconf 92' lang='lat' dir='ltr'><strong>ad</strong></span> <span class='ocrx_word' id='word_1_105' title='bbox 1378 1796 1703 1867; x_wconf 82' lang='lat' dir='ltr'><strong>sepulturas,</strong></span> <span class='ocrx_word' id='word_1_106' title='bbox 1736 1794 1841 1848; x_wconf 89' lang='lat' dir='ltr'><strong>nisi</strong></span> <span class='ocrx_word' id='word_1_107' title='bbox 1870 1794 2008 1848; x_wconf 86' lang='lat' dir='ltr'><strong>forte</strong></span> <span class='ocrx_word' id='word_1_108' title='bbox 2030 1820 2080 1878; x_wconf 80' lang='grc' dir='ltr'>Β</span> 
     </span>
    </p>
   </div>
   <div class='ocr_carea' id='block_1_20' title="bbox 410 1882 2007 1959">
    <p class='ocr_par' dir='ltr' id='par_1_20' title="bbox 410 1882 2007 1959">
     <span class='ocr_line' id='line_1_20' title="bbox 410 1882 2007 1959; baseline -0.004 -17"><span class='ocrx_word' id='word_1_109' title='bbox 410 1885 720 1959; x_wconf 87' lang='lat' dir='ltr'><strong>principum</strong></span> <span class='ocrx_word' id='word_1_110' title='bbox 769 1893 822 1940; x_wconf 90' lang='lat' dir='ltr'><strong>et</strong></span> <span class='ocrx_word' id='word_1_111' title='bbox 852 1901 1179 1957; x_wconf 87' lang='lat' dir='ltr'><strong>magnorum</strong></span> <span class='ocrx_word' id='word_1_112' title='bbox 1209 1885 1552 1956; x_wconf 64' lang='lat' dir='ltr'><strong>praelatorum</strong></span> <span class='ocrx_word' id='word_1_113' title='bbox 1576 1925 1590 1950; x_wconf 94' lang='lat'><strong>,</strong></span> <span class='ocrx_word' id='word_1_114' title='bbox 1641 1883 1725 1938; x_wconf 86' lang='lat' dir='ltr'><strong>vel</strong></span> <span class='ocrx_word' id='word_1_115' title='bbox 1756 1882 1924 1953; x_wconf 88' lang='lat' dir='ltr'><strong>patris</strong></span> <span class='ocrx_word' id='word_1_116' title='bbox 1956 1888 2007 1936; x_wconf 89' lang='lat' dir='ltr'><strong>et</strong></span> 
     </span>
    </p>
   </div>
   <div class='ocr_carea' id='block_1_21' title="bbox 411 1970 2006 2044">
    <p class='ocr_par' dir='ltr' id='par_1_21' title="bbox 411 1970 2006 2044">
     <span class='ocr_line' id='line_1_21' title="bbox 411 1970 2006 2044; baseline -0.004 -16"><span class='ocrx_word' id='word_1_117' title='bbox 411 1973 599 2028; x_wconf 87' lang='lat' dir='ltr'><strong>matris</strong></span> <span class='ocrx_word' id='word_1_118' title='bbox 645 1989 834 2028; x_wconf 91' lang='lat' dir='ltr'><strong>eorum</strong></span> <span class='ocrx_word' id='word_1_119' title='bbox 883 1974 950 2027; x_wconf 90' lang='lat' dir='ltr'><strong>de</strong></span> <span class='ocrx_word' id='word_1_120' title='bbox 981 1974 1169 2028; x_wconf 88' lang='lat' dir='ltr'><strong>ordine</strong></span> <span class='ocrx_word' id='word_1_121' title='bbox 1196 2016 1209 2040; x_wconf 92' lang='lat'><strong>,</strong></span> <span class='ocrx_word' id='word_1_122' title='bbox 1259 1974 1305 2027; x_wconf 90' lang='lat' dir='ltr'><strong>si</strong></span> <span class='ocrx_word' id='word_1_123' title='bbox 1335 1972 1695 2044; x_wconf 90' lang='lat' dir='ltr'><strong>sepelirentur</strong></span> <span class='ocrx_word' id='word_1_124' title='bbox 1724 1970 1865 2025; x_wconf 90' lang='lat' dir='ltr'><strong>infra</strong></span> <span class='ocrx_word' id='word_1_125' title='bbox 1894 1978 2006 2025; x_wconf 90' lang='lat' dir='ltr'><strong>ter-</strong></span> 
     </span>
    </p>
   </div>
   <div class='ocr_carea' id='block_1_22' title="bbox 412 2061 1168 2116">
    <p class='ocr_par' dir='ltr' id='par_1_22' title="bbox 412 2061 1168 2116">
     <span class='ocr_line' id='line_1_22' title="bbox 412 2061 1168 2116; baseline 0.001 -1"><span class='ocrx_word' id='word_1_126' title='bbox 412 2062 588 2116; x_wconf 71' lang='lat' dir='ltr'><strong>minos</strong></span> <span class='ocrx_word' id='word_1_127' title='bbox 618 2061 902 2115; x_wconf 90' lang='lat' dir='ltr'><strong>domorum</strong></span> <span class='ocrx_word' id='word_1_128' title='bbox 930 2077 1168 2116; x_wconf 88' lang='lat' dir='ltr'><strong>suarum.</strong></span> 
     </span>
    </p>
   </div>
   <div class='ocr_carea' id='block_1_23' title="bbox 485 2146 2003 2219">
    <p class='ocr_par' dir='ltr' id='par_1_23' title="bbox 485 2146 2003 2219">
     <span class='ocr_line' id='line_1_23' title="bbox 485 2146 2003 2219; baseline -0.003 -16"><span class='ocrx_word' id='word_1_129' title='bbox 485 2152 577 2203; x_wconf 83' lang='grc'><strong>17.</strong></span> <span class='ocrx_word' id='word_1_130' title='bbox 618 2148 883 2204; x_wconf 90' lang='lat' dir='ltr'><strong>Statutum</strong></span> <span class='ocrx_word' id='word_1_131' title='bbox 916 2148 1113 2203; x_wconf 83' lang='lat' dir='ltr'><strong>factum</strong></span> <span class='ocrx_word' id='word_1_132' title='bbox 1162 2149 1231 2204; x_wconf 90' lang='lat' dir='ltr'><strong>de</strong></span> <span class='ocrx_word' id='word_1_133' title='bbox 1277 2148 1569 2219; x_wconf 69' lang='lat' dir='ltr'><strong>praesentia</strong></span> <span class='ocrx_word' id='word_1_134' title='bbox 1600 2146 2003 2218; x_wconf 88' lang='lat' dir='ltr'><strong>episc0porum,</strong></span> 
     </span>
    </p>
   </div>
   <div class='ocr_carea' id='block_1_24' title="bbox 412 2234 2006 2310">
    <p class='ocr_par' dir='ltr' id='par_1_24' title="bbox 412 2234 2006 2310">
     <span class='ocr_line' id='line_1_24' title="bbox 412 2234 2006 2310; baseline -0.003 -19"><span class='ocrx_word' id='word_1_135' title='bbox 412 2237 558 2310; x_wconf 90' lang='lat' dir='ltr'><strong>quod</strong></span> <span class='ocrx_word' id='word_1_136' title='bbox 588 2237 803 2308; x_wconf 80' lang='lat' dir='ltr'><strong>priores</strong></span> <span class='ocrx_word' id='word_1_137' title='bbox 832 2237 1104 2292; x_wconf 87' lang='lat' dir='ltr'><strong>dimittant</strong></span> <span class='ocrx_word' id='word_1_138' title='bbox 1150 2238 1310 2292; x_wconf 86' lang='lat' dir='ltr'><strong>sedes</strong></span> <span class='ocrx_word' id='word_1_139' title='bbox 1357 2254 1483 2291; x_wconf 90' lang='lat' dir='ltr'><strong>suas</strong></span> <span class='ocrx_word' id='word_1_140' title='bbox 1529 2236 1585 2289; x_wconf 91' lang='lat' dir='ltr'><strong>in</strong></span> <span class='ocrx_word' id='word_1_141' title='bbox 1614 2235 1843 2291; x_wconf 82' lang='lat' dir='ltr'><strong>ecclesia</strong></span> <span class='ocrx_word' id='word_1_142' title='bbox 1874 2234 2006 2303; x_wconf 82' lang='lat' dir='ltr'><strong>ipsis</strong></span> 
     </span>
    </p>
   </div>
   <div class='ocr_carea' id='block_1_25' title="bbox 411 2324 2007 2397">
    <p class='ocr_par' dir='ltr' id='par_1_25' title="bbox 411 2324 2007 2397">
     <span class='ocr_line' id='line_1_25' title="bbox 411 2324 2007 2397; baseline -0.004 -16"><span class='ocrx_word' id='word_1_143' title='bbox 411 2325 685 2397; x_wconf 87' lang='lat' dir='ltr'><strong>episcOpis</strong></span> <span class='ocrx_word' id='word_1_144' title='bbox 712 2326 1092 2396; x_wconf 70' lang='lat' dir='ltr'><strong>praesentibus,</strong></span> <span class='ocrx_word' id='word_1_145' title='bbox 1131 2325 1451 2397; x_wconf 81' lang='lat' dir='ltr'><strong>intelligitur</strong></span> <span class='ocrx_word' id='word_1_146' title='bbox 1480 2324 1698 2396; x_wconf 84' lang='lat' dir='ltr'><strong>quando</strong></span> <span class='ocrx_word' id='word_1_147' title='bbox 1722 2330 1845 2378; x_wconf 90' lang='lat' dir='ltr'><strong>sunt</strong></span> <span class='ocrx_word' id='word_1_148' title='bbox 1866 2338 2007 2393; x_wconf 71' lang='lat' dir='ltr'><strong>pra:-</strong></span> 
     </span>
    </p>
   </div>
   <div class='ocr_carea' id='block_1_26' title="bbox 410 2413 973 2470">
    <p class='ocr_par' dir='ltr' id='par_1_26' title="bbox 410 2413 973 2470">
     <span class='ocr_line' id='line_1_26' title="bbox 410 2413 973 2470; baseline 0 -1"><span class='ocrx_word' id='word_1_149' title='bbox 410 2421 595 2470; x_wconf 86' lang='lat' dir='ltr'><strong>sentes</strong></span> <span class='ocrx_word' id='word_1_150' title='bbox 624 2413 679 2467; x_wconf 90' lang='lat' dir='ltr'><strong>in</strong></span> <span class='ocrx_word' id='word_1_151' title='bbox 718 2414 973 2469; x_wconf 84' lang='lat' dir='ltr'><strong>ecclesia.</strong></span> 
     </span>
    </p>
   </div>
   <div class='ocr_carea' id='block_1_27' title="bbox 484 2498 2004 2574">
    <p class='ocr_par' dir='ltr' id='par_1_27' title="bbox 484 2498 2004 2574">
     <span class='ocr_line' id='line_1_27' title="bbox 484 2498 2004 2574; baseline -0.003 -17"><span class='ocrx_word' id='word_1_152' title='bbox 484 2504 570 2558; x_wconf 89' lang='grc'><strong>18.</strong></span> <span class='ocrx_word' id='word_1_153' title='bbox 602 2501 934 2557; x_wconf 89' lang='lat' dir='ltr'><strong>Ordinamus</strong></span> <span class='ocrx_word' id='word_1_154' title='bbox 980 2509 1038 2556; x_wconf 88' lang='lat' dir='ltr'><strong>ut</strong></span> <span class='ocrx_word' id='word_1_155' title='bbox 1079 2502 1284 2570; x_wconf 91' lang='lat' dir='ltr'><strong>jejunia</strong></span> <span class='ocrx_word' id='word_1_156' title='bbox 1316 2501 1486 2574; x_wconf 84' lang='lat' dir='ltr'><strong>quarti</strong></span> <span class='ocrx_word' id='word_1_157' title='bbox 1527 2500 1784 2571; x_wconf 87' lang='lat' dir='ltr'><strong>temporis</strong></span> <span class='ocrx_word' id='word_1_158' title='bbox 1814 2499 1869 2553; x_wconf 93' lang='lat' dir='ltr'><strong>in</strong></span> <span class='ocrx_word' id='word_1_159' title='bbox 1900 2498 2004 2554; x_wconf 91' lang='lat' dir='ltr'><strong>Se-</strong></span> 
     </span>
    </p>
   </div>
   <div class='ocr_carea' id='block_1_28' title="bbox 406 2587 2004 2663">
    <p class='ocr_par' dir='ltr' id='par_1_28' title="bbox 406 2587 2004 2663">
     <span class='ocr_line' id='line_1_28' title="bbox 406 2587 2004 2663; baseline -0.003 -19"><span class='ocrx_word' id='word_1_160' title='bbox 406 2589 641 2663; x_wconf 86' lang='lat' dir='ltr'><strong>ptembri</strong></span> <span class='ocrx_word' id='word_1_161' title='bbox 666 2589 723 2644; x_wconf 93' lang='lat' dir='ltr'><strong>in</strong></span> <span class='ocrx_word' id='word_1_162' title='bbox 761 2589 1000 2661; x_wconf 89' lang='lat' dir='ltr'><strong>qualibet</strong></span> <span class='ocrx_word' id='word_1_163' title='bbox 1048 2590 1209 2645; x_wconf 90' lang='lat' dir='ltr'><strong>domo</strong></span> <span class='ocrx_word' id='word_1_164' title='bbox 1241 2590 1412 2645; x_wconf 91' lang='lat' dir='ltr'><strong>nostri</strong></span> <span class='ocrx_word' id='word_1_165' title='bbox 1467 2589 1672 2644; x_wconf 88' lang='lat' dir='ltr'><strong>ordinis</strong></span> <span class='ocrx_word' id='word_1_166' title='bbox 1703 2587 2004 2643; x_wconf 91' lang='lat' dir='ltr'><strong>secundum</strong></span> 
     </span>
    </p>
   </div>
   <div class='ocr_carea' id='block_1_29' title="bbox 407 2678 1681 2735">
    <p class='ocr_par' dir='ltr' id='par_1_29' title="bbox 407 2678 1681 2735">
     <span class='ocr_line' id='line_1_29' title="bbox 407 2678 1681 2735; baseline -0.002 -1"><span class='ocrx_word' id='word_1_167' title='bbox 407 2678 852 2735; x_wconf 87' lang='lat' dir='ltr'><strong>consuetudinem</strong></span> <span class='ocrx_word' id='word_1_168' title='bbox 883 2695 996 2733; x_wconf 84' lang='lat' dir='ltr'><strong>suae</strong></span> <span class='ocrx_word' id='word_1_169' title='bbox 1025 2678 1281 2734; x_wconf 86' lang='lat' dir='ltr'><strong>dieccesis</strong></span> <span class='ocrx_word' id='word_1_170' title='bbox 1312 2678 1681 2733; x_wconf 86' lang='lat' dir='ltr'><strong>celebrentur.</strong></span> 
     </span>
    </p>
   </div>
   <div class='ocr_carea' id='block_1_30' title="bbox 480 2764 2005 2839">
    <p class='ocr_par' dir='ltr' id='par_1_30' title="bbox 480 2764 2005 2839">
     <span class='ocr_line' id='line_1_30' title="bbox 480 2764 2005 2839; baseline -0.003 -17"><span class='ocrx_word' id='word_1_171' title='bbox 480 2769 568 2823; x_wconf 85' lang='grc'><strong>19.</strong></span> <span class='ocrx_word' id='word_1_172' title='bbox 602 2766 930 2824; x_wconf 90' lang='lat' dir='ltr'><strong>Ordinamus</strong></span> <span class='ocrx_word' id='word_1_173' title='bbox 961 2767 1106 2837; x_wconf 91' lang='lat' dir='ltr'><strong>quod</strong></span> <span class='ocrx_word' id='word_1_174' title='bbox 1155 2767 1200 2822; x_wconf 90' lang='lat' dir='ltr'><strong>si</strong></span> <span class='ocrx_word' id='word_1_175' title='bbox 1231 2766 1509 2839; x_wconf 79' lang='lat' dir='ltr'><strong>contingat</strong></span> <span class='ocrx_word' id='word_1_176' title='bbox 1556 2765 1777 2821; x_wconf 84' lang='lat' dir='ltr'><strong>evenire</strong></span> <span class='ocrx_word' id='word_1_177' title='bbox 1807 2764 2005 2819; x_wconf 88' lang='lat' dir='ltr'><strong>festum</strong></span> 
     </span>
    </p>
   </div>
   <div class='ocr_carea' id='block_1_31' title="bbox 411 2852 2001 2923">
    <p class='ocr_par' dir='ltr' id='par_1_31' title="bbox 411 2852 2001 2923">
     <span class='ocr_line' id='line_1_31' title="bbox 411 2852 2001 2923; baseline -0.003 -14"><span class='ocrx_word' id='word_1_178' title='bbox 411 2853 577 2911; x_wconf 89' lang='lat' dir='ltr'><strong>trium</strong></span> <span class='ocrx_word' id='word_1_179' title='bbox 624 2854 917 2911; x_wconf 87' lang='lat' dir='ltr'><strong>lectionum</strong></span> <span class='ocrx_word' id='word_1_180' title='bbox 961 2856 1170 2910; x_wconf 89' lang='lat' dir='ltr'><strong>habens</strong></span> <span class='ocrx_word' id='word_1_181' title='bbox 1210 2855 1447 2910; x_wconf 79' lang='lat' dir='ltr'><strong>oﬂicium</strong></span> <span class='ocrx_word' id='word_1_182' title='bbox 1490 2854 1672 2909; x_wconf 73' lang='lat' dir='ltr'><strong>missae</strong></span> <span class='ocrx_word' id='word_1_183' title='bbox 1701 2852 2001 2923; x_wconf 90' lang='lat' dir='ltr'><strong>proprium,</strong></span> 
     </span>
    </p>
   </div>
   <div class='ocr_carea' id='block_1_32' title="bbox 410 2939 2007 3015">
    <p class='ocr_par' dir='ltr' id='par_1_32' title="bbox 410 2939 2007 3015">
     <span class='ocr_line' id='line_1_32' title="bbox 410 2939 2007 3015; baseline -0.004 -17"><span class='ocrx_word' id='word_1_184' title='bbox 410 2941 548 2999; x_wconf 82' lang='lat' dir='ltr'><strong>feria</strong></span> <span class='ocrx_word' id='word_1_185' title='bbox 578 2958 633 2999; x_wconf 81' lang='lat' dir='ltr'><strong>tv</strong></span> <span class='ocrx_word' id='word_1_186' title='bbox 661 2943 879 3014; x_wconf 91' lang='lat' dir='ltr'><strong>capituli</strong></span> <span class='ocrx_word' id='word_1_187' title='bbox 908 2944 1181 3015; x_wconf 85' lang='lat' dir='ltr'><strong>generalis</strong></span> <span class='ocrx_word' id='word_1_188' title='bbox 1209 2943 1421 2998; x_wconf 89' lang='lat' dir='ltr'><strong>dicatur</strong></span> <span class='ocrx_word' id='word_1_189' title='bbox 1450 2942 1623 2996; x_wconf 89' lang='lat' dir='ltr'><strong>missa</strong></span> <span class='ocrx_word' id='word_1_190' title='bbox 1642 2940 1795 3008; x_wconf 83' lang='lat' dir='ltr'><strong>festi,</strong></span> <span class='ocrx_word' id='word_1_191' title='bbox 1835 2939 2007 2994; x_wconf 86' lang='lat' dir='ltr'><strong>missa</strong></span> 
     </span>
    </p>
   </div>
   <div class='ocr_carea' id='block_1_33' title="bbox 411 3028 2001 3104">
    <p class='ocr_par' dir='ltr' id='par_1_33' title="bbox 411 3028 2001 3104">
     <span class='ocr_line' id='line_1_33' title="bbox 411 3028 2001 3104; baseline -0.004 -16"><span class='ocrx_word' id='word_1_192' title='bbox 411 3046 544 3088; x_wconf 88' lang='lat' dir='ltr'><strong>vero</strong></span> <span class='ocrx_word' id='word_1_193' title='bbox 587 3032 753 3089; x_wconf 78' lang='lat' dir='ltr'><strong>Salus</strong></span> <span class='ocrx_word' id='word_1_194' title='bbox 799 3033 995 3104; x_wconf 81' lang='lat' dir='ltr'><strong>pepuli</strong></span> <span class='ocrx_word' id='word_1_195' title='bbox 1037 3031 1291 3103; x_wconf 88' lang='lat' dir='ltr'><strong>privatim</strong></span> <span class='ocrx_word' id='word_1_196' title='bbox 1323 3031 1391 3086; x_wconf 91' lang='lat' dir='ltr'><strong>ab</strong></span> <span class='ocrx_word' id='word_1_197' title='bbox 1420 3030 1606 3101; x_wconf 90' lang='lat' dir='ltr'><strong>aliquo</strong></span> <span class='ocrx_word' id='word_1_198' title='bbox 1635 3028 2001 3101; x_wconf 89' lang='lat' dir='ltr'><strong>persolvatur.</strong></span> 
     </span>
    </p>
   </div>
   <div class='ocr_carea' id='block_1_34' title="bbox 478 3114 2004 3176">
    <p class='ocr_par' dir='ltr' id='par_1_34' title="bbox 478 3114 2004 3176">
     <span class='ocr_line' id='line_1_34' title="bbox 478 3114 2004 3176; baseline -0.004 -1"><span class='ocrx_word' id='word_1_199' title='bbox 478 3123 577 3176; x_wconf 75' lang='grc'><strong>20.</strong></span> <span class='ocrx_word' id='word_1_200' title='bbox 640 3120 950 3175; x_wconf 89' lang='lat' dir='ltr'><strong>Secundum</strong></span> <span class='ocrx_word' id='word_1_201' title='bbox 996 3119 1450 3175; x_wconf 89' lang='lat' dir='ltr'><strong>consuetudinem</strong></span> <span class='ocrx_word' id='word_1_202' title='bbox 1479 3119 1676 3173; x_wconf 89' lang='lat' dir='ltr'><strong>domus</strong></span> <span class='ocrx_word' id='word_1_203' title='bbox 1705 3114 2004 3171; x_wconf 64' lang='lat' dir='ltr'><strong>Carthusiaa</strong></span> 
     </span>
    </p>
   </div>
   <div class='ocr_carea' id='block_1_35' title="bbox 2111 555 3705 629">
    <p class='ocr_par' dir='ltr' id='par_1_35' title="bbox 2111 555 3705 629">
     <span class='ocr_line' id='line_1_35' title="bbox 2111 555 3705 629; baseline 0.005 -20"><span class='ocrx_word' id='word_1_204' title='bbox 2111 556 2235 621; x_wconf 61' lang='lat' dir='ltr'><strong>dari,</strong></span> <span class='ocrx_word' id='word_1_205' title='bbox 2270 555 2581 625; x_wconf 85' lang='lat' dir='ltr'><strong>Philippus,</strong></span> <span class='ocrx_word' id='word_1_206' title='bbox 2614 556 2875 623; x_wconf 92' lang='lat' dir='ltr'><strong>Thomas,</strong></span> <span class='ocrx_word' id='word_1_207' title='bbox 2911 557 3368 627; x_wconf 72' lang='lat' dir='ltr'><strong>Bartholommus&#39;,</strong></span> <span class='ocrx_word' id='word_1_208' title='bbox 3402 562 3705 629; x_wconf 70' lang='lat' dir='ltr'><strong>Matthasus,</strong></span> 
     </span>
    </p>
   </div>
   <div class='ocr_carea' id='block_1_36' title="bbox 2107 644 3417 713">
    <p class='ocr_par' dir='ltr' id='par_1_36' title="bbox 2107 644 3417 713">
     <span class='ocr_line' id='line_1_36' title="bbox 2107 644 3417 713; baseline 0.005 -15"><span class='ocrx_word' id='word_1_209' title='bbox 2107 644 2344 698; x_wconf 82' lang='lat' dir='ltr'><strong>Jacobus</strong></span> <span class='ocrx_word' id='word_1_210' title='bbox 2374 644 2602 713; x_wconf 75' lang='lat' dir='ltr'><strong>Alphrei,</strong></span> <span class='ocrx_word' id='word_1_211' title='bbox 2638 644 2852 709; x_wconf 86' lang='lat' dir='ltr'><strong>Simon,</strong></span> <span class='ocrx_word' id='word_1_212' title='bbox 2886 645 3053 699; x_wconf 88' lang='lat' dir='ltr'><strong>Judas</strong></span> <span class='ocrx_word' id='word_1_213' title='bbox 3085 653 3136 700; x_wconf 89' lang='lat' dir='ltr'><strong>et</strong></span> <span class='ocrx_word' id='word_1_214' title='bbox 3167 648 3417 704; x_wconf 85' lang='lat' dir='ltr'><strong>Mathias.</strong></span> 
     </span>
    </p>
   </div>
   <div class='ocr_carea' id='block_1_37' title="bbox 2178 730 3708 805">
    <p class='ocr_par' dir='ltr' id='par_1_37' title="bbox 2178 730 3708 805">
     <span class='ocr_line' id='line_1_37' title="bbox 2178 730 3708 805; baseline 0.003 -17"><span class='ocrx_word' id='word_1_215' title='bbox 2178 735 2268 788; x_wconf 75' lang='grc'><strong>25.</strong></span> <span class='ocrx_word' id='word_1_216' title='bbox 2302 733 2367 787; x_wconf 91' lang='lat' dir='ltr'><strong>Ut</strong></span> <span class='ocrx_word' id='word_1_217' title='bbox 2396 730 2756 799; x_wconf 87' lang='lat' dir='ltr'><strong>uniformitas,</strong></span> <span class='ocrx_word' id='word_1_218' title='bbox 2792 732 2929 787; x_wconf 89' lang='lat' dir='ltr'><strong>sicut</strong></span> <span class='ocrx_word' id='word_1_219' title='bbox 2957 732 3012 787; x_wconf 91' lang='lat' dir='ltr'><strong>in</strong></span> <span class='ocrx_word' id='word_1_220' title='bbox 3044 735 3255 789; x_wconf 87' lang='lat' dir='ltr'><strong>statutis</strong></span> <span class='ocrx_word' id='word_1_221' title='bbox 3284 737 3617 805; x_wconf 82' lang='lat' dir='ltr'><strong>continetur,</strong></span> <span class='ocrx_word' id='word_1_222' title='bbox 3651 738 3708 793; x_wconf 90' lang='lat' dir='ltr'><strong>in</strong></span> 
     </span>
    </p>
   </div>
   <div class='ocr_carea' id='block_1_38' title="bbox 2109 820 3708 894">
    <p class='ocr_par' dir='ltr' id='par_1_38' title="bbox 2109 820 3708 894">
     <span class='ocr_line' id='line_1_38' title="bbox 2109 820 3708 894; baseline 0.006 -20"><span class='ocrx_word' id='word_1_223' title='bbox 2109 820 2293 876; x_wconf 87' lang='lat' dir='ltr'><strong>divino</strong></span> <span class='ocrx_word' id='word_1_224' title='bbox 2324 820 2546 875; x_wconf 89' lang='lat' dir='ltr'><strong>servitio</strong></span> <span class='ocrx_word' id='word_1_225' title='bbox 2579 829 2823 875; x_wconf 80' lang='lat' dir='ltr'><strong>servetur</strong></span> <span class='ocrx_word' id='word_1_226' title='bbox 2853 820 2908 875; x_wconf 93' lang='lat' dir='ltr'><strong>in</strong></span> <span class='ocrx_word' id='word_1_227' title='bbox 2937 822 3157 885; x_wconf 84' lang='lat' dir='ltr'><strong>ordine,</strong></span> <span class='ocrx_word' id='word_1_228' title='bbox 3191 834 3486 894; x_wconf 90' lang='lat' dir='ltr'><strong>procurent</strong></span> <span class='ocrx_word' id='word_1_229' title='bbox 3515 841 3708 883; x_wconf 88' lang='lat' dir='ltr'><strong>omnes</strong></span> 
     </span>
    </p>
   </div>
   <div class='ocr_carea' id='block_1_39' title="bbox 2108 908 3711 987">
    <p class='ocr_par' dir='ltr' id='par_1_39' title="bbox 2108 908 3711 987">
     <span class='ocr_line' id='line_1_39' title="bbox 2108 908 3711 987; baseline 0.006 -26"><span class='ocrx_word' id='word_1_230' title='bbox 2108 909 2322 979; x_wconf 88' lang='lat' dir='ltr'><strong>priores</strong></span> <span class='ocrx_word' id='word_1_231' title='bbox 2372 916 2423 963; x_wconf 91' lang='lat' dir='ltr'><strong>et</strong></span> <span class='ocrx_word' id='word_1_232' title='bbox 2471 908 2659 963; x_wconf 85' lang='lat' dir='ltr'><strong>vicarii</strong></span> <span class='ocrx_word' id='word_1_233' title='bbox 2705 908 2911 964; x_wconf 84' lang='lat' dir='ltr'><strong>habere</strong></span> <span class='ocrx_word' id='word_1_234' title='bbox 2938 909 3230 981; x_wconf 80' lang='lat' dir='ltr'><strong>legendam</strong></span> <span class='ocrx_word' id='word_1_235' title='bbox 3259 930 3379 984; x_wconf 72' lang='lat' dir='ltr'><strong>quae</strong></span> <span class='ocrx_word' id='word_1_236' title='bbox 3420 913 3616 987; x_wconf 87' lang='lat' dir='ltr'><strong>legitur</strong></span> <span class='ocrx_word' id='word_1_237' title='bbox 3651 916 3711 971; x_wconf 87' lang='lat' dir='ltr'><strong>in</strong></span> 
     </span>
    </p>
   </div>
   <div class='ocr_carea' id='block_1_40' title="bbox 2110 996 3706 1071">
    <p class='ocr_par' dir='ltr' id='par_1_40' title="bbox 2110 996 3706 1071">
     <span class='ocr_line' id='line_1_40' title="bbox 2110 996 3706 1071; baseline 0.004 -19"><span class='ocrx_word' id='word_1_238' title='bbox 2110 996 2398 1052; x_wconf 89' lang='lat' dir='ltr'><strong>Carthusia</strong></span> <span class='ocrx_word' id='word_1_239' title='bbox 2453 996 2506 1050; x_wconf 92' lang='lat' dir='ltr'><strong>in</strong></span> <span class='ocrx_word' id='word_1_240' title='bbox 2562 996 2769 1051; x_wconf 80' lang='lat' dir='ltr'><strong>octavis</strong></span> <span class='ocrx_word' id='word_1_241' title='bbox 2825 1006 2877 1052; x_wconf 90' lang='lat' dir='ltr'><strong>et</strong></span> <span class='ocrx_word' id='word_1_242' title='bbox 2931 1014 3030 1069; x_wconf 89' lang='lat' dir='ltr'><strong>per</strong></span> <span class='ocrx_word' id='word_1_243' title='bbox 3076 1007 3298 1056; x_wconf 90' lang='lat' dir='ltr'><strong>octavas</strong></span> <span class='ocrx_word' id='word_1_244' title='bbox 3339 1003 3706 1071; x_wconf 66' lang='lat' dir='ltr'><strong>eucharistiaz,</strong></span> 
     </span>
    </p>
   </div>
   <div class='ocr_carea' id='block_1_41' title="bbox 2109 1084 3631 1161">
    <p class='ocr_par' dir='ltr' id='par_1_41' title="bbox 2109 1084 3631 1161">
     <span class='ocr_line' id='line_1_41' title="bbox 2109 1084 3631 1161; baseline 0.003 -20"><span class='ocrx_word' id='word_1_245' title='bbox 2109 1085 2260 1153; x_wconf 90' lang='lat' dir='ltr'><strong>cujus</strong></span> <span class='ocrx_word' id='word_1_246' title='bbox 2292 1085 2543 1157; x_wconf 70' lang='lat' dir='ltr'><strong>legendae</strong></span> <span class='ocrx_word' id='word_1_247' title='bbox 2571 1084 2728 1155; x_wconf 91' lang='lat' dir='ltr'><strong>c0pia</strong></span> <span class='ocrx_word' id='word_1_248' title='bbox 2757 1085 2812 1139; x_wconf 91' lang='lat' dir='ltr'><strong>in</strong></span> <span class='ocrx_word' id='word_1_249' title='bbox 2845 1085 3127 1141; x_wconf 80' lang='lat' dir='ltr'><strong>Caitbusia</strong></span> <span class='ocrx_word' id='word_1_250' title='bbox 3158 1090 3351 1158; x_wconf 91' lang='lat' dir='ltr'><strong>poterit</strong></span> <span class='ocrx_word' id='word_1_251' title='bbox 3382 1091 3631 1161; x_wconf 89' lang='lat' dir='ltr'><strong>reperiri.</strong></span> 
     </span>
    </p>
   </div>
   <div class='ocr_carea' id='block_1_42' title="bbox 2178 1173 3709 1250">
    <p class='ocr_par' dir='ltr' id='par_1_42' title="bbox 2178 1173 3709 1250">
     <span class='ocr_line' id='line_1_42' title="bbox 2178 1173 3709 1250; baseline 0.003 -20"><span class='ocrx_word' id='word_1_252' title='bbox 2178 1178 2268 1231; x_wconf 71' lang='lat'><strong>26.</strong></span> <span class='ocrx_word' id='word_1_253' title='bbox 2303 1173 2479 1228; x_wconf 88' lang='lat' dir='ltr'><strong>Priori</strong></span> <span class='ocrx_word' id='word_1_254' title='bbox 2528 1182 2577 1228; x_wconf 89' lang='lat' dir='ltr'><strong>et</strong></span> <span class='ocrx_word' id='word_1_255' title='bbox 2628 1174 2914 1229; x_wconf 88' lang='lat' dir='ltr'><strong>eonventui</strong></span> <span class='ocrx_word' id='word_1_256' title='bbox 2965 1175 3232 1242; x_wconf 88' lang='lat' dir='ltr'><strong>Liminati,</strong></span> <span class='ocrx_word' id='word_1_257' title='bbox 3278 1186 3330 1232; x_wconf 90' lang='lat' dir='ltr'><strong>et</strong></span> <span class='ocrx_word' id='word_1_258' title='bbox 3360 1178 3481 1233; x_wconf 90' lang='lat' dir='ltr'><strong>aliis</strong></span> <span class='ocrx_word' id='word_1_259' title='bbox 3510 1179 3709 1250; x_wconf 88' lang='lat' dir='ltr'><strong>quibus</strong></span> 
     </span>
    </p>
   </div>
   <div class='ocr_carea' id='block_1_43' title="bbox 2108 1261 3707 1337">
    <p class='ocr_par' dir='ltr' id='par_1_43' title="bbox 2108 1261 3707 1337">
     <span class='ocr_line' id='line_1_43' title="bbox 2108 1261 3707 1337; baseline 0.004 -21"><span class='ocrx_word' id='word_1_260' title='bbox 2108 1261 2375 1332; x_wconf 88' lang='lat' dir='ltr'><strong>placuerit</strong></span> <span class='ocrx_word' id='word_1_261' title='bbox 2405 1263 2738 1327; x_wconf 86' lang='lat' dir='ltr'><strong>conceditur,</strong></span> <span class='ocrx_word' id='word_1_262' title='bbox 2773 1271 2829 1317; x_wconf 90' lang='lat' dir='ltr'><strong>ut</strong></span> <span class='ocrx_word' id='word_1_263' title='bbox 2859 1262 3056 1318; x_wconf 84' lang='lat' dir='ltr'><strong>festum</strong></span> <span class='ocrx_word' id='word_1_264' title='bbox 3088 1265 3471 1337; x_wconf 88' lang='lat' dir='ltr'><strong>Conceptionis</strong></span> <span class='ocrx_word' id='word_1_265' title='bbox 3501 1268 3557 1322; x_wconf 88' lang='lat' dir='ltr'><strong>B.</strong></span> <span class='ocrx_word' id='word_1_266' title='bbox 3590 1269 3707 1324; x_wconf 88' lang='lat' dir='ltr'><strong>vir-</strong></span> 
     </span>
    </p>
   </div>
   <div class='ocr_carea' id='block_1_44' title="bbox 2108 1350 3710 1423">
    <p class='ocr_par' dir='ltr' id='par_1_44' title="bbox 2108 1350 3710 1423">
     <span class='ocr_line' id='line_1_44' title="bbox 2108 1350 3710 1423; baseline 0.005 -20"><span class='ocrx_word' id='word_1_267' title='bbox 2108 1350 2253 1423; x_wconf 83' lang='lat' dir='ltr'><strong>ginis</strong></span> <span class='ocrx_word' id='word_1_268' title='bbox 2284 1350 2463 1404; x_wconf 69' lang='lat' dir='ltr'><strong>Mariua</strong></span> <span class='ocrx_word' id='word_1_269' title='bbox 2494 1350 2703 1420; x_wconf 83' lang='lat' dir='ltr'><strong>possint</strong></span> <span class='ocrx_word' id='word_1_270' title='bbox 2725 1351 3040 1406; x_wconf 88' lang='lat' dir='ltr'><strong>solemniter</strong></span> <span class='ocrx_word' id='word_1_271' title='bbox 3060 1353 3361 1417; x_wconf 86' lang='lat' dir='ltr'><strong>celebrare,</strong></span> <span class='ocrx_word' id='word_1_272' title='bbox 3395 1364 3447 1409; x_wconf 88' lang='lat' dir='ltr'><strong>et</strong></span> <span class='ocrx_word' id='word_1_273' title='bbox 3477 1355 3561 1410; x_wconf 82' lang='lat' dir='ltr'><strong>tiat</strong></span> <span class='ocrx_word' id='word_1_274' title='bbox 3590 1356 3710 1411; x_wconf 82' lang='lat' dir='ltr'><strong>otii-</strong></span> 
     </span>
    </p>
   </div>
   <div class='ocr_carea' id='block_1_45' title="bbox 2107 1438 3707 1515">
    <p class='ocr_par' dir='ltr' id='par_1_45' title="bbox 2107 1438 3707 1515">
     <span class='ocr_line' id='line_1_45' title="bbox 2107 1438 3707 1515; baseline 0.005 -23"><span class='ocrx_word' id='word_1_275' title='bbox 2107 1439 2252 1493; x_wconf 89' lang='lat' dir='ltr'><strong>cium</strong></span> <span class='ocrx_word' id='word_1_276' title='bbox 2283 1439 2421 1494; x_wconf 90' lang='lat' dir='ltr'><strong>sicut</strong></span> <span class='ocrx_word' id='word_1_277' title='bbox 2452 1439 2505 1492; x_wconf 92' lang='lat' dir='ltr'><strong>in</strong></span> <span class='ocrx_word' id='word_1_278' title='bbox 2537 1438 2854 1505; x_wconf 79' lang='lat' dir='ltr'><strong>Nativitate,</strong></span> <span class='ocrx_word' id='word_1_279' title='bbox 2881 1439 2934 1493; x_wconf 90' lang='lat' dir='ltr'><strong>in</strong></span> <span class='ocrx_word' id='word_1_280' title='bbox 2955 1457 3151 1495; x_wconf 86' lang='lat' dir='ltr'><strong>nomen</strong></span> <span class='ocrx_word' id='word_1_281' title='bbox 3189 1441 3579 1515; x_wconf 71' lang='lat' dir='ltr'><strong>Concrptionis</strong></span> <span class='ocrx_word' id='word_1_282' title='bbox 3598 1460 3707 1500; x_wconf 90' lang='lat' dir='ltr'><strong>n0-</strong></span> 
     </span>
    </p>
   </div>
   <div class='ocr_carea' id='block_1_46' title="bbox 2108 1526 3014 1583">
    <p class='ocr_par' dir='ltr' id='par_1_46' title="bbox 2108 1526 3014 1583">
     <span class='ocr_line' id='line_1_46' title="bbox 2108 1526 3014 1583; baseline 0.002 -2"><span class='ocrx_word' id='word_1_283' title='bbox 2108 1526 2253 1581; x_wconf 88' lang='lat' dir='ltr'><strong>mine</strong></span> <span class='ocrx_word' id='word_1_284' title='bbox 2284 1528 2617 1582; x_wconf 77' lang='lat' dir='ltr'><strong>Nativitatis</strong></span> <span class='ocrx_word' id='word_1_285' title='bbox 2667 1536 3014 1583; x_wconf 89' lang='lat' dir='ltr'><strong>commutato.</strong></span> 
     </span>
    </p>
   </div>
   <div class='ocr_carea' id='block_1_47' title="bbox 2178 1613 3705 1690">
    <p class='ocr_par' dir='ltr' id='par_1_47' title="bbox 2178 1613 3705 1690">
     <span class='ocr_line' id='line_1_47' title="bbox 2178 1613 3705 1690; baseline 0.004 -19"><span class='ocrx_word' id='word_1_286' title='bbox 2178 1618 2267 1671; x_wconf 69' lang='grc'><strong>27.</strong></span> <span class='ocrx_word' id='word_1_287' title='bbox 2302 1613 2632 1670; x_wconf 89' lang='lat' dir='ltr'><strong>Conceditur</strong></span> <span class='ocrx_word' id='word_1_288' title='bbox 2663 1614 2847 1669; x_wconf 88' lang='lat' dir='ltr'><strong>domui</strong></span> <span class='ocrx_word' id='word_1_289' title='bbox 2878 1617 3205 1683; x_wconf 70' lang='lat' dir='ltr'><strong>Cartltusim,</strong></span> <span class='ocrx_word' id='word_1_290' title='bbox 3238 1627 3293 1673; x_wconf 93' lang='lat' dir='ltr'><strong>ut</strong></span> <span class='ocrx_word' id='word_1_291' title='bbox 3322 1619 3493 1690; x_wconf 90' lang='lat' dir='ltr'><strong>possit</strong></span> <span class='ocrx_word' id='word_1_292' title='bbox 3522 1620 3705 1678; x_wconf 81' lang='lat' dir='ltr'><strong>facere</strong></span> 
     </span>
    </p>
   </div>
   <div class='ocr_carea' id='block_1_48' title="bbox 2109 1701 3705 1781">
    <p class='ocr_par' dir='ltr' id='par_1_48' title="bbox 2109 1701 3705 1781">
     <span class='ocr_line' id='line_1_48' title="bbox 2109 1701 3705 1781; baseline 0.004 -24"><span class='ocrx_word' id='word_1_293' title='bbox 2109 1701 2306 1757; x_wconf 86' lang='lat' dir='ltr'><strong>festum</strong></span> <span class='ocrx_word' id='word_1_294' title='bbox 2354 1703 2568 1773; x_wconf 87' lang='lat' dir='ltr'><strong>capituli</strong></span> <span class='ocrx_word' id='word_1_295' title='bbox 2614 1703 2683 1757; x_wconf 91' lang='lat' dir='ltr'><strong>de</strong></span> <span class='ocrx_word' id='word_1_296' title='bbox 2714 1704 2914 1757; x_wconf 89' lang='lat' dir='ltr'><strong>domno</strong></span> <span class='ocrx_word' id='word_1_297' title='bbox 2945 1705 3135 1777; x_wconf 87' lang='lat' dir='ltr'><strong>Ugone</strong></span> <span class='ocrx_word' id='word_1_298' title='bbox 3182 1705 3545 1763; x_wconf 89' lang='lat' dir='ltr'><strong>Lincolniensi</strong></span> <span class='ocrx_word' id='word_1_299' title='bbox 3581 1710 3705 1781; x_wconf 87' lang='lat' dir='ltr'><strong>epi-</strong></span> 
     </span>
    </p>
   </div>
   <div class='ocr_carea' id='block_1_49' title="bbox 2114 1790 3244 1861">
    <p class='ocr_par' dir='ltr' id='par_1_49' title="bbox 2114 1790 3244 1861">
     <span class='ocr_line' id='line_1_49' title="bbox 2114 1790 3244 1861; baseline 0.004 -16"><span class='ocrx_word' id='word_1_300' title='bbox 2114 1807 2281 1860; x_wconf 89' lang='lat' dir='ltr'><strong>scopo</strong></span> <span class='ocrx_word' id='word_1_301' title='bbox 2303 1832 2316 1859; x_wconf 95' lang='lat'><strong>,</strong></span> <span class='ocrx_word' id='word_1_302' title='bbox 2352 1791 2446 1861; x_wconf 92' lang='lat' dir='ltr'><strong>qui</strong></span> <span class='ocrx_word' id='word_1_303' title='bbox 2478 1790 2574 1847; x_wconf 84' lang='lat' dir='ltr'><strong>fuit</strong></span> <span class='ocrx_word' id='word_1_304' title='bbox 2605 1791 2903 1845; x_wconf 87' lang='lat' dir='ltr'><strong>monachus</strong></span> <span class='ocrx_word' id='word_1_305' title='bbox 2933 1793 3244 1849; x_wconf 70' lang='lat' dir='ltr'><strong>Carthusitn.</strong></span> 
     </span>
    </p>
   </div>
   <div class='ocr_carea' id='block_1_50' title="bbox 2182 1879 3707 1955">
    <p class='ocr_par' dir='ltr' id='par_1_50' title="bbox 2182 1879 3707 1955">
     <span class='ocr_line' id='line_1_50' title="bbox 2182 1879 3707 1955; baseline 0.005 -20"><span class='ocrx_word' id='word_1_306' title='bbox 2182 1882 2271 1935; x_wconf 77' lang='lat'><strong>28.</strong></span> <span class='ocrx_word' id='word_1_307' title='bbox 2304 1879 2571 1949; x_wconf 88' lang='lat' dir='ltr'><strong>Tempore</strong></span> <span class='ocrx_word' id='word_1_308' title='bbox 2594 1879 2837 1949; x_wconf 85' lang='lat' dir='ltr'><strong>paschali</strong></span> <span class='ocrx_word' id='word_1_309' title='bbox 2858 1880 3070 1935; x_wconf 88' lang='lat' dir='ltr'><strong>dicatur</strong></span> <span class='ocrx_word' id='word_1_310' title='bbox 3088 1883 3429 1955; x_wconf 84' lang='lat' dir='ltr'><strong>evangelium</strong></span> <span class='ocrx_word' id='word_1_311' title='bbox 3452 1887 3560 1955; x_wconf 86' lang='lat' dir='ltr'><strong>Ego</strong></span> <span class='ocrx_word' id='word_1_312' title='bbox 3575 1902 3707 1942; x_wconf 80' lang='lat' dir='ltr'><strong>sum</strong></span> 
     </span>
    </p>
   </div>
   <div class='ocr_carea' id='block_1_51' title="bbox 2107 1965 3704 2042">
    <p class='ocr_par' dir='ltr' id='par_1_51' title="bbox 2107 1965 3704 2042">
     <span class='ocr_line' id='line_1_51' title="bbox 2107 1965 3704 2042; baseline 0.004 -21"><span class='ocrx_word' id='word_1_313' title='bbox 2107 1967 2238 2021; x_wconf 78' lang='lat' dir='ltr'><strong>vitis</strong></span> <span class='ocrx_word' id='word_1_314' title='bbox 2270 1983 2397 2021; x_wconf 80' lang='lat' dir='ltr'><strong>vera</strong></span> <span class='ocrx_word' id='word_1_315' title='bbox 2430 1967 2485 2020; x_wconf 91' lang='lat' dir='ltr'><strong>in</strong></span> <span class='ocrx_word' id='word_1_316' title='bbox 2529 1965 2667 2021; x_wconf 83' lang='lat' dir='ltr'><strong>festo</strong></span> <span class='ocrx_word' id='word_1_317' title='bbox 2698 1968 2757 2021; x_wconf 86' lang='grc' dir='ltr'><strong>Β.</strong></span> <span class='ocrx_word' id='word_1_318' title='bbox 2791 1968 3064 2022; x_wconf 82' lang='lat' dir='ltr'><strong>Ambrosii</strong></span> <span class='ocrx_word' id='word_1_319' title='bbox 3111 1978 3163 2023; x_wconf 92' lang='lat' dir='ltr'><strong>et</strong></span> <span class='ocrx_word' id='word_1_320' title='bbox 3208 1971 3271 2024; x_wconf 90' lang='lat' dir='ltr'><strong>B.</strong></span> <span class='ocrx_word' id='word_1_321' title='bbox 3311 1972 3537 2042; x_wconf 83' lang='lat' dir='ltr'><strong>Ugonis,</strong></span> <span class='ocrx_word' id='word_1_322' title='bbox 3570 1974 3616 2028; x_wconf 87' lang='lat' dir='ltr'><strong>si</strong></span> <span class='ocrx_word' id='word_1_323' title='bbox 3646 1974 3704 2028; x_wconf 86' lang='lat' dir='ltr'><strong>in</strong></span> 
     </span>
    </p>
   </div>
   <div class='ocr_carea' id='block_1_52' title="bbox 2109 2054 3519 2128">
    <p class='ocr_par' dir='ltr' id='par_1_52' title="bbox 2109 2054 3519 2128">
     <span class='ocr_line' id='line_1_52' title="bbox 2109 2054 3519 2128; baseline 0.007 -21"><span class='ocrx_word' id='word_1_324' title='bbox 2109 2054 2249 2108; x_wconf 90' lang='lat' dir='ltr'><strong>dicto</strong></span> <span class='ocrx_word' id='word_1_325' title='bbox 2282 2062 2524 2124; x_wconf 88' lang='lat' dir='ltr'><strong>tempore</strong></span> <span class='ocrx_word' id='word_1_326' title='bbox 2556 2056 2697 2109; x_wconf 88' lang='lat' dir='ltr'><strong>dicta</strong></span> <span class='ocrx_word' id='word_1_327' title='bbox 2731 2054 2862 2110; x_wconf 83' lang='lat' dir='ltr'><strong>festa</strong></span> <span class='ocrx_word' id='word_1_328' title='bbox 2894 2057 3184 2128; x_wconf 79' lang='lat' dir='ltr'><strong>contigerit</strong></span> <span class='ocrx_word' id='word_1_329' title='bbox 3230 2060 3519 2117; x_wconf 85' lang='lat' dir='ltr'><strong>celebrari.</strong></span> 
     </span>
    </p>
   </div>
   <div class='ocr_carea' id='block_1_53' title="bbox 2178 2144 3705 2207">
    <p class='ocr_par' dir='ltr' id='par_1_53' title="bbox 2178 2144 3705 2207">
     <span class='ocr_line' id='line_1_53' title="bbox 2178 2144 3705 2207; baseline 0.006 -9"><span class='ocrx_word' id='word_1_330' title='bbox 2178 2147 2266 2198; x_wconf 68' lang='grc' dir='ltr'><strong>Εἰς).</strong></span> <span class='ocrx_word' id='word_1_331' title='bbox 2292 2144 2571 2197; x_wconf 85' lang='lat' dir='ltr'><strong>Monemus</strong></span> <span class='ocrx_word' id='word_1_332' title='bbox 2603 2151 2659 2197; x_wconf 91' lang='lat' dir='ltr'><strong>ut</strong></span> <span class='ocrx_word' id='word_1_333' title='bbox 2688 2144 2743 2197; x_wconf 93' lang='lat' dir='ltr'><strong>in</strong></span> <span class='ocrx_word' id='word_1_334' title='bbox 2765 2146 3018 2199; x_wconf 87' lang='lat' dir='ltr'><strong>omnibus</strong></span> <span class='ocrx_word' id='word_1_335' title='bbox 3037 2147 3289 2201; x_wconf 91' lang='lat' dir='ltr'><strong>domibus</strong></span> <span class='ocrx_word' id='word_1_336' title='bbox 3311 2164 3705 2207; x_wconf 88' lang='lat' dir='ltr'><strong>conversorum</strong></span> 
     </span>
    </p>
   </div>
   <div class='ocr_carea' id='block_1_54' title="bbox 2106 2230 3699 2309">
    <p class='ocr_par' dir='ltr' id='par_1_54' title="bbox 2106 2230 3699 2309">
     <span class='ocr_line' id='line_1_54' title="bbox 2106 2230 3699 2309; baseline 0.007 -25"><span class='ocrx_word' id='word_1_337' title='bbox 2106 2248 2135 2285; x_wconf 89' lang='lat' dir='ltr'><strong>a</strong></span> <span class='ocrx_word' id='word_1_338' title='bbox 2167 2230 2416 2285; x_wconf 90' lang='lat' dir='ltr'><strong>domibus</strong></span> <span class='ocrx_word' id='word_1_339' title='bbox 2439 2232 2807 2302; x_wconf 90' lang='lat' dir='ltr'><strong>superioribus</strong></span> <span class='ocrx_word' id='word_1_340' title='bbox 2830 2235 3115 2303; x_wconf 87' lang='lat' dir='ltr'><strong>separatis,</strong></span> <span class='ocrx_word' id='word_1_341' title='bbox 3143 2236 3338 2307; x_wconf 90' lang='lat' dir='ltr'><strong>quibus</strong></span> <span class='ocrx_word' id='word_1_342' title='bbox 3354 2246 3436 2293; x_wconf 89' lang='lat' dir='ltr'><strong>est</strong></span> <span class='ocrx_word' id='word_1_343' title='bbox 3460 2240 3699 2309; x_wconf 83' lang='lat' dir='ltr'><strong>capella;</strong></span> 
     </span>
    </p>
   </div>
   <div class='ocr_carea' id='block_1_55' title="bbox 2107 2320 3708 2392">
    <p class='ocr_par' dir='ltr' id='par_1_55' title="bbox 2107 2320 3708 2392">
     <span class='ocr_line' id='line_1_55' title="bbox 2107 2320 3708 2392; baseline 0.006 -18"><span class='ocrx_word' id='word_1_344' title='bbox 2107 2327 2357 2374; x_wconf 90' lang='lat' dir='ltr'><strong>cessante</strong></span> <span class='ocrx_word' id='word_1_345' title='bbox 2407 2320 2555 2388; x_wconf 88' lang='lat' dir='ltr'><strong>justo</strong></span> <span class='ocrx_word' id='word_1_346' title='bbox 2612 2320 3034 2392; x_wconf 88' lang='lat' dir='ltr'><strong>impedimento,</strong></span> <span class='ocrx_word' id='word_1_347' title='bbox 3094 2323 3399 2379; x_wconf 86' lang='lat' dir='ltr'><strong>celebretur</strong></span> <span class='ocrx_word' id='word_1_348' title='bbox 3448 2328 3616 2382; x_wconf 90' lang='lat' dir='ltr'><strong>missa</strong></span> <span class='ocrx_word' id='word_1_349' title='bbox 3670 2344 3708 2383; x_wconf 83' lang='lat' dir='ltr'><strong>a</strong></span> 
     </span>
    </p>
   </div>
   <div class='ocr_carea' id='block_1_56' title="bbox 2106 2407 3704 2477">
    <p class='ocr_par' dir='ltr' id='par_1_56' title="bbox 2106 2407 3704 2477">
     <span class='ocr_line' id='line_1_56' title="bbox 2106 2407 3704 2477; baseline 0.008 -18"><span class='ocrx_word' id='word_1_350' title='bbox 2106 2407 2290 2477; x_wconf 88' lang='lat' dir='ltr'><strong>priore</strong></span> <span class='ocrx_word' id='word_1_351' title='bbox 2320 2407 2405 2462; x_wconf 89' lang='lat' dir='ltr'><strong>vel</strong></span> <span class='ocrx_word' id='word_1_352' title='bbox 2455 2418 2805 2477; x_wconf 87' lang='lat' dir='ltr'><strong>procuratore</strong></span> <span class='ocrx_word' id='word_1_353' title='bbox 2832 2452 2844 2474; x_wconf 92' lang='lat'><strong>,</strong></span> <span class='ocrx_word' id='word_1_354' title='bbox 2897 2409 2979 2463; x_wconf 91' lang='lat' dir='ltr'><strong>bis</strong></span> <span class='ocrx_word' id='word_1_355' title='bbox 3022 2411 3106 2466; x_wconf 88' lang='lat' dir='ltr'><strong>vel</strong></span> <span class='ocrx_word' id='word_1_356' title='bbox 3146 2421 3226 2467; x_wconf 91' lang='lat' dir='ltr'><strong>ter</strong></span> <span class='ocrx_word' id='word_1_357' title='bbox 3243 2414 3311 2467; x_wconf 94' lang='lat' dir='ltr'><strong>ad</strong></span> <span class='ocrx_word' id='word_1_358' title='bbox 3343 2414 3609 2470; x_wconf 90' lang='lat' dir='ltr'><strong>minus....</strong></span> <span class='ocrx_word' id='word_1_359' title='bbox 3642 2416 3704 2472; x_wconf 91' lang='lat' dir='ltr'><strong>Si</strong></span> 
     </span>
    </p>
   </div>
   <div class='ocr_carea' id='block_1_57' title="bbox 2107 2495 3705 2572">
    <p class='ocr_par' dir='ltr' id='par_1_57' title="bbox 2107 2495 3705 2572">
     <span class='ocr_line' id='line_1_57' title="bbox 2107 2495 3705 2572; baseline 0.006 -23"><span class='ocrx_word' id='word_1_360' title='bbox 2107 2511 2238 2549; x_wconf 90' lang='lat' dir='ltr'><strong>vero</strong></span> <span class='ocrx_word' id='word_1_361' title='bbox 2285 2495 2436 2565; x_wconf 90' lang='lat' dir='ltr'><strong>prior</strong></span> <span class='ocrx_word' id='word_1_362' title='bbox 2464 2495 2517 2549; x_wconf 90' lang='lat' dir='ltr'><strong>in</strong></span> <span class='ocrx_word' id='word_1_363' title='bbox 2548 2497 2843 2566; x_wconf 74' lang='lat' dir='ltr'><strong>prmmissis</strong></span> <span class='ocrx_word' id='word_1_364' title='bbox 2873 2497 3131 2553; x_wconf 84' lang='lat' dir='ltr'><strong>defecerit</strong></span> <span class='ocrx_word' id='word_1_365' title='bbox 3162 2501 3461 2572; x_wconf 85' lang='lat' dir='ltr'><strong>explendis,</strong></span> <span class='ocrx_word' id='word_1_366' title='bbox 3506 2502 3705 2559; x_wconf 87' lang='lat' dir='ltr'><strong>clamet</strong></span> 
     </span>
    </p>
   </div>
   <div class='ocr_carea' id='block_1_58' title="bbox 2106 2582 3163 2655">
    <p class='ocr_par' dir='ltr' id='par_1_58' title="bbox 2106 2582 3163 2655">
     <span class='ocr_line' id='line_1_58' title="bbox 2106 2582 3163 2655; baseline 0.005 -19"><span class='ocrx_word' id='word_1_367' title='bbox 2106 2582 2317 2653; x_wconf 89' lang='lat' dir='ltr'><strong>culpam</strong></span> <span class='ocrx_word' id='word_1_368' title='bbox 2353 2598 2507 2637; x_wconf 91' lang='lat' dir='ltr'><strong>suam</strong></span> <span class='ocrx_word' id='word_1_369' title='bbox 2538 2582 2591 2637; x_wconf 91' lang='lat' dir='ltr'><strong>in</strong></span> <span class='ocrx_word' id='word_1_370' title='bbox 2619 2584 2855 2654; x_wconf 89' lang='lat' dir='ltr'><strong>capitulo</strong></span> <span class='ocrx_word' id='word_1_371' title='bbox 2894 2585 3163 2655; x_wconf 85' lang='lat' dir='ltr'><strong>proximo.</strong></span> 
     </span>
    </p>
   </div>
   <div class='ocr_carea' id='block_1_59' title="bbox 2179 2671 3708 2743">
    <p class='ocr_par' dir='ltr' id='par_1_59' title="bbox 2179 2671 3708 2743">
     <span class='ocr_line' id='line_1_59' title="bbox 2179 2671 3708 2743; baseline 0.007 -20"><span class='ocrx_word' id='word_1_372' title='bbox 2179 2673 2265 2724; x_wconf 87' lang='lat'><strong>30.</strong></span> <span class='ocrx_word' id='word_1_373' title='bbox 2298 2671 2690 2735; x_wconf 84' lang='lat' dir='ltr'><strong>Tricenarium,</strong></span> <span class='ocrx_word' id='word_1_374' title='bbox 2714 2672 2858 2743; x_wconf 89' lang='lat' dir='ltr'><strong>quod</strong></span> <span class='ocrx_word' id='word_1_375' title='bbox 2882 2689 3202 2729; x_wconf 90' lang='lat' dir='ltr'><strong>concessum</strong></span> <span class='ocrx_word' id='word_1_376' title='bbox 3233 2684 3315 2731; x_wconf 92' lang='lat' dir='ltr'><strong>est</strong></span> <span class='ocrx_word' id='word_1_377' title='bbox 3336 2677 3554 2733; x_wconf 90' lang='lat' dir='ltr'><strong>domino</strong></span> <span class='ocrx_word' id='word_1_378' title='bbox 3574 2680 3708 2733; x_wconf 66' lang='lat' dir='ltr'><strong>Ain-</strong></span> 
     </span>
    </p>
   </div>
   <div class='ocr_carea' id='block_1_60' title="bbox 2106 2757 3700 2833">
    <p class='ocr_par' dir='ltr' id='par_1_60' title="bbox 2106 2757 3700 2833">
     <span class='ocr_line' id='line_1_60' title="bbox 2106 2757 3700 2833; baseline 0.007 -22"><span class='ocrx_word' id='word_1_379' title='bbox 2106 2757 2300 2813; x_wconf 89' lang='lat' dir='ltr'><strong>blardo</strong></span> <span class='ocrx_word' id='word_1_380' title='bbox 2330 2759 2487 2812; x_wconf 90' lang='lat' dir='ltr'><strong>annis</strong></span> <span class='ocrx_word' id='word_1_381' title='bbox 2518 2759 2750 2831; x_wconf 84' lang='lat' dir='ltr'><strong>singulis</strong></span> <span class='ocrx_word' id='word_1_382' title='bbox 2778 2761 3223 2833; x_wconf 86' lang='lat' dir='ltr'><strong>persolvendum,</strong></span> <span class='ocrx_word' id='word_1_383' title='bbox 3245 2764 3392 2821; x_wconf 90' lang='lat' dir='ltr'><strong>circa</strong></span> <span class='ocrx_word' id='word_1_384' title='bbox 3419 2765 3616 2821; x_wconf 86' lang='lat' dir='ltr'><strong>festum</strong></span> <span class='ocrx_word' id='word_1_385' title='bbox 3638 2767 3700 2822; x_wconf 94' lang='lat' dir='ltr'><strong>S.</strong></span> 
     </span>
    </p>
   </div>
   <div class='ocr_carea' id='block_1_61' title="bbox 2105 2846 3703 2920">
    <p class='ocr_par' dir='ltr' id='par_1_61' title="bbox 2105 2846 3703 2920">
     <span class='ocr_line' id='line_1_61' title="bbox 2105 2846 3703 2920; baseline 0.004 -19"><span class='ocrx_word' id='word_1_386' title='bbox 2105 2846 2276 2901; x_wconf 86' lang='lat' dir='ltr'><strong>Marci</strong></span> <span class='ocrx_word' id='word_1_387' title='bbox 2307 2846 2659 2918; x_wconf 70' lang='lat' dir='ltr'><strong>evangelista:</strong></span> <span class='ocrx_word' id='word_1_388' title='bbox 2687 2848 2869 2904; x_wconf 90' lang='lat' dir='ltr'><strong>debite</strong></span> <span class='ocrx_word' id='word_1_389' title='bbox 2898 2851 3261 2920; x_wconf 88' lang='lat' dir='ltr'><strong>persolvatur,</strong></span> <span class='ocrx_word' id='word_1_390' title='bbox 3311 2853 3448 2909; x_wconf 90' lang='lat' dir='ltr'><strong>sicut</strong></span> <span class='ocrx_word' id='word_1_391' title='bbox 3474 2852 3533 2908; x_wconf 85' lang='lat' dir='ltr'><strong>fit</strong></span> <span class='ocrx_word' id='word_1_392' title='bbox 3561 2854 3703 2910; x_wconf 86' lang='lat' dir='ltr'><strong>Car-</strong></span> 
     </span>
    </p>
   </div>
   <div class='ocr_carea' id='block_1_62' title="bbox 2105 2934 3708 3012">
    <p class='ocr_par' dir='ltr' id='par_1_62' title="bbox 2105 2934 3708 3012">
     <span class='ocr_line' id='line_1_62' title="bbox 2105 2934 3708 3012; baseline 0.006 -24"><span class='ocrx_word' id='word_1_393' title='bbox 2105 2934 2330 3000; x_wconf 70' lang='lat' dir='ltr'><strong>thusiaa,</strong></span> <span class='ocrx_word' id='word_1_394' title='bbox 2383 2934 2637 2991; x_wconf 85' lang='lat' dir='ltr'><strong>videlicet</strong></span> <span class='ocrx_word' id='word_1_395' title='bbox 2681 2943 2737 2991; x_wconf 92' lang='lat' dir='ltr'><strong>ut</strong></span> <span class='ocrx_word' id='word_1_396' title='bbox 2766 2953 2864 3007; x_wconf 91' lang='lat' dir='ltr'><strong>pro</strong></span> <span class='ocrx_word' id='word_1_397' title='bbox 2896 2938 3015 3009; x_wconf 91' lang='lat' dir='ltr'><strong>ipso</strong></span> <span class='ocrx_word' id='word_1_398' title='bbox 3044 2947 3097 2994; x_wconf 94' lang='lat' dir='ltr'><strong>et</strong></span> <span class='ocrx_word' id='word_1_399' title='bbox 3125 2940 3236 2995; x_wconf 90' lang='lat' dir='ltr'><strong>suis</strong></span> <span class='ocrx_word' id='word_1_400' title='bbox 3266 2942 3583 3012; x_wconf 90' lang='lat' dir='ltr'><strong>parentibus</strong></span> <span class='ocrx_word' id='word_1_401' title='bbox 3613 2943 3708 2998; x_wconf 90' lang='lat' dir='ltr'><strong>di-</strong></span> 
     </span>
    </p>
   </div>
   <div class='ocr_carea' id='block_1_63' title="bbox 2106 3021 3705 3101">
    <p class='ocr_par' dir='ltr' id='par_1_63' title="bbox 2106 3021 3705 3101">
     <span class='ocr_line' id='line_1_63' title="bbox 2106 3021 3705 3101; baseline 0.006 -24"><span class='ocrx_word' id='word_1_402' title='bbox 2106 3030 2259 3078; x_wconf 87' lang='lat' dir='ltr'><strong>catur</strong></span> <span class='ocrx_word' id='word_1_403' title='bbox 2286 3021 2466 3093; x_wconf 90' lang='lat' dir='ltr'><strong>prima</strong></span> <span class='ocrx_word' id='word_1_404' title='bbox 2494 3024 2669 3078; x_wconf 86' lang='lat' dir='ltr'><strong>oratio</strong></span> <span class='ocrx_word' id='word_1_405' title='bbox 2702 3025 3017 3081; x_wconf 82' lang='lat' dir='ltr'><strong>Inclina....</strong></span> <span class='ocrx_word' id='word_1_406' title='bbox 3049 3029 3398 3098; x_wconf 80' lang='lat' dir='ltr'><strong>famulorum</strong></span> <span class='ocrx_word' id='word_1_407' title='bbox 3422 3034 3476 3086; x_wconf 85' lang='lat' dir='ltr'><strong>et</strong></span> <span class='ocrx_word' id='word_1_408' title='bbox 3505 3033 3705 3101; x_wconf 80' lang='lat' dir='ltr'><strong>famu-</strong></span> 
     </span>
    </p>
   </div>
   <div class='ocr_carea' id='block_1_64' title="bbox 2108 3110 2887 3177">
    <p class='ocr_par' dir='ltr' id='par_1_64' title="bbox 2108 3110 2887 3177">
     <span class='ocr_line' id='line_1_64' title="bbox 2108 3110 2887 3177; baseline 0.003 -11"><span class='ocrx_word' id='word_1_409' title='bbox 2108 3111 2294 3166; x_wconf 86' lang='lat' dir='ltr'><strong>larum</strong></span> <span class='ocrx_word' id='word_1_410' title='bbox 2318 3130 2335 3177; x_wconf 88' lang='lat'><em>;</em></span> <span class='ocrx_word' id='word_1_411' title='bbox 2366 3110 2563 3166; x_wconf 90' lang='lat' dir='ltr'><strong>deinde</strong></span> <span class='ocrx_word' id='word_1_412' title='bbox 2593 3121 2887 3168; x_wconf 63' lang='lat' dir='ltr'><strong>consuetae.</strong></span> 
     </span>
    </p>
   </div>
   <div class='ocr_carea' id='block_1_65' title="bbox 409 3165 3701 3279">
    <p class='ocr_par' dir='ltr' id='par_1_65' title="bbox 409 3165 3701 3279">
     <span class='ocr_line' id='line_1_65' title="bbox 409 3165 3701 3279; baseline -0.002 -17"><span class='ocrx_word' id='word_1_413' title='bbox 409 3207 719 3279; x_wconf 67' lang='lat' dir='ltr'><strong>antiphonm</strong></span> <span class='ocrx_word' id='word_1_414' title='bbox 746 3215 1113 3273; x_wconf 89' lang='lat' dir='ltr'><strong>resumantur,</strong></span> <span class='ocrx_word' id='word_1_415' title='bbox 1149 3208 1355 3263; x_wconf 88' lang='lat' dir='ltr'><strong>scilicet</strong></span> <span class='ocrx_word' id='word_1_416' title='bbox 1384 3208 1439 3262; x_wconf 92' lang='lat' dir='ltr'><strong>in</strong></span> <span class='ocrx_word' id='word_1_417' title='bbox 1460 3221 1596 3263; x_wconf 90' lang='lat' dir='ltr'><strong>voce</strong></span> <span class='ocrx_word' id='word_1_418' title='bbox 1628 3205 1684 3259; x_wconf 91' lang='lat' dir='ltr'><strong>in</strong></span> <span class='ocrx_word' id='word_1_419' title='bbox 1722 3220 1825 3276; x_wconf 87' lang='lat' dir='ltr'><strong>qua</strong></span> <span class='ocrx_word' id='word_1_420' title='bbox 1854 3203 2003 3275; x_wconf 89' lang='lat' dir='ltr'><strong>psal-</strong></span> <span class='ocrx_word' id='word_1_421' title='bbox 2028 3165 2075 3226; x_wconf 72' lang='grc' dir='ltr'>Ο</span> <span class='ocrx_word' id='word_1_422' title='bbox 2177 3202 2263 3253; x_wconf 89' lang='grc'><strong>31.</strong></span> <span class='ocrx_word' id='word_1_423' title='bbox 2297 3199 2444 3254; x_wconf 92' lang='lat' dir='ltr'><strong>Licet</strong></span> <span class='ocrx_word' id='word_1_424' title='bbox 2474 3206 2731 3254; x_wconf 91' lang='lat' dir='ltr'><strong>statutum</strong></span> <span class='ocrx_word' id='word_1_425' title='bbox 2763 3201 2830 3255; x_wconf 90' lang='lat' dir='ltr'><strong>sit</strong></span> <span class='ocrx_word' id='word_1_426' title='bbox 2862 3202 3005 3272; x_wconf 91' lang='lat' dir='ltr'><strong>quod</strong></span> <span class='ocrx_word' id='word_1_427' title='bbox 3031 3218 3194 3274; x_wconf 86' lang='lat' dir='ltr'><strong>super</strong></span> <span class='ocrx_word' id='word_1_428' title='bbox 3217 3220 3420 3260; x_wconf 90' lang='lat' dir='ltr'><strong>annum</strong></span> <span class='ocrx_word' id='word_1_429' title='bbox 3442 3206 3701 3261; x_wconf 82' lang='lat' dir='ltr'><strong>dicantur</strong></span> 
     </span>
    </p>
   </div>
   <div class='ocr_carea' id='block_1_66' title="bbox 407 3294 1625 3353">
    <p class='ocr_par' dir='ltr' id='par_1_66' title="bbox 407 3294 1625 3353">
     <span class='ocr_line' id='line_1_66' title="bbox 407 3294 1625 3353; baseline 0.001 -3"><span class='ocrx_word' id='word_1_430' title='bbox 407 3296 590 3353; x_wconf 89' lang='lat' dir='ltr'><strong>modia</strong></span> <span class='ocrx_word' id='word_1_431' title='bbox 619 3302 703 3351; x_wconf 90' lang='lat' dir='ltr'><strong>est</strong></span> <span class='ocrx_word' id='word_1_432' title='bbox 730 3294 896 3351; x_wconf 86' lang='lat' dir='ltr'><strong>ﬁnita.</strong></span> <span class='ocrx_word' id='word_1_433' title='bbox 1606 3337 1625 3351; x_wconf 90' lang='lat'><strong>.</strong></span> 
     </span>
    </p>
   </div>
   <div class='ocr_carea' id='block_1_67' title="bbox 478 3380 2002 3453">
    <p class='ocr_par' dir='ltr' id='par_1_67' title="bbox 478 3380 2002 3453">
     <span class='ocr_line' id='line_1_67' title="bbox 478 3380 2002 3453; baseline -0.005 -11"><span class='ocrx_word' id='word_1_434' title='bbox 478 3388 567 3442; x_wconf 77' lang='grc'><strong>21.</strong></span> <span class='ocrx_word' id='word_1_435' title='bbox 601 3384 893 3439; x_wconf 90' lang='lat' dir='ltr'><strong>Criminosi</strong></span> <span class='ocrx_word' id='word_1_436' title='bbox 922 3384 1252 3440; x_wconf 89' lang='lat' dir='ltr'><strong>reconciliati</strong></span> <span class='ocrx_word' id='word_1_437' title='bbox 1277 3383 1457 3439; x_wconf 89' lang='lat' dir='ltr'><strong>ordini</strong></span> <span class='ocrx_word' id='word_1_438' title='bbox 1500 3381 1781 3453; x_wconf 87' lang='lat' dir='ltr'><strong>spirituale</strong></span> <span class='ocrx_word' id='word_1_439' title='bbox 1827 3380 2002 3435; x_wconf 91' lang='lat' dir='ltr'><strong>bene-</strong></span> 
     </span>
    </p>
   </div>
   <div class='ocr_carea' id='block_1_68' title="bbox 407 3469 2001 3545">
    <p class='ocr_par' dir='ltr' id='par_1_68' title="bbox 407 3469 2001 3545">
     <span class='ocr_line' id='line_1_68' title="bbox 407 3469 2001 3545; baseline -0.003 -18"><span class='ocrx_word' id='word_1_440' title='bbox 407 3471 587 3529; x_wconf 82' lang='lat' dir='ltr'><strong>ficium</strong></span> <span class='ocrx_word' id='word_1_441' title='bbox 620 3473 887 3541; x_wconf 88' lang='lat' dir='ltr'><strong>habeant,</strong></span> <span class='ocrx_word' id='word_1_442' title='bbox 918 3474 1069 3542; x_wconf 87' lang='lat' dir='ltr'><strong>juxta</strong></span> <span class='ocrx_word' id='word_1_443' title='bbox 1099 3474 1326 3545; x_wconf 89' lang='lat' dir='ltr'><strong>gradum</strong></span> <span class='ocrx_word' id='word_1_444' title='bbox 1359 3472 1428 3526; x_wconf 91' lang='lat' dir='ltr'><strong>ad</strong></span> <span class='ocrx_word' id='word_1_445' title='bbox 1459 3487 1622 3543; x_wconf 86' lang='lat' dir='ltr'><strong>quem</strong></span> <span class='ocrx_word' id='word_1_446' title='bbox 1652 3469 1870 3525; x_wconf 80' lang='lat' dir='ltr'><strong>fuerunt</strong></span> <span class='ocrx_word' id='word_1_447' title='bbox 1910 3484 2001 3523; x_wconf 88' lang='lat' dir='ltr'><strong>re-</strong></span> 
     </span>
    </p>
   </div>
   <div class='ocr_carea' id='block_1_69' title="bbox 404 3560 590 3617">
    <p class='ocr_par' dir='ltr' id='par_1_69' title="bbox 404 3560 590 3617">
     <span class='ocr_line' id='line_1_69' title="bbox 404 3560 590 3617; baseline 0.005 -2"><span class='ocrx_word' id='word_1_448' title='bbox 404 3560 590 3617; x_wconf 88' lang='lat' dir='ltr'><strong>stituti.</strong></span> 
     </span>
    </p>
   </div>
   <div class='ocr_carea' id='block_1_70' title="bbox 475 3645 2005 3721">
    <p class='ocr_par' dir='ltr' id='par_1_70' title="bbox 475 3645 2005 3721">
     <span class='ocr_line' id='line_1_70' title="bbox 475 3645 2005 3721; baseline -0.006 -14"><span class='ocrx_word' id='word_1_449' title='bbox 475 3653 565 3707; x_wconf 72' lang='grc'><strong>22.</strong></span> <span class='ocrx_word' id='word_1_450' title='bbox 590 3647 920 3706; x_wconf 87' lang='lat' dir='ltr'><strong>Ordinamus</strong></span> <span class='ocrx_word' id='word_1_451' title='bbox 940 3650 1087 3721; x_wconf 92' lang='lat' dir='ltr'><strong>quod</strong></span> <span class='ocrx_word' id='word_1_452' title='bbox 1108 3648 1327 3720; x_wconf 89' lang='lat' dir='ltr'><strong>quando</strong></span> <span class='ocrx_word' id='word_1_453' title='bbox 1356 3648 1510 3718; x_wconf 86' lang='lat' dir='ltr'><strong>plura</strong></span> <span class='ocrx_word' id='word_1_454' title='bbox 1541 3645 1827 3701; x_wconf 88' lang='lat' dir='ltr'><strong>tricenaria</strong></span> <span class='ocrx_word' id='word_1_455' title='bbox 1845 3651 2005 3699; x_wconf 89' lang='lat' dir='ltr'><strong>erunt</strong></span> 
     </span>
    </p>
   </div>
   <div class='ocr_carea' id='block_1_71' title="bbox 404 3732 2002 3808">
    <p class='ocr_par' dir='ltr' id='par_1_71' title="bbox 404 3732 2002 3808">
     <span class='ocr_line' id='line_1_71' title="bbox 404 3732 2002 3808; baseline -0.004 -15"><span class='ocrx_word' id='word_1_456' title='bbox 404 3737 733 3805; x_wconf 87' lang='lat' dir='ltr'><strong>inchoanda,</strong></span> <span class='ocrx_word' id='word_1_457' title='bbox 754 3738 993 3808; x_wconf 73' lang='lat' dir='ltr'><strong>incmpto</strong></span> <span class='ocrx_word' id='word_1_458' title='bbox 1021 3738 1200 3808; x_wconf 90' lang='lat' dir='ltr'><strong>primo</strong></span> <span class='ocrx_word' id='word_1_459' title='bbox 1231 3735 1525 3792; x_wconf 89' lang='lat' dir='ltr'><strong>tricenario</strong></span> <span class='ocrx_word' id='word_1_460' title='bbox 1554 3751 1586 3789; x_wconf 91' lang='lat' dir='ltr'><strong>a</strong></span> <span class='ocrx_word' id='word_1_461' title='bbox 1606 3735 1786 3806; x_wconf 90' lang='lat' dir='ltr'><strong>priore</strong></span> <span class='ocrx_word' id='word_1_462' title='bbox 1816 3733 1903 3788; x_wconf 89' lang='lat' dir='ltr'><strong>vel</strong></span> <span class='ocrx_word' id='word_1_463' title='bbox 1932 3732 2002 3788; x_wconf 92' lang='lat' dir='ltr'><strong>ab</strong></span> 
     </span>
    </p>
   </div>
   <div class='ocr_carea' id='block_1_72' title="bbox 404 3821 2002 3897">
    <p class='ocr_par' dir='ltr' id='par_1_72' title="bbox 404 3821 2002 3897">
     <span class='ocr_line' id='line_1_72' title="bbox 404 3821 2002 3897; baseline -0.003 -17"><span class='ocrx_word' id='word_1_464' title='bbox 404 3825 698 3897; x_wconf 90' lang='lat' dir='ltr'><strong>antiquiori</strong></span> <span class='ocrx_word' id='word_1_465' title='bbox 716 3867 734 3892; x_wconf 94' lang='lat'><strong>,</strong></span> <span class='ocrx_word' id='word_1_466' title='bbox 785 3834 982 3881; x_wconf 68' lang='lat' dir='ltr'><strong>caetera</strong></span> <span class='ocrx_word' id='word_1_467' title='bbox 1010 3824 1336 3895; x_wconf 88' lang='lat' dir='ltr'><strong>incipiantur</strong></span> <span class='ocrx_word' id='word_1_468' title='bbox 1364 3824 1434 3879; x_wconf 92' lang='lat' dir='ltr'><strong>ab</strong></span> <span class='ocrx_word' id='word_1_469' title='bbox 1462 3824 1572 3892; x_wconf 89' lang='lat' dir='ltr'><strong>eis,</strong></span> <span class='ocrx_word' id='word_1_470' title='bbox 1612 3823 1810 3895; x_wconf 88' lang='lat' dir='ltr'><strong>quibus</strong></span> <span class='ocrx_word' id='word_1_471' title='bbox 1837 3821 2002 3876; x_wconf 91' lang='lat' dir='ltr'><strong>missa</strong></span> 
     </span>
    </p>
   </div>
   <div class='ocr_carea' id='block_1_73' title="bbox 404 3911 1787 3984">
    <p class='ocr_par' dir='ltr' id='par_1_73' title="bbox 404 3911 1787 3984">
     <span class='ocr_line' id='line_1_73' title="bbox 404 3911 1787 3984; baseline -0.002 -16"><span class='ocrx_word' id='word_1_472' title='bbox 404 3912 683 3970; x_wconf 85' lang='lat' dir='ltr'><strong>tricenarii</strong></span> <span class='ocrx_word' id='word_1_473' title='bbox 724 3912 834 3981; x_wconf 87' lang='lat' dir='ltr'><strong>jam</strong></span> <span class='ocrx_word' id='word_1_474' title='bbox 867 3913 1088 3983; x_wconf 86' lang='lat' dir='ltr'><strong>incoepti</strong></span> <span class='ocrx_word' id='word_1_475' title='bbox 1120 3911 1409 3984; x_wconf 85' lang='lat' dir='ltr'><strong>contigerit</strong></span> <span class='ocrx_word' id='word_1_476' title='bbox 1437 3911 1787 3967; x_wconf 90' lang='lat' dir='ltr'><strong>celebranda.</strong></span> 
     </span>
    </p>
   </div>
   <div class='ocr_carea' id='block_1_74' title="bbox 474 3999 2005 4071">
    <p class='ocr_par' dir='ltr' id='par_1_74' title="bbox 474 3999 2005 4071">
     <span class='ocr_line' id='line_1_74' title="bbox 474 3999 2005 4071; baseline -0.003 -15"><span class='ocrx_word' id='word_1_477' title='bbox 474 4004 564 4057; x_wconf 74' lang='lat'><strong>23.</strong></span> <span class='ocrx_word' id='word_1_478' title='bbox 611 4000 922 4071; x_wconf 70' lang='lat' dir='ltr'><strong>Praecipitur</strong></span> <span class='ocrx_word' id='word_1_479' title='bbox 966 4007 1025 4055; x_wconf 84' lang='lat' dir='ltr'><strong>ut</strong></span> <span class='ocrx_word' id='word_1_480' title='bbox 1072 4000 1370 4055; x_wconf 90' lang='lat' dir='ltr'><strong>districtius</strong></span> <span class='ocrx_word' id='word_1_481' title='bbox 1415 4009 1465 4056; x_wconf 92' lang='lat' dir='ltr'><strong>et</strong></span> <span class='ocrx_word' id='word_1_482' title='bbox 1510 3999 1780 4056; x_wconf 78' lang='lat' dir='ltr'><strong>eflicacius</strong></span> <span class='ocrx_word' id='word_1_483' title='bbox 1827 4004 2005 4069; x_wconf 87' lang='lat' dir='ltr'><strong>potest</strong></span> 
     </span>
    </p>
   </div>
   <div class='ocr_carea' id='block_1_75' title="bbox 404 4088 2001 4159">
    <p class='ocr_par' dir='ltr' id='par_1_75' title="bbox 404 4088 2001 4159">
     <span class='ocr_line' id='line_1_75' title="bbox 404 4088 2001 4159; baseline -0.003 -15"><span class='ocrx_word' id='word_1_484' title='bbox 404 4088 542 4153; x_wconf 76' lang='lat' dir='ltr'><strong>fieri,</strong></span> <span class='ocrx_word' id='word_1_485' title='bbox 577 4088 829 4143; x_wconf 91' lang='lat' dir='ltr'><strong>omnibus</strong></span> <span class='ocrx_word' id='word_1_486' title='bbox 857 4089 1108 4159; x_wconf 89' lang='lat' dir='ltr'><strong>personis</strong></span> <span class='ocrx_word' id='word_1_487' title='bbox 1138 4088 1343 4142; x_wconf 91' lang='lat' dir='ltr'><strong>ordinis</strong></span> <span class='ocrx_word' id='word_1_488' title='bbox 1372 4098 1429 4143; x_wconf 92' lang='lat' dir='ltr'><strong>ut</strong></span> <span class='ocrx_word' id='word_1_489' title='bbox 1449 4089 1597 4143; x_wconf 92' lang='lat' dir='ltr'><strong>nullo</strong></span> <span class='ocrx_word' id='word_1_490' title='bbox 1627 4088 1789 4143; x_wconf 92' lang='lat' dir='ltr'><strong>modo</strong></span> <span class='ocrx_word' id='word_1_491' title='bbox 1815 4129 1827 4155; x_wconf 94' lang='lat'><strong>,</strong></span> <span class='ocrx_word' id='word_1_492' title='bbox 1860 4102 2001 4158; x_wconf 88' lang='lat' dir='ltr'><strong>quo-</strong></span> 
     </span>
    </p>
   </div>
   <div class='ocr_carea' id='block_1_76' title="bbox 406 4176 2001 4248">
    <p class='ocr_par' dir='ltr' id='par_1_76' title="bbox 406 4176 2001 4248">
     <span class='ocr_line' id='line_1_76' title="bbox 406 4176 2001 4248; baseline -0.003 -16"><span class='ocrx_word' id='word_1_493' title='bbox 406 4177 489 4232; x_wconf 87' lang='lat' dir='ltr'><strong>vis</strong></span> <span class='ocrx_word' id='word_1_494' title='bbox 512 4176 696 4233; x_wconf 88' lang='lat' dir='ltr'><strong>colore</strong></span> <span class='ocrx_word' id='word_1_495' title='bbox 720 4219 734 4243; x_wconf 91' lang='lat'><strong>,</strong></span> <span class='ocrx_word' id='word_1_496' title='bbox 786 4194 887 4248; x_wconf 88' lang='lat' dir='ltr'><strong>per</strong></span> <span class='ocrx_word' id='word_1_497' title='bbox 933 4194 993 4232; x_wconf 92' lang='lat' dir='ltr'><strong>se</strong></span> <span class='ocrx_word' id='word_1_498' title='bbox 1038 4177 1126 4232; x_wconf 92' lang='lat' dir='ltr'><strong>vel</strong></span> <span class='ocrx_word' id='word_1_499' title='bbox 1156 4178 1343 4243; x_wconf 91' lang='lat' dir='ltr'><strong>alium,</strong></span> <span class='ocrx_word' id='word_1_500' title='bbox 1391 4178 1599 4233; x_wconf 84' lang='lat' dir='ltr'><strong>directe</strong></span> <span class='ocrx_word' id='word_1_501' title='bbox 1626 4177 1711 4234; x_wconf 90' lang='lat' dir='ltr'><strong>vel</strong></span> <span class='ocrx_word' id='word_1_502' title='bbox 1736 4176 2001 4231; x_wconf 89' lang='lat' dir='ltr'><strong>indirecte</strong></span> 
     </span>
    </p>
   </div>
   <div class='ocr_carea' id='block_1_77' title="bbox 406 4263 2001 4337">
    <p class='ocr_par' dir='ltr' id='par_1_77' title="bbox 406 4263 2001 4337">
     <span class='ocr_line' id='line_1_77' title="bbox 406 4263 2001 4337; baseline 0.003 -18"><span class='ocrx_word' id='word_1_503' title='bbox 406 4263 582 4331; x_wconf 87' lang='lat' dir='ltr'><strong>factis,</strong></span> <span class='ocrx_word' id='word_1_504' title='bbox 616 4265 816 4329; x_wconf 88' lang='lat' dir='ltr'><strong>verbis,</strong></span> <span class='ocrx_word' id='word_1_505' title='bbox 850 4266 935 4320; x_wconf 89' lang='lat' dir='ltr'><strong>vel</strong></span> <span class='ocrx_word' id='word_1_506' title='bbox 966 4266 1161 4321; x_wconf 88' lang='lat' dir='ltr'><strong>litteris</strong></span> <span class='ocrx_word' id='word_1_507' title='bbox 1194 4267 1432 4337; x_wconf 87' lang='lat' dir='ltr'><strong>aliquam</strong></span> <span class='ocrx_word' id='word_1_508' title='bbox 1463 4283 1785 4337; x_wconf 88' lang='lat' dir='ltr'><strong>personam,</strong></span> <span class='ocrx_word' id='word_1_509' title='bbox 1816 4269 2001 4337; x_wconf 91' lang='lat' dir='ltr'><strong>cujus-</strong></span> 
     </span>
    </p>
   </div>
   <div class='ocr_carea' id='block_1_78' title="bbox 405 4354 2002 4425">
    <p class='ocr_par' dir='ltr' id='par_1_78' title="bbox 405 4354 2002 4425">
     <span class='ocr_line' id='line_1_78' title="bbox 405 4354 2002 4425; baseline 0.003 -16"><span class='ocrx_word' id='word_1_510' title='bbox 405 4370 618 4425; x_wconf 90' lang='lat' dir='ltr'><strong>cunque</strong></span> <span class='ocrx_word' id='word_1_511' title='bbox 647 4354 974 4410; x_wconf 89' lang='lat' dir='ltr'><strong>conditionis</strong></span> <span class='ocrx_word' id='word_1_512' title='bbox 1004 4355 1227 4421; x_wconf 82' lang='lat' dir='ltr'><strong>existat,</strong></span> <span class='ocrx_word' id='word_1_513' title='bbox 1265 4355 1482 4410; x_wconf 89' lang='lat' dir='ltr'><strong>inducat</strong></span> <span class='ocrx_word' id='word_1_514' title='bbox 1509 4356 1577 4409; x_wconf 91' lang='lat' dir='ltr'><strong>ad</strong></span> <span class='ocrx_word' id='word_1_515' title='bbox 1606 4356 1899 4425; x_wconf 86' lang='lat' dir='ltr'><strong>petendum</strong></span> <span class='ocrx_word' id='word_1_516' title='bbox 1930 4358 2002 4413; x_wconf 91' lang='lat' dir='ltr'><strong>ab</strong></span> 
     </span>
    </p>
   </div>
   <div class='ocr_carea' id='block_1_79' title="bbox 406 4441 2000 4513">
    <p class='ocr_par' dir='ltr' id='par_1_79' title="bbox 406 4441 2000 4513">
     <span class='ocr_line' id='line_1_79' title="bbox 406 4441 2000 4513; baseline 0.002 -16"><span class='ocrx_word' id='word_1_517' title='bbox 406 4441 598 4497; x_wconf 90' lang='lat' dir='ltr'><strong>ordine</strong></span> <span class='ocrx_word' id='word_1_518' title='bbox 623 4442 844 4513; x_wconf 88' lang='lat' dir='ltr'><strong>aliquod</strong></span> <span class='ocrx_word' id='word_1_519' title='bbox 874 4442 1197 4498; x_wconf 81' lang='lat' dir='ltr'><strong>beneficium</strong></span> <span class='ocrx_word' id='word_1_520' title='bbox 1228 4443 1505 4513; x_wconf 91' lang='lat' dir='ltr'><strong>spirituale</strong></span> <span class='ocrx_word' id='word_1_521' title='bbox 1536 4452 1734 4513; x_wconf 68' lang='lat' dir='ltr'><strong>prazter</strong></span> <span class='ocrx_word' id='word_1_522' title='bbox 1783 4461 2000 4500; x_wconf 88' lang='lat' dir='ltr'><strong>recom-</strong></span> 
     </span>
    </p>
   </div>
   <div class='ocr_carea' id='block_1_80' title="bbox 2104 3286 3704 3361">
    <p class='ocr_par' dir='ltr' id='par_1_80' title="bbox 2104 3286 3704 3361">
     <span class='ocr_line' id='line_1_80' title="bbox 2104 3286 3704 3361; baseline 0.007 -22"><span class='ocrx_word' id='word_1_523' title='bbox 2104 3286 2206 3340; x_wconf 87' lang='lat' dir='ltr'><strong>sub</strong></span> <span class='ocrx_word' id='word_1_524' title='bbox 2258 3294 2407 3342; x_wconf 87' lang='lat' dir='ltr'><strong>certo</strong></span> <span class='ocrx_word' id='word_1_525' title='bbox 2455 3304 2682 3343; x_wconf 91' lang='lat' dir='ltr'><strong>numero</strong></span> <span class='ocrx_word' id='word_1_526' title='bbox 2726 3298 2943 3344; x_wconf 89' lang='lat' dir='ltr'><strong>centum</strong></span> <span class='ocrx_word' id='word_1_527' title='bbox 2991 3291 3205 3361; x_wconf 88' lang='lat' dir='ltr'><strong>breves,</strong></span> <span class='ocrx_word' id='word_1_528' title='bbox 3263 3301 3317 3349; x_wconf 90' lang='lat' dir='ltr'><strong>et</strong></span> <span class='ocrx_word' id='word_1_529' title='bbox 3358 3309 3467 3349; x_wconf 91' lang='lat' dir='ltr'><strong>non</strong></span> <span class='ocrx_word' id='word_1_530' title='bbox 3496 3294 3704 3350; x_wconf 91' lang='lat' dir='ltr'><strong>debent</strong></span> 
     </span>
    </p>
   </div>
   <div class='ocr_carea' id='block_1_81' title="bbox 2103 3374 3702 3453">
    <p class='ocr_par' dir='ltr' id='par_1_81' title="bbox 2103 3374 3702 3453">
     <span class='ocr_line' id='line_1_81' title="bbox 2103 3374 3702 3453; baseline 0.006 -23"><span class='ocrx_word' id='word_1_531' title='bbox 2103 3374 2293 3441; x_wconf 88' lang='lat' dir='ltr'><strong>omitti,</strong></span> <span class='ocrx_word' id='word_1_532' title='bbox 2326 3391 2427 3430; x_wconf 91' lang='lat' dir='ltr'><strong>nec</strong></span> <span class='ocrx_word' id='word_1_533' title='bbox 2456 3375 2523 3430; x_wconf 93' lang='lat' dir='ltr'><strong>de</strong></span> <span class='ocrx_word' id='word_1_534' title='bbox 2552 3384 2748 3431; x_wconf 65' lang='lat' dir='ltr'><strong>cmtcro</strong></span> <span class='ocrx_word' id='word_1_535' title='bbox 2794 3378 3065 3433; x_wconf 88' lang='lat' dir='ltr'><strong>omittatur</strong></span> <span class='ocrx_word' id='word_1_536' title='bbox 3092 3381 3311 3453; x_wconf 88' lang='lat' dir='ltr'><strong>antiqua</strong></span> <span class='ocrx_word' id='word_1_537' title='bbox 3358 3383 3702 3439; x_wconf 89' lang='lat' dir='ltr'><strong>consuetudo</strong></span> 
     </span>
    </p>
   </div>
   <div class='ocr_carea' id='block_1_82' title="bbox 2103 3461 3704 3542">
    <p class='ocr_par' dir='ltr' id='par_1_82' title="bbox 2103 3461 3704 3542">
     <span class='ocr_line' id='line_1_82' title="bbox 2103 3461 3704 3542; baseline 0.007 -28"><span class='ocrx_word' id='word_1_538' title='bbox 2103 3461 2159 3516; x_wconf 92' lang='lat' dir='ltr'><strong>in</strong></span> <span class='ocrx_word' id='word_1_539' title='bbox 2204 3463 2417 3517; x_wconf 91' lang='lat' dir='ltr'><strong>statutis</strong></span> <span class='ocrx_word' id='word_1_540' title='bbox 2464 3472 2718 3519; x_wconf 90' lang='lat' dir='ltr'><strong>contenta</strong></span> <span class='ocrx_word' id='word_1_541' title='bbox 2758 3464 2827 3520; x_wconf 84' lang='lat' dir='ltr'><strong>de</strong></span> <span class='ocrx_word' id='word_1_542' title='bbox 2875 3467 3137 3523; x_wconf 91' lang='lat' dir='ltr'><strong>mittendo</strong></span> <span class='ocrx_word' id='word_1_543' title='bbox 3179 3477 3232 3524; x_wconf 90' lang='lat' dir='ltr'><strong>et</strong></span> <span class='ocrx_word' id='word_1_544' title='bbox 3260 3470 3557 3525; x_wconf 90' lang='lat' dir='ltr'><strong>nuntiando</strong></span> <span class='ocrx_word' id='word_1_545' title='bbox 3598 3487 3704 3542; x_wconf 88' lang='lat' dir='ltr'><strong>per</strong></span> 
     </span>
    </p>
   </div>
   <div class='ocr_carea' id='block_1_83' title="bbox 2103 3550 3707 3628">
    <p class='ocr_par' dir='ltr' id='par_1_83' title="bbox 2103 3550 3707 3628">
     <span class='ocr_line' id='line_1_83' title="bbox 2103 3550 3707 3628; baseline 0.006 -25"><span class='ocrx_word' id='word_1_546' title='bbox 2103 3550 2294 3605; x_wconf 92' lang='lat' dir='ltr'><strong>domos</strong></span> <span class='ocrx_word' id='word_1_547' title='bbox 2350 3551 2557 3605; x_wconf 90' lang='lat' dir='ltr'><strong>ordinis</strong></span> <span class='ocrx_word' id='word_1_548' title='bbox 2614 3552 2810 3607; x_wconf 89' lang='lat' dir='ltr'><strong>breves</strong></span> <span class='ocrx_word' id='word_1_549' title='bbox 2841 3554 3157 3611; x_wconf 90' lang='lat' dir='ltr'><strong>obeuntium</strong></span> <span class='ocrx_word' id='word_1_550' title='bbox 3212 3573 3589 3628; x_wconf 87' lang='lat' dir='ltr'><strong>personarum,</strong></span> <span class='ocrx_word' id='word_1_551' title='bbox 3642 3566 3707 3613; x_wconf 94' lang='lat' dir='ltr'><strong>ut</strong></span> 
     </span>
    </p>
   </div>
   <div class='ocr_carea' id='block_1_84' title="bbox 2101 3638 3702 3718">
    <p class='ocr_par' dir='ltr' id='par_1_84' title="bbox 2101 3638 3702 3718">
     <span class='ocr_line' id='line_1_84' title="bbox 2101 3638 3702 3718; baseline 0.007 -26"><span class='ocrx_word' id='word_1_552' title='bbox 2101 3653 2203 3709; x_wconf 89' lang='lat' dir='ltr'><strong>pro</strong></span> <span class='ocrx_word' id='word_1_553' title='bbox 2234 3638 2313 3693; x_wconf 90' lang='lat' dir='ltr'><strong>eis</strong></span> <span class='ocrx_word' id='word_1_554' title='bbox 2343 3639 2558 3694; x_wconf 90' lang='lat' dir='ltr'><strong>dicatur</strong></span> <span class='ocrx_word' id='word_1_555' title='bbox 2588 3640 2760 3696; x_wconf 90' lang='lat' dir='ltr'><strong>oratio</strong></span> <span class='ocrx_word' id='word_1_556' title='bbox 2792 3644 3067 3713; x_wconf 88' lang='lat' dir='ltr'><strong>specialis,</strong></span> <span class='ocrx_word' id='word_1_557' title='bbox 3099 3652 3152 3700; x_wconf 88' lang='lat' dir='ltr'><strong>et</strong></span> <span class='ocrx_word' id='word_1_558' title='bbox 3171 3655 3569 3718; x_wconf 91' lang='lat' dir='ltr'><strong>consequenter</strong></span> <span class='ocrx_word' id='word_1_559' title='bbox 3595 3661 3702 3718; x_wconf 92' lang='lat' dir='ltr'><strong>pro</strong></span> 
     </span>
    </p>
   </div>
   <div class='ocr_carea' id='block_1_85' title="bbox 2104 3727 3701 3807">
    <p class='ocr_par' dir='ltr' id='par_1_85' title="bbox 2104 3727 3701 3807">
     <span class='ocr_line' id='line_1_85' title="bbox 2104 3727 3701 3807; baseline 0.004 -25"><span class='ocrx_word' id='word_1_560' title='bbox 2104 3727 2225 3782; x_wconf 91' lang='lat' dir='ltr'><strong>aliis</strong></span> <span class='ocrx_word' id='word_1_561' title='bbox 2252 3727 2462 3783; x_wconf 90' lang='lat' dir='ltr'><strong>dicatur</strong></span> <span class='ocrx_word' id='word_1_562' title='bbox 2491 3728 2786 3800; x_wconf 86' lang='lat' dir='ltr'><strong>generalis,</strong></span> <span class='ocrx_word' id='word_1_563' title='bbox 2821 3731 3074 3788; x_wconf 89' lang='lat' dir='ltr'><strong>videlicet</strong></span> <span class='ocrx_word' id='word_1_564' title='bbox 3099 3749 3201 3804; x_wconf 92' lang='lat' dir='ltr'><strong>pro</strong></span> <span class='ocrx_word' id='word_1_565' title='bbox 3230 3749 3339 3789; x_wconf 92' lang='lat' dir='ltr'><strong>uno</strong></span> <span class='ocrx_word' id='word_1_566' title='bbox 3378 3734 3701 3807; x_wconf 87' lang='lat' dir='ltr'><strong>singularis,</strong></span> 
     </span>
    </p>
   </div>
   <div class='ocr_carea' id='block_1_86' title="bbox 2103 3816 3701 3889">
    <p class='ocr_par' dir='ltr' id='par_1_86' title="bbox 2103 3816 3701 3889">
     <span class='ocr_line' id='line_1_86' title="bbox 2103 3816 3701 3889; baseline 0.005 -18"><span class='ocrx_word' id='word_1_567' title='bbox 2103 3823 2157 3871; x_wconf 89' lang='lat' dir='ltr'><strong>et</strong></span> <span class='ocrx_word' id='word_1_568' title='bbox 2197 3831 2295 3887; x_wconf 91' lang='lat' dir='ltr'><strong>pro</strong></span> <span class='ocrx_word' id='word_1_569' title='bbox 2342 3816 2589 3887; x_wconf 90' lang='lat' dir='ltr'><strong>pluribus</strong></span> <span class='ocrx_word' id='word_1_570' title='bbox 2628 3817 2953 3889; x_wconf 87' lang='lat' dir='ltr'><strong>singularis,</strong></span> <span class='ocrx_word' id='word_1_571' title='bbox 3003 3821 3140 3878; x_wconf 91' lang='lat' dir='ltr'><strong>sicut</strong></span> <span class='ocrx_word' id='word_1_572' title='bbox 3170 3822 3398 3878; x_wconf 90' lang='lat' dir='ltr'><strong>habetur</strong></span> <span class='ocrx_word' id='word_1_573' title='bbox 3425 3822 3483 3878; x_wconf 87' lang='lat' dir='ltr'><strong>in</strong></span> <span class='ocrx_word' id='word_1_574' title='bbox 3517 3830 3701 3879; x_wconf 87' lang='lat' dir='ltr'><strong>statu-</strong></span> 
     </span>
    </p>
   </div>
   <div class='ocr_carea' id='block_1_87' title="bbox 2103 3907 2198 3965">
    <p class='ocr_par' dir='ltr' id='par_1_87' title="bbox 2103 3907 2198 3965">
     <span class='ocr_line' id='line_1_87' title="bbox 2103 3907 2198 3965; baseline 0.084 -8"><span class='ocrx_word' id='word_1_575' title='bbox 2103 3907 2198 3965; x_wconf 92' lang='lat' dir='ltr'><strong>tis.</strong></span> 
     </span>
    </p>
   </div>
   <div class='ocr_carea' id='block_1_88' title="bbox 2175 3999 3705 4072">
    <p class='ocr_par' dir='ltr' id='par_1_88' title="bbox 2175 3999 3705 4072">
     <span class='ocr_line' id='line_1_88' title="bbox 2175 3999 3705 4072; baseline 0.001 -17"><span class='ocrx_word' id='word_1_576' title='bbox 2175 4004 2268 4058; x_wconf 76' lang='lat'><strong>32.</strong></span> <span class='ocrx_word' id='word_1_577' title='bbox 2308 4000 2719 4057; x_wconf 89' lang='lat' dir='ltr'><strong>Ordinationem</strong></span> <span class='ocrx_word' id='word_1_578' title='bbox 2750 4000 2879 4057; x_wconf 90' lang='lat' dir='ltr'><strong>olim</strong></span> <span class='ocrx_word' id='word_1_579' title='bbox 2909 3999 3109 4056; x_wconf 82' lang='lat' dir='ltr'><strong>factam</strong></span> <span class='ocrx_word' id='word_1_580' title='bbox 3138 3999 3484 4055; x_wconf 89' lang='lat' dir='ltr'><strong>admonendo</strong></span> <span class='ocrx_word' id='word_1_581' title='bbox 3513 4007 3705 4072; x_wconf 89' lang='lat' dir='ltr'><strong>quate-</strong></span> 
     </span>
    </p>
   </div>
   <div class='ocr_carea' id='block_1_89' title="bbox 2102 4088 3702 4159">
    <p class='ocr_par' dir='ltr' id='par_1_89' title="bbox 2102 4088 3702 4159">
     <span class='ocr_line' id='line_1_89' title="bbox 2102 4088 3702 4159; baseline 0.001 -16"><span class='ocrx_word' id='word_1_582' title='bbox 2102 4105 2203 4143; x_wconf 92' lang='lat' dir='ltr'><strong>nus</strong></span> <span class='ocrx_word' id='word_1_583' title='bbox 2232 4090 2380 4144; x_wconf 90' lang='lat' dir='ltr'><strong>omni</strong></span> <span class='ocrx_word' id='word_1_584' title='bbox 2425 4090 2513 4144; x_wconf 90' lang='lat' dir='ltr'><strong>die</strong></span> <span class='ocrx_word' id='word_1_585' title='bbox 2557 4090 2765 4145; x_wconf 90' lang='lat' dir='ltr'><strong>dicatur</strong></span> <span class='ocrx_word' id='word_1_586' title='bbox 2793 4089 2959 4144; x_wconf 89' lang='lat' dir='ltr'><strong>missa</strong></span> <span class='ocrx_word' id='word_1_587' title='bbox 2988 4089 3046 4142; x_wconf 90' lang='lat' dir='ltr'><strong>B.</strong></span> <span class='ocrx_word' id='word_1_588' title='bbox 3080 4088 3261 4143; x_wconf 76' lang='lat' dir='ltr'><strong>Maria:</strong></span> <span class='ocrx_word' id='word_1_589' title='bbox 3305 4096 3428 4159; x_wconf 89' lang='lat' dir='ltr'><strong>post</strong></span> <span class='ocrx_word' id='word_1_590' title='bbox 3474 4088 3702 4144; x_wconf 90' lang='lat' dir='ltr'><strong>missam</strong></span> 
     </span>
    </p>
   </div>
   <div class='ocr_carea' id='block_1_90' title="bbox 2102 4176 3701 4248">
    <p class='ocr_par' dir='ltr' id='par_1_90' title="bbox 2102 4176 3701 4248">
     <span class='ocr_line' id='line_1_90' title="bbox 2102 4176 3701 4248; baseline 0.001 -17"><span class='ocrx_word' id='word_1_591' title='bbox 2102 4177 2513 4232; x_wconf 90' lang='lat' dir='ltr'><strong>conventualem</strong></span> <span class='ocrx_word' id='word_1_592' title='bbox 2534 4220 2547 4245; x_wconf 95' lang='lat'><strong>,</strong></span> <span class='ocrx_word' id='word_1_593' title='bbox 2592 4179 2697 4233; x_wconf 91' lang='lat' dir='ltr'><strong>alio</strong></span> <span class='ocrx_word' id='word_1_594' title='bbox 2726 4178 3113 4248; x_wconf 89' lang='lat' dir='ltr'><strong>impedimento</strong></span> <span class='ocrx_word' id='word_1_595' title='bbox 3143 4184 3422 4244; x_wconf 87' lang='lat' dir='ltr'><strong>cessante,</strong></span> <span class='ocrx_word' id='word_1_596' title='bbox 3474 4177 3607 4233; x_wconf 91' lang='lat' dir='ltr'><strong>sicut</strong></span> <span class='ocrx_word' id='word_1_597' title='bbox 3640 4176 3701 4232; x_wconf 82' lang='lat' dir='ltr'><strong>ﬁt</strong></span> 
     </span>
    </p>
   </div>
   <div class='ocr_carea' id='block_1_91' title="bbox 2103 4264 3695 4337">
    <p class='ocr_par' dir='ltr' id='par_1_91' title="bbox 2103 4264 3695 4337">
     <span class='ocr_line' id='line_1_91' title="bbox 2103 4264 3695 4337; baseline 0.001 -18"><span class='ocrx_word' id='word_1_598' title='bbox 2103 4265 2402 4321; x_wconf 76' lang='lat' dir='ltr'><strong>Carthusia:</strong></span> <span class='ocrx_word' id='word_1_599' title='bbox 2422 4309 2437 4332; x_wconf 92' lang='lat'><strong>,</strong></span> <span class='ocrx_word' id='word_1_600' title='bbox 2473 4267 2875 4337; x_wconf 90' lang='lat' dir='ltr'><strong>approbamus,</strong></span> <span class='ocrx_word' id='word_1_601' title='bbox 2909 4273 2963 4321; x_wconf 89' lang='lat' dir='ltr'><strong>et</strong></span> <span class='ocrx_word' id='word_1_602' title='bbox 2992 4273 3045 4319; x_wconf 90' lang='lat' dir='ltr'><strong>ut</strong></span> <span class='ocrx_word' id='word_1_603' title='bbox 3075 4265 3416 4336; x_wconf 67' lang='lat' dir='ltr'><strong>praemissum</strong></span> <span class='ocrx_word' id='word_1_604' title='bbox 3445 4273 3553 4336; x_wconf 88' lang='lat' dir='ltr'><strong>est,</strong></span> <span class='ocrx_word' id='word_1_605' title='bbox 3580 4264 3695 4321; x_wconf 82' lang='lat' dir='ltr'><strong>ﬁat.</strong></span> 
     </span>
    </p>
   </div>
   <div class='ocr_carea' id='block_1_92' title="bbox 2102 4354 3408 4425">
    <p class='ocr_par' dir='ltr' id='par_1_92' title="bbox 2102 4354 3408 4425">
     <span class='ocr_line' id='line_1_92' title="bbox 2102 4354 3408 4425; baseline 0.001 -18"><span class='ocrx_word' id='word_1_606' title='bbox 2102 4354 2235 4409; x_wconf 88' lang='lat' dir='ltr'><strong>Item</strong></span> <span class='ocrx_word' id='word_1_607' title='bbox 2265 4354 2581 4409; x_wconf 88' lang='lat' dir='ltr'><strong>ordinamus</strong></span> <span class='ocrx_word' id='word_1_608' title='bbox 2611 4363 2663 4410; x_wconf 90' lang='lat' dir='ltr'><strong>et</strong></span> <span class='ocrx_word' id='word_1_609' title='bbox 2695 4356 2943 4411; x_wconf 90' lang='lat' dir='ltr'><strong>volumus</strong></span> <span class='ocrx_word' id='word_1_610' title='bbox 2990 4354 3134 4425; x_wconf 91' lang='lat' dir='ltr'><strong>quod</strong></span> <span class='ocrx_word' id='word_1_611' title='bbox 3178 4354 3408 4410; x_wconf 86' lang='lat' dir='ltr'><strong>dicatur.</strong></span> 
     </span>
    </p>
   </div>
   <div class='ocr_carea' id='block_1_93' title="bbox 2175 4441 3703 4515">
    <p class='ocr_par' dir='ltr' id='par_1_93' title="bbox 2175 4441 3703 4515">
     <span class='ocr_line' id='line_1_93' title="bbox 2175 4441 3703 4515; baseline 0.001 -19"><span class='ocrx_word' id='word_1_612' title='bbox 2175 4446 2268 4496; x_wconf 88' lang='lat'><strong>33.</strong></span> <span class='ocrx_word' id='word_1_613' title='bbox 2326 4442 2685 4497; x_wconf 90' lang='lat' dir='ltr'><strong>Declaramus</strong></span> <span class='ocrx_word' id='word_1_614' title='bbox 2715 4443 2861 4515; x_wconf 91' lang='lat' dir='ltr'><strong>quod</strong></span> <span class='ocrx_word' id='word_1_615' title='bbox 2910 4443 2965 4497; x_wconf 92' lang='lat' dir='ltr'><strong>in</strong></span> <span class='ocrx_word' id='word_1_616' title='bbox 3012 4442 3266 4497; x_wconf 88' lang='lat' dir='ltr'><strong>domibus</strong></span> <span class='ocrx_word' id='word_1_617' title='bbox 3296 4441 3608 4497; x_wconf 88' lang='lat' dir='ltr'><strong>monialium</strong></span> <span class='ocrx_word' id='word_1_618' title='bbox 3647 4449 3703 4497; x_wconf 88' lang='lat' dir='ltr'><strong>et</strong></span> 
     </span>
    </p>
   </div>
   <div class='ocr_carea' id='block_1_94' title="bbox 406 4516 3707 4603">
    <p class='ocr_par' dir='ltr' id='par_1_94' title="bbox 406 4516 3707 4603">
     <span class='ocr_line' id='line_1_94' title="bbox 406 4516 3707 4603; baseline 0 -20"><span class='ocrx_word' id='word_1_619' title='bbox 406 4530 810 4585; x_wconf 90' lang='lat' dir='ltr'><strong>mendationem</strong></span> <span class='ocrx_word' id='word_1_620' title='bbox 838 4530 1175 4601; x_wconf 87' lang='lat' dir='ltr'><strong>generalem,</strong></span> <span class='ocrx_word' id='word_1_621' title='bbox 1208 4548 1328 4601; x_wconf 84' lang='lat' dir='ltr'><strong>quae</strong></span> <span class='ocrx_word' id='word_1_622' title='bbox 1358 4531 1610 4600; x_wconf 87' lang='lat' dir='ltr'><strong>precibus</strong></span> <span class='ocrx_word' id='word_1_623' title='bbox 1648 4531 1852 4586; x_wconf 88' lang='lat' dir='ltr'><strong>ordinis</strong></span> <span class='ocrx_word' id='word_1_624' title='bbox 1883 4532 2001 4589; x_wconf 79' lang='lat' dir='ltr'><strong>fieri</strong></span> <span class='ocrx_word' id='word_1_625' title='bbox 2023 4516 2077 4575; x_wconf 83' lang='lat' dir='ltr'><strong>D</strong></span> <span class='ocrx_word' id='word_1_626' title='bbox 2105 4531 2493 4586; x_wconf 83' lang='lat' dir='ltr'><strong>monachorum</strong></span> <span class='ocrx_word' id='word_1_627' title='bbox 2517 4573 2530 4598; x_wconf 92' lang='lat'><strong>,</strong></span> <span class='ocrx_word' id='word_1_628' title='bbox 2589 4532 2785 4603; x_wconf 89' lang='lat' dir='ltr'><strong>quibus</strong></span> <span class='ocrx_word' id='word_1_629' title='bbox 2832 4547 2941 4587; x_wconf 91' lang='lat' dir='ltr'><strong>non</strong></span> <span class='ocrx_word' id='word_1_630' title='bbox 2974 4539 3099 4585; x_wconf 89' lang='lat' dir='ltr'><strong>sunt</strong></span> <span class='ocrx_word' id='word_1_631' title='bbox 3127 4538 3203 4585; x_wconf 92' lang='lat' dir='ltr'><strong>tot</strong></span> <span class='ocrx_word' id='word_1_632' title='bbox 3234 4530 3544 4586; x_wconf 88' lang='lat' dir='ltr'><strong>sacerdotes</strong></span> <span class='ocrx_word' id='word_1_633' title='bbox 3574 4539 3707 4601; x_wconf 91' lang='lat' dir='ltr'><strong>quot</strong></span> 
     </span>
    </p>
   </div>
   <div class='ocr_carea' id='block_1_95' title="bbox 408 4617 2004 4686">
    <p class='ocr_par' dir='ltr' id='par_1_95' title="bbox 408 4617 2004 4686">
     <span class='ocr_line' id='line_1_95' title="bbox 408 4617 2004 4686; baseline 0.002 -13"><span class='ocrx_word' id='word_1_634' title='bbox 408 4617 723 4686; x_wconf 85' lang='lat' dir='ltr'><strong>consuevit,</strong></span> <span class='ocrx_word' id='word_1_635' title='bbox 770 4634 874 4673; x_wconf 90' lang='lat' dir='ltr'><strong>nec</strong></span> <span class='ocrx_word' id='word_1_636' title='bbox 920 4618 1114 4673; x_wconf 90' lang='lat' dir='ltr'><strong>leviter</strong></span> <span class='ocrx_word' id='word_1_637' title='bbox 1158 4618 1459 4672; x_wconf 88' lang='lat' dir='ltr'><strong>concedant</strong></span> <span class='ocrx_word' id='word_1_638' title='bbox 1487 4618 1919 4674; x_wconf 90' lang='lat' dir='ltr'><strong>anniversarium</strong></span> <span class='ocrx_word' id='word_1_639' title='bbox 1949 4621 2004 4676; x_wconf 91' lang='lat' dir='ltr'><strong>in</strong></span> 
     </span>
    </p>
   </div>
   <div class='ocr_carea' id='block_1_96' title="bbox 402 4704 2003 4776">
    <p class='ocr_par' dir='ltr' id='par_1_96' title="bbox 402 4704 2003 4776">
     <span class='ocr_line' id='line_1_96' title="bbox 402 4704 2003 4776; baseline 0.003 -17"><span class='ocrx_word' id='word_1_640' title='bbox 402 4704 714 4760; x_wconf 83' lang='lat' dir='ltr'><strong>dominibus</strong></span> <span class='ocrx_word' id='word_1_641' title='bbox 743 4705 877 4770; x_wconf 89' lang='lat' dir='ltr'><strong>suis,</strong></span> <span class='ocrx_word' id='word_1_642' title='bbox 911 4722 1012 4760; x_wconf 90' lang='lat' dir='ltr'><strong>nec</strong></span> <span class='ocrx_word' id='word_1_643' title='bbox 1042 4705 1154 4761; x_wconf 91' lang='lat' dir='ltr'><strong>ullo</strong></span> <span class='ocrx_word' id='word_1_644' title='bbox 1183 4705 1346 4759; x_wconf 90' lang='lat' dir='ltr'><strong>modo</strong></span> <span class='ocrx_word' id='word_1_645' title='bbox 1375 4721 1472 4776; x_wconf 91' lang='lat' dir='ltr'><strong>pro</strong></span> <span class='ocrx_word' id='word_1_646' title='bbox 1502 4707 1889 4776; x_wconf 88' lang='lat' dir='ltr'><strong>temporalibus</strong></span> <span class='ocrx_word' id='word_1_647' title='bbox 1932 4710 2003 4764; x_wconf 90' lang='lat' dir='ltr'><strong>ad</strong></span> 
     </span>
    </p>
   </div>
   <div class='ocr_carea' id='block_1_97' title="bbox 401 4791 1999 4866">
    <p class='ocr_par' dir='ltr' id='par_1_97' title="bbox 401 4791 1999 4866">
     <span class='ocr_line' id='line_1_97' title="bbox 401 4791 1999 4866; baseline 0.003 -19"><span class='ocrx_word' id='word_1_648' title='bbox 401 4791 706 4864; x_wconf 84' lang='lat' dir='ltr'><strong>spiritualia</strong></span> <span class='ocrx_word' id='word_1_649' title='bbox 736 4809 796 4847; x_wconf 90' lang='lat' dir='ltr'><strong>se</strong></span> <span class='ocrx_word' id='word_1_650' title='bbox 828 4793 1090 4863; x_wconf 87' lang='lat' dir='ltr'><strong>obligent,</strong></span> <span class='ocrx_word' id='word_1_651' title='bbox 1141 4793 1247 4847; x_wconf 90' lang='lat' dir='ltr'><strong>nisi</strong></span> <span class='ocrx_word' id='word_1_652' title='bbox 1275 4801 1433 4864; x_wconf 87' lang='lat' dir='ltr'><strong>prout</strong></span> <span class='ocrx_word' id='word_1_653' title='bbox 1464 4793 1607 4849; x_wconf 89' lang='lat' dir='ltr'><strong>licite</strong></span> <span class='ocrx_word' id='word_1_654' title='bbox 1638 4792 1753 4849; x_wconf 86' lang='lat' dir='ltr'><strong>ﬁeri</strong></span> <span class='ocrx_word' id='word_1_655' title='bbox 1781 4798 1999 4866; x_wconf 90' lang='lat' dir='ltr'><strong>poterit,</strong></span> 
     </span>
    </p>
   </div>
   <div class='ocr_carea' id='block_1_98' title="bbox 397 4880 1216 4950">
    <p class='ocr_par' dir='ltr' id='par_1_98' title="bbox 397 4880 1216 4950">
     <span class='ocr_line' id='line_1_98' title="bbox 397 4880 1216 4950; baseline -0.001 -15"><span class='ocrx_word' id='word_1_656' title='bbox 397 4881 553 4950; x_wconf 86' lang='lat' dir='ltr'><strong>juxta</strong></span> <span class='ocrx_word' id='word_1_657' title='bbox 580 4880 865 4936; x_wconf 90' lang='lat' dir='ltr'><strong>consilium</strong></span> <span class='ocrx_word' id='word_1_658' title='bbox 896 4880 1216 4950; x_wconf 88' lang='lat' dir='ltr'><strong>peritorum.</strong></span> 
     </span>
    </p>
   </div>
   <div class='ocr_carea' id='block_1_99' title="bbox 472 4967 2000 5041">
    <p class='ocr_par' dir='ltr' id='par_1_99' title="bbox 472 4967 2000 5041">
     <span class='ocr_line' id='line_1_99' title="bbox 472 4967 2000 5041; baseline 0.002 -18"><span class='ocrx_word' id='word_1_659' title='bbox 472 4969 563 5024; x_wconf 76' lang='grc'><strong>24.</strong></span> <span class='ocrx_word' id='word_1_660' title='bbox 612 4967 947 5023; x_wconf 90' lang='lat' dir='ltr'><strong>Ordinamus</strong></span> <span class='ocrx_word' id='word_1_661' title='bbox 994 4967 1140 5039; x_wconf 91' lang='lat' dir='ltr'><strong>quod</strong></span> <span class='ocrx_word' id='word_1_662' title='bbox 1188 4968 1256 5023; x_wconf 92' lang='lat' dir='ltr'><strong>de</strong></span> <span class='ocrx_word' id='word_1_663' title='bbox 1285 4977 1504 5032; x_wconf 58' lang='lat' dir='ltr'><strong>cietero,</strong></span> <span class='ocrx_word' id='word_1_664' title='bbox 1538 4978 1758 5041; x_wconf 90' lang='lat' dir='ltr'><strong>pr0pter</strong></span> <span class='ocrx_word' id='word_1_665' title='bbox 1786 4987 2000 5041; x_wconf 78' lang='lat' dir='ltr'><strong>praece-</strong></span> 
     </span>
    </p>
   </div>
   <div class='ocr_carea' id='block_1_100' title="bbox 399 5054 2000 5126">
    <p class='ocr_par' dir='ltr' id='par_1_100' title="bbox 399 5054 2000 5126">
     <span class='ocr_line' id='line_1_100' title="bbox 399 5054 2000 5126; baseline 0.002 -18"><span class='ocrx_word' id='word_1_666' title='bbox 399 5062 554 5126; x_wconf 89' lang='lat' dir='ltr'><strong>ptum</strong></span> <span class='ocrx_word' id='word_1_667' title='bbox 580 5054 841 5109; x_wconf 72' lang='lat' dir='ltr'><strong>Ecclesiae</strong></span> <span class='ocrx_word' id='word_1_668' title='bbox 863 5096 877 5120; x_wconf 93' lang='lat'><strong>,</strong></span> <span class='ocrx_word' id='word_1_669' title='bbox 909 5055 1054 5126; x_wconf 89' lang='lat' dir='ltr'><strong>quod</strong></span> <span class='ocrx_word' id='word_1_670' title='bbox 1084 5072 1180 5125; x_wconf 90' lang='lat' dir='ltr'><strong>per</strong></span> <span class='ocrx_word' id='word_1_671' title='bbox 1207 5072 1399 5111; x_wconf 90' lang='lat' dir='ltr'><strong>omnes</strong></span> <span class='ocrx_word' id='word_1_672' title='bbox 1443 5057 1637 5113; x_wconf 90' lang='lat' dir='ltr'><strong>domos</strong></span> <span class='ocrx_word' id='word_1_673' title='bbox 1685 5058 1894 5112; x_wconf 90' lang='lat' dir='ltr'><strong>ordinis</strong></span> <span class='ocrx_word' id='word_1_674' title='bbox 1945 5059 2000 5112; x_wconf 91' lang='lat' dir='ltr'><strong>in</strong></span> 
     </span>
    </p>
   </div>
   <div class='ocr_carea' id='block_1_101' title="bbox 402 5140 2000 5217">
    <p class='ocr_par' dir='ltr' id='par_1_101' title="bbox 402 5140 2000 5217">
     <span class='ocr_line' id='line_1_101' title="bbox 402 5140 2000 5217; baseline 0.004 -22"><span class='ocrx_word' id='word_1_675' title='bbox 402 5140 560 5196; x_wconf 89' lang='lat' dir='ltr'><strong>festis</strong></span> <span class='ocrx_word' id='word_1_676' title='bbox 588 5140 878 5197; x_wconf 87' lang='lat' dir='ltr'><strong>duodecim</strong></span> <span class='ocrx_word' id='word_1_677' title='bbox 898 5142 1265 5211; x_wconf 89' lang='lat' dir='ltr'><strong>apostolorum</strong></span> <span class='ocrx_word' id='word_1_678' title='bbox 1297 5145 1467 5199; x_wconf 88' lang='lat' dir='ltr'><strong>semel</strong></span> <span class='ocrx_word' id='word_1_679' title='bbox 1497 5145 1551 5198; x_wconf 93' lang='lat' dir='ltr'><strong>in</strong></span> <span class='ocrx_word' id='word_1_680' title='bbox 1579 5160 1743 5211; x_wconf 90' lang='lat' dir='ltr'><strong>anno,</strong></span> <span class='ocrx_word' id='word_1_681' title='bbox 1769 5161 2000 5217; x_wconf 85' lang='lat' dir='ltr'><strong>evange-</strong></span> 
     </span>
    </p>
   </div>
   <div class='ocr_carea' id='block_1_102' title="bbox 397 5228 1999 5300">
    <p class='ocr_par' dir='ltr' id='par_1_102' title="bbox 397 5228 1999 5300">
     <span class='ocr_line' id='line_1_102' title="bbox 397 5228 1999 5300; baseline 0.003 -17"><span class='ocrx_word' id='word_1_682' title='bbox 397 5228 647 5284; x_wconf 87' lang='lat' dir='ltr'><strong>listarum</strong></span> <span class='ocrx_word' id='word_1_683' title='bbox 666 5236 719 5283; x_wconf 90' lang='lat' dir='ltr'><strong>et</strong></span> <span class='ocrx_word' id='word_1_684' title='bbox 730 5236 961 5300; x_wconf 89' lang='lat' dir='ltr'><strong>quatuor</strong></span> <span class='ocrx_word' id='word_1_685' title='bbox 977 5229 1260 5286; x_wconf 88' lang='lat' dir='ltr'><strong>doctorum</strong></span> <span class='ocrx_word' id='word_1_686' title='bbox 1279 5231 1410 5285; x_wconf 92' lang='lat' dir='ltr'><strong>olim</strong></span> <span class='ocrx_word' id='word_1_687' title='bbox 1428 5247 1537 5286; x_wconf 90' lang='lat' dir='ltr'><strong>non</strong></span> <span class='ocrx_word' id='word_1_688' title='bbox 1558 5231 1784 5286; x_wconf 80' lang='lat' dir='ltr'><strong>fecimus</strong></span> <span class='ocrx_word' id='word_1_689' title='bbox 1802 5232 1999 5288; x_wconf 85' lang='lat' dir='ltr'><strong>festum</strong></span> 
     </span>
    </p>
   </div>
   <div class='ocr_carea' id='block_1_103' title="bbox 407 5313 1997 5401">
    <p class='ocr_par' dir='ltr' id='par_1_103' title="bbox 407 5313 1997 5401">
     <span class='ocr_line' id='line_1_103' title="bbox 407 5313 1997 5401; baseline 0.003 -30"><span class='ocrx_word' id='word_1_690' title='bbox 407 5314 626 5386; x_wconf 88' lang='lat' dir='ltr'><strong>capituli</strong></span> <span class='ocrx_word' id='word_1_691' title='bbox 651 5334 665 5381; x_wconf 86' lang='lat'><strong>;</strong></span> <span class='ocrx_word' id='word_1_692' title='bbox 698 5313 790 5369; x_wconf 83' lang='lat' dir='ltr'><strong>ﬁat</strong></span> <span class='ocrx_word' id='word_1_693' title='bbox 818 5315 1014 5371; x_wconf 85' lang='lat' dir='ltr'><strong>festum</strong></span> <span class='ocrx_word' id='word_1_694' title='bbox 1045 5318 1258 5388; x_wconf 90' lang='lat' dir='ltr'><strong>capituli</strong></span> <span class='ocrx_word' id='word_1_695' title='bbox 1288 5327 1545 5389; x_wconf 90' lang='lat' dir='ltr'><strong>quantum</strong></span> <span class='ocrx_word' id='word_1_696' title='bbox 1574 5320 1643 5373; x_wconf 91' lang='lat' dir='ltr'><strong>ad</strong></span> <span class='ocrx_word' id='word_1_697' title='bbox 1672 5321 1997 5401; x_wconf 63' lang='lat' dir='ltr'><strong>monachos,</strong></span> 
     </span>
    </p>
   </div>
   <div class='ocr_carea' id='block_1_104' title="bbox 399 5402 1994 5479">
    <p class='ocr_par' dir='ltr' id='par_1_104' title="bbox 399 5402 1994 5479">
     <span class='ocr_line' id='line_1_104' title="bbox 399 5402 1994 5479; baseline 0.003 -21"><span class='ocrx_word' id='word_1_698' title='bbox 399 5412 456 5458; x_wconf 89' lang='lat' dir='ltr'><strong>et</strong></span> <span class='ocrx_word' id='word_1_699' title='bbox 470 5402 721 5459; x_wconf 86' lang='lat' dir='ltr'><strong>conversi</strong></span> <span class='ocrx_word' id='word_1_700' title='bbox 768 5404 823 5457; x_wconf 90' lang='lat' dir='ltr'><strong>in</strong></span> <span class='ocrx_word' id='word_1_701' title='bbox 864 5405 1141 5475; x_wconf 67' lang='lat' dir='ltr'><strong>prmdictis</strong></span> <span class='ocrx_word' id='word_1_702' title='bbox 1168 5406 1322 5459; x_wconf 86' lang='lat' dir='ltr'><strong>festis</strong></span> <span class='ocrx_word' id='word_1_703' title='bbox 1350 5405 1404 5459; x_wconf 94' lang='lat' dir='ltr'><strong>iu</strong></span> <span class='ocrx_word' id='word_1_704' title='bbox 1436 5407 1691 5476; x_wconf 87' lang='lat' dir='ltr'><strong>operibus</strong></span> <span class='ocrx_word' id='word_1_705' title='bbox 1723 5410 1994 5479; x_wconf 92' lang='lat' dir='ltr'><strong>occupati,</strong></span> 
     </span>
    </p>
   </div>
   <div class='ocr_carea' id='block_1_105' title="bbox 397 5487 1996 5561">
    <p class='ocr_par' dir='ltr' id='par_1_105' title="bbox 397 5487 1996 5561">
     <span class='ocr_line' id='line_1_105' title="bbox 397 5487 1996 5561; baseline 0.004 -20"><span class='ocrx_word' id='word_1_706' title='bbox 397 5501 510 5542; x_wconf 89' lang='lat' dir='ltr'><strong>non</strong></span> <span class='ocrx_word' id='word_1_707' title='bbox 532 5493 747 5541; x_wconf 89' lang='lat' dir='ltr'><strong>cessent</strong></span> <span class='ocrx_word' id='word_1_708' title='bbox 771 5487 837 5541; x_wconf 90' lang='lat' dir='ltr'><strong>ab</strong></span> <span class='ocrx_word' id='word_1_709' title='bbox 866 5487 964 5553; x_wconf 93' lang='lat' dir='ltr'><strong>eis,</strong></span> <span class='ocrx_word' id='word_1_710' title='bbox 990 5505 1091 5543; x_wconf 93' lang='lat' dir='ltr'><strong>nec</strong></span> <span class='ocrx_word' id='word_1_711' title='bbox 1113 5496 1337 5561; x_wconf 89' lang='lat' dir='ltr'><strong>pr0pter</strong></span> <span class='ocrx_word' id='word_1_712' title='bbox 1358 5490 1652 5558; x_wconf 90' lang='lat' dir='ltr'><strong>capitulum</strong></span> <span class='ocrx_word' id='word_1_713' title='bbox 1681 5492 1748 5545; x_wconf 93' lang='lat' dir='ltr'><strong>ad</strong></span> <span class='ocrx_word' id='word_1_714' title='bbox 1774 5493 1996 5548; x_wconf 90' lang='lat' dir='ltr'><strong>domum</strong></span> 
     </span>
    </p>
   </div>
   <div class='ocr_carea' id='block_1_106' title="bbox 391 5572 1997 5648">
    <p class='ocr_par' dir='ltr' id='par_1_106' title="bbox 391 5572 1997 5648">
     <span class='ocr_line' id='line_1_106' title="bbox 391 5572 1997 5648; baseline 0.004 -18"><span class='ocrx_word' id='word_1_715' title='bbox 391 5572 736 5647; x_wconf 78' lang='lat' dir='ltr'><strong>superiorem</strong></span> <span class='ocrx_word' id='word_1_716' title='bbox 802 5575 1120 5631; x_wconf 89' lang='lat' dir='ltr'><strong>ascendant.</strong></span> <span class='ocrx_word' id='word_1_717' title='bbox 1193 5574 1430 5630; x_wconf 87' lang='lat' dir='ltr'><strong>Nomina</strong></span> <span class='ocrx_word' id='word_1_718' title='bbox 1477 5579 1842 5648; x_wconf 87' lang='lat' dir='ltr'><strong>apostolorum</strong></span> <span class='ocrx_word' id='word_1_719' title='bbox 1873 5589 1997 5637; x_wconf 92' lang='lat' dir='ltr'><strong>sunt</strong></span> 
     </span>
    </p>
   </div>
   <div class='ocr_carea' id='block_1_107' title="bbox 2102 4617 3701 4690">
    <p class='ocr_par' dir='ltr' id='par_1_107' title="bbox 2102 4617 3701 4690">
     <span class='ocr_line' id='line_1_107' title="bbox 2102 4617 3701 4690; baseline 0.001 -19"><span class='ocrx_word' id='word_1_720' title='bbox 2102 4618 2302 4672; x_wconf 86' lang='lat' dir='ltr'><strong>missas</strong></span> <span class='ocrx_word' id='word_1_721' title='bbox 2354 4619 2601 4687; x_wconf 90' lang='lat' dir='ltr'><strong>debitas,</strong></span> <span class='ocrx_word' id='word_1_722' title='bbox 2650 4619 2859 4674; x_wconf 90' lang='lat' dir='ltr'><strong>etiamsi</strong></span> <span class='ocrx_word' id='word_1_723' title='bbox 2905 4618 3042 4674; x_wconf 91' lang='lat' dir='ltr'><strong>ultra</strong></span> <span class='ocrx_word' id='word_1_724' title='bbox 3087 4619 3234 4674; x_wconf 89' lang='lat' dir='ltr'><strong>illam</strong></span> <span class='ocrx_word' id='word_1_725' title='bbox 3284 4634 3388 4690; x_wconf 90' lang='lat' dir='ltr'><strong>qua</strong></span> <span class='ocrx_word' id='word_1_726' title='bbox 3433 4617 3701 4673; x_wconf 89' lang='lat' dir='ltr'><strong>debentur</strong></span> 
     </span>
    </p>
   </div>
   <div class='ocr_carea' id='block_1_108' title="bbox 2103 4705 3697 4777">
    <p class='ocr_par' dir='ltr' id='par_1_108' title="bbox 2103 4705 3697 4777">
     <span class='ocr_line' id='line_1_108' title="bbox 2103 4705 3697 4777; baseline 0.001 -17"><span class='ocrx_word' id='word_1_727' title='bbox 2103 4706 2503 4761; x_wconf 88' lang='lat' dir='ltr'><strong>hebdomadam</strong></span> <span class='ocrx_word' id='word_1_728' title='bbox 2523 4705 2854 4774; x_wconf 78' lang='lat' dir='ltr'><strong>diﬂ&#39;erantur,</strong></span> <span class='ocrx_word' id='word_1_729' title='bbox 2874 4707 3104 4762; x_wconf 90' lang='lat' dir='ltr'><strong>reddere</strong></span> <span class='ocrx_word' id='word_1_730' title='bbox 3134 4722 3242 4762; x_wconf 92' lang='lat' dir='ltr'><strong>non</strong></span> <span class='ocrx_word' id='word_1_731' title='bbox 3265 4705 3535 4762; x_wconf 73' lang='lat' dir='ltr'><strong>sufficiunt</strong></span> <span class='ocrx_word' id='word_1_732' title='bbox 3558 4724 3572 4772; x_wconf 87' lang='lat'><strong>;</strong></span> <span class='ocrx_word' id='word_1_733' title='bbox 3594 4723 3697 4777; x_wconf 88' lang='lat' dir='ltr'><strong>pro</strong></span> 
     </span>
    </p>
   </div>
   <div class='ocr_carea' id='block_1_109' title="bbox 2103 4793 3698 4866">
    <p class='ocr_par' dir='ltr' id='par_1_109' title="bbox 2103 4793 3698 4866">
     <span class='ocr_line' id='line_1_109' title="bbox 2103 4793 3698 4866; baseline 0.002 -19"><span class='ocrx_word' id='word_1_734' title='bbox 2103 4793 2343 4865; x_wconf 80' lang='lat' dir='ltr'><strong>qualibet</strong></span> <span class='ocrx_word' id='word_1_735' title='bbox 2359 4794 2527 4849; x_wconf 90' lang='lat' dir='ltr'><strong>missa</strong></span> <span class='ocrx_word' id='word_1_736' title='bbox 2547 4795 2725 4849; x_wconf 90' lang='lat' dir='ltr'><strong>debita</strong></span> <span class='ocrx_word' id='word_1_737' title='bbox 2745 4836 2759 4864; x_wconf 91' lang='lat'><strong>,</strong></span> <span class='ocrx_word' id='word_1_738' title='bbox 2785 4812 2904 4866; x_wconf 63' lang='lat' dir='ltr'><strong>quae</strong></span> <span class='ocrx_word' id='word_1_739' title='bbox 2925 4796 3063 4850; x_wconf 91' lang='lat' dir='ltr'><strong>solvi</strong></span> <span class='ocrx_word' id='word_1_740' title='bbox 3091 4810 3199 4851; x_wconf 92' lang='lat' dir='ltr'><strong>non</strong></span> <span class='ocrx_word' id='word_1_741' title='bbox 3228 4794 3478 4866; x_wconf 89' lang='lat' dir='ltr'><strong>potuerit,</strong></span> <span class='ocrx_word' id='word_1_742' title='bbox 3501 4793 3698 4865; x_wconf 80' lang='lat' dir='ltr'><strong>psalmi</strong></span> 
     </span>
    </p>
   </div>
   <div class='ocr_carea' id='block_1_110' title="bbox 2103 4880 3697 4954">
    <p class='ocr_par' dir='ltr' id='par_1_110' title="bbox 2103 4880 3697 4954">
     <span class='ocr_line' id='line_1_110' title="bbox 2103 4880 3697 4954; baseline 0.003 -20"><span class='ocrx_word' id='word_1_743' title='bbox 2103 4880 2493 4953; x_wconf 85' lang='lat' dir='ltr'><strong>quinquaginta</strong></span> <span class='ocrx_word' id='word_1_744' title='bbox 2520 4882 2785 4947; x_wconf 88' lang='lat' dir='ltr'><strong>dicantur,</strong></span> <span class='ocrx_word' id='word_1_745' title='bbox 2813 4882 2964 4952; x_wconf 83' lang='lat' dir='ltr'><strong>juxta</strong></span> <span class='ocrx_word' id='word_1_746' title='bbox 2993 4882 3390 4939; x_wconf 88' lang='lat' dir='ltr'><strong>ordinationem</strong></span> <span class='ocrx_word' id='word_1_747' title='bbox 3418 4889 3472 4937; x_wconf 90' lang='lat' dir='ltr'><strong>et</strong></span> <span class='ocrx_word' id='word_1_748' title='bbox 3505 4882 3697 4954; x_wconf 88' lang='lat' dir='ltr'><strong>dispo-</strong></span> 
     </span>
    </p>
   </div>
   <div class='ocr_carea' id='block_1_111' title="bbox 2101 4968 2933 5039">
    <p class='ocr_par' dir='ltr' id='par_1_111' title="bbox 2101 4968 2933 5039">
     <span class='ocr_line' id='line_1_111' title="bbox 2101 4968 2933 5039; baseline 0.004 -17"><span class='ocrx_word' id='word_1_749' title='bbox 2101 4968 2353 5023; x_wconf 87' lang='lat' dir='ltr'><strong>sitionem</strong></span> <span class='ocrx_word' id='word_1_750' title='bbox 2381 4969 2581 5039; x_wconf 89' lang='lat' dir='ltr'><strong>prioris</strong></span> <span class='ocrx_word' id='word_1_751' title='bbox 2611 4970 2697 5026; x_wconf 89' lang='lat' dir='ltr'><strong>vel</strong></span> <span class='ocrx_word' id='word_1_752' title='bbox 2726 4971 2933 5027; x_wconf 89' lang='lat' dir='ltr'><strong>vicarii.</strong></span> 
     </span>
    </p>
   </div>
   <div class='ocr_carea' id='block_1_112' title="bbox 2173 5057 3692 5133">
    <p class='ocr_par' dir='ltr' id='par_1_112' title="bbox 2173 5057 3692 5133">
     <span class='ocr_line' id='line_1_112' title="bbox 2173 5057 3692 5133; baseline 0.006 -24"><span class='ocrx_word' id='word_1_753' title='bbox 2173 5058 2260 5110; x_wconf 81' lang='grc'><strong>34.</strong></span> <span class='ocrx_word' id='word_1_754' title='bbox 2294 5057 2752 5113; x_wconf 90' lang='lat' dir='ltr'><strong>Consuetudinem</strong></span> <span class='ocrx_word' id='word_1_755' title='bbox 2780 5059 3066 5114; x_wconf 92' lang='lat' dir='ltr'><strong>domorum</strong></span> <span class='ocrx_word' id='word_1_756' title='bbox 3094 5060 3304 5115; x_wconf 89' lang='lat' dir='ltr'><strong>ordinis</strong></span> <span class='ocrx_word' id='word_1_757' title='bbox 3329 5103 3342 5128; x_wconf 96' lang='lat'><strong>,</strong></span> <span class='ocrx_word' id='word_1_758' title='bbox 3398 5061 3453 5117; x_wconf 90' lang='lat' dir='ltr'><strong>in</strong></span> <span class='ocrx_word' id='word_1_759' title='bbox 3494 5061 3692 5133; x_wconf 90' lang='lat' dir='ltr'><strong>quibus</strong></span> 
     </span>
    </p>
   </div>
   <div class='ocr_carea' id='block_1_113' title="bbox 2100 5143 3690 5222">
    <p class='ocr_par' dir='ltr' id='par_1_113' title="bbox 2100 5143 3690 5222">
     <span class='ocr_line' id='line_1_113' title="bbox 2100 5143 3690 5222; baseline 0.006 -25"><span class='ocrx_word' id='word_1_760' title='bbox 2100 5143 2329 5215; x_wconf 88' lang='lat' dir='ltr'><strong>singulis</strong></span> <span class='ocrx_word' id='word_1_761' title='bbox 2376 5144 2569 5200; x_wconf 91' lang='lat' dir='ltr'><strong>diebus</strong></span> <span class='ocrx_word' id='word_1_762' title='bbox 2614 5146 2783 5201; x_wconf 88' lang='lat' dir='ltr'><strong>missa</strong></span> <span class='ocrx_word' id='word_1_763' title='bbox 2826 5148 2894 5202; x_wconf 91' lang='lat' dir='ltr'><strong>de</strong></span> <span class='ocrx_word' id='word_1_764' title='bbox 2944 5147 3003 5202; x_wconf 93' lang='lat' dir='ltr'><strong>B.</strong></span> <span class='ocrx_word' id='word_1_765' title='bbox 3037 5148 3205 5202; x_wconf 85' lang='lat' dir='ltr'><strong>Maria</strong></span> <span class='ocrx_word' id='word_1_766' title='bbox 3234 5148 3447 5222; x_wconf 90' lang='lat' dir='ltr'><strong>virgine</strong></span> <span class='ocrx_word' id='word_1_767' title='bbox 3475 5150 3690 5218; x_wconf 90' lang='lat' dir='ltr'><strong>dicitur,</strong></span> 
     </span>
    </p>
   </div>
   <div class='ocr_carea' id='block_1_114' title="bbox 2100 5234 3692 5307">
    <p class='ocr_par' dir='ltr' id='par_1_114' title="bbox 2100 5234 3692 5307">
     <span class='ocr_line' id='line_1_114' title="bbox 2100 5234 3692 5307; baseline 0.006 -22"><span class='ocrx_word' id='word_1_768' title='bbox 2100 5239 2352 5303; x_wconf 90' lang='lat' dir='ltr'><strong>tanquam</strong></span> <span class='ocrx_word' id='word_1_769' title='bbox 2381 5242 2625 5288; x_wconf 89' lang='lat' dir='ltr'><strong>sanctam</strong></span> <span class='ocrx_word' id='word_1_770' title='bbox 2655 5243 2705 5289; x_wconf 89' lang='lat' dir='ltr'><strong>et</strong></span> <span class='ocrx_word' id='word_1_771' title='bbox 2736 5234 3062 5291; x_wconf 87' lang='lat' dir='ltr'><strong>laudabilem</strong></span> <span class='ocrx_word' id='word_1_772' title='bbox 3091 5237 3457 5307; x_wconf 88' lang='lat' dir='ltr'><strong>approbamus</strong></span> <span class='ocrx_word' id='word_1_773' title='bbox 3485 5246 3539 5294; x_wconf 91' lang='lat' dir='ltr'><strong>et</strong></span> <span class='ocrx_word' id='word_1_774' title='bbox 3564 5254 3692 5295; x_wconf 83' lang='lat' dir='ltr'><strong>con-</strong></span> 
     </span>
    </p>
   </div>
   <div class='ocr_carea' id='block_1_115' title="bbox 2099 5318 3693 5398">
    <p class='ocr_par' dir='ltr' id='par_1_115' title="bbox 2099 5318 3693 5398">
     <span class='ocr_line' id='line_1_115' title="bbox 2099 5318 3693 5398; baseline 0.007 -26"><span class='ocrx_word' id='word_1_775' title='bbox 2099 5318 2398 5386; x_wconf 81' lang='lat' dir='ltr'><strong>firmamus,</strong></span> <span class='ocrx_word' id='word_1_776' title='bbox 2432 5329 2482 5375; x_wconf 92' lang='lat' dir='ltr'><strong>et</strong></span> <span class='ocrx_word' id='word_1_777' title='bbox 2511 5321 2868 5377; x_wconf 89' lang='lat' dir='ltr'><strong>admonentes</strong></span> <span class='ocrx_word' id='word_1_778' title='bbox 2888 5324 2943 5377; x_wconf 91' lang='lat' dir='ltr'><strong>in</strong></span> <span class='ocrx_word' id='word_1_779' title='bbox 2974 5325 3205 5379; x_wconf 90' lang='lat' dir='ltr'><strong>Domino</strong></span> <span class='ocrx_word' id='word_1_780' title='bbox 3236 5326 3526 5383; x_wconf 92' lang='lat' dir='ltr'><strong>nonnullos</strong></span> <span class='ocrx_word' id='word_1_781' title='bbox 3545 5328 3693 5398; x_wconf 83' lang='lat' dir='ltr'><strong>prio-</strong></span> 
     </span>
    </p>
   </div>
   <div class='ocr_carea' id='block_1_116' title="bbox 2098 5410 3688 5482">
    <p class='ocr_par' dir='ltr' id='par_1_116' title="bbox 2098 5410 3688 5482">
     <span class='ocr_line' id='line_1_116' title="bbox 2098 5410 3688 5482; baseline 0.006 -21"><span class='ocrx_word' id='word_1_782' title='bbox 2098 5424 2185 5463; x_wconf 89' lang='lat' dir='ltr'><strong>res</strong></span> <span class='ocrx_word' id='word_1_783' title='bbox 2210 5416 2263 5463; x_wconf 90' lang='lat' dir='ltr'><strong>et</strong></span> <span class='ocrx_word' id='word_1_784' title='bbox 2291 5410 2587 5465; x_wconf 90' lang='lat' dir='ltr'><strong>monachos</strong></span> <span class='ocrx_word' id='word_1_785' title='bbox 2616 5410 2825 5465; x_wconf 88' lang='lat' dir='ltr'><strong>ordinis</strong></span> <span class='ocrx_word' id='word_1_786' title='bbox 2852 5411 3091 5482; x_wconf 66' lang='lat' dir='ltr'><strong>praefatae</strong></span> <span class='ocrx_word' id='word_1_787' title='bbox 3129 5414 3505 5469; x_wconf 90' lang='lat' dir='ltr'><strong>consuetudini</strong></span> <span class='ocrx_word' id='word_1_788' title='bbox 3552 5431 3688 5472; x_wconf 90' lang='lat' dir='ltr'><strong>con-</strong></span> 
     </span>
    </p>
   </div>
   <div class='ocr_carea' id='block_1_117' title="bbox 2098 5495 3687 5573">
    <p class='ocr_par' dir='ltr' id='par_1_117' title="bbox 2098 5495 3687 5573">
     <span class='ocr_line' id='line_1_117' title="bbox 2098 5495 3687 5573; baseline 0.006 -24"><span class='ocrx_word' id='word_1_789' title='bbox 2098 5495 2315 5559; x_wconf 88' lang='lat' dir='ltr'><strong>trarios,</strong></span> <span class='ocrx_word' id='word_1_790' title='bbox 2349 5497 2495 5568; x_wconf 91' lang='lat' dir='ltr'><strong>quod</strong></span> <span class='ocrx_word' id='word_1_791' title='bbox 2520 5496 2589 5551; x_wconf 91' lang='lat' dir='ltr'><strong>ad</strong></span> <span class='ocrx_word' id='word_1_792' title='bbox 2618 5497 2877 5553; x_wconf 80' lang='lat' dir='ltr'><strong>honorem</strong></span> <span class='ocrx_word' id='word_1_793' title='bbox 2909 5500 3006 5555; x_wconf 92' lang='lat' dir='ltr'><strong>Dei</strong></span> <span class='ocrx_word' id='word_1_794' title='bbox 3034 5509 3086 5554; x_wconf 93' lang='lat' dir='ltr'><strong>et</strong></span> <span class='ocrx_word' id='word_1_795' title='bbox 3131 5502 3191 5555; x_wconf 91' lang='lat' dir='ltr'><strong>B.</strong></span> <span class='ocrx_word' id='word_1_796' title='bbox 3224 5502 3460 5573; x_wconf 85' lang='lat' dir='ltr'><strong>Virginis</strong></span> <span class='ocrx_word' id='word_1_797' title='bbox 3489 5504 3687 5559; x_wconf 89' lang='lat' dir='ltr'><strong>dictam</strong></span> 
     </span>
    </p>
   </div>
   <div class='ocr_carea' id='block_1_118' title="bbox 2096 5584 3688 5659">
    <p class='ocr_par' dir='ltr' id='par_1_118' title="bbox 2096 5584 3688 5659">
     <span class='ocr_line' id='line_1_118' title="bbox 2096 5584 3688 5659; baseline 0.006 -20"><span class='ocrx_word' id='word_1_798' title='bbox 2096 5584 2545 5641; x_wconf 84' lang='lat' dir='ltr'><strong>consuetudinem</strong></span> <span class='ocrx_word' id='word_1_799' title='bbox 2565 5584 2867 5644; x_wconf 89' lang='lat' dir='ltr'><strong>devotionis</strong></span> <span class='ocrx_word' id='word_1_800' title='bbox 2896 5587 3152 5659; x_wconf 84' lang='lat' dir='ltr'><strong>specialis</strong></span> <span class='ocrx_word' id='word_1_801' title='bbox 3170 5589 3363 5645; x_wconf 90' lang='lat' dir='ltr'><strong>intuitu</strong></span> <span class='ocrx_word' id='word_1_802' title='bbox 3392 5590 3688 5649; x_wconf 91' lang='lat' dir='ltr'><strong>imitemur.</strong></span> 
     </span>
    </p>
   </div>
  </div>
