3938 6406
193 339 345 392 1133’

1434 334 1746 390 STATUTA
1785 333 2116 403 ANTIQUA.

3346 336 3482 388 1134

266 461 354 514 35.
396 457 534 528 Quia
562 474 660 529 per
687 458 786 514 Dei
833 457 1065 530 gratiam
1111 473 1370 514 numerus
1427 458 1863 528 personarumA
1891 466 1968 513 tot
1999 458 2312 514 sacerdotes
2351 465 2482 528 quot
2507 457 2706 512 missas
2741 456 2974 523 debitas,
3033 456 3198 513 etiam
3255 456 3302 512 si
3337 456 3484 512 ultra

194 554 579 618 augmentatur
608 553 661 600 et
693 546 1408 616 domorum,consequenter
1428 545 1662 599 breviter
1691 560 1783 598 or-

196 634 468 702 dinamus,
501 634 648 705 quod
678 649 710 688 a
739 633 973 704 capitulo
1002 633 1247 703 generali
1279 649 1450 703 usque
1480 633 1549 686 ad
1578 632 1794 686 instan-

199 730 308 776 tem
328 722 672 776 Nativitatem
704 721 921 776 Domini
951 720 1098 774 omni
1145 736 1288 775 anno
1336 722 1527 775 breves
1555 723 1644 784 50,
1678 727 1731 775 et
1761 735 1792 773 a

198 809 488 865 Nativitate
515 825 690 880 usque
719 809 789 863 ad
820 808 1112 878 capitulum
1155 824 1391 879 sequens
1420 808 1645 862 totidem
1685 807 1794 862 dici

199 898 428 967 possint,
462 897 721 952 brevibus
751 896 871 950 aliis
900 896 989 967 qui
1038 912 1202 966 super
1253 911 1455 949 annum
1510 895 1793 949 mittuntur

198 987 254 1038 in
285 987 388 1039 hoc
417 1000 644 1038 numero
665 983 987 1054 computatis
1023 998 1034 1036 :
1058 982 1128 1036 ita
1160 991 1341 1038 tamen
1371 982 1517 1054 quod
1547 983 1655 1037 duo
1673 981 1794 1037 bre-

201 1088 298 1127 ves
328 1074 381 1125 in
411 1072 755 1126 hebdomada
784 1070 1181 1141 persolvantur.

274 1163 367 1214 36.
404 1160 616 1213 Novam
646 1159 1078 1214 constitutionem
1113 1158 1180 1213 de
1224 1158 1508 1213 monachis
1539 1157 1708 1213 semel
1738 1156 1793 1211 in

202 1263 392 1303 mense
421 1247 888 1304 communicandis
917 1264 1016 1317 per
1047 1246 1234 1302 sedem
1264 1245 1619 1316 apostolicam
1664 1261 1794 1315 spe-

200 1335 414 1390 cialiter
443 1335 665 1403 editam,
696 1350 857 1390 causa
887 1333 1189 1389 devotionis
1218 1333 1436 1388 extendi
1455 1333 1704 1388 volumus
1726 1333 1796 1387 ad

199 1431 436 1490 nostros,
468 1439 592 1478 cum
621 1439 736 1493 prie
765 1423 976 1477 caeteris
997 1421 1270 1492 religiosis
1288 1420 1563 1476 devotioni
1592 1421 1795 1476 debea-

202 1527 325 1566 mus
354 1511 670 1567 intendere:
701 1517 999 1564 statuentes
1027 1517 1083 1564 ut
1109 1509 1336 1581 quilibet
1363 1508 1666 1563 monachus
1686 1523 1797 1563 non

200 1599 482 1664 sacerdos,
516 1598 764 1662 clericus,
795 1597 1037 1652 redditus
1057 1597 1202 1668 apud
1243 1612 1342 1651 nos
1370 1597 1426 1651 in
1453 1596 1624 1666 prima
1680 1597 1796 1650 Do-

200 1686 404 1742 minica
434 1686 640 1742 mensis
695 1685 999 1753 cujuslibet,
1025 1685 1095 1739 ad
1131 1684 1308 1738 minus
1351 1685 1505 1753 juxta
1551 1691 1796 1738 tenorem

1890 547 2037 600 illam
2069 561 2176 618 qua
2197 545 2878 600 debenturhebdomadam
2900 542 3229 613 differantur,
3256 545 3487 602 reddere

1891 650 2000 689 non
2030 633 2321 702 sufﬁciunt,
2357 649 2454 704 pro
2512 634 2750 704 qualibet
2796 633 2983 701 missa,
3025 649 3146 704 quae
3200 632 3341 688 solvi
3373 649 3484 689 non

1891 723 2082 794 potuit,
2101 723 2296 793 psalmi
2328 725 2394 776 50
2416 721 2666 796 dicantur
2679 722 2828 789 juxta
2858 721 3254 776 ordinationem
3285 729 3338 776 et
3367 721 3486 776 dis-

1892 810 2216 880 positionem
2247 809 2431 864 vicarii
2479 817 2531 864 et
2578 809 2824 875 rationis,
2887 825 2996 864 non
3027 817 3210 863 tamen
3267 817 3487 880 prepter

1891 897 1996 952 hoc
2026 897 2290 952 moniales
2317 896 2566 951 emittant
2596 896 2826 951 reddere
2856 911 2955 966 pro
2984 896 3138 952 brevi
3155 913 3323 952 unum
3342 896 3489 967 psal-

1893 984 2106 1052 terium,
2130 985 2265 1041 sicut
2293 985 2349 1038 in
2377 985 2533 1038 novis
2575 984 2789 1038 statutis
2817 984 3140 1040 continetur.

1964 1075 2057 1128 41.
2097 1072 2381 1128 Dominica
2431 1072 2565 1127 infra
2623 1081 2839 1128 octavas
2895 1072 3238 1129 eucharistise
3293 1073 3490 1130 dicitur

1894 1160 2078 1215 titulus
2107 1161 2294 1231 primas
2322 1161 2571 1216 lectionis
2598 1162 2684 1215 Ea:
2715 1161 2886 1216 dictis
2903 1165 3254 1217 sanctorum.

1968 1249 2053 1306 42.
2087 1247 2416 1318 Qrdinamus
2459 1249 2605 1319 quod
2633 1247 2827 1303 festum
2857 1249 2917 1303 B.
2977 1249 3221 1322 Hugonis
3252 1249 3495 1321 episcOpi

1894 1335 2308 1404 Lincolniensis,
2344 1336 2618 1408 quondam
2648 1335 2903 1391 monachi
2931 1336 3227 1392 Carthusim
3257 1344 3310 1392 et
3337 1338 3493 1408 prio-

1895 1423 1973 1478 ris
2003 1423 2071 1479 de
2103 1425 2280 1480 Vifam
2301 1439 2425 1480 cum
2456 1423 2696 1478 candelis
2726 1432 2779 1478 et
2809 1423 3042 1495 capitulo
3072 1439 3172 1494 per
3200 1431 3372 1479 totum
3397 1439 3494 1479 or-

1896 1511 2077 1566 dinem
2110 1511 2434 1567 celebretur.
2470 1510 2729 1567 Conversi
2757 1511 2827 1566 ab
2844 1511 3102 1581 Operibus
3122 1526 3231 1566 non
3252 1519 3491 1579 cessent,

1897 1613 2000 1655 nec
2027 1599 2264 1654 habeant
2317 1598 2629 1669 capitulum.
2678 1599 2737 1653 In
2788 1598 2976 1669 primis
3021 1599 3268 1670 vesperis
3327 1615 3495 1670 super

1896 1686 2139 1757 psalmos
2159 1687 2321 1742 debet
2349 1686 2766 1758 diciantiphona
2794 1685 2969 1756 prima
2998 1687 3067 1742 de
3094 1686 3496 1742 laudibusEccc

202 1775 481 1846 praedictae
541 1773 939 1830 constitutionis
983 1788 1106 1827 cum
1165 1772 1348 1827 debita
1401 1771 1870 1863 praeparationeB
1897 1775 2153 1830 sacerdos
2189 1791 2449 1846 magnus,
2490 1783 2543 1830 et
2601 1774 2899 1830 secundum
2957 1774 3391 1845 responsorium,
3441 1780 3496 1828 et

204 1861 547 1918 eucharistia:
577 1860 801 1931 recipiat
839 1867 1265 1916 sacramentum.

278 1953 371 2004 3'7.
411 1950 694 2004 Monemus
723 1956 900 2003 autem
929 1947 1242 2003 sacerdotes
1272 1961 1401 2001 raro
1433 1945 1794 2013 celebrantes,

206 2039 356 2108 quod
386 2037 455 2092 de
481 2045 681 2093 czetero
711 2052 770 2091 se
817 2043 1128 2106 praeparent
1154 2042 1206 2090 et
1237 2035 1547 2104 disponant.

1900 1861 2068 1917 missa
2096 1862 2214 1917 sine
2253 1861 2522 1932 symbolo.

1970 1953 2060 2004 43.
2093 1950 2415 2006 Declaratur
2444 1949 2590 2020 quod
2619 1948 2790 2003 missa
2829 1948 2952 2004 festi
2981 1947 3142 2002 trium
3197 1948 3495 2004 lectionum

1903 2037 2164 2094 eveniens
2184 2038 2238 2092 in
2256 2037 2344 2092 die
2370 2037 2629 2092 Cinerum
2651 2045 2703 2091 et
2720 2035 3000 2106 deinceps,
3025 2043 3252 2106 propter
3271 2035 3498 2090 missam

279 2130 365 2180 38.
400 2127 625 2195 Propter
663 2123 899 2180 ofﬁcium
940 2123 1346 2179 benefactorum
1395 2122 1451 2176 ὃ.
1514 2120 1796 2191 Stephani,
1894 2125 2087 2195 jejunii
2118 2141 2228 2182 non
2257 2124 2569 2196 impeditur,
2605 2124 2702 2180 sed
2732 2124 2798 2178 ab
2837 2123 3268 2179 hebdomadario
3295 2130 3380 2181 est
3408 2124 3496 2179 di-

205 2213 584 2268 Cluniacensis
613 2220 666 2267 et
696 2211 914 2282 capituli
944 2211 1240 2284 generalis,
1275 2226 1343 2264 ne
1376 2209 1540 2263 nimis
1570 2208 1800 2263 differa-

205 2308 315 2368 tur,
345 2300 595 2356 concedit
623 2299 766 2371 quod
793 2299 964 2370 possit
986 2298 1268 2353 transferri
1319 2296 1751 2353 anniversarium
1783 2313 1797 2349 :

206 2388 314 2443 alia
344 2403 454 2442 non
487 2387 862 2442 anniversaria
891 2403 1010 2458 quae
1058 2385 1476 2451 transferuntur,
1525 2384 1804 2440 solvantur

205 2485 262 2532 et
291 2475 585 2531 reddantur
613 2475 832 2547 quando
863 2483 916 2530 et
946 2475 1082 2530 sicut
1109 2474 1164 2528 in
1210 2473 1414 2529 nostris
1463 2471 1802 2528 constitutio-

205 2564 368 2618 nibus
397 2564 725 2618 continetur.

284 2655 370 2706 39.
406 2650 707 2719 Quaestioni
737 2649 890 2705 facta:
934 2651 1002 2705 de
1056 2648 1194 2704 festo
1223 2649 1284 2702 B.
1346 2647 1563 2703 Antonii
1613 2654 1665 2702 et
1687 2646 1803 2714 ejus

209 2737 391 2794 ofﬁcio
412 2738 794 2808 respondetur,
844 2745 896 2792 et
926 2737 1061 2793 sicut
1095 2735 1150 2789 tit
1179 2736 1234 2790 in
1283 2735 1591 2799 Carthusia,
1625 2749 1804 2788 sermo

210 2837 270 2891 in
300 2836 575 2890 matutinis
608 2836 781 2891 Omne
811 2836 955 2907 quod
982 2837 1223 2904 agimus,
1275 2840 1403 2896 etc.,
1456 2831 1805 2902 evangelium

207 2932 323 2979 tam
352 2925 422 2980 ad
452 2923 741 2978 matutinas
763 2939 922 2994 quam
943 2923 1013 2976 ad
1043 2923 1290 2988 missam,
1323 2922 1519 2992 Siquis
1560 2920 1710 2975 venit
1733 2919 1805 2973 ad

207 3028 319 3078 me,
345 3019 473 3077 etc.,
502 3011 794 3065 homiliaB.
816 3009 1072 3082 Gregorii
1089 3025 1262 3079 papze,
1293 3008 1801 3064 Siconsideremus.

207 3100 462 3155 Introitus
482 3098 665 3154 missae
696 3099 764 3154 Os
769 3101 937 3170 justi,
973 3105 1025 3152 et
1054 3096 1284 3166 epistola
1305 3098 1530 3152 Iustum
1543 3095 1802 3150 deduxit.

282 3189 367 3242 40.
402 3187 537 3242 Cum
565 3186 862 3242 secundum
894 3192 1148 3239 statutum
1181 3183 1386 3238 ordinis
1418 3183 1670 3238 monachi
1699 3197 1809 3236 non

212 3275 533 3331 sacerdotes
572 3283 623 3330 et
651 3274 917 3329 moniales
946 3273 1067 3328 loco
1089 3270 1561 3326 missaetricenarii
1585 3273 1650 3325 50
1673 3269 1811 3340 psal-

208 3381 328 3418 mos
359 3363 547 3419 dicere
578 3371 863 3418 teneantur
895 3377 908 3416 :
970 3361 1217 3416 similiter
1255 3359 1615 3422 declaramus,
1667 3358 1810 3428 quod

211 3451 265 3506 in
296 3451 553 3508 domibus
580 3451 898 3506 monialium
927 3458 980 3504 et
1008 3449 1418 3513 monachorum,
1443 3446 1535 3501 ubi
1555 3461 1664 3500 non
1685 3453 1812 3499 sunt

1902 2214 2096 2269 cenda.

1974 2302 2060 2356 44.
2096 2302 2230 2356 Item
2264 2300 2574 2356 declaratur
2603 2300 2746 2372 quod
2794 2300 3013 2372 quando
3071 2298 3257 2371 plures
3301 2299 3500 2357 breves

1903 2388 2159 2445 eveniunt
2187 2388 2241 2442 in
2281 2388 2648 2456 hebdomada,
2681 2397 2734 2444 et
2771 2388 2969 2443 missas
2998 2387 3154 2444 reddi
3202 2389 3502 2445 secundum

1904 2475 2122 2547 antiqua
2141 2484 2346 2530 statuta
2392 2491 2514 2532 cum
2545 2476 2658 2530 suis
2687 2476 2926 2546 propriis
2983 2475 3339 2546 orationibus,
3392 2491 3504 2531 non

1905 2565 2151 2620 obstante
2174 2564 2319 2635 quod
2349 2564 2418 2620 de
2439 2564 2648 2618 duobus
2679 2563 2936 2619 brevibus
2982 2563 3229 2620 dicendis
3256 2563 3312 2618 in
3365 2564 3502 2620 heb-

1905 2652 2140 2707 domada
2191 2660 2272 2706 est
2317 2659 2590 2706 statutum.
2642 2651 2699 2706 Si
2730 2658 2909 2706 tamen
2936 2651 3122 2722 plures
3179 2667 3344 2723 quam
3398 2651 3505 2708 duo

1905 2741 2103 2796 breves
2130 2739 2186 2794 in
2211 2739 2552 2795 hebdomada
2579 2738 2904 2809 contigerint
2951 2740 3192 2809 evenire,
3226 2747 3357 2811 quot
3383 2739 3505 2810 plus

1908 2829 2178 2896 evenient,
2211 2835 2289 2882 tot
2316 2827 2496 2882 minus
2525 2827 2772 2883 dicentur
2811 2827 2865 2882 in
2907 2827 3246 2882 hebdomada
3300 2828 3502 2883 subse-

1910 2916 2115 2987 quenti.

1982 3005 2068 3058 45.
2101 3004 2161 3058 In
2189 3002 2328 3058 festo
2359 3003 2428 3058 de
2449 3001 2815 3073 Conceptione
2843 3004 2902 3057 B.
2937 3003 3116 3058 Mariae
3144 3003 3358 3060 dicatur
3385 3003 3506 3062 loce

1912 3091 2322 3161 Conceptionis,
2355 3091 2863 3160 Sanctiﬁcationis.

1984 3181 2068 3233 46.
2100 3178 2455 3235 Declaramus
2485 3179 2630 3250 quod
2673 3179 2890 3250 quando
2919 3181 3159 3237 occurrit
3187 3182 3508 3239 anniversa-

1910 3267 2047 3321 rium
2078 3275 2350 3338 praesente
2372 3267 2646 3336 defuncto,
2668 3267 2788 3321 duas
2821 3269 3051 3338 agendae
3080 3271 3272 3326 eodem
3286 3271 3375 3326 die
3405 3271 3509 3327 de-

1910 3355 2040 3410 bent
2068 3355 2197 3421 diei,
2232 3371 2340 3410 una
2369 3355 2622 3410 videlicet
2643 3355 3001 3410 anniversarii
3031 3366 3156 3428 post
3175 3375 3433 3431 vesperas
3452 3358 3509 3415 in

1912 3443 2164 3511 ecclesia,
2199 3451 2251 3498 et
2281 3443 2385 3498 alia
2417 3459 2570 3499 more
2598 3443 2756 3499 solito
2767 3459 2939 3516 prope
2965 3443 3144 3501 funus.

1806 3675 1907 3746 V.

497 3828 812 3884 STATUTA
855 3825 1171 3881 CAPITULI
1211 3823 1609 3879 GENERALIS
1649 3821 1938 3877 ORDINIS
1976 3817 2527 3876 CARTHUSIENSIS
2565 3819 2778 3876 EDITA
2815 3821 3015 3878 ANNO
3070 3826 3227 3881 1261.

1501 3920 1606 3986 (Ex
1637 3935 1741 3972 ms.
1772 3917 2006 3972 Colbert.
2040 3916 2226 3987 3807.)

282 4055 334 4105 1.
369 4051 526 4104 Anno
549 4046 764 4102 Domini
796 4048 952 4113 1261,
987 4052 1242 4099 statutum
1285 4051 1368 4098 est
1399 4043 1544 4113 quod
1574 4040 1726 4112 prior
1757 4047 1810 4093 et

208 4145 535 4210 procurator
559 4142 788 4206 possunt
810 4134 994 4188 dicere
1043 4134 1276 4188 Placebo
1337 4139 1388 4184 et
1438 4131 1627 4200 Dirige
1687 4134 1811 4197 post

209 4241 435 4289 nonam,
469 4222 684 4294 quando
719 4230 841 4276 sunt
889 4228 1043 4276 extra
1099 4227 1445 4284 conventum,
1503 4225 1556 4272 et
1612 4213 1811 4270 inﬁrmi

215 4313 486 4368 similiter.

282 4407 342 4458 2.
373 4403 528 4465 Item,
563 4399 708 4471 quod
739 4399 934 4453 domus
956 4397 1120 4452 Vallis
1142 4395 1338 4451 Viridis
1367 4393 1539 4464 possit
1569 4389 1811 4447 scribere

212 4489 438 4546 domino
468 4505 621 4559 papae
651 4503 746 4557 pro
778 4486 881 4540 sibi
911 4484 1258 4541 necessariis.

287 4583 340 4634 3.
375 4579 530 4639 Item,
555 4583 854 4632 conventus
884 4591 993 4629 non
1021 4573 1307 4630 comedent
1339 4579 1492 4624 extra
1515 4569 1734 4622 domos.

288 4668 342 4721 4.
375 4664 599 4734 Recepti
638 4672 689 4718 et
747 4662 1046 4733 recipiendi
1103 4662 1171 4716 de
1219 4659 1406 4714 ordine
1466 4656 1733 4710 Minorum
1763 4661 1814 4709 et

211 4754 638 4811 Praedicatorum
669 4767 776 4806 non
807 4758 1034 4820 possunt
1079 4749 1285 4804 habere
1326 4743 1659 4801 obedientias
1689 4759 1813 4798 cum

213 4858 367 4908 cura,
391 4841 508 4896 sine
537 4837 945 4910 dispensatione
976 4838 1170 4892 summi
1203 4833 1489 4906 pontificis.
1513 4831 1620 4902 [psi
1650 4830 1813 4885 etiam

215 4931 310 5003 qui
340 4928 573 5000 professi
603 4927 817 4983 fuerunt
845 4927 900 4980 in
928 4925 1204 4996 praedictis
1234 4923 1512 4978 ordinibus
1542 4919 1627 4974 vel
1646 4919 1702 4972 in
1720 4918 1812 4973 Ci-

216 5017 524 5082 stereiensi,
559 5032 667 5071 non
713 5024 940 5086 possunt
986 5015 1199 5085 aliquas
1256 5008 1594 5066 obedientias
1653 5007 1813 5061 etiam

215 5106 337 5161 sine
367 5121 500 5162 cura
531 5105 735 5158 habere
763 5103 817 5157 in
846 5103 1035 5157 ordine
1066 5109 1252 5156 nostro
1275 5099 1391 5153 sine
1408 5094 1816 5166 dispensatione

213 5194 440 5266 capituli
469 5192 761 5266 generalis.

291 5286 344 5338 5.
376 5283 595 5338 Priores
623 5297 731 5335 non
772 5281 902 5335 dent
933 5277 1145 5334 vieariis
1201 5272 1518 5348 generalem
1572 5277 1817 5340 potesta-

212 5381 350 5438 tem,
380 5370 487 5425 nisi
517 5369 574 5424 in
629 5383 763 5424 casu
810 5367 1077 5423 evidentis
1143 5360 1487 5419 necessitatis
1533 5358 1621 5413 vel
1677 5357 1819 5412 utili-

217 5460 370 5517 tatis.

290 5553 344 5604 6.
376 5543 654 5603 Beneﬁcia
680 5541 1171 5600 anniversariorum
1187 5539 1526 5611 privatorum
1553 5556 1665 5596 non
1691 5539 1820 5595 fiant

211 5637 415 5695 diebus
463 5631 770 5691 secundum
819 5631 1095 5704 antiquam
1152 5627 1605 5685 consuetudinem
1661 5627 1820 5684 absti-

1910 4039 2108 4093 nentia:
2137 4039 2411 4109 deputatis
2445 4058 2459 4105 ;
2495 4047 2721 4110 possunt
2753 4048 2930 4097 tamen
2959 4040 3076 4098 ﬁeri
3092 4043 3149 4098 in
3180 4043 3519 4115 quibuslibet

1911 4127 2064 4181 festis
2111 4126 2352 4196 capituli,
2405 4127 2692 4195 cujuslibet
2719 4128 2916 4184 domus
2957 4133 3350 4188 consuetudine
3407 4150 3519 4191 non

1911 4214 2189 4268 obstante.
2230 4214 2368 4268 Illud
2389 4214 2552 4269 etiam
2574 4216 2720 4285 quod
2748 4215 2964 4271 dabitur
2979 4217 3116 4273 feria
3147 4235 3229 4287 Ill,
3261 4221 3348 4276 vel
3367 4221 3512 4277 Sab-

1913 4302 2056 4370 bato,
2089 4303 2259 4372 possit
2303 4318 2404 4372 pro
2449 4302 2718 4358 beneticio
2769 4305 3133 4361 anniversarii
3187 4311 3516 4381 computari,

1907 4390 2174 4461 quidquid
2196 4389 2266 4443 sit
2290 4390 2447 4444 illud.

1837 4474 1887 4531 D
1989 4481 2042 4532 7.
2076 4479 2344 4532 Statutum
2376 4479 2444 4532 de
2472 4477 2724 4533 facienda
2773 4479 3008 4551 coquina
3062 4497 3160 4552 per
3213 4485 3514 4542 monachos

1917 4566 2088 4621 semel
2119 4567 2171 4619 in
2196 4582 2383 4620 mense
2415 4573 2724 4621 revocatur.

1987 4657 2038 4708 8.
2070 4653 2261 4708 Nullus
2290 4653 2528 4723 appellet
2557 4653 2660 4707 nisi
2690 4653 2760 4708 ad
2789 4653 3082 4724 capitulum
3138 4659 3398 4729 generale
3425 4661 3515 4717 vel

1915 4742 1984 4796 ad
2006 4741 2240 4812 priorem
2273 4740 2592 4806 Carthusia,
2627 4741 2780 4796 aliter
2793 4742 3070 4812 appellans
3085 4745 3333 4802 ordinem
3356 4749 3516 4804 amit-

1915 4837 2008 4884 tat.
2042 4829 2098 4883 Si
2137 4836 2316 4882 autem
2364 4828 2567 4896 judicio
2625 4829 2846 4899 capituli
2899 4833 3301 4900 pronuntiatum
3351 4835 3515 4893 fuerit

1915 4917 2088 4987 ipsam
2118 4916 2538 4986 appellationem
2565 4916 2818 4985 injustam
2857 4916 3046 4985 fuisse,
3087 4919 3133 4974 is
3163 4921 3251 4993 qui
3285 4923 3364 4979 sic
3410 4940 3511 4997 ap-

1915 5004 2135 5076 pellavit
2162 5005 2317 5072 juxta
2349 5004 2570 5058 modum
2598 5005 2770 5074 culpae
2791 5005 3035 5077 graviter
3061 5009 3333 5078 puniatur.

1989 5105 2038 5154 9.
2071 5101 2266 5154 Nullus
2286 5100 2537 5170 appellet,
2583 5108 2635 5155 et
2691 5101 3083 5158 correctionem
3133 5106 3239 5160 nisi
3291 5124 3513 5180 gravem

1918 5197 1971 5243 et
1999 5188 2345 5244 manifestam
2375 5188 2675 5243 contineret
2695 5188 3051 5260 iniquitatem.
3084 5195 3514 5264 Appellationem

1919 5284 2100 5332 autem
2124 5292 2441 5348 quacunque
2469 5292 2535 5332 ex
2566 5292 2730 5331 causa
2768 5277 3023 5332 emissam
3071 5297 3181 5336 non
3208 5299 3514 5358 prosequa-

1919 5374 2004 5420 tur
2031 5365 2083 5419 in
2106 5364 2328 5436 propria
2347 5380 2603 5435 persona,
2635 5365 2731 5419 sed
2762 5381 2862 5435 per
2901 5367 3148 5423 nuntium
3179 5380 3232 5426 et
3285 5372 3512 5443 litteras,

1919 5462 1973 5509 et
2000 5453 2210 5524 priores
2239 5461 2525 5508 teneantur
2553 5452 2608 5506 in
2638 5453 2743 5508 hoc
2771 5469 2899 5508 casu
2927 5455 3236 5514 ministrare
3285 5461 3516 5518 subditis

1919 5541 2033 5596 suis
2063 5540 2310 5595 nuntium
2342 5547 2398 5595 et
2428 5553 2724 5610 expensas.

1991 5631 2079 5684 10.
2115 5626 2376 5684 Conversi
2405 5633 2460 5684 et
2487 5625 2684 5683 redditi
2712 5633 3002 5686 teneantur
3028 5631 3318 5692 ostendere
3342 5641 3397 5693 et
3417 5652 3517 5694 ex-
