  <div class='ocr_page' id='page_1' title='image "/cluster/home/n/w/nwhite01/storage/ocr_20150623/153-154/uc1.31175019678096/573.png"; bbox 0 0 3938 6416; ppageno 0'>
   <div class='ocr_carea' id='block_1_1' title="bbox 439 324 578 377">
    <p class='ocr_par' dir='ltr' id='par_1_1' title="bbox 439 324 578 377">
     <span class='ocr_line' id='line_1_1' title="bbox 439 324 578 377; baseline -0.007 -1"><span class='ocrx_word' id='word_1_1' title='bbox 439 324 578 377; x_wconf 85' lang='grc'><strong>1135</strong></span> 
     </span>
    </p>
   </div>
   <div class='ocr_carea' id='block_1_2' title="bbox 1679 302 2494 362">
    <p class='ocr_par' dir='ltr' id='par_1_2' title="bbox 1679 302 2494 362">
     <span class='ocr_line' id='line_1_2' title="bbox 1679 302 2494 362; baseline -0.007 0"><span class='ocrx_word' id='word_1_2' title='bbox 1679 304 1965 362; x_wconf 82' lang='lat' dir='ltr'>0RDlNlS</span> <span class='ocrx_word' id='word_1_3' title='bbox 2004 302 2494 358; x_wconf 82' lang='lat' dir='ltr'>CARTHUSIANI.</span> 
     </span>
    </p>
   </div>
   <div class='ocr_carea' id='block_1_3' title="bbox 3591 288 3738 344">
    <p class='ocr_par' dir='ltr' id='par_1_3' title="bbox 3591 288 3738 344">
     <span class='ocr_line' id='line_1_3' title="bbox 3591 288 3738 344; baseline -0.041 0"><span class='ocrx_word' id='word_1_4' title='bbox 3591 288 3738 344; x_wconf 85' lang='grc'><strong>1136</strong></span> 
     </span>
    </p>
   </div>
   <div class='ocr_carea' id='block_1_4' title="bbox 441 413 3742 517">
    <p class='ocr_par' dir='ltr' id='par_1_4' title="bbox 441 413 3742 517">
     <span class='ocr_line' id='line_1_4' title="bbox 441 413 3742 517; baseline -0.011 -15"><span class='ocrx_word' id='word_1_5' title='bbox 441 460 644 517; x_wconf 89' lang='lat' dir='ltr'>ponere</span> <span class='ocrx_word' id='word_1_6' title='bbox 721 439 978 498; x_wconf 80' lang='lat' dir='ltr'>voluntati</span> <span class='ocrx_word' id='word_1_7' title='bbox 1034 436 1247 508; x_wconf 86' lang='lat' dir='ltr'>prioris,</span> <span class='ocrx_word' id='word_1_8' title='bbox 1299 433 1386 489; x_wconf 86' lang='lat' dir='ltr'>vel</span> <span class='ocrx_word' id='word_1_9' title='bbox 1453 432 1614 487; x_wconf 84' lang='lat' dir='ltr'>etiam</span> <span class='ocrx_word' id='word_1_10' title='bbox 1667 426 2106 502; x_wconf 80' lang='lat' dir='ltr'>procuratoriSA</span> <span class='ocrx_word' id='word_1_11' title='bbox 2139 428 2560 500; x_wconf 80' lang='lat' dir='ltr'>professionem,</span> <span class='ocrx_word' id='word_1_12' title='bbox 2613 431 2669 478; x_wconf 92' lang='lat' dir='ltr'>ut</span> <span class='ocrx_word' id='word_1_13' title='bbox 2698 420 2973 494; x_wconf 72' lang='lat' dir='ltr'>promittat</span> <span class='ocrx_word' id='word_1_14' title='bbox 3047 417 3218 490; x_wconf 83' lang='lat' dir='ltr'>priori</span> <span class='ocrx_word' id='word_1_15' title='bbox 3270 414 3636 472; x_wconf 73' lang='lat' dir='ltr'>obedientiam</span> <span class='ocrx_word' id='word_1_16' title='bbox 3680 413 3742 468; x_wconf 90' lang='lat' dir='ltr'>in</span> 
     </span>
    </p>
   </div>
   <div class='ocr_carea' id='block_1_5' title="bbox 443 518 2035 604">
    <p class='ocr_par' dir='ltr' id='par_1_5' title="bbox 443 518 2035 604">
     <span class='ocr_line' id='line_1_5' title="bbox 443 518 2035 604; baseline -0.013 -17"><span class='ocrx_word' id='word_1_17' title='bbox 443 531 702 604; x_wconf 77' lang='lat' dir='ltr'>quidquid</span> <span class='ocrx_word' id='word_1_18' title='bbox 734 529 934 584; x_wconf 96' lang='lat' dir='ltr'>habent</span> <span class='ocrx_word' id='word_1_19' title='bbox 961 527 1014 580; x_wconf 93' lang='lat' dir='ltr'>in</span> <span class='ocrx_word' id='word_1_20' title='bbox 1049 525 1201 580; x_wconf 84' lang='lat' dir='ltr'>cellis</span> <span class='ocrx_word' id='word_1_21' title='bbox 1248 522 1333 578; x_wconf 87' lang='lat' dir='ltr'>vel</span> <span class='ocrx_word' id='word_1_22' title='bbox 1363 521 1511 583; x_wconf 82' lang='lat' dir='ltr'>alibi,</span> <span class='ocrx_word' id='word_1_23' title='bbox 1573 518 2035 590; x_wconf 89' lang='lat' dir='ltr'>quostiescunque</span> 
     </span>
    </p>
   </div>
   <div class='ocr_carea' id='block_1_6' title="bbox 441 604 2033 691">
    <p class='ocr_par' dir='ltr' id='par_1_6' title="bbox 441 604 2033 691">
     <span class='ocr_line' id='line_1_6' title="bbox 441 604 2033 691; baseline -0.013 -15"><span class='ocrx_word' id='word_1_24' title='bbox 441 622 511 676; x_wconf 90' lang='lat' dir='ltr'>ab</span> <span class='ocrx_word' id='word_1_25' title='bbox 541 621 674 691; x_wconf 88' lang='lat' dir='ltr'>ipsis</span> <span class='ocrx_word' id='word_1_26' title='bbox 691 633 854 687; x_wconf 85' lang='lat' dir='ltr'>super</span> <span class='ocrx_word' id='word_1_27' title='bbox 881 618 984 670; x_wconf 89' lang='lat' dir='ltr'>hoc</span> <span class='ocrx_word' id='word_1_28' title='bbox 1014 613 1213 667; x_wconf 91' lang='lat' dir='ltr'>fuerint</span> <span class='ocrx_word' id='word_1_29' title='bbox 1269 608 1534 680; x_wconf 87' lang='lat' dir='ltr'>requisiti,</span> <span class='ocrx_word' id='word_1_30' title='bbox 1586 624 1654 661; x_wconf 87' lang='lat' dir='ltr'>ne</span> <span class='ocrx_word' id='word_1_31' title='bbox 1713 604 2033 659; x_wconf 89' lang='lat' dir='ltr'>sententiam</span> 
     </span>
    </p>
   </div>
   <div class='ocr_carea' id='block_1_7' title="bbox 441 692 2035 769">
    <p class='ocr_par' dir='ltr' id='par_1_7' title="bbox 441 692 2035 769">
     <span class='ocr_line' id='line_1_7' title="bbox 441 692 2035 769; baseline -0.014 -4"><span class='ocrx_word' id='word_1_32' title='bbox 441 702 1016 765; x_wconf 85' lang='lat' dir='ltr'>excommunicationis</span> <span class='ocrx_word' id='word_1_33' title='bbox 1035 709 1222 756; x_wconf 79' lang='lat' dir='ltr'>contra</span> <span class='ocrx_word' id='word_1_34' title='bbox 1250 694 1644 769; x_wconf 84' lang='lat' dir='ltr'>prOprietarios</span> <span class='ocrx_word' id='word_1_35' title='bbox 1674 694 1832 747; x_wconf 91' lang='lat' dir='ltr'>latam</span> <span class='ocrx_word' id='word_1_36' title='bbox 1850 692 2035 746; x_wconf 87' lang='lat' dir='ltr'>incur-</span> 
     </span>
    </p>
   </div>
   <div class='ocr_carea' id='block_1_8' title="bbox 440 804 581 853">
    <p class='ocr_par' dir='ltr' id='par_1_8' title="bbox 440 804 581 853">
     <span class='ocr_line' id='line_1_8' title="bbox 440 804 581 853; baseline 0 -2"><span class='ocrx_word' id='word_1_37' title='bbox 440 804 581 853; x_wconf 80' lang='lat' dir='ltr'>rant.</span> 
     </span>
    </p>
   </div>
   <div class='ocr_carea' id='block_1_9' title="bbox 512 868 2034 950">
    <p class='ocr_par' dir='ltr' id='par_1_9' title="bbox 512 868 2034 950">
     <span class='ocr_line' id='line_1_9' title="bbox 512 868 2034 950; baseline -0.013 -12"><span class='ocrx_word' id='word_1_38' title='bbox 512 887 635 938; x_wconf 87' lang='grc'><strong>110.</strong></span> <span class='ocrx_word' id='word_1_39' title='bbox 667 879 898 950; x_wconf 84' lang='lat' dir='ltr'>Quando</span> <span class='ocrx_word' id='word_1_40' title='bbox 944 876 1138 948; x_wconf 87' lang='lat' dir='ltr'>aliquis</span> <span class='ocrx_word' id='word_1_41' title='bbox 1181 873 1478 930; x_wconf 84' lang='lat' dir='ltr'>monachus</span> <span class='ocrx_word' id='word_1_42' title='bbox 1508 870 1576 925; x_wconf 88' lang='lat' dir='ltr'>de</span> <span class='ocrx_word' id='word_1_43' title='bbox 1606 868 1798 924; x_wconf 87' lang='lat' dir='ltr'>ordine</span> <span class='ocrx_word' id='word_1_44' title='bbox 1829 868 2034 921; x_wconf 87' lang='lat' dir='ltr'>Cister-</span> 
     </span>
    </p>
   </div>
   <div class='ocr_carea' id='block_1_10' title="bbox 439 955 2030 1039">
    <p class='ocr_par' dir='ltr' id='par_1_10' title="bbox 439 955 2030 1039">
     <span class='ocr_line' id='line_1_10' title="bbox 439 955 2030 1039; baseline -0.013 -12"><span class='ocrx_word' id='word_1_45' title='bbox 439 970 610 1029; x_wconf 89' lang='lat' dir='ltr'>ciensi</span> <span class='ocrx_word' id='word_1_46' title='bbox 633 970 719 1025; x_wconf 91' lang='lat' dir='ltr'>vel</span> <span class='ocrx_word' id='word_1_47' title='bbox 748 969 1046 1039; x_wconf 76' lang='lat' dir='ltr'>Nigrorum</span> <span class='ocrx_word' id='word_1_48' title='bbox 1106 963 1249 1033; x_wconf 90' lang='lat' dir='ltr'>apud</span> <span class='ocrx_word' id='word_1_49' title='bbox 1300 977 1399 1015; x_wconf 92' lang='lat' dir='ltr'>nos</span> <span class='ocrx_word' id='word_1_50' title='bbox 1448 959 1572 1013; x_wconf 83' lang='lat' dir='ltr'>facit</span> <span class='ocrx_word' id='word_1_51' title='bbox 1616 955 2030 1027; x_wconf 82' lang='lat' dir='ltr'>professionem,</span> 
     </span>
    </p>
   </div>
   <div class='ocr_carea' id='block_1_11' title="bbox 437 1043 2032 1118">
    <p class='ocr_par' dir='ltr' id='par_1_11' title="bbox 437 1043 2032 1118">
     <span class='ocr_line' id='line_1_11' title="bbox 437 1043 2032 1118; baseline -0.011 -3"><span class='ocrx_word' id='word_1_52' title='bbox 437 1076 546 1115; x_wconf 89' lang='lat' dir='ltr'>non</span> <span class='ocrx_word' id='word_1_53' title='bbox 577 1057 936 1118; x_wconf 87' lang='lat' dir='ltr'>benedieitur,</span> <span class='ocrx_word' id='word_1_54' title='bbox 971 1054 1016 1106; x_wconf 89' lang='lat' dir='ltr'>si</span> <span class='ocrx_word' id='word_1_55' title='bbox 1046 1054 1097 1105; x_wconf 88' lang='lat' dir='ltr'>in</span> <span class='ocrx_word' id='word_1_56' title='bbox 1130 1067 1226 1106; x_wconf 90' lang='lat' dir='ltr'>suo</span> <span class='ocrx_word' id='word_1_57' title='bbox 1267 1049 1459 1104; x_wconf 86' lang='lat' dir='ltr'>ordine</span> <span class='ocrx_word' id='word_1_58' title='bbox 1485 1045 1638 1101; x_wconf 83' lang='lat' dir='ltr'>fuerit</span> <span class='ocrx_word' id='word_1_59' title='bbox 1694 1043 2032 1098; x_wconf 87' lang='lat' dir='ltr'>benedictus.</span> 
     </span>
    </p>
   </div>
   <div class='ocr_carea' id='block_1_12' title="bbox 441 1134 2033 1206">
    <p class='ocr_par' dir='ltr' id='par_1_12' title="bbox 441 1134 2033 1206">
     <span class='ocr_line' id='line_1_12' title="bbox 441 1134 2033 1206; baseline -0.013 -2"><span class='ocrx_word' id='word_1_60' title='bbox 441 1149 651 1204; x_wconf 68' lang='lat' dir='ltr'>Caetera</span> <span class='ocrx_word' id='word_1_61' title='bbox 682 1155 864 1199; x_wconf 90' lang='lat' dir='ltr'>tamen</span> <span class='ocrx_word' id='word_1_62' title='bbox 897 1141 1038 1206; x_wconf 83' lang='lat' dir='ltr'>facit,</span> <span class='ocrx_word' id='word_1_63' title='bbox 1087 1138 1340 1194; x_wconf 81' lang='lat' dir='ltr'>videlicet</span> <span class='ocrx_word' id='word_1_64' title='bbox 1386 1150 1599 1190; x_wconf 83' lang='lat' dir='ltr'>versum</span> <span class='ocrx_word' id='word_1_65' title='bbox 1647 1134 1873 1202; x_wconf 79' lang='lat' dir='ltr'>Suscipe</span> <span class='ocrx_word' id='word_1_66' title='bbox 1924 1146 2033 1193; x_wconf 87' lang='lat' dir='ltr'>me,</span> 
     </span>
    </p>
   </div>
   <div class='ocr_carea' id='block_1_13' title="bbox 443 1218 2036 1301">
    <p class='ocr_par' dir='ltr' id='par_1_13' title="bbox 443 1218 2036 1301">
     <span class='ocr_line' id='line_1_13' title="bbox 443 1218 2036 1301; baseline -0.014 -9"><span class='ocrx_word' id='word_1_67' title='bbox 443 1237 695 1299; x_wconf 79' lang='lat' dir='ltr'>Domine,</span> <span class='ocrx_word' id='word_1_68' title='bbox 725 1231 865 1286; x_wconf 89' lang='lat' dir='ltr'>orari</span> <span class='ocrx_word' id='word_1_69' title='bbox 897 1245 998 1301; x_wconf 83' lang='lat' dir='ltr'>pro</span> <span class='ocrx_word' id='word_1_70' title='bbox 1029 1244 1086 1282; x_wconf 86' lang='lat' dir='ltr'>se</span> <span class='ocrx_word' id='word_1_71' title='bbox 1122 1225 1376 1296; x_wconf 69' lang='lat' dir='ltr'>postulat,</span> <span class='ocrx_word' id='word_1_72' title='bbox 1411 1221 1806 1293; x_wconf 84' lang='lat' dir='ltr'>professionem</span> <span class='ocrx_word' id='word_1_73' title='bbox 1826 1218 1959 1290; x_wconf 90' lang='lat' dir='ltr'>legit</span> <span class='ocrx_word' id='word_1_74' title='bbox 1983 1224 2036 1270; x_wconf 91' lang='lat' dir='ltr'>et</span> 
     </span>
    </p>
   </div>
   <div class='ocr_carea' id='block_1_14' title="bbox 437 1321 906 1387">
    <p class='ocr_par' dir='ltr' id='par_1_14' title="bbox 437 1321 906 1387">
     <span class='ocr_line' id='line_1_14' title="bbox 437 1321 906 1387; baseline -0.017 -8"><span class='ocrx_word' id='word_1_75' title='bbox 437 1321 814 1379; x_wconf 87' lang='lat' dir='ltr'>communicat.</span> <span class='ocrx_word' id='word_1_76' title='bbox 897 1379 906 1387; x_wconf 90' lang='lat'><em>_</em></span> 
     </span>
    </p>
   </div>
   <div class='ocr_carea' id='block_1_15' title="bbox 512 1394 2036 1476">
    <p class='ocr_par' dir='ltr' id='par_1_15' title="bbox 512 1394 2036 1476">
     <span class='ocr_line' id='line_1_15' title="bbox 512 1394 2036 1476; baseline -0.013 -12"><span class='ocrx_word' id='word_1_77' title='bbox 512 1414 598 1466; x_wconf 77' lang='lat' dir='ltr'>t2.</span> <span class='ocrx_word' id='word_1_78' title='bbox 629 1409 685 1462; x_wconf 87' lang='lat' dir='ltr'>Si</span> <span class='ocrx_word' id='word_1_79' title='bbox 715 1406 908 1476; x_wconf 79' lang='lat' dir='ltr'>aliquis</span> <span class='ocrx_word' id='word_1_80' title='bbox 964 1403 1269 1457; x_wconf 88' lang='lat' dir='ltr'>infirmetur</span> <span class='ocrx_word' id='word_1_81' title='bbox 1323 1398 1463 1452; x_wconf 89' lang='lat' dir='ltr'>infra</span> <span class='ocrx_word' id='word_1_82' title='bbox 1501 1394 1761 1449; x_wconf 88' lang='lat' dir='ltr'>terminos</span> <span class='ocrx_word' id='word_1_83' title='bbox 1817 1399 2036 1446; x_wconf 88' lang='lat' dir='ltr'>nostros</span> 
     </span>
    </p>
   </div>
   <div class='ocr_carea' id='block_1_16' title="bbox 437 1481 2034 1568">
    <p class='ocr_par' dir='ltr' id='par_1_16' title="bbox 437 1481 2034 1568">
     <span class='ocr_line' id='line_1_16' title="bbox 437 1481 2034 1568; baseline -0.014 -14"><span class='ocrx_word' id='word_1_84' title='bbox 437 1507 548 1554; x_wconf 87' lang='lat' dir='ltr'>tam</span> <span class='ocrx_word' id='word_1_85' title='bbox 579 1495 828 1568; x_wconf 79' lang='lat' dir='ltr'>graviter,</span> <span class='ocrx_word' id='word_1_86' title='bbox 853 1491 999 1563; x_wconf 89' lang='lat' dir='ltr'>quod</span> <span class='ocrx_word' id='word_1_87' title='bbox 1021 1505 1128 1544; x_wconf 88' lang='lat' dir='ltr'>non</span> <span class='ocrx_word' id='word_1_88' title='bbox 1159 1495 1345 1557; x_wconf 88' lang='lat' dir='ltr'>posset</span> <span class='ocrx_word' id='word_1_89' title='bbox 1385 1485 1589 1538; x_wconf 84' lang='lat' dir='ltr'>intrare</span> <span class='ocrx_word' id='word_1_90' title='bbox 1647 1481 1906 1536; x_wconf 72' lang='lat' dir='ltr'>terminos</span> <span class='ocrx_word' id='word_1_91' title='bbox 1934 1495 2034 1550; x_wconf 88' lang='lat' dir='ltr'>pe-</span> 
     </span>
    </p>
   </div>
   <div class='ocr_carea' id='block_1_17' title="bbox 439 1568 2032 1652">
    <p class='ocr_par' dir='ltr' id='par_1_17' title="bbox 439 1568 2032 1652">
     <span class='ocr_line' id='line_1_17' title="bbox 439 1568 2032 1652; baseline -0.014 -11"><span class='ocrx_word' id='word_1_92' title='bbox 439 1587 539 1640; x_wconf 89' lang='lat' dir='ltr'>des</span> <span class='ocrx_word' id='word_1_93' title='bbox 577 1583 663 1638; x_wconf 83' lang='lat' dir='ltr'>vel</span> <span class='ocrx_word' id='word_1_94' title='bbox 695 1597 882 1652; x_wconf 84' lang='lat' dir='ltr'>eques,</span> <span class='ocrx_word' id='word_1_95' title='bbox 910 1593 1019 1633; x_wconf 89' lang='lat' dir='ltr'>non</span> <span class='ocrx_word' id='word_1_96' title='bbox 1045 1583 1220 1646; x_wconf 87' lang='lat' dir='ltr'>potest</span> <span class='ocrx_word' id='word_1_97' title='bbox 1251 1572 1421 1642; x_wconf 88' lang='lat' dir='ltr'>recipi</span> <span class='ocrx_word' id='word_1_98' title='bbox 1451 1570 1536 1626; x_wconf 86' lang='lat' dir='ltr'>vel</span> <span class='ocrx_word' id='word_1_99' title='bbox 1568 1569 1718 1624; x_wconf 89' lang='lat' dir='ltr'>indui</span> <span class='ocrx_word' id='word_1_100' title='bbox 1763 1568 2032 1622; x_wconf 88' lang='lat' dir='ltr'>ordinate.</span> 
     </span>
    </p>
   </div>
   <div class='ocr_carea' id='block_1_18' title="bbox 513 1653 2036 1732">
    <p class='ocr_par' dir='ltr' id='par_1_18' title="bbox 513 1653 2036 1732">
     <span class='ocr_line' id='line_1_18' title="bbox 513 1653 2036 1732; baseline -0.012 -8"><span class='ocrx_word' id='word_1_101' title='bbox 513 1676 600 1725; x_wconf 83' lang='grc'>13.</span> <span class='ocrx_word' id='word_1_102' title='bbox 633 1668 836 1725; x_wconf 86' lang='lat' dir='ltr'>Novitii</span> <span class='ocrx_word' id='word_1_103' title='bbox 864 1683 969 1722; x_wconf 89' lang='lat' dir='ltr'>non</span> <span class='ocrx_word' id='word_1_104' title='bbox 988 1665 1185 1718; x_wconf 80' lang='lat' dir='ltr'>faciant</span> <span class='ocrx_word' id='word_1_105' title='bbox 1213 1659 1614 1732; x_wconf 81' lang='lat' dir='ltr'>professionem</span> <span class='ocrx_word' id='word_1_106' title='bbox 1672 1655 1775 1710; x_wconf 86' lang='lat' dir='ltr'>nisi</span> <span class='ocrx_word' id='word_1_107' title='bbox 1815 1653 2036 1726; x_wconf 89' lang='lat' dir='ltr'>proprio</span> 
     </span>
    </p>
   </div>
   <div class='ocr_carea' id='block_1_19' title="bbox 2138 523 2425 572">
    <p class='ocr_par' dir='ltr' id='par_1_19' title="bbox 2138 523 2425 572">
     <span class='ocr_line' id='line_1_19' title="bbox 2138 523 2425 572; baseline -0.014 0"><span class='ocrx_word' id='word_1_108' title='bbox 2138 523 2425 572; x_wconf 73' lang='lat' dir='ltr'>conventu.</span> 
     </span>
    </p>
   </div>
   <div class='ocr_carea' id='block_1_20' title="bbox 2207 589 3741 662">
    <p class='ocr_par' dir='ltr' id='par_1_20' title="bbox 2207 589 3741 662">
     <span class='ocr_line' id='line_1_20' title="bbox 2207 589 3741 662; baseline -0.009 -3"><span class='ocrx_word' id='word_1_109' title='bbox 2207 607 2300 662; x_wconf 76' lang='grc'>24.</span> <span class='ocrx_word' id='word_1_110' title='bbox 2341 605 2400 657; x_wconf 88' lang='lat' dir='ltr'>In</span> <span class='ocrx_word' id='word_1_111' title='bbox 2431 611 2624 658; x_wconf 86' lang='lat' dir='ltr'>octava</span> <span class='ocrx_word' id='word_1_112' title='bbox 2653 598 2964 655; x_wconf 86' lang='lat' dir='ltr'>Nativitatis</span> <span class='ocrx_word' id='word_1_113' title='bbox 2995 594 3209 650; x_wconf 89' lang='lat' dir='ltr'>Domini</span> <span class='ocrx_word' id='word_1_114' title='bbox 3243 591 3441 648; x_wconf 89' lang='lat' dir='ltr'>dicitur</span> <span class='ocrx_word' id='word_1_115' title='bbox 3487 589 3741 662; x_wconf 64' lang='lat' dir='ltr'>praefatio</span> 
     </span>
    </p>
   </div>
   <div class='ocr_carea' id='block_1_21' title="bbox 2136 681 3663 754">
    <p class='ocr_par' dir='ltr' id='par_1_21' title="bbox 2136 681 3663 754">
     <span class='ocr_line' id='line_1_21' title="bbox 2136 681 3663 754; baseline -0.009 -7"><span class='ocrx_word' id='word_1_116' title='bbox 2136 695 2204 747; x_wconf 90' lang='lat' dir='ltr'>de</span> <span class='ocrx_word' id='word_1_117' title='bbox 2226 692 2524 754; x_wconf 83' lang='lat' dir='ltr'>nativitate,</span> <span class='ocrx_word' id='word_1_118' title='bbox 2559 699 2612 744; x_wconf 90' lang='lat' dir='ltr'>et</span> <span class='ocrx_word' id='word_1_119' title='bbox 2644 687 3160 745; x_wconf 77' lang='lat' dir='ltr'>Communicantes,</span> <span class='ocrx_word' id='word_1_120' title='bbox 3184 689 3236 737; x_wconf 85' lang='lat' dir='ltr'>et</span> <span class='ocrx_word' id='word_1_121' title='bbox 3273 683 3426 736; x_wconf 81' lang='lat' dir='ltr'>Hane</span> <span class='ocrx_word' id='word_1_122' title='bbox 3457 681 3663 750; x_wconf 79' lang='lat' dir='ltr'>igitur.</span> 
     </span>
    </p>
   </div>
   <div class='ocr_carea' id='block_1_22' title="bbox 2205 767 3738 854">
    <p class='ocr_par' dir='ltr' id='par_1_22' title="bbox 2205 767 3738 854">
     <span class='ocr_line' id='line_1_22' title="bbox 2205 767 3738 854; baseline -0.01 -19"><span class='ocrx_word' id='word_1_123' title='bbox 2205 785 2300 837; x_wconf 75' lang='lat'>25.</span> <span class='ocrx_word' id='word_1_124' title='bbox 2355 778 2587 847; x_wconf 82' lang='lat' dir='ltr'>Quando</span> <span class='ocrx_word' id='word_1_125' title='bbox 2616 775 2896 847; x_wconf 87' lang='lat' dir='ltr'>Apparitio</span> <span class='ocrx_word' id='word_1_126' title='bbox 2925 771 3140 854; x_wconf 83' lang='lat' dir='ltr'>Domini</span> <span class='ocrx_word' id='word_1_127' title='bbox 3169 771 3224 824; x_wconf 90' lang='lat' dir='ltr'>in</span> <span class='ocrx_word' id='word_1_128' title='bbox 3281 767 3549 824; x_wconf 89' lang='lat' dir='ltr'>dominica</span> <span class='ocrx_word' id='word_1_129' title='bbox 3596 782 3738 823; x_wconf 86' lang='lat' dir='ltr'>con-</span> 
     </span>
    </p>
   </div>
   <div class='ocr_carea' id='block_1_23' title="bbox 2137 853 3740 939">
    <p class='ocr_par' dir='ltr' id='par_1_23' title="bbox 2137 853 3740 939">
     <span class='ocr_line' id='line_1_23' title="bbox 2137 853 3740 939; baseline -0.009 -17"><span class='ocrx_word' id='word_1_130' title='bbox 2137 869 2314 939; x_wconf 86' lang='lat' dir='ltr'>tingit,</span> <span class='ocrx_word' id='word_1_131' title='bbox 2349 866 2407 921; x_wconf 86' lang='lat' dir='ltr'>tit</span> <span class='ocrx_word' id='word_1_132' title='bbox 2438 862 2884 921; x_wconf 85' lang='lat' dir='ltr'>commemoratio</span> <span class='ocrx_word' id='word_1_133' title='bbox 2913 861 2982 916; x_wconf 89' lang='lat' dir='ltr'>de</span> <span class='ocrx_word' id='word_1_134' title='bbox 3010 857 3305 927; x_wconf 87' lang='lat' dir='ltr'>dominica,</span> <span class='ocrx_word' id='word_1_135' title='bbox 3337 867 3386 912; x_wconf 90' lang='lat' dir='ltr'>et</span> <span class='ocrx_word' id='word_1_136' title='bbox 3418 863 3541 911; x_wconf 91' lang='lat' dir='ltr'>sunt</span> <span class='ocrx_word' id='word_1_137' title='bbox 3589 853 3740 908; x_wconf 90' lang='lat' dir='ltr'>anti-</span> 
     </span>
    </p>
   </div>
   <div class='ocr_carea' id='block_1_24' title="bbox 2137 954 3050 1028">
    <p class='ocr_par' dir='ltr' id='par_1_24' title="bbox 2137 954 3050 1028">
     <span class='ocr_line' id='line_1_24' title="bbox 2137 954 3050 1028; baseline -0.011 -17"><span class='ocrx_word' id='word_1_138' title='bbox 2137 959 2332 1028; x_wconf 80' lang='lat' dir='ltr'>phonae</span> <span class='ocrx_word' id='word_1_139' title='bbox 2356 956 2492 1010; x_wconf 85' lang='lat' dir='ltr'>Cum</span> <span class='ocrx_word' id='word_1_140' title='bbox 2513 957 2704 1024; x_wconf 71' lang='lat' dir='ltr'>factus</span> <span class='ocrx_word' id='word_1_141' title='bbox 2735 954 2899 1016; x_wconf 77' lang='lat' dir='ltr'>esset,</span> <span class='ocrx_word' id='word_1_142' title='bbox 2946 956 3050 1003; x_wconf 90' lang='lat' dir='ltr'>etc.</span> 
     </span>
    </p>
   </div>
   <div class='ocr_carea' id='block_1_25' title="bbox 2207 1030 3739 1106">
    <p class='ocr_par' dir='ltr' id='par_1_25' title="bbox 2207 1030 3739 1106">
     <span class='ocr_line' id='line_1_25' title="bbox 2207 1030 3739 1106; baseline -0.011 -7"><span class='ocrx_word' id='word_1_143' title='bbox 2207 1048 2295 1100; x_wconf 87' lang='lat'>26.</span> <span class='ocrx_word' id='word_1_144' title='bbox 2341 1044 2465 1096; x_wconf 87' lang='lat' dir='ltr'>Post</span> <span class='ocrx_word' id='word_1_145' title='bbox 2491 1041 2750 1096; x_wconf 88' lang='lat' dir='ltr'>lectiones</span> <span class='ocrx_word' id='word_1_146' title='bbox 2783 1039 2849 1092; x_wconf 90' lang='lat' dir='ltr'>de</span> <span class='ocrx_word' id='word_1_147' title='bbox 2879 1035 3176 1106; x_wconf 83' lang='lat' dir='ltr'>prOphetis,</span> <span class='ocrx_word' id='word_1_148' title='bbox 3211 1049 3336 1089; x_wconf 90' lang='lat' dir='ltr'>cum</span> <span class='ocrx_word' id='word_1_149' title='bbox 3376 1030 3739 1086; x_wconf 88' lang='lat' dir='ltr'>terminantur</span> 
     </span>
    </p>
   </div>
   <div class='ocr_carea' id='block_1_26' title="bbox 2138 1123 3486 1202">
    <p class='ocr_par' dir='ltr' id='par_1_26' title="bbox 2138 1123 3486 1202">
     <span class='ocr_line' id='line_1_26' title="bbox 2138 1123 3486 1202; baseline -0.01 -14"><span class='ocrx_word' id='word_1_150' title='bbox 2138 1149 2262 1189; x_wconf 91' lang='lat' dir='ltr'>cum</span> <span class='ocrx_word' id='word_1_151' title='bbox 2294 1130 2568 1202; x_wconf 75' lang='lat' dir='ltr'>Explicit,</span> <span class='ocrx_word' id='word_1_152' title='bbox 2603 1127 2832 1182; x_wconf 90' lang='lat' dir='ltr'>dicitur:</span> <span class='ocrx_word' id='word_1_153' title='bbox 2877 1127 2952 1179; x_wconf 86' lang='lat' dir='ltr'>Tu</span> <span class='ocrx_word' id='word_1_154' title='bbox 2984 1127 3195 1190; x_wconf 80' lang='lat' dir='ltr'>autem,</span> <span class='ocrx_word' id='word_1_155' title='bbox 3234 1123 3486 1176; x_wconf 81' lang='lat' dir='ltr'>Domine.</span> 
     </span>
    </p>
   </div>
   <div class='ocr_carea' id='block_1_27' title="bbox 2208 1205 3736 1281">
    <p class='ocr_par' dir='ltr' id='par_1_27' title="bbox 2208 1205 3736 1281">
     <span class='ocr_line' id='line_1_27' title="bbox 2208 1205 3736 1281; baseline -0.011 -6"><span class='ocrx_word' id='word_1_156' title='bbox 2208 1223 2297 1275; x_wconf 77' lang='lat'>27.</span> <span class='ocrx_word' id='word_1_157' title='bbox 2334 1221 2392 1274; x_wconf 90' lang='lat' dir='ltr'>ln</span> <span class='ocrx_word' id='word_1_158' title='bbox 2418 1219 2554 1272; x_wconf 85' lang='lat' dir='ltr'>festo</span> <span class='ocrx_word' id='word_1_159' title='bbox 2585 1213 2913 1270; x_wconf 79' lang='lat' dir='ltr'>inventionis</span> <span class='ocrx_word' id='word_1_160' title='bbox 2933 1213 2988 1267; x_wconf 89' lang='lat' dir='ltr'>S.</span> <span class='ocrx_word' id='word_1_161' title='bbox 3017 1209 3278 1281; x_wconf 82' lang='lat' dir='ltr'>Stephani</span> <span class='ocrx_word' id='word_1_162' title='bbox 3307 1209 3556 1263; x_wconf 90' lang='lat' dir='ltr'>dicuntur</span> <span class='ocrx_word' id='word_1_163' title='bbox 3584 1205 3736 1260; x_wconf 89' lang='lat' dir='ltr'>anti-</span> 
     </span>
    </p>
   </div>
   <div class='ocr_carea' id='block_1_28' title="bbox 2136 1294 3733 1381">
    <p class='ocr_par' dir='ltr' id='par_1_28' title="bbox 2136 1294 3733 1381">
     <span class='ocr_line' id='line_1_28' title="bbox 2136 1294 3733 1381; baseline -0.011 -17"><span class='ocrx_word' id='word_1_164' title='bbox 2136 1311 2334 1381; x_wconf 71' lang='lat' dir='ltr'>phona:</span> <span class='ocrx_word' id='word_1_165' title='bbox 2358 1315 2409 1362; x_wconf 91' lang='lat' dir='ltr'>et</span> <span class='ocrx_word' id='word_1_166' title='bbox 2433 1303 2803 1376; x_wconf 88' lang='lat' dir='ltr'>responsoria,</span> <span class='ocrx_word' id='word_1_167' title='bbox 2820 1301 2956 1355; x_wconf 89' lang='lat' dir='ltr'>sicut</span> <span class='ocrx_word' id='word_1_168' title='bbox 2977 1301 3030 1354; x_wconf 90' lang='lat' dir='ltr'>in</span> <span class='ocrx_word' id='word_1_169' title='bbox 3053 1307 3239 1354; x_wconf 91' lang='lat' dir='ltr'>octava</span> <span class='ocrx_word' id='word_1_170' title='bbox 3257 1297 3447 1350; x_wconf 87' lang='lat' dir='ltr'>natalis</span> <span class='ocrx_word' id='word_1_171' title='bbox 3465 1294 3733 1364; x_wconf 86' lang='lat' dir='ltr'>ejusdem.</span> 
     </span>
    </p>
   </div>
   <div class='ocr_carea' id='block_1_29' title="bbox 2206 1399 3733 1475">
    <p class='ocr_par' dir='ltr' id='par_1_29' title="bbox 2206 1399 3733 1475">
     <span class='ocr_line' id='line_1_29' title="bbox 2206 1399 3733 1475; baseline -0.012 -5"><span class='ocrx_word' id='word_1_172' title='bbox 2206 1420 2296 1472; x_wconf 87' lang='lat'>28.</span> <span class='ocrx_word' id='word_1_173' title='bbox 2340 1412 2571 1468; x_wconf 81' lang='lat' dir='ltr'>Feriarv</span> <span class='ocrx_word' id='word_1_174' title='bbox 2612 1417 2664 1462; x_wconf 88' lang='lat' dir='ltr'>et</span> <span class='ocrx_word' id='word_1_175' title='bbox 2711 1423 2764 1462; x_wconf 70' lang='grc' dir='ltr'>γι</span> <span class='ocrx_word' id='word_1_176' title='bbox 2797 1405 3126 1475; x_wconf 82' lang='lat' dir='ltr'>jejuniorum</span> <span class='ocrx_word' id='word_1_177' title='bbox 3157 1399 3733 1474; x_wconf 86' lang='lat' dir='ltr'>quadragesimalium,</span> 
     </span>
    </p>
   </div>
   <div class='ocr_carea' id='block_1_30' title="bbox 2136 1487 3736 1574">
    <p class='ocr_par' dir='ltr' id='par_1_30' title="bbox 2136 1487 3736 1574">
     <span class='ocr_line' id='line_1_30' title="bbox 2136 1487 3736 1574; baseline -0.011 -16"><span class='ocrx_word' id='word_1_178' title='bbox 2136 1512 2261 1574; x_wconf 91' lang='lat' dir='ltr'>post</span> <span class='ocrx_word' id='word_1_179' title='bbox 2292 1502 2425 1556; x_wconf 86' lang='lat' dir='ltr'>alias</span> <span class='ocrx_word' id='word_1_180' title='bbox 2455 1497 2732 1555; x_wconf 88' lang='lat' dir='ltr'>orationes</span> <span class='ocrx_word' id='word_1_181' title='bbox 2760 1495 2958 1549; x_wconf 88' lang='lat' dir='ltr'>dicitur</span> <span class='ocrx_word' id='word_1_182' title='bbox 2977 1492 3168 1556; x_wconf 84' lang='lat' dir='ltr'>oratio,</span> <span class='ocrx_word' id='word_1_183' title='bbox 3217 1491 3595 1559; x_wconf 71' lang='lat' dir='ltr'>Omnipotens,</span> <span class='ocrx_word' id='word_1_184' title='bbox 3635 1487 3736 1558; x_wconf 78' lang='lat' dir='ltr'>qui</span> 
     </span>
    </p>
   </div>
   <div class='ocr_carea' id='block_1_31' title="bbox 2138 1605 2408 1646">
    <p class='ocr_par' dir='ltr' id='par_1_31' title="bbox 2138 1605 2408 1646">
     <span class='ocr_line' id='line_1_31' title="bbox 2138 1605 2408 1646; baseline -0.011 0"><span class='ocrx_word' id='word_1_185' title='bbox 2138 1605 2408 1646; x_wconf 73' lang='lat' dir='ltr'>vivorum.</span> 
     </span>
    </p>
   </div>
   <div class='ocr_carea' id='block_1_32' title="bbox 2207 1661 3736 1736">
    <p class='ocr_par' dir='ltr' id='par_1_32' title="bbox 2207 1661 3736 1736">
     <span class='ocr_line' id='line_1_32' title="bbox 2207 1661 3736 1736; baseline -0.012 -2"><span class='ocrx_word' id='word_1_186' title='bbox 2207 1683 2296 1736; x_wconf 88' lang='lat'>29.</span> <span class='ocrx_word' id='word_1_187' title='bbox 2332 1679 2389 1731; x_wconf 88' lang='lat' dir='ltr'>In</span> <span class='ocrx_word' id='word_1_188' title='bbox 2418 1676 2600 1730; x_wconf 88' lang='lat' dir='ltr'>missis</span> <span class='ocrx_word' id='word_1_189' title='bbox 2629 1672 3028 1736; x_wconf 85' lang='lat' dir='ltr'>defunctorum,</span> <span class='ocrx_word' id='word_1_190' title='bbox 3063 1667 3119 1720; x_wconf 88' lang='lat' dir='ltr'>in</span> <span class='ocrx_word' id='word_1_191' title='bbox 3177 1665 3372 1736; x_wconf 85' lang='lat' dir='ltr'>quibus</span> <span class='ocrx_word' id='word_1_192' title='bbox 3418 1680 3483 1717; x_wconf 82' lang='lat' dir='ltr'>ex</span> <span class='ocrx_word' id='word_1_193' title='bbox 3539 1661 3736 1717; x_wconf 82' lang='lat' dir='ltr'>Ordine</span> 
     </span>
    </p>
   </div>
   <div class='ocr_carea' id='block_1_33' title="bbox 438 1742 3732 1831">
    <p class='ocr_par' dir='ltr' id='par_1_33' title="bbox 438 1742 3732 1831">
     <span class='ocr_line' id='line_1_33' title="bbox 438 1742 3732 1831; baseline -0.017 26"><span class='ocrx_word' id='word_1_194' title='bbox 438 1760 623 1830; x_wconf 58' lang='lat' dir='ltr'>priore</span> <span class='ocrx_word' id='word_1_195' title='bbox 652 1763 941 1826; x_wconf 49' lang='lat' dir='ltr'>prasente’</span> <span class='ocrx_word' id='word_1_196' title='bbox 976 1752 1062 1806; x_wconf 61' lang='lat' dir='ltr'>vel</span> <span class='ocrx_word' id='word_1_197' title='bbox 1095 1750 1201 1804; x_wconf 65' lang='lat' dir='ltr'>alio</span> <span class='ocrx_word' id='word_1_198' title='bbox 1231 1749 1297 1802; x_wconf 70' lang='lat' dir='ltr'>de</span> <span class='ocrx_word' id='word_1_199' title='bbox 1318 1747 1504 1801; x_wconf 67' lang='lat' dir='ltr'>ordine</span> <span class='ocrx_word' id='word_1_200' title='bbox 1527 1754 1714 1800; x_wconf 54' lang='lat' dir='ltr'>nosuo</span> <span class='ocrx_word' id='word_1_201' title='bbox 1734 1760 1829 1814; x_wconf 60' lang='lat' dir='ltr'>per</span> <span class='ocrx_word' id='word_1_202' title='bbox 1843 1742 2031 1796; x_wconf 65' lang='lat' dir='ltr'>volun&#39;</span> <span class='ocrx_word' id='word_1_203' title='bbox 2056 1771 2106 1828; x_wconf 93' lang='lat' dir='ltr'><strong>B</strong></span> <span class='ocrx_word' id='word_1_204' title='bbox 2137 1768 2300 1822; x_wconf 88' lang='lat' dir='ltr'>debet</span> <span class='ocrx_word' id='word_1_205' title='bbox 2329 1764 2436 1820; x_wconf 89' lang='lat' dir='ltr'>dici</span> <span class='ocrx_word' id='word_1_206' title='bbox 2468 1772 2668 1818; x_wconf 90' lang='lat' dir='ltr'>tractus</span> <span class='ocrx_word' id='word_1_207' title='bbox 2712 1763 2786 1815; x_wconf 90' lang='lat' dir='ltr'>De</span> <span class='ocrx_word' id='word_1_208' title='bbox 2828 1755 3145 1831; x_wconf 77' lang='lat' dir='ltr'>profundis,</span> <span class='ocrx_word' id='word_1_209' title='bbox 3197 1753 3406 1808; x_wconf 88' lang='lat' dir='ltr'>dicatur</span> <span class='ocrx_word' id='word_1_210' title='bbox 3458 1750 3732 1815; x_wconf 87' lang='lat' dir='ltr'>introitus,</span> 
     </span>
    </p>
   </div>
   <div class='ocr_carea' id='block_1_34' title="bbox 441 1835 1642 1913">
    <p class='ocr_par' dir='ltr' id='par_1_34' title="bbox 441 1835 1642 1913">
     <span class='ocr_line' id='line_1_34' title="bbox 441 1835 1642 1913; baseline -0.013 -12"><span class='ocrx_word' id='word_1_211' title='bbox 441 1855 604 1901; x_wconf 87' lang='lat' dir='ltr'>tatem</span> <span class='ocrx_word' id='word_1_212' title='bbox 628 1846 762 1913; x_wconf 88' lang='lat' dir='ltr'>ejus,</span> <span class='ocrx_word' id='word_1_213' title='bbox 790 1842 833 1896; x_wconf 88' lang='lat' dir='ltr'>si</span> <span class='ocrx_word' id='word_1_214' title='bbox 865 1855 1109 1911; x_wconf 59' lang='lat' dir='ltr'>presens</span> <span class='ocrx_word' id='word_1_215' title='bbox 1150 1852 1256 1890; x_wconf 83' lang='lat' dir='ltr'>non</span> <span class='ocrx_word' id='word_1_216' title='bbox 1299 1835 1468 1904; x_wconf 79' lang='lat' dir='ltr'>possit</span> <span class='ocrx_word' id='word_1_217' title='bbox 1499 1849 1642 1887; x_wconf 89' lang='lat' dir='ltr'>esse.</span> 
     </span>
    </p>
   </div>
   <div class='ocr_carea' id='block_1_35' title="bbox 514 1930 2035 2000">
    <p class='ocr_par' dir='ltr' id='par_1_35' title="bbox 514 1930 2035 2000">
     <span class='ocr_line' id='line_1_35' title="bbox 514 1930 2035 2000; baseline -0.012 0"><span class='ocrx_word' id='word_1_218' title='bbox 514 1948 598 2000; x_wconf 73' lang='grc'>14.</span> <span class='ocrx_word' id='word_1_219' title='bbox 636 1943 869 1997; x_wconf 90' lang='lat' dir='ltr'>Cuilibet</span> <span class='ocrx_word' id='word_1_220' title='bbox 905 1948 1134 1993; x_wconf 88' lang='lat' dir='ltr'>statuum</span> <span class='ocrx_word' id='word_1_221' title='bbox 1173 1935 1346 1990; x_wconf 91' lang='lat' dir='ltr'>nostri</span> <span class='ocrx_word' id='word_1_222' title='bbox 1376 1932 1603 1998; x_wconf 88' lang='lat' dir='ltr'>ordinis,</span> <span class='ocrx_word' id='word_1_223' title='bbox 1665 1930 1873 1987; x_wconf 88' lang='lat' dir='ltr'>scilicet</span> <span class='ocrx_word' id='word_1_224' title='bbox 1912 1943 2035 1982; x_wconf 91' lang='lat' dir='ltr'>mo-</span> 
     </span>
    </p>
   </div>
   <div class='ocr_carea' id='block_1_36' title="bbox 439 2015 2037 2093">
    <p class='ocr_par' dir='ltr' id='par_1_36' title="bbox 439 2015 2037 2093">
     <span class='ocr_line' id='line_1_36' title="bbox 439 2015 2037 2093; baseline -0.013 -5"><span class='ocrx_word' id='word_1_225' title='bbox 439 2033 762 2093; x_wconf 85' lang='lat' dir='ltr'>nachorum,</span> <span class='ocrx_word' id='word_1_226' title='bbox 794 2041 1187 2084; x_wconf 89' lang='lat' dir='ltr'>conversorum</span> <span class='ocrx_word' id='word_1_227' title='bbox 1216 2032 1269 2077; x_wconf 91' lang='lat' dir='ltr'>et</span> <span class='ocrx_word' id='word_1_228' title='bbox 1318 2021 1674 2084; x_wconf 90' lang='lat' dir='ltr'>redditorum,</span> <span class='ocrx_word' id='word_1_229' title='bbox 1724 2018 1843 2072; x_wconf 91' lang='lat' dir='ltr'>loco</span> <span class='ocrx_word' id='word_1_230' title='bbox 1875 2015 2037 2070; x_wconf 90' lang='lat' dir='ltr'>trium</span> 
     </span>
    </p>
   </div>
   <div class='ocr_carea' id='block_1_37' title="bbox 439 2108 1466 2188">
    <p class='ocr_par' dir='ltr' id='par_1_37' title="bbox 439 2108 1466 2188">
     <span class='ocr_line' id='line_1_37' title="bbox 439 2108 1466 2188; baseline -0.015 -13"><span class='ocrx_word' id='word_1_231' title='bbox 439 2119 705 2175; x_wconf 91' lang='lat' dir='ltr'>inutilium</span> <span class='ocrx_word' id='word_1_232' title='bbox 734 2122 963 2188; x_wconf 90' lang='lat' dir='ltr'>possunt</span> <span class='ocrx_word' id='word_1_233' title='bbox 989 2112 1116 2167; x_wconf 88' lang='lat' dir='ltr'>addi</span> <span class='ocrx_word' id='word_1_234' title='bbox 1146 2120 1257 2165; x_wconf 89' lang='lat' dir='ltr'>tres</span> <span class='ocrx_word' id='word_1_235' title='bbox 1286 2108 1466 2163; x_wconf 90' lang='lat' dir='ltr'>utiles.</span> 
     </span>
    </p>
   </div>
   <div class='ocr_carea' id='block_1_38' title="bbox 513 2206 2038 2288">
    <p class='ocr_par' dir='ltr' id='par_1_38' title="bbox 513 2206 2038 2288">
     <span class='ocr_line' id='line_1_38' title="bbox 513 2206 2038 2288; baseline -0.012 -11"><span class='ocrx_word' id='word_1_236' title='bbox 513 2225 600 2277; x_wconf 81' lang='grc'>15.</span> <span class='ocrx_word' id='word_1_237' title='bbox 633 2218 826 2276; x_wconf 88' lang='lat' dir='ltr'>Nullus</span> <span class='ocrx_word' id='word_1_238' title='bbox 847 2222 1142 2288; x_wconf 66' lang='lat' dir='ltr'>praesumat</span> <span class='ocrx_word' id='word_1_239' title='bbox 1165 2226 1466 2283; x_wconf 87' lang='lat' dir='ltr'>proponere</span> <span class='ocrx_word' id='word_1_240' title='bbox 1489 2207 1688 2278; x_wconf 90' lang='lat' dir='ltr'>aliquid</span> <span class='ocrx_word' id='word_1_241' title='bbox 1706 2206 1775 2260; x_wconf 91' lang='lat' dir='ltr'>ad</span> <span class='ocrx_word' id='word_1_242' title='bbox 1798 2213 2038 2260; x_wconf 88' lang='lat' dir='ltr'>statuen-</span> 
     </span>
    </p>
   </div>
   <div class='ocr_carea' id='block_1_39' title="bbox 440 2292 2037 2379">
    <p class='ocr_par' dir='ltr' id='par_1_39' title="bbox 440 2292 2037 2379">
     <span class='ocr_line' id='line_1_39' title="bbox 440 2292 2037 2379; baseline -0.013 -14"><span class='ocrx_word' id='word_1_243' title='bbox 440 2312 590 2375; x_wconf 88' lang='lat' dir='ltr'>dum,</span> <span class='ocrx_word' id='word_1_244' title='bbox 623 2323 724 2379; x_wconf 89' lang='lat' dir='ltr'>per</span> <span class='ocrx_word' id='word_1_245' title='bbox 753 2304 897 2377; x_wconf 90' lang='lat' dir='ltr'>quod</span> <span class='ocrx_word' id='word_1_246' title='bbox 926 2302 1179 2372; x_wconf 88' lang='lat' dir='ltr'>antiquus</span> <span class='ocrx_word' id='word_1_247' title='bbox 1210 2300 1355 2369; x_wconf 87' lang='lat' dir='ltr'>rigor</span> <span class='ocrx_word' id='word_1_248' title='bbox 1373 2295 1582 2352; x_wconf 90' lang='lat' dir='ltr'>ordinis</span> <span class='ocrx_word' id='word_1_249' title='bbox 1610 2294 1901 2360; x_wconf 88' lang='lat' dir='ltr'>minuatur,</span> <span class='ocrx_word' id='word_1_250' title='bbox 1919 2292 2037 2361; x_wconf 90' lang='lat' dir='ltr'>qui-</span> 
     </span>
    </p>
   </div>
   <div class='ocr_carea' id='block_1_40' title="bbox 441 2380 2034 2468">
    <p class='ocr_par' dir='ltr' id='par_1_40' title="bbox 441 2380 2034 2468">
     <span class='ocr_line' id='line_1_40' title="bbox 441 2380 2034 2468; baseline -0.014 -15"><span class='ocrx_word' id='word_1_251' title='bbox 441 2413 656 2468; x_wconf 90' lang='lat' dir='ltr'>cunque</span> <span class='ocrx_word' id='word_1_252' title='bbox 688 2409 816 2450; x_wconf 89' lang='lat' dir='ltr'>vero</span> <span class='ocrx_word' id='word_1_253' title='bbox 867 2394 972 2446; x_wconf 90' lang='lat' dir='ltr'>hoc</span> <span class='ocrx_word' id='word_1_254' title='bbox 1015 2388 1222 2450; x_wconf 88' lang='lat' dir='ltr'>fecerit,</span> <span class='ocrx_word' id='word_1_255' title='bbox 1253 2394 1303 2440; x_wconf 93' lang='lat' dir='ltr'>et</span> <span class='ocrx_word' id='word_1_256' title='bbox 1357 2384 1592 2438; x_wconf 87' lang='lat' dir='ltr'>monitus</span> <span class='ocrx_word' id='word_1_257' title='bbox 1623 2399 1650 2434; x_wconf 90' lang='lat' dir='ltr'>a</span> <span class='ocrx_word' id='word_1_258' title='bbox 1681 2381 1864 2450; x_wconf 89' lang='lat' dir='ltr'>priore</span> <span class='ocrx_word' id='word_1_259' title='bbox 1896 2380 2034 2434; x_wconf 86' lang='lat' dir='ltr'>Car-</span> 
     </span>
    </p>
   </div>
   <div class='ocr_carea' id='block_1_41' title="bbox 440 2466 2036 2540">
    <p class='ocr_par' dir='ltr' id='par_1_41' title="bbox 440 2466 2036 2540">
     <span class='ocr_line' id='line_1_41' title="bbox 440 2466 2036 2540; baseline -0.013 1"><span class='ocrx_word' id='word_1_260' title='bbox 440 2466 631 2540; x_wconf 68' lang='lat' dir='ltr'>thusire</span> <span class='ocrx_word' id='word_1_261' title='bbox 661 2482 748 2538; x_wconf 87' lang='lat' dir='ltr'>vel</span> <span class='ocrx_word' id='word_1_262' title='bbox 778 2496 809 2536; x_wconf 88' lang='lat' dir='ltr'>a</span> <span class='ocrx_word' id='word_1_263' title='bbox 829 2477 1201 2534; x_wconf 86' lang='lat' dir='ltr'>definitoribus</span> <span class='ocrx_word' id='word_1_264' title='bbox 1233 2488 1451 2529; x_wconf 89' lang='lat' dir='ltr'>cessare</span> <span class='ocrx_word' id='word_1_265' title='bbox 1482 2470 1730 2536; x_wconf 88' lang='lat' dir='ltr'>uoluerit,</span> <span class='ocrx_word' id='word_1_266' title='bbox 1759 2468 1876 2537; x_wconf 91' lang='lat' dir='ltr'>ipso</span> <span class='ocrx_word' id='word_1_267' title='bbox 1891 2466 2036 2522; x_wconf 90' lang='lat' dir='ltr'>facto</span> 
     </span>
    </p>
   </div>
   <div class='ocr_carea' id='block_1_42' title="bbox 440 2569 1008 2640">
    <p class='ocr_par' dir='ltr' id='par_1_42' title="bbox 440 2569 1008 2640">
     <span class='ocr_line' id='line_1_42' title="bbox 440 2569 1008 2640; baseline -0.014 -12"><span class='ocrx_word' id='word_1_268' title='bbox 440 2573 630 2628; x_wconf 88' lang='lat' dir='ltr'>ordine</span> <span class='ocrx_word' id='word_1_269' title='bbox 652 2571 719 2624; x_wconf 90' lang='lat' dir='ltr'>sit</span> <span class='ocrx_word' id='word_1_270' title='bbox 748 2569 1008 2640; x_wconf 89' lang='lat' dir='ltr'>privatus.</span> 
     </span>
    </p>
   </div>
   <div class='ocr_carea' id='block_1_43' title="bbox 511 2660 2036 2733">
    <p class='ocr_par' dir='ltr' id='par_1_43' title="bbox 511 2660 2036 2733">
     <span class='ocr_line' id='line_1_43' title="bbox 511 2660 2036 2733; baseline -0.014 0"><span class='ocrx_word' id='word_1_271' title='bbox 511 2679 598 2733; x_wconf 81' lang='grc'>16.</span> <span class='ocrx_word' id='word_1_272' title='bbox 631 2674 980 2731; x_wconf 80' lang='lat' dir='ltr'>Visitationes</span> <span class='ocrx_word' id='word_1_273' title='bbox 1032 2669 1316 2723; x_wconf 90' lang='lat' dir='ltr'>domorum</span> <span class='ocrx_word' id='word_1_274' title='bbox 1375 2663 1686 2726; x_wconf 87' lang='lat' dir='ltr'>Cataloniae,</span> <span class='ocrx_word' id='word_1_275' title='bbox 1724 2660 1935 2731; x_wconf 61' lang='lat' dir='ltr'>Anglia:</span> <span class='ocrx_word' id='word_1_276' title='bbox 1983 2665 2036 2712; x_wconf 89' lang='lat' dir='ltr'>et</span> 
     </span>
    </p>
   </div>
   <div class='ocr_carea' id='block_1_44' title="bbox 438 2747 2032 2822">
    <p class='ocr_par' dir='ltr' id='par_1_44' title="bbox 438 2747 2032 2822">
     <span class='ocr_line' id='line_1_44' title="bbox 438 2747 2032 2822; baseline -0.015 0"><span class='ocrx_word' id='word_1_277' title='bbox 438 2763 740 2822; x_wconf 75' lang='lat' dir='ltr'>Sclavonize</span> <span class='ocrx_word' id='word_1_278' title='bbox 770 2769 824 2817; x_wconf 89' lang='lat' dir='ltr'>et</span> <span class='ocrx_word' id='word_1_279' title='bbox 853 2761 909 2815; x_wconf 91' lang='lat' dir='ltr'>S.</span> <span class='ocrx_word' id='word_1_280' title='bbox 954 2755 1331 2814; x_wconf 69' lang='lat' dir='ltr'>Bartholomzei</span> <span class='ocrx_word' id='word_1_281' title='bbox 1378 2760 1433 2806; x_wconf 91' lang='lat' dir='ltr'>et</span> <span class='ocrx_word' id='word_1_282' title='bbox 1489 2759 1813 2806; x_wconf 70' lang='lat' dir='ltr'>caeterarum</span> <span class='ocrx_word' id='word_1_283' title='bbox 1843 2747 2032 2801; x_wconf 89' lang='lat' dir='ltr'>domo-</span> 
     </span>
    </p>
   </div>
   <div class='ocr_carea' id='block_1_45' title="bbox 439 2833 2034 2909">
    <p class='ocr_par' dir='ltr' id='par_1_45' title="bbox 439 2833 2034 2909">
     <span class='ocr_line' id='line_1_45' title="bbox 439 2833 2034 2909; baseline -0.015 0"><span class='ocrx_word' id='word_1_284' title='bbox 439 2869 560 2909; x_wconf 87' lang='lat' dir='ltr'>rum</span> <span class='ocrx_word' id='word_1_285' title='bbox 575 2852 805 2907; x_wconf 88' lang='lat' dir='ltr'>multum</span> <span class='ocrx_word' id='word_1_286' title='bbox 835 2855 1168 2903; x_wconf 90' lang='lat' dir='ltr'>remotarum</span> <span class='ocrx_word' id='word_1_287' title='bbox 1198 2859 1230 2898; x_wconf 89' lang='lat' dir='ltr'>a</span> <span class='ocrx_word' id='word_1_288' title='bbox 1287 2838 1569 2895; x_wconf 88' lang='lat' dir='ltr'>Carthusia</span> <span class='ocrx_word' id='word_1_289' title='bbox 1602 2853 1709 2891; x_wconf 91' lang='lat' dir='ltr'>non</span> <span class='ocrx_word' id='word_1_290' title='bbox 1769 2834 1900 2888; x_wconf 81' lang='lat' dir='ltr'>fiant</span> <span class='ocrx_word' id='word_1_291' title='bbox 1929 2833 2034 2887; x_wconf 87' lang='lat' dir='ltr'>nisi</span> 
     </span>
    </p>
   </div>
   <div class='ocr_carea' id='block_1_46' title="bbox 436 2921 2033 3002">
    <p class='ocr_par' dir='ltr' id='par_1_46' title="bbox 436 2921 2033 3002">
     <span class='ocr_line' id='line_1_46' title="bbox 436 2921 2033 3002; baseline -0.016 -4"><span class='ocrx_word' id='word_1_292' title='bbox 436 2957 580 2998; x_wconf 87' lang='lat' dir='ltr'>anno</span> <span class='ocrx_word' id='word_1_293' title='bbox 603 2937 886 3000; x_wconf 84' lang='lat' dir='ltr'>bissextili,</span> <span class='ocrx_word' id='word_1_294' title='bbox 922 2933 1026 2989; x_wconf 88' lang='lat' dir='ltr'>nisi</span> <span class='ocrx_word' id='word_1_295' title='bbox 1047 2931 1282 3002; x_wconf 89' lang='lat' dir='ltr'>capitulo</span> <span class='ocrx_word' id='word_1_296' title='bbox 1313 2928 1400 2983; x_wconf 91' lang='lat' dir='ltr'>vel</span> <span class='ocrx_word' id='word_1_297' title='bbox 1428 2925 1600 2996; x_wconf 89' lang='lat' dir='ltr'>priori</span> <span class='ocrx_word' id='word_1_298' title='bbox 1621 2922 1918 2978; x_wconf 71' lang='lat' dir='ltr'>Carthusia:</span> <span class='ocrx_word' id='word_1_299' title='bbox 1946 2921 2033 2976; x_wconf 92' lang='lat' dir='ltr'>vi-</span> 
     </span>
    </p>
   </div>
   <div class='ocr_carea' id='block_1_47' title="bbox 436 3016 1567 3098">
    <p class='ocr_par' dir='ltr' id='par_1_47' title="bbox 436 3016 1567 3098">
     <span class='ocr_line' id='line_1_47' title="bbox 436 3016 1567 3098; baseline -0.017 -11"><span class='ocrx_word' id='word_1_300' title='bbox 436 3030 655 3086; x_wconf 88' lang='lat' dir='ltr'>deretur</span> <span class='ocrx_word' id='word_1_301' title='bbox 687 3024 1013 3098; x_wconf 85' lang='lat' dir='ltr'>quandoque</span> <span class='ocrx_word' id='word_1_302' title='bbox 1044 3020 1198 3075; x_wconf 90' lang='lat' dir='ltr'>aliter</span> <span class='ocrx_word' id='word_1_303' title='bbox 1240 3016 1567 3072; x_wconf 87' lang='lat' dir='ltr'>faciendum.</span> 
     </span>
    </p>
   </div>
   <div class='ocr_carea' id='block_1_48' title="bbox 2136 1855 2719 1925">
    <p class='ocr_par' dir='ltr' id='par_1_48' title="bbox 2136 1855 2719 1925">
     <span class='ocr_line' id='line_1_48' title="bbox 2136 1855 2719 1925; baseline -0.015 -14"><span class='ocrx_word' id='word_1_304' title='bbox 2136 1855 2397 1925; x_wconf 84' lang='lat' dir='ltr'>Requiem</span> <span class='ocrx_word' id='word_1_305' title='bbox 2421 1857 2719 1906; x_wconf 66' lang='lat' dir='ltr'>aeternam.</span> 
     </span>
    </p>
   </div>
   <div class='ocr_carea' id='block_1_49' title="bbox 2209 1924 3735 2008">
    <p class='ocr_par' dir='ltr' id='par_1_49' title="bbox 2209 1924 3735 2008">
     <span class='ocr_line' id='line_1_49' title="bbox 2209 1924 3735 2008; baseline -0.012 -12"><span class='ocrx_word' id='word_1_306' title='bbox 2209 1924 2296 1996; x_wconf 86' lang='lat'>30.</span> <span class='ocrx_word' id='word_1_307' title='bbox 2330 1940 2583 2008; x_wconf 88' lang='lat' dir='ltr'>Qualibet</span> <span class='ocrx_word' id='word_1_308' title='bbox 2613 1932 2958 1991; x_wconf 77' lang='lat' dir='ltr'>hebdomade</span> <span class='ocrx_word' id='word_1_309' title='bbox 2987 1930 3152 1985; x_wconf 91' lang='lat' dir='ltr'>totius</span> <span class='ocrx_word' id='word_1_310' title='bbox 3179 1928 3305 1982; x_wconf 84' lang='lat' dir='ltr'>anni</span> <span class='ocrx_word' id='word_1_311' title='bbox 3335 1927 3584 1982; x_wconf 90' lang='lat' dir='ltr'>dicuntur</span> <span class='ocrx_word' id='word_1_312' title='bbox 3623 1924 3735 1979; x_wconf 91' lang='lat' dir='ltr'>duo</span> 
     </span>
    </p>
   </div>
   <div class='ocr_carea' id='block_1_50' title="bbox 2135 2011 3732 2094">
    <p class='ocr_par' dir='ltr' id='par_1_50' title="bbox 2135 2011 3732 2094">
     <span class='ocr_line' id='line_1_50' title="bbox 2135 2011 3732 2094; baseline -0.011 -10"><span class='ocrx_word' id='word_1_313' title='bbox 2135 2031 2350 2093; x_wconf 85' lang='lat' dir='ltr'>breves,</span> <span class='ocrx_word' id='word_1_314' title='bbox 2383 2035 2435 2081; x_wconf 90' lang='lat' dir='ltr'>et</span> <span class='ocrx_word' id='word_1_315' title='bbox 2464 2041 2570 2080; x_wconf 90' lang='lat' dir='ltr'>non</span> <span class='ocrx_word' id='word_1_316' title='bbox 2601 2023 2786 2094; x_wconf 87' lang='lat' dir='ltr'>plures</span> <span class='ocrx_word' id='word_1_317' title='bbox 2815 2035 2989 2090; x_wconf 89' lang='lat' dir='ltr'>usque</span> <span class='ocrx_word' id='word_1_318' title='bbox 3017 2017 3083 2072; x_wconf 86' lang='lat' dir='ltr'>ad</span> <span class='ocrx_word' id='word_1_319' title='bbox 3113 2015 3406 2086; x_wconf 83' lang='lat' dir='ltr'>capitulum</span> <span class='ocrx_word' id='word_1_320' title='bbox 3449 2011 3732 2084; x_wconf 81' lang='lat' dir='ltr'>generale,</span> 
     </span>
    </p>
   </div>
   <div class='ocr_carea' id='block_1_51' title="bbox 2137 2099 3734 2177">
    <p class='ocr_par' dir='ltr' id='par_1_51' title="bbox 2137 2099 3734 2177">
     <span class='ocr_line' id='line_1_51' title="bbox 2137 2099 3734 2177; baseline -0.013 -5"><span class='ocrx_word' id='word_1_321' title='bbox 2137 2117 2242 2172; x_wconf 91' lang='lat' dir='ltr'>nisi</span> <span class='ocrx_word' id='word_1_322' title='bbox 2259 2117 2312 2169; x_wconf 92' lang='lat' dir='ltr'>in</span> <span class='ocrx_word' id='word_1_323' title='bbox 2362 2129 2469 2169; x_wconf 91' lang='lat' dir='ltr'>una</span> <span class='ocrx_word' id='word_1_324' title='bbox 2517 2109 2861 2166; x_wconf 82' lang='lat' dir='ltr'>hebdomade</span> <span class='ocrx_word' id='word_1_325' title='bbox 2909 2107 3092 2177; x_wconf 90' lang='lat' dir='ltr'>plures</span> <span class='ocrx_word' id='word_1_326' title='bbox 3141 2119 3391 2174; x_wconf 60' lang='lat' dir='ltr'>persona:</span> <span class='ocrx_word' id='word_1_327' title='bbox 3439 2102 3494 2155; x_wconf 89' lang='lat' dir='ltr'>in</span> <span class='ocrx_word' id='word_1_328' title='bbox 3550 2099 3734 2170; x_wconf 88' lang='lat' dir='ltr'>aliqua</span> 
     </span>
    </p>
   </div>
   <div class='ocr_carea' id='block_1_52' title="bbox 2137 2189 3734 2264">
    <p class='ocr_par' dir='ltr' id='par_1_52' title="bbox 2137 2189 3734 2264">
     <span class='ocr_line' id='line_1_52' title="bbox 2137 2189 3734 2264; baseline -0.013 -4"><span class='ocrx_word' id='word_1_329' title='bbox 2137 2207 2298 2260; x_wconf 91' lang='lat' dir='ltr'>domo</span> <span class='ocrx_word' id='word_1_330' title='bbox 2331 2202 2673 2264; x_wconf 87' lang='lat' dir='ltr'>decederent,</span> <span class='ocrx_word' id='word_1_331' title='bbox 2706 2197 2791 2252; x_wconf 89' lang='lat' dir='ltr'>vel</span> <span class='ocrx_word' id='word_1_332' title='bbox 2811 2196 2914 2250; x_wconf 90' lang='lat' dir='ltr'>alia</span> <span class='ocrx_word' id='word_1_333' title='bbox 2945 2193 3198 2248; x_wconf 89' lang='lat' dir='ltr'>subesset</span> <span class='ocrx_word' id='word_1_334' title='bbox 3227 2191 3404 2261; x_wconf 86' lang='lat' dir='ltr'>aliqua</span> <span class='ocrx_word' id='word_1_335' title='bbox 3433 2189 3574 2258; x_wconf 74' lang='lat' dir='ltr'>iusta</span> <span class='ocrx_word' id='word_1_336' title='bbox 3604 2203 3734 2243; x_wconf 83' lang='lat' dir='ltr'>cau-</span> 
     </span>
    </p>
   </div>
   <div class='ocr_carea' id='block_1_53' title="bbox 2138 2275 3730 2360">
    <p class='ocr_par' dir='ltr' id='par_1_53' title="bbox 2138 2275 3730 2360">
     <span class='ocr_line' id='line_1_53' title="bbox 2138 2275 3730 2360; baseline -0.012 -13"><span class='ocrx_word' id='word_1_337' title='bbox 2138 2309 2215 2347; x_wconf 88' lang='lat' dir='ltr'>sa.</span> <span class='ocrx_word' id='word_1_338' title='bbox 2248 2294 2385 2346; x_wconf 89' lang='lat' dir='ltr'>Nam</span> <span class='ocrx_word' id='word_1_339' title='bbox 2417 2297 2537 2360; x_wconf 89' lang='lat' dir='ltr'>post</span> <span class='ocrx_word' id='word_1_340' title='bbox 2565 2285 2859 2356; x_wconf 86' lang='lat' dir='ltr'>capitulum</span> <span class='ocrx_word' id='word_1_341' title='bbox 2891 2280 3150 2354; x_wconf 84' lang='lat' dir='ltr'>generale</span> <span class='ocrx_word' id='word_1_342' title='bbox 3181 2279 3432 2334; x_wconf 89' lang='lat' dir='ltr'>dicuntur</span> <span class='ocrx_word' id='word_1_343' title='bbox 3450 2276 3652 2348; x_wconf 86' lang='lat' dir='ltr'>plures,</span> <span class='ocrx_word' id='word_1_344' title='bbox 3680 2275 3730 2329; x_wconf 89' lang='lat' dir='ltr'>si</span> 
     </span>
    </p>
   </div>
   <div class='ocr_carea' id='block_1_54' title="bbox 2137 2371 2904 2435">
    <p class='ocr_par' dir='ltr' id='par_1_54' title="bbox 2137 2371 2904 2435">
     <span class='ocr_line' id='line_1_54' title="bbox 2137 2371 2904 2435; baseline -0.016 1"><span class='ocrx_word' id='word_1_345' title='bbox 2137 2397 2247 2435; x_wconf 90' lang='lat' dir='ltr'>non</span> <span class='ocrx_word' id='word_1_346' title='bbox 2285 2377 2599 2434; x_wconf 83' lang='lat' dir='ltr'>sufficerent</span> <span class='ocrx_word' id='word_1_347' title='bbox 2627 2371 2904 2428; x_wconf 88' lang='lat' dir='ltr'>antedicti.</span> 
     </span>
    </p>
   </div>
   <div class='ocr_carea' id='block_1_55' title="bbox 2208 2468 3735 2543">
    <p class='ocr_par' dir='ltr' id='par_1_55' title="bbox 2208 2468 3735 2543">
     <span class='ocr_line' id='line_1_55' title="bbox 2208 2468 3735 2543; baseline -0.012 -4"><span class='ocrx_word' id='word_1_348' title='bbox 2208 2489 2295 2538; x_wconf 89' lang='grc'>31.</span> <span class='ocrx_word' id='word_1_349' title='bbox 2319 2483 2538 2537; x_wconf 88' lang='lat' dir='ltr'>Priores</span> <span class='ocrx_word' id='word_1_350' title='bbox 2566 2495 2675 2533; x_wconf 93' lang='lat' dir='ltr'>non</span> <span class='ocrx_word' id='word_1_351' title='bbox 2712 2483 2996 2532; x_wconf 88' lang='lat' dir='ltr'>teneantur</span> <span class='ocrx_word' id='word_1_352' title='bbox 3054 2472 3208 2543; x_wconf 91' lang='lat' dir='ltr'>sequi</span> <span class='ocrx_word' id='word_1_353' title='bbox 3266 2468 3554 2526; x_wconf 90' lang='lat' dir='ltr'>consilium</span> <span class='ocrx_word' id='word_1_354' title='bbox 3599 2483 3735 2523; x_wconf 89' lang='lat' dir='ltr'>con-</span> 
     </span>
    </p>
   </div>
   <div class='ocr_carea' id='block_1_56' title="bbox 2136 2558 3733 2636">
    <p class='ocr_par' dir='ltr' id='par_1_56' title="bbox 2136 2558 3733 2636">
     <span class='ocr_line' id='line_1_56' title="bbox 2136 2558 3733 2636; baseline -0.012 -8"><span class='ocrx_word' id='word_1_355' title='bbox 2136 2587 2416 2629; x_wconf 88' lang='lat' dir='ltr'>versorum</span> <span class='ocrx_word' id='word_1_356' title='bbox 2452 2571 2506 2622; x_wconf 90' lang='lat' dir='ltr'>in</span> <span class='ocrx_word' id='word_1_357' title='bbox 2537 2565 2848 2636; x_wconf 89' lang='lat' dir='ltr'>receptione</span> <span class='ocrx_word' id='word_1_358' title='bbox 2868 2563 3117 2625; x_wconf 88' lang='lat' dir='ltr'>aliorum,</span> <span class='ocrx_word' id='word_1_359' title='bbox 3151 2559 3255 2614; x_wconf 89' lang='lat' dir='ltr'>nisi</span> <span class='ocrx_word' id='word_1_360' title='bbox 3277 2558 3510 2614; x_wconf 83' lang='lat' dir='ltr'>viderint</span> <span class='ocrx_word' id='word_1_361' title='bbox 3560 2571 3733 2627; x_wconf 87' lang='lat' dir='ltr'>expe-</span> 
     </span>
    </p>
   </div>
   <div class='ocr_carea' id='block_1_57' title="bbox 2135 2661 2274 2715">
    <p class='ocr_par' dir='ltr' id='par_1_57' title="bbox 2135 2661 2274 2715">
     <span class='ocr_line' id='line_1_57' title="bbox 2135 2661 2274 2715; baseline 0 -1"><span class='ocrx_word' id='word_1_362' title='bbox 2135 2661 2274 2715; x_wconf 91' lang='lat' dir='ltr'>dire.</span> 
     </span>
    </p>
   </div>
   <div class='ocr_carea' id='block_1_58' title="bbox 2207 2729 3735 2802">
    <p class='ocr_par' dir='ltr' id='par_1_58' title="bbox 2207 2729 3735 2802">
     <span class='ocr_line' id='line_1_58' title="bbox 2207 2729 3735 2802; baseline -0.01 0"><span class='ocrx_word' id='word_1_363' title='bbox 2207 2752 2294 2802; x_wconf 85' lang='lat'>32.</span> <span class='ocrx_word' id='word_1_364' title='bbox 2328 2743 2590 2801; x_wconf 89' lang='lat' dir='ltr'>Conversi</span> <span class='ocrx_word' id='word_1_365' title='bbox 2633 2749 2687 2797; x_wconf 89' lang='lat' dir='ltr'>et</span> <span class='ocrx_word' id='word_1_366' title='bbox 2715 2737 2909 2795; x_wconf 89' lang='lat' dir='ltr'>redditi</span> <span class='ocrx_word' id='word_1_367' title='bbox 2939 2734 3341 2792; x_wconf 87' lang='lat' dir='ltr'>communicare</span> <span class='ocrx_word' id='word_1_368' title='bbox 3357 2730 3630 2787; x_wconf 88' lang='lat' dir='ltr'>debentin</span> <span class='ocrx_word' id='word_1_369' title='bbox 3642 2729 3735 2786; x_wconf 88' lang='lat' dir='ltr'>die</span> 
     </span>
    </p>
   </div>
   <div class='ocr_carea' id='block_1_59' title="bbox 2135 2833 2656 2906">
    <p class='ocr_par' dir='ltr' id='par_1_59' title="bbox 2135 2833 2656 2906">
     <span class='ocr_line' id='line_1_59' title="bbox 2135 2833 2656 2906; baseline -0.012 -15"><span class='ocrx_word' id='word_1_370' title='bbox 2135 2833 2493 2906; x_wconf 89' lang='lat' dir='ltr'>professionis</span> <span class='ocrx_word' id='word_1_371' title='bbox 2523 2844 2656 2886; x_wconf 62' lang='lat' dir='ltr'>suae.</span> 
     </span>
    </p>
   </div>
   <div class='ocr_carea' id='block_1_60' title="bbox 2207 2924 3731 3010">
    <p class='ocr_par' dir='ltr' id='par_1_60' title="bbox 2207 2924 3731 3010">
     <span class='ocr_line' id='line_1_60' title="bbox 2207 2924 3731 3010; baseline -0.012 -14"><span class='ocrx_word' id='word_1_372' title='bbox 2207 2944 2294 2995; x_wconf 91' lang='lat'>33.</span> <span class='ocrx_word' id='word_1_373' title='bbox 2319 2938 2669 3010; x_wconf 86' lang='lat' dir='ltr'>Hospitantes</span> <span class='ocrx_word' id='word_1_374' title='bbox 2696 2934 2752 2989; x_wconf 90' lang='lat' dir='ltr'>in</span> <span class='ocrx_word' id='word_1_375' title='bbox 2782 2933 2945 2988; x_wconf 90' lang='lat' dir='ltr'>domo</span> <span class='ocrx_word' id='word_1_376' title='bbox 2964 2930 3033 2986; x_wconf 90' lang='lat' dir='ltr'>de</span> <span class='ocrx_word' id='word_1_377' title='bbox 3053 2927 3314 2985; x_wconf 90' lang='lat' dir='ltr'>Plantatis</span> <span class='ocrx_word' id='word_1_378' title='bbox 3338 2926 3473 2981; x_wconf 86' lang='lat' dir='ltr'>nihil</span> <span class='ocrx_word' id='word_1_379' title='bbox 3505 2924 3731 2992; x_wconf 90' lang='lat' dir='ltr'>ibidem,</span> 
     </span>
    </p>
   </div>
   <div class='ocr_carea' id='block_1_61' title="bbox 2134 3013 3732 3100">
    <p class='ocr_par' dir='ltr' id='par_1_61' title="bbox 2134 3013 3732 3100">
     <span class='ocr_line' id='line_1_61' title="bbox 2134 3013 3732 3100; baseline -0.012 -15"><span class='ocrx_word' id='word_1_380' title='bbox 2134 3037 2334 3100; x_wconf 76' lang='lat' dir='ltr'>praeter</span> <span class='ocrx_word' id='word_1_381' title='bbox 2372 3043 2438 3082; x_wconf 87' lang='lat' dir='ltr'>ea</span> <span class='ocrx_word' id='word_1_382' title='bbox 2491 3041 2612 3097; x_wconf 64' lang='lat' dir='ltr'>quae</span> <span class='ocrx_word' id='word_1_383' title='bbox 2655 3039 2751 3094; x_wconf 91' lang='lat' dir='ltr'>per</span> <span class='ocrx_word' id='word_1_384' title='bbox 2795 3021 2920 3076; x_wconf 90' lang='lat' dir='ltr'>illos</span> <span class='ocrx_word' id='word_1_385' title='bbox 2958 3020 3026 3074; x_wconf 86' lang='lat' dir='ltr'>de</span> <span class='ocrx_word' id='word_1_386' title='bbox 3083 3018 3140 3072; x_wconf 92' lang='lat' dir='ltr'>S.</span> <span class='ocrx_word' id='word_1_387' title='bbox 3176 3017 3414 3072; x_wconf 86' lang='lat' dir='ltr'>Roberto</span> <span class='ocrx_word' id='word_1_388' title='bbox 3459 3013 3732 3086; x_wconf 88' lang='lat' dir='ltr'>promissa</span> 
     </span>
    </p>
   </div>
   <div class='ocr_carea' id='block_1_62' title="bbox 509 3111 2606 3203">
    <p class='ocr_par' dir='ltr' id='par_1_62' title="bbox 509 3111 2606 3203">
     <span class='ocr_line' id='line_1_62' title="bbox 509 3111 2606 3203; baseline -0.015 -12"><span class='ocrx_word' id='word_1_389' title='bbox 509 3137 597 3191; x_wconf 82' lang='grc'>17.</span> <span class='ocrx_word' id='word_1_390' title='bbox 630 3132 950 3203; x_wconf 85' lang='lat' dir='ltr'>Quicunque</span> <span class='ocrx_word' id='word_1_391' title='bbox 979 3127 1049 3182; x_wconf 91' lang='lat' dir='ltr'>de</span> <span class='ocrx_word' id='word_1_392' title='bbox 1078 3121 1470 3180; x_wconf 88' lang='lat' dir='ltr'>incontinentia</span> <span class='ocrx_word' id='word_1_393' title='bbox 1499 3116 1766 3174; x_wconf 91' lang='lat' dir='ltr'>indicibili</span> <span class='ocrx_word' id='word_1_394' title='bbox 1798 3113 2037 3170; x_wconf 90' lang='lat' dir='ltr'>convicti</span> <span class='ocrx_word' id='word_1_395' title='bbox 2067 3111 2113 3172; x_wconf 85' lang='grc' dir='ltr'><strong>Ο</strong></span> <span class='ocrx_word' id='word_1_396' title='bbox 2134 3125 2277 3182; x_wconf 71' lang='lat' dir='ltr'>sunt,</span> <span class='ocrx_word' id='word_1_397' title='bbox 2310 3115 2606 3186; x_wconf 72' lang='lat' dir='ltr'>requiram,</span> 
     </span>
    </p>
   </div>
   <div class='ocr_carea' id='block_1_63' title="bbox 436 3204 2036 3283">
    <p class='ocr_par' dir='ltr' id='par_1_63' title="bbox 436 3204 2036 3283">
     <span class='ocr_line' id='line_1_63' title="bbox 436 3204 2036 3283; baseline -0.016 -3"><span class='ocrx_word' id='word_1_398' title='bbox 436 3222 633 3280; x_wconf 89' lang='lat' dir='ltr'>fuerint</span> <span class='ocrx_word' id='word_1_399' title='bbox 662 3219 749 3276; x_wconf 89' lang='lat' dir='ltr'>vel</span> <span class='ocrx_word' id='word_1_400' title='bbox 785 3215 1042 3279; x_wconf 88' lang='lat' dir='ltr'>confessi,</span> <span class='ocrx_word' id='word_1_401' title='bbox 1096 3218 1357 3283; x_wconf 87' lang='lat' dir='ltr'>perpetuo</span> <span class='ocrx_word' id='word_1_402' title='bbox 1415 3206 1620 3264; x_wconf 86' lang='lat' dir='ltr'>carceri</span> <span class='ocrx_word' id='word_1_403' title='bbox 1660 3204 2036 3274; x_wconf 89' lang='lat' dir='ltr'>mancipentur</span> 
     </span>
    </p>
   </div>
   <div class='ocr_carea' id='block_1_64' title="bbox 437 3302 1156 3381">
    <p class='ocr_par' dir='ltr' id='par_1_64' title="bbox 437 3302 1156 3381">
     <span class='ocr_line' id='line_1_64' title="bbox 437 3302 1156 3381; baseline -0.019 -13"><span class='ocrx_word' id='word_1_404' title='bbox 437 3311 555 3368; x_wconf 82' lang='lat' dir='ltr'>sine</span> <span class='ocrx_word' id='word_1_405' title='bbox 582 3325 680 3381; x_wconf 89' lang='lat' dir='ltr'>spe</span> <span class='ocrx_word' id='word_1_406' title='bbox 734 3302 1156 3362; x_wconf 89' lang='lat' dir='ltr'>deliberationis.</span> 
     </span>
    </p>
   </div>
   <div class='ocr_carea' id='block_1_65' title="bbox 510 3393 2035 3485">
    <p class='ocr_par' dir='ltr' id='par_1_65' title="bbox 510 3393 2035 3485">
     <span class='ocr_line' id='line_1_65' title="bbox 510 3393 2035 3485; baseline -0.016 -13"><span class='ocrx_word' id='word_1_407' title='bbox 510 3420 596 3472; x_wconf 90' lang='grc'>18.</span> <span class='ocrx_word' id='word_1_408' title='bbox 633 3412 873 3485; x_wconf 75' lang='lat' dir='ltr'>Singula:</span> <span class='ocrx_word' id='word_1_409' title='bbox 902 3411 1092 3465; x_wconf 91' lang='lat' dir='ltr'>domus</span> <span class='ocrx_word' id='word_1_410' title='bbox 1121 3405 1294 3461; x_wconf 88' lang='lat' dir='ltr'>nostri</span> <span class='ocrx_word' id='word_1_411' title='bbox 1324 3402 1527 3460; x_wconf 90' lang='lat' dir='ltr'>ordinis</span> <span class='ocrx_word' id='word_1_412' title='bbox 1573 3413 1850 3456; x_wconf 89' lang='lat' dir='ltr'>carcerem</span> <span class='ocrx_word' id='word_1_413' title='bbox 1884 3393 2035 3450; x_wconf 76' lang='lat' dir='ltr'>sufﬁ-</span> 
     </span>
    </p>
   </div>
   <div class='ocr_carea' id='block_1_66' title="bbox 438 3484 2032 3567">
    <p class='ocr_par' dir='ltr' id='par_1_66' title="bbox 438 3484 2032 3567">
     <span class='ocr_line' id='line_1_66' title="bbox 438 3484 2032 3567; baseline -0.016 -6"><span class='ocrx_word' id='word_1_414' title='bbox 438 3505 670 3562; x_wconf 88' lang='lat' dir='ltr'>cientem</span> <span class='ocrx_word' id='word_1_415' title='bbox 700 3484 951 3567; x_wconf 81' lang='lat' dir='ltr'>habeant,</span> <span class='ocrx_word' id='word_1_416' title='bbox 984 3497 1039 3550; x_wconf 91' lang='lat' dir='ltr'>in</span> <span class='ocrx_word' id='word_1_417' title='bbox 1069 3511 1177 3567; x_wconf 94' lang='lat' dir='ltr'>quo</span> <span class='ocrx_word' id='word_1_418' title='bbox 1209 3493 1278 3548; x_wconf 89' lang='lat' dir='ltr'>ad</span> <span class='ocrx_word' id='word_1_419' title='bbox 1310 3491 1584 3564; x_wconf 85' lang='lat' dir='ltr'>agendam</span> <span class='ocrx_word' id='word_1_420' title='bbox 1641 3484 2032 3557; x_wconf 77' lang='lat' dir='ltr'>paenitentiam,</span> 
     </span>
    </p>
   </div>
   <div class='ocr_carea' id='block_1_67' title="bbox 436 3576 2035 3650">
    <p class='ocr_par' dir='ltr' id='par_1_67' title="bbox 436 3576 2035 3650">
     <span class='ocr_line' id='line_1_67' title="bbox 436 3576 2035 3650; baseline -0.015 -2"><span class='ocrx_word' id='word_1_421' title='bbox 436 3592 785 3650; x_wconf 85' lang='lat' dir='ltr'>recludantur</span> <span class='ocrx_word' id='word_1_422' title='bbox 801 3585 1099 3650; x_wconf 89' lang='lat' dir='ltr'>criminosi,</span> <span class='ocrx_word' id='word_1_423' title='bbox 1137 3590 1188 3638; x_wconf 89' lang='lat' dir='ltr'>et</span> <span class='ocrx_word' id='word_1_424' title='bbox 1217 3580 1394 3636; x_wconf 90' lang='lat' dir='ltr'>omnis</span> <span class='ocrx_word' id='word_1_425' title='bbox 1423 3578 1514 3650; x_wconf 88' lang='lat' dir='ltr'>qui</span> <span class='ocrx_word' id='word_1_426' title='bbox 1544 3576 1777 3630; x_wconf 90' lang='lat' dir='ltr'>minatur</span> <span class='ocrx_word' id='word_1_427' title='bbox 1805 3580 2035 3627; x_wconf 90' lang='lat' dir='ltr'>mortem</span> 
     </span>
    </p>
   </div>
   <div class='ocr_carea' id='block_1_68' title="bbox 436 3661 2033 3754">
    <p class='ocr_par' dir='ltr' id='par_1_68' title="bbox 436 3661 2033 3754">
     <span class='ocr_line' id='line_1_68' title="bbox 436 3661 2033 3754; baseline -0.016 -16"><span class='ocrx_word' id='word_1_428' title='bbox 436 3682 525 3738; x_wconf 87' lang='lat' dir='ltr'>vel</span> <span class='ocrx_word' id='word_1_429' title='bbox 554 3682 759 3754; x_wconf 85' lang='lat' dir='ltr'>ignem,</span> <span class='ocrx_word' id='word_1_430' title='bbox 793 3678 968 3732; x_wconf 90' lang='lat' dir='ltr'>donec</span> <span class='ocrx_word' id='word_1_431' title='bbox 997 3675 1065 3728; x_wconf 91' lang='lat' dir='ltr'>de</span> <span class='ocrx_word' id='word_1_432' title='bbox 1097 3671 1228 3741; x_wconf 91' lang='lat' dir='ltr'>ipsis</span> <span class='ocrx_word' id='word_1_433' title='bbox 1257 3685 1357 3738; x_wconf 92' lang='lat' dir='ltr'>per</span> <span class='ocrx_word' id='word_1_434' title='bbox 1387 3666 1678 3736; x_wconf 86' lang='lat' dir='ltr'>capitulum</span> <span class='ocrx_word' id='word_1_435' title='bbox 1702 3662 1854 3716; x_wconf 87' lang='lat' dir='ltr'>aliter</span> <span class='ocrx_word' id='word_1_436' title='bbox 1881 3661 2033 3715; x_wconf 91' lang='lat' dir='ltr'>ordi-</span> 
     </span>
    </p>
   </div>
   <div class='ocr_carea' id='block_1_69' title="bbox 435 3748 2035 3824">
    <p class='ocr_par' dir='ltr' id='par_1_69' title="bbox 435 3748 2035 3824">
     <span class='ocr_line' id='line_1_69' title="bbox 435 3748 2035 3824; baseline -0.016 1"><span class='ocrx_word' id='word_1_437' title='bbox 435 3748 613 3824; x_wconf 66' lang='lat' dir='ltr'>netur.</span> <span class='ocrx_word' id='word_1_438' title='bbox 648 3767 732 3822; x_wconf 84' lang='lat' dir='ltr'>Ad</span> <span class='ocrx_word' id='word_1_439' title='bbox 761 3760 1182 3819; x_wconf 86' lang='lat' dir='ltr'>incarcerandos</span> <span class='ocrx_word' id='word_1_440' title='bbox 1212 3771 1346 3810; x_wconf 89' lang='lat' dir='ltr'>vero</span> <span class='ocrx_word' id='word_1_441' title='bbox 1395 3753 1684 3824; x_wconf 68' lang='lat' dir='ltr'>prmdictos</span> <span class='ocrx_word' id='word_1_442' title='bbox 1713 3748 2035 3804; x_wconf 90' lang='lat' dir='ltr'>criminosos</span> 
     </span>
    </p>
   </div>
   <div class='ocr_carea' id='block_1_70' title="bbox 436 3836 2033 3916">
    <p class='ocr_par' dir='ltr' id='par_1_70' title="bbox 436 3836 2033 3916">
     <span class='ocr_line' id='line_1_70' title="bbox 436 3836 2033 3916; baseline -0.015 -4"><span class='ocrx_word' id='word_1_443' title='bbox 436 3863 723 3914; x_wconf 82' lang='lat' dir='ltr'>teneantur</span> <span class='ocrx_word' id='word_1_444' title='bbox 753 3851 953 3908; x_wconf 90' lang='lat' dir='ltr'>subditi</span> <span class='ocrx_word' id='word_1_445' title='bbox 984 3849 1093 3902; x_wconf 89' lang='lat' dir='ltr'>suis</span> <span class='ocrx_word' id='word_1_446' title='bbox 1123 3844 1396 3916; x_wconf 88' lang='lat' dir='ltr'>prioribus</span> <span class='ocrx_word' id='word_1_447' title='bbox 1419 3841 1504 3896; x_wconf 88' lang='lat' dir='ltr'>vel</span> <span class='ocrx_word' id='word_1_448' title='bbox 1544 3839 1780 3905; x_wconf 89' lang='lat' dir='ltr'>vicariis,</span> <span class='ocrx_word' id='word_1_449' title='bbox 1838 3844 1925 3891; x_wconf 90' lang='lat' dir='ltr'>aut</span> <span class='ocrx_word' id='word_1_450' title='bbox 1949 3836 2033 3890; x_wconf 86' lang='lat' dir='ltr'>vi-</span> 
     </span>
    </p>
   </div>
   <div class='ocr_carea' id='block_1_71' title="bbox 438 3938 1037 4001">
    <p class='ocr_par' dir='ltr' id='par_1_71' title="bbox 438 3938 1037 4001">
     <span class='ocr_line' id='line_1_71' title="bbox 438 3938 1037 4001; baseline -0.018 0"><span class='ocrx_word' id='word_1_451' title='bbox 438 3943 752 4001; x_wconf 88' lang='lat' dir='ltr'>sitatoribus</span> <span class='ocrx_word' id='word_1_452' title='bbox 791 3938 1037 3994; x_wconf 89' lang='lat' dir='ltr'>obedire.</span> 
     </span>
    </p>
   </div>
   <div class='ocr_carea' id='block_1_72' title="bbox 510 4031 2034 4111">
    <p class='ocr_par' dir='ltr' id='par_1_72' title="bbox 510 4031 2034 4111">
     <span class='ocr_line' id='line_1_72' title="bbox 510 4031 2034 4111; baseline -0.014 -6"><span class='ocrx_word' id='word_1_453' title='bbox 510 4053 596 4105; x_wconf 84' lang='grc'><strong>19.</strong></span> <span class='ocrx_word' id='word_1_454' title='bbox 621 4047 776 4102; x_wconf 88' lang='lat' dir='ltr'>Prior</span> <span class='ocrx_word' id='word_1_455' title='bbox 797 4041 1096 4100; x_wconf 76' lang='lat' dir='ltr'>Carthusiae</span> <span class='ocrx_word' id='word_1_456' title='bbox 1116 4037 1288 4111; x_wconf 91' lang='lat' dir='ltr'>possit</span> <span class='ocrx_word' id='word_1_457' title='bbox 1310 4035 1660 4092; x_wconf 89' lang='lat' dir='ltr'>reconciliare</span> <span class='ocrx_word' id='word_1_458' title='bbox 1673 4031 1849 4087; x_wconf 90' lang='lat' dir='ltr'>ordini</span> <span class='ocrx_word' id='word_1_459' title='bbox 1870 4046 2034 4101; x_wconf 89' lang='lat' dir='ltr'>quos-</span> 
     </span>
    </p>
   </div>
   <div class='ocr_carea' id='block_1_73' title="bbox 439 4122 2032 4208">
    <p class='ocr_par' dir='ltr' id='par_1_73' title="bbox 439 4122 2032 4208">
     <span class='ocr_line' id='line_1_73' title="bbox 439 4122 2032 4208; baseline -0.015 -13"><span class='ocrx_word' id='word_1_460' title='bbox 439 4153 652 4208; x_wconf 90' lang='lat' dir='ltr'>cunque</span> <span class='ocrx_word' id='word_1_461' title='bbox 682 4134 1024 4196; x_wconf 89' lang='lat' dir='ltr'>criminosos,</span> <span class='ocrx_word' id='word_1_462' title='bbox 1059 4135 1276 4184; x_wconf 86' lang='lat' dir='ltr'>servata</span> <span class='ocrx_word' id='word_1_463' title='bbox 1306 4125 1512 4181; x_wconf 90' lang='lat' dir='ltr'>ordinis</span> <span class='ocrx_word' id='word_1_464' title='bbox 1543 4122 1848 4191; x_wconf 83' lang='lat' dir='ltr'>disciplina,</span> <span class='ocrx_word' id='word_1_465' title='bbox 1898 4135 2032 4188; x_wconf 89' lang='lat' dir='ltr'>pro-</span> 
     </span>
    </p>
   </div>
   <div class='ocr_carea' id='block_1_74' title="bbox 436 4209 2030 4299">
    <p class='ocr_par' dir='ltr' id='par_1_74' title="bbox 436 4209 2030 4299">
     <span class='ocr_line' id='line_1_74' title="bbox 436 4209 2030 4299; baseline -0.015 -16"><span class='ocrx_word' id='word_1_466' title='bbox 436 4236 556 4299; x_wconf 89' lang='lat' dir='ltr'>pter</span> <span class='ocrx_word' id='word_1_467' title='bbox 584 4223 886 4282; x_wconf 82' lang='lat' dir='ltr'>cavendum</span> <span class='ocrx_word' id='word_1_468' title='bbox 918 4217 1231 4275; x_wconf 83' lang='lat' dir='ltr'>scandalum</span> <span class='ocrx_word' id='word_1_469' title='bbox 1264 4223 1316 4270; x_wconf 91' lang='lat' dir='ltr'>et</span> <span class='ocrx_word' id='word_1_470' title='bbox 1343 4211 1645 4284; x_wconf 90' lang='lat' dir='ltr'>periculum</span> <span class='ocrx_word' id='word_1_471' title='bbox 1686 4209 1989 4264; x_wconf 86' lang='lat' dir='ltr'>animarum</span> <span class='ocrx_word' id='word_1_472' title='bbox 2017 4250 2030 4269; x_wconf 92' lang='lat'>,</span> 
     </span>
    </p>
   </div>
   <div class='ocr_carea' id='block_1_75' title="bbox 439 4295 2032 4383">
    <p class='ocr_par' dir='ltr' id='par_1_75' title="bbox 439 4295 2032 4383">
     <span class='ocr_line' id='line_1_75' title="bbox 439 4295 2032 4383; baseline -0.015 -11"><span class='ocrx_word' id='word_1_473' title='bbox 439 4324 492 4372; x_wconf 93' lang='lat' dir='ltr'>et</span> <span class='ocrx_word' id='word_1_474' title='bbox 511 4316 673 4371; x_wconf 89' lang='lat' dir='ltr'>etiam</span> <span class='ocrx_word' id='word_1_475' title='bbox 703 4311 854 4383; x_wconf 91' lang='lat' dir='ltr'>prior</span> <span class='ocrx_word' id='word_1_476' title='bbox 905 4306 1162 4380; x_wconf 89' lang='lat' dir='ltr'>proprius</span> <span class='ocrx_word' id='word_1_477' title='bbox 1220 4304 1459 4374; x_wconf 89' lang='lat' dir='ltr'>ipsorum</span> <span class='ocrx_word' id='word_1_478' title='bbox 1518 4299 1935 4355; x_wconf 88' lang='lat' dir='ltr'>criminosorum</span> <span class='ocrx_word' id='word_1_479' title='bbox 1978 4295 2032 4349; x_wconf 90' lang='lat' dir='ltr'>in</span> 
     </span>
    </p>
   </div>
   <div class='ocr_carea' id='block_1_76' title="bbox 437 4399 2051 4465">
    <p class='ocr_par' dir='ltr' id='par_1_76' title="bbox 437 4399 2051 4465">
     <span class='ocr_line' id='line_1_76' title="bbox 437 4399 2051 4465; baseline -0.02 -5"><span class='ocrx_word' id='word_1_480' title='bbox 437 4403 662 4460; x_wconf 86' lang='lat' dir='ltr'>articulo</span> <span class='ocrx_word' id='word_1_481' title='bbox 693 4399 902 4456; x_wconf 91' lang='lat' dir='ltr'>mortis.</span> <span class='ocrx_word' id='word_1_482' title='bbox 1145 4455 1150 4465; x_wconf 36' lang='grc' dir='ltr'>ι</span> <span class='ocrx_word' id='word_1_483' title='bbox 2047 4423 2051 4428; x_wconf 87' lang='grc'>.</span> 
     </span>
    </p>
   </div>
   <div class='ocr_carea' id='block_1_77' title="bbox 506 4490 2032 4576">
    <p class='ocr_par' dir='ltr' id='par_1_77' title="bbox 506 4490 2032 4576">
     <span class='ocr_line' id='line_1_77' title="bbox 506 4490 2032 4576; baseline -0.016 -11"><span class='ocrx_word' id='word_1_484' title='bbox 506 4513 598 4566; x_wconf 89' lang='grc'>20.</span> <span class='ocrx_word' id='word_1_485' title='bbox 631 4504 863 4576; x_wconf 87' lang='lat' dir='ltr'>Fugitivi</span> <span class='ocrx_word' id='word_1_486' title='bbox 893 4500 1088 4573; x_wconf 88' lang='lat' dir='ltr'>reperti</span> <span class='ocrx_word' id='word_1_487' title='bbox 1117 4499 1324 4568; x_wconf 88' lang='lat' dir='ltr'>absque</span> <span class='ocrx_word' id='word_1_488' title='bbox 1354 4495 1543 4550; x_wconf 91' lang='lat' dir='ltr'>litteris</span> <span class='ocrx_word' id='word_1_489' title='bbox 1584 4491 1783 4563; x_wconf 88' lang='lat' dir='ltr'>prioris</span> <span class='ocrx_word' id='word_1_490' title='bbox 1814 4490 2032 4544; x_wconf 87' lang='lat' dir='ltr'>Carthu-</span> 
     </span>
    </p>
   </div>
   <div class='ocr_carea' id='block_1_78' title="bbox 437 4578 2034 4666">
    <p class='ocr_par' dir='ltr' id='par_1_78' title="bbox 437 4578 2034 4666">
     <span class='ocr_line' id='line_1_78' title="bbox 437 4578 2034 4666; baseline -0.014 -12"><span class='ocrx_word' id='word_1_491' title='bbox 437 4599 533 4654; x_wconf 64' lang='lat' dir='ltr'>sia</span> <span class='ocrx_word' id='word_1_492' title='bbox 561 4596 649 4651; x_wconf 87' lang='lat' dir='ltr'>vel</span> <span class='ocrx_word' id='word_1_493' title='bbox 677 4593 921 4666; x_wconf 89' lang='lat' dir='ltr'>priorum</span> <span class='ocrx_word' id='word_1_494' title='bbox 963 4604 1208 4651; x_wconf 88' lang='lat' dir='ltr'>suorum,</span> <span class='ocrx_word' id='word_1_495' title='bbox 1267 4601 1364 4655; x_wconf 91' lang='lat' dir='ltr'>per</span> <span class='ocrx_word' id='word_1_496' title='bbox 1419 4595 1772 4654; x_wconf 89' lang='lat' dir='ltr'>quoscunque</span> <span class='ocrx_word' id='word_1_497' title='bbox 1819 4578 2034 4649; x_wconf 88' lang='lat' dir='ltr'>priores</span> 
     </span>
    </p>
   </div>
   <div class='ocr_carea' id='block_1_79' title="bbox 437 4674 1244 4750">
    <p class='ocr_par' dir='ltr' id='par_1_79' title="bbox 437 4674 1244 4750">
     <span class='ocr_line' id='line_1_79' title="bbox 437 4674 1244 4750; baseline -0.019 -8"><span class='ocrx_word' id='word_1_498' title='bbox 437 4684 648 4742; x_wconf 88' lang='lat' dir='ltr'>ordinis</span> <span class='ocrx_word' id='word_1_499' title='bbox 669 4681 814 4738; x_wconf 88' lang='lat' dir='ltr'>licite</span> <span class='ocrx_word' id='word_1_500' title='bbox 843 4683 1072 4750; x_wconf 91' lang='lat' dir='ltr'>possunt</span> <span class='ocrx_word' id='word_1_501' title='bbox 1100 4674 1244 4745; x_wconf 92' lang='lat' dir='ltr'>capi.</span> 
     </span>
    </p>
   </div>
   <div class='ocr_carea' id='block_1_80' title="bbox 503 4771 2032 4854">
    <p class='ocr_par' dir='ltr' id='par_1_80' title="bbox 503 4771 2032 4854">
     <span class='ocr_line' id='line_1_80' title="bbox 503 4771 2032 4854; baseline -0.014 -8"><span class='ocrx_word' id='word_1_502' title='bbox 503 4777 600 4848; x_wconf 83' lang='grc'>21.</span> <span class='ocrx_word' id='word_1_503' title='bbox 629 4785 960 4843; x_wconf 80' lang='lat' dir='ltr'>Diﬂinitores</span> <span class='ocrx_word' id='word_1_504' title='bbox 996 4780 1347 4854; x_wconf 84' lang='lat' dir='ltr'>fugitivorum</span> <span class='ocrx_word' id='word_1_505' title='bbox 1375 4791 1482 4830; x_wconf 89' lang='lat' dir='ltr'>non</span> <span class='ocrx_word' id='word_1_506' title='bbox 1507 4791 1567 4828; x_wconf 91' lang='lat' dir='ltr'>se</span> <span class='ocrx_word' id='word_1_507' title='bbox 1613 4773 1816 4828; x_wconf 86' lang='lat' dir='ltr'>debent</span> <span class='ocrx_word' id='word_1_508' title='bbox 1857 4771 2032 4854; x_wconf 75' lang='lat' dir='ltr'>intro-</span> 
     </span>
    </p>
   </div>
   <div class='ocr_carea' id='block_1_81' title="bbox 432 4847 2030 4933">
    <p class='ocr_par' dir='ltr' id='par_1_81' title="bbox 432 4847 2030 4933">
     <span class='ocr_line' id='line_1_81' title="bbox 432 4847 2030 4933; baseline -0.014 0"><span class='ocrx_word' id='word_1_509' title='bbox 432 4879 649 4933; x_wconf 90' lang='lat' dir='ltr'>mittere</span> <span class='ocrx_word' id='word_1_510' title='bbox 679 4876 747 4930; x_wconf 91' lang='lat' dir='ltr'>de</span> <span class='ocrx_word' id='word_1_511' title='bbox 770 4869 1207 4929; x_wconf 89' lang='lat' dir='ltr'>reconciliatione</span> <span class='ocrx_word' id='word_1_512' title='bbox 1229 4865 1314 4921; x_wconf 91' lang='lat' dir='ltr'>vel</span> <span class='ocrx_word' id='word_1_513' title='bbox 1337 4863 1623 4932; x_wconf 89' lang='lat' dir='ltr'>disciplina</span> <span class='ocrx_word' id='word_1_514' title='bbox 1655 4847 2030 4932; x_wconf 74' lang='lat' dir='ltr'>fugitivorum,</span> 
     </span>
    </p>
   </div>
   <div class='ocr_carea' id='block_1_82' title="bbox 433 4947 2031 5038">
    <p class='ocr_par' dir='ltr' id='par_1_82' title="bbox 433 4947 2031 5038">
     <span class='ocr_line' id='line_1_82' title="bbox 433 4947 2031 5038; baseline -0.012 -17"><span class='ocrx_word' id='word_1_515' title='bbox 433 4966 527 5038; x_wconf 90' lang='lat' dir='ltr'>qui</span> <span class='ocrx_word' id='word_1_516' title='bbox 557 4980 718 5020; x_wconf 90' lang='lat' dir='ltr'>causa</span> <span class='ocrx_word' id='word_1_517' title='bbox 747 4955 1206 5016; x_wconf 78' lang='lat' dir='ltr'>reconciliationis</span> <span class='ocrx_word' id='word_1_518' title='bbox 1230 4953 1449 5008; x_wconf 88' lang='lat' dir='ltr'>veniunt</span> <span class='ocrx_word' id='word_1_519' title='bbox 1479 4950 1548 5004; x_wconf 90' lang='lat' dir='ltr'>ad</span> <span class='ocrx_word' id='word_1_520' title='bbox 1588 4947 1900 5018; x_wconf 87' lang='lat' dir='ltr'>capitulum,</span> <span class='ocrx_word' id='word_1_521' title='bbox 1936 4947 2031 5002; x_wconf 90' lang='lat' dir='ltr'>sed</span> 
     </span>
    </p>
   </div>
   <div class='ocr_carea' id='block_1_83' title="bbox 431 5041 1316 5119">
    <p class='ocr_par' dir='ltr' id='par_1_83' title="bbox 431 5041 1316 5119">
     <span class='ocr_line' id='line_1_83' title="bbox 431 5041 1316 5119; baseline -0.018 -11"><span class='ocrx_word' id='word_1_522' title='bbox 431 5052 750 5108; x_wconf 77' lang='lat' dir='ltr'>diﬁinitores</span> <span class='ocrx_word' id='word_1_523' title='bbox 776 5046 995 5119; x_wconf 91' lang='lat' dir='ltr'>capituli</span> <span class='ocrx_word' id='word_1_524' title='bbox 1027 5041 1316 5116; x_wconf 87' lang='lat' dir='ltr'>generalis.</span> 
     </span>
    </p>
   </div>
   <div class='ocr_carea' id='block_1_84' title="bbox 501 5139 2034 5227">
    <p class='ocr_par' dir='ltr' id='par_1_84' title="bbox 501 5139 2034 5227">
     <span class='ocr_line' id='line_1_84' title="bbox 501 5139 2034 5227; baseline -0.014 -12"><span class='ocrx_word' id='word_1_525' title='bbox 501 5163 592 5216; x_wconf 86' lang='lat'>22.</span> <span class='ocrx_word' id='word_1_526' title='bbox 617 5155 916 5227; x_wconf 88' lang='lat' dir='ltr'>Capitulum</span> <span class='ocrx_word' id='word_1_527' title='bbox 948 5147 1205 5223; x_wconf 90' lang='lat' dir='ltr'>generale</span> <span class='ocrx_word' id='word_1_528' title='bbox 1236 5151 1413 5216; x_wconf 88' lang='lat' dir='ltr'>potest</span> <span class='ocrx_word' id='word_1_529' title='bbox 1443 5159 1507 5197; x_wconf 88' lang='lat' dir='ltr'>ex</span> <span class='ocrx_word' id='word_1_530' title='bbox 1538 5139 1872 5212; x_wconf 84' lang='lat' dir='ltr'>plenitudine</span> <span class='ocrx_word' id='word_1_531' title='bbox 1887 5147 2034 5209; x_wconf 87' lang='lat' dir='ltr'>pote-</span> 
     </span>
    </p>
   </div>
   <div class='ocr_carea' id='block_1_85' title="bbox 432 5228 2028 5317">
    <p class='ocr_par' dir='ltr' id='par_1_85' title="bbox 432 5228 2028 5317">
     <span class='ocr_line' id='line_1_85' title="bbox 432 5228 2028 5317; baseline -0.014 -14"><span class='ocrx_word' id='word_1_532' title='bbox 432 5246 585 5302; x_wconf 88' lang='lat' dir='ltr'>statis</span> <span class='ocrx_word' id='word_1_533' title='bbox 613 5255 990 5317; x_wconf 89' lang='lat' dir='ltr'>quamcunque</span> <span class='ocrx_word' id='word_1_534' title='bbox 1031 5235 1240 5292; x_wconf 82' lang='lat' dir='ltr'>ordinis</span> <span class='ocrx_word' id='word_1_535' title='bbox 1285 5246 1578 5302; x_wconf 88' lang='lat' dir='ltr'>personam</span> <span class='ocrx_word' id='word_1_536' title='bbox 1636 5228 1906 5283; x_wconf 88' lang='lat' dir='ltr'>collocare</span> <span class='ocrx_word' id='word_1_537' title='bbox 1963 5244 2028 5281; x_wconf 85' lang='lat' dir='ltr'>ex</span> 
     </span>
    </p>
   </div>
   <div class='ocr_carea' id='block_1_86' title="bbox 429 5315 2031 5396">
    <p class='ocr_par' dir='ltr' id='par_1_86' title="bbox 429 5315 2031 5396">
     <span class='ocr_line' id='line_1_86' title="bbox 429 5315 2031 5396; baseline -0.014 -4"><span class='ocrx_word' id='word_1_538' title='bbox 429 5350 594 5392; x_wconf 87' lang='lat' dir='ltr'>causa</span> <span class='ocrx_word' id='word_1_539' title='bbox 627 5315 932 5387; x_wconf 80' lang='lat' dir='ltr'>rationabili</span> <span class='ocrx_word' id='word_1_540' title='bbox 963 5327 1018 5380; x_wconf 90' lang='lat' dir='ltr'>in</span> <span class='ocrx_word' id='word_1_541' title='bbox 1050 5336 1374 5396; x_wconf 82' lang='lat' dir='ltr'>quacunque</span> <span class='ocrx_word' id='word_1_542' title='bbox 1396 5320 1557 5374; x_wconf 90' lang='lat' dir='ltr'>domo</span> <span class='ocrx_word' id='word_1_543' title='bbox 1588 5316 1797 5372; x_wconf 85' lang='lat' dir='ltr'>ordinis</span> <span class='ocrx_word' id='word_1_544' title='bbox 1814 5315 1882 5369; x_wconf 87' lang='lat' dir='ltr'>ad</span> <span class='ocrx_word' id='word_1_545' title='bbox 1902 5332 2031 5385; x_wconf 88' lang='lat' dir='ltr'>pro-</span> 
     </span>
    </p>
   </div>
   <div class='ocr_carea' id='block_1_87' title="bbox 427 5411 1278 5481">
    <p class='ocr_par' dir='ltr' id='par_1_87' title="bbox 427 5411 1278 5481">
     <span class='ocr_line' id='line_1_87' title="bbox 427 5411 1278 5481; baseline -0.016 -3"><span class='ocrx_word' id='word_1_546' title='bbox 427 5423 723 5481; x_wconf 87' lang='lat' dir='ltr'>fessionem</span> <span class='ocrx_word' id='word_1_547' title='bbox 747 5419 908 5474; x_wconf 88' lang='lat' dir='ltr'>etiam</span> <span class='ocrx_word' id='word_1_548' title='bbox 955 5411 1278 5470; x_wconf 85' lang='lat' dir='ltr'>faciendam.</span> 
     </span>
    </p>
   </div>
   <div class='ocr_carea' id='block_1_88' title="bbox 499 5509 2027 5596">
    <p class='ocr_par' dir='ltr' id='par_1_88' title="bbox 499 5509 2027 5596">
     <span class='ocr_line' id='line_1_88' title="bbox 499 5509 2027 5596; baseline -0.012 -13"><span class='ocrx_word' id='word_1_549' title='bbox 499 5532 589 5584; x_wconf 90' lang='grc'>23.</span> <span class='ocrx_word' id='word_1_550' title='bbox 625 5526 682 5581; x_wconf 91' lang='lat' dir='ltr'>Si</span> <span class='ocrx_word' id='word_1_551' title='bbox 704 5523 825 5596; x_wconf 92' lang='lat' dir='ltr'>quis</span> <span class='ocrx_word' id='word_1_552' title='bbox 857 5521 1025 5576; x_wconf 90' lang='lat' dir='ltr'>semel</span> <span class='ocrx_word' id='word_1_553' title='bbox 1057 5516 1336 5590; x_wconf 87' lang='lat' dir='ltr'>professus</span> <span class='ocrx_word' id='word_1_554' title='bbox 1382 5514 1540 5569; x_wconf 89' lang='lat' dir='ltr'>fuerit</span> <span class='ocrx_word' id='word_1_555' title='bbox 1571 5513 1623 5566; x_wconf 91' lang='lat' dir='ltr'>in</span> <span class='ocrx_word' id='word_1_556' title='bbox 1654 5511 1834 5582; x_wconf 86' lang='lat' dir='ltr'>aliqua</span> <span class='ocrx_word' id='word_1_557' title='bbox 1864 5509 2027 5565; x_wconf 92' lang='lat' dir='ltr'>domo</span> 
     </span>
    </p>
   </div>
   <div class='ocr_carea' id='block_1_89' title="bbox 428 5598 2027 5681">
    <p class='ocr_par' dir='ltr' id='par_1_89' title="bbox 428 5598 2027 5681">
     <span class='ocr_line' id='line_1_89' title="bbox 428 5598 2027 5681; baseline -0.012 -10"><span class='ocrx_word' id='word_1_558' title='bbox 428 5613 658 5681; x_wconf 88' lang='lat' dir='ltr'>ordinis,</span> <span class='ocrx_word' id='word_1_559' title='bbox 689 5620 742 5668; x_wconf 93' lang='lat' dir='ltr'>et</span> <span class='ocrx_word' id='word_1_560' title='bbox 767 5611 964 5666; x_wconf 88' lang='lat' dir='ltr'>iterum</span> <span class='ocrx_word' id='word_1_561' title='bbox 1017 5604 1331 5679; x_wconf 87' lang='lat' dir='ltr'>profiteatur</span> <span class='ocrx_word' id='word_1_562' title='bbox 1359 5603 1415 5658; x_wconf 91' lang='lat' dir='ltr'>in</span> <span class='ocrx_word' id='word_1_563' title='bbox 1453 5603 1580 5668; x_wconf 88' lang='lat' dir='ltr'>alia,</span> <span class='ocrx_word' id='word_1_564' title='bbox 1614 5600 1845 5656; x_wconf 78' lang='lat' dir='ltr'>sufﬁciat</span> <span class='ocrx_word' id='word_1_565' title='bbox 1875 5599 1927 5654; x_wconf 88' lang='lat' dir='ltr'>ei</span> <span class='ocrx_word' id='word_1_566' title='bbox 1956 5598 2027 5653; x_wconf 87' lang='lat' dir='ltr'>ad</span> 
     </span>
    </p>
   </div>
   <div class='ocr_carea' id='block_1_90' title="bbox 2053 4461 2107 4520">
    <p class='ocr_par' dir='ltr' id='par_1_90' title="bbox 2053 4461 2107 4520">
     <span class='ocr_line' id='line_1_90' title="bbox 2053 4461 2107 4520; baseline 0 0"><span class='ocrx_word' id='word_1_567' title='bbox 2053 4461 2107 4520; x_wconf 93' lang='lat' dir='ltr'>D</span> 
     </span>
    </p>
   </div>
   <div class='ocr_carea' id='block_1_91' title="bbox 2207 3205 3734 3282">
    <p class='ocr_par' dir='ltr' id='par_1_91' title="bbox 2207 3205 3734 3282">
     <span class='ocr_line' id='line_1_91' title="bbox 2207 3205 3734 3282; baseline -0.011 -4"><span class='ocrx_word' id='word_1_568' title='bbox 2207 3224 2294 3278; x_wconf 70' lang='grc'>34.</span> <span class='ocrx_word' id='word_1_569' title='bbox 2330 3223 2392 3276; x_wconf 92' lang='lat' dir='ltr'>In</span> <span class='ocrx_word' id='word_1_570' title='bbox 2431 3219 2626 3276; x_wconf 87' lang='lat' dir='ltr'>stando</span> <span class='ocrx_word' id='word_1_571' title='bbox 2664 3217 2719 3271; x_wconf 91' lang='lat' dir='ltr'>in</span> <span class='ocrx_word' id='word_1_572' title='bbox 2759 3213 2990 3271; x_wconf 84' lang='lat' dir='ltr'>ecclesia</span> <span class='ocrx_word' id='word_1_573' title='bbox 3049 3209 3316 3282; x_wconf 89' lang='lat' dir='ltr'>superiori</span> <span class='ocrx_word' id='word_1_574' title='bbox 3370 3205 3621 3265; x_wconf 87' lang='lat' dir='ltr'>conversi</span> <span class='ocrx_word' id='word_1_575' title='bbox 3679 3213 3734 3262; x_wconf 88' lang='lat' dir='ltr'>et</span> 
     </span>
    </p>
   </div>
   <div class='ocr_carea' id='block_1_92' title="bbox 2136 3300 3161 3367">
    <p class='ocr_par' dir='ltr' id='par_1_92' title="bbox 2136 3300 3161 3367">
     <span class='ocr_line' id='line_1_92' title="bbox 2136 3300 3161 3367; baseline -0.013 0"><span class='ocrx_word' id='word_1_576' title='bbox 2136 3310 2335 3367; x_wconf 90' lang='lat' dir='ltr'>redditi</span> <span class='ocrx_word' id='word_1_577' title='bbox 2364 3309 2562 3364; x_wconf 89' lang='lat' dir='ltr'>debent</span> <span class='ocrx_word' id='word_1_578' title='bbox 2601 3304 2900 3360; x_wconf 88' lang='lat' dir='ltr'>monachos</span> <span class='ocrx_word' id='word_1_579' title='bbox 2942 3300 3161 3356; x_wconf 89' lang='lat' dir='ltr'>imitari.</span> 
     </span>
    </p>
   </div>
   <div class='ocr_carea' id='block_1_93' title="bbox 2207 3414 3730 3479">
    <p class='ocr_par' dir='ltr' id='par_1_93' title="bbox 2207 3414 3730 3479">
     <span class='ocr_line' id='line_1_93' title="bbox 2207 3414 3730 3479; baseline -0.011 -7"><span class='ocrx_word' id='word_1_580' title='bbox 2207 3419 2294 3472; x_wconf 83' lang='lat'>35.</span> <span class='ocrx_word' id='word_1_581' title='bbox 2328 3414 2610 3471; x_wconf 89' lang='lat' dir='ltr'>Laicorum</span> <span class='ocrx_word' id='word_1_582' title='bbox 2640 3425 2919 3476; x_wconf 90' lang='lat' dir='ltr'>numerus,</span> <span class='ocrx_word' id='word_1_583' title='bbox 2956 3423 3092 3479; x_wconf 91' lang='lat' dir='ltr'>quos</span> <span class='ocrx_word' id='word_1_584' title='bbox 3126 3419 3422 3462; x_wconf 85' lang='lat' dir='ltr'>conversos</span> <span class='ocrx_word' id='word_1_585' title='bbox 3451 3417 3730 3472; x_wconf 84' lang='lat' dir='ltr'>vocamus,</span> 
     </span>
    </p>
   </div>
   <div class='ocr_carea' id='block_1_94' title="bbox 2136 3492 3734 3564">
    <p class='ocr_par' dir='ltr' id='par_1_94' title="bbox 2136 3492 3734 3564">
     <span class='ocr_line' id='line_1_94' title="bbox 2136 3492 3734 3564; baseline -0.011 -3"><span class='ocrx_word' id='word_1_586' title='bbox 2136 3503 2425 3560; x_wconf 91' lang='lat' dir='ltr'>tresdecim</span> <span class='ocrx_word' id='word_1_587' title='bbox 2457 3509 2541 3556; x_wconf 89' lang='lat' dir='ltr'>est</span> <span class='ocrx_word' id='word_1_588' title='bbox 2572 3506 2831 3564; x_wconf 91' lang='lat' dir='ltr'>statutus,</span> <span class='ocrx_word' id='word_1_589' title='bbox 2874 3503 2926 3552; x_wconf 90' lang='lat' dir='ltr'>et</span> <span class='ocrx_word' id='word_1_590' title='bbox 2989 3493 3332 3550; x_wconf 89' lang='lat' dir='ltr'>redditorum</span> <span class='ocrx_word' id='word_1_591' title='bbox 3363 3492 3472 3547; x_wconf 91' lang='lat' dir='ltr'>duo</span> <span class='ocrx_word' id='word_1_592' title='bbox 3505 3497 3734 3562; x_wconf 90' lang='lat' dir='ltr'>possunt</span> 
     </span>
    </p>
   </div>
   <div class='ocr_carea' id='block_1_95' title="bbox 2136 3578 3730 3655">
    <p class='ocr_par' dir='ltr' id='par_1_95' title="bbox 2136 3578 3730 3655">
     <span class='ocr_line' id='line_1_95' title="bbox 2136 3578 3730 3655; baseline -0.011 -6"><span class='ocrx_word' id='word_1_593' title='bbox 2136 3611 2258 3649; x_wconf 87' lang='lat' dir='ltr'>esse</span> <span class='ocrx_word' id='word_1_594' title='bbox 2287 3590 2492 3655; x_wconf 89' lang='lat' dir='ltr'>clerici,</span> <span class='ocrx_word' id='word_1_595' title='bbox 2525 3597 2577 3644; x_wconf 91' lang='lat' dir='ltr'>et</span> <span class='ocrx_word' id='word_1_596' title='bbox 2608 3588 2814 3641; x_wconf 90' lang='lat' dir='ltr'>intrare</span> <span class='ocrx_word' id='word_1_597' title='bbox 2847 3585 3074 3640; x_wconf 90' lang='lat' dir='ltr'>chorum</span> <span class='ocrx_word' id='word_1_598' title='bbox 3101 3582 3516 3645; x_wconf 89' lang='lat' dir='ltr'>monachorum,</span> <span class='ocrx_word' id='word_1_599' title='bbox 3567 3578 3730 3634; x_wconf 88' lang='lat' dir='ltr'>etiam</span> 
     </span>
    </p>
   </div>
   <div class='ocr_carea' id='block_1_96' title="bbox 2137 3666 3731 3750">
    <p class='ocr_par' dir='ltr' id='par_1_96' title="bbox 2137 3666 3731 3750">
     <span class='ocr_line' id='line_1_96' title="bbox 2137 3666 3731 3750; baseline -0.011 -14"><span class='ocrx_word' id='word_1_600' title='bbox 2137 3683 2254 3736; x_wconf 91' lang='lat' dir='ltr'>sine</span> <span class='ocrx_word' id='word_1_601' title='bbox 2280 3694 2478 3750; x_wconf 89' lang='lat' dir='ltr'>cappa,</span> <span class='ocrx_word' id='word_1_602' title='bbox 2514 3685 2568 3731; x_wconf 91' lang='lat' dir='ltr'>et</span> <span class='ocrx_word' id='word_1_603' title='bbox 2595 3674 2832 3730; x_wconf 85' lang='lat' dir='ltr'>officium</span> <span class='ocrx_word' id='word_1_604' title='bbox 2883 3672 3277 3727; x_wconf 88' lang='lat' dir='ltr'>monachorum</span> <span class='ocrx_word' id='word_1_605' title='bbox 3309 3675 3506 3739; x_wconf 72' lang='lat' dir='ltr'>praeter</span> <span class='ocrx_word' id='word_1_606' title='bbox 3532 3666 3731 3721; x_wconf 88' lang='lat' dir='ltr'>missas</span> 
     </span>
    </p>
   </div>
   <div class='ocr_carea' id='block_1_97' title="bbox 2137 3755 3731 3836">
    <p class='ocr_par' dir='ltr' id='par_1_97' title="bbox 2137 3755 3731 3836">
     <span class='ocr_line' id='line_1_97' title="bbox 2137 3755 3731 3836; baseline -0.011 -12"><span class='ocrx_word' id='word_1_607' title='bbox 2137 3770 2336 3831; x_wconf 86' lang='lat' dir='ltr'>facere,</span> <span class='ocrx_word' id='word_1_608' title='bbox 2369 3764 2607 3836; x_wconf 85' lang='lat' dir='ltr'>capitulo</span> <span class='ocrx_word' id='word_1_609' title='bbox 2639 3764 2924 3826; x_wconf 90' lang='lat' dir='ltr'>interesse,</span> <span class='ocrx_word' id='word_1_610' title='bbox 2985 3767 3038 3814; x_wconf 91' lang='lat' dir='ltr'>et</span> <span class='ocrx_word' id='word_1_611' title='bbox 3089 3758 3142 3810; x_wconf 90' lang='lat' dir='ltr'>in</span> <span class='ocrx_word' id='word_1_612' title='bbox 3186 3755 3477 3812; x_wconf 88' lang='lat' dir='ltr'>refectorio</span> <span class='ocrx_word' id='word_1_613' title='bbox 3534 3768 3731 3808; x_wconf 84' lang='lat' dir='ltr'>mona-</span> 
     </span>
    </p>
   </div>
   <div class='ocr_carea' id='block_1_98' title="bbox 2137 3841 3733 3919">
    <p class='ocr_par' dir='ltr' id='par_1_98' title="bbox 2137 3841 3733 3919">
     <span class='ocr_line' id='line_1_98' title="bbox 2137 3841 3733 3919; baseline -0.01 -7"><span class='ocrx_word' id='word_1_614' title='bbox 2137 3858 2369 3913; x_wconf 90' lang='lat' dir='ltr'>chorum</span> <span class='ocrx_word' id='word_1_615' title='bbox 2428 3851 2735 3918; x_wconf 77' lang='lat' dir='ltr'>comedere,</span> <span class='ocrx_word' id='word_1_616' title='bbox 2782 3864 2907 3905; x_wconf 91' lang='lat' dir='ltr'>cum</span> <span class='ocrx_word' id='word_1_617' title='bbox 2943 3863 2973 3901; x_wconf 90' lang='lat' dir='ltr'>a</span> <span class='ocrx_word' id='word_1_618' title='bbox 3003 3845 3277 3919; x_wconf 86' lang='lat' dir='ltr'>prioribus</span> <span class='ocrx_word' id='word_1_619' title='bbox 3332 3859 3542 3911; x_wconf 87' lang='lat' dir='ltr'>eorum,</span> <span class='ocrx_word' id='word_1_620' title='bbox 3589 3849 3646 3897; x_wconf 89' lang='lat' dir='ltr'>ut</span> <span class='ocrx_word' id='word_1_621' title='bbox 3675 3841 3733 3897; x_wconf 91' lang='lat' dir='ltr'>in</span> 
     </span>
    </p>
   </div>
   <div class='ocr_carea' id='block_1_99' title="bbox 2134 3937 2874 4017">
    <p class='ocr_par' dir='ltr' id='par_1_99' title="bbox 2134 3937 2874 4017">
     <span class='ocr_line' id='line_1_99' title="bbox 2134 3937 2874 4017; baseline -0.012 -17"><span class='ocrx_word' id='word_1_622' title='bbox 2134 3943 2430 4017; x_wconf 58' lang='lat' dir='ltr'>prmdictis,</span> <span class='ocrx_word' id='word_1_623' title='bbox 2465 3940 2638 4012; x_wconf 89' lang='lat' dir='ltr'>gratia</span> <span class='ocrx_word' id='word_1_624' title='bbox 2655 3939 2733 3993; x_wconf 90' lang='lat' dir='ltr'>eis</span> <span class='ocrx_word' id='word_1_625' title='bbox 2762 3937 2874 3992; x_wconf 87' lang='lat' dir='ltr'>fiat.</span> 
     </span>
    </p>
   </div>
   <div class='ocr_carea' id='block_1_100' title="bbox 2207 4039 3732 4105">
    <p class='ocr_par' dir='ltr' id='par_1_100' title="bbox 2207 4039 3732 4105">
     <span class='ocr_line' id='line_1_100' title="bbox 2207 4039 3732 4105; baseline -0.01 0"><span class='ocrx_word' id='word_1_626' title='bbox 2207 4053 2295 4105; x_wconf 88' lang='lat'>36.</span> <span class='ocrx_word' id='word_1_627' title='bbox 2327 4046 2543 4103; x_wconf 84' lang='lat' dir='ltr'>Redditi</span> <span class='ocrx_word' id='word_1_628' title='bbox 2573 4044 2694 4100; x_wconf 89' lang='lat' dir='ltr'>laici</span> <span class='ocrx_word' id='word_1_629' title='bbox 2727 4042 3016 4099; x_wconf 89' lang='lat' dir='ltr'>comedant</span> <span class='ocrx_word' id='word_1_630' title='bbox 3033 4041 3086 4096; x_wconf 87' lang='lat' dir='ltr'>in</span> <span class='ocrx_word' id='word_1_631' title='bbox 3115 4039 3402 4096; x_wconf 86' lang='lat' dir='ltr'>refectorio</span> <span class='ocrx_word' id='word_1_632' title='bbox 3439 4053 3565 4095; x_wconf 89' lang='lat' dir='ltr'>cum</span> <span class='ocrx_word' id='word_1_633' title='bbox 3594 4051 3732 4092; x_wconf 90' lang='lat' dir='ltr'>con-</span> 
     </span>
    </p>
   </div>
   <div class='ocr_carea' id='block_1_101' title="bbox 2135 4124 3732 4205">
    <p class='ocr_par' dir='ltr' id='par_1_101' title="bbox 2135 4124 3732 4205">
     <span class='ocr_line' id='line_1_101' title="bbox 2135 4124 3732 4205; baseline -0.008 -12"><span class='ocrx_word' id='word_1_634' title='bbox 2135 4138 2328 4202; x_wconf 89' lang='lat' dir='ltr'>versis,</span> <span class='ocrx_word' id='word_1_635' title='bbox 2364 4145 2609 4205; x_wconf 91' lang='lat' dir='ltr'>tempore</span> <span class='ocrx_word' id='word_1_636' title='bbox 2641 4148 2749 4203; x_wconf 91' lang='lat' dir='ltr'>quo</span> <span class='ocrx_word' id='word_1_637' title='bbox 2779 4130 3070 4187; x_wconf 89' lang='lat' dir='ltr'>comedent</span> <span class='ocrx_word' id='word_1_638' title='bbox 3111 4129 3214 4200; x_wconf 88' lang='lat' dir='ltr'>ipsi</span> <span class='ocrx_word' id='word_1_639' title='bbox 3244 4126 3438 4182; x_wconf 84' lang='lat' dir='ltr'>redditi</span> <span class='ocrx_word' id='word_1_640' title='bbox 3482 4126 3537 4180; x_wconf 89' lang='lat' dir='ltr'>in</span> <span class='ocrx_word' id='word_1_641' title='bbox 3566 4124 3732 4180; x_wconf 90' lang='lat' dir='ltr'>domo</span> 
     </span>
    </p>
   </div>
   <div class='ocr_carea' id='block_1_102' title="bbox 2135 4225 2424 4297">
    <p class='ocr_par' dir='ltr' id='par_1_102' title="bbox 2135 4225 2424 4297">
     <span class='ocr_line' id='line_1_102' title="bbox 2135 4225 2424 4297; baseline -0.017 -15"><span class='ocrx_word' id='word_1_642' title='bbox 2135 4225 2424 4297; x_wconf 88' lang='lat' dir='ltr'>superiori.</span> 
     </span>
    </p>
   </div>
   <div class='ocr_carea' id='block_1_103' title="bbox 2206 4319 3731 4397">
    <p class='ocr_par' dir='ltr' id='par_1_103' title="bbox 2206 4319 3731 4397">
     <span class='ocr_line' id='line_1_103' title="bbox 2206 4319 3731 4397; baseline -0.009 -10"><span class='ocrx_word' id='word_1_643' title='bbox 2206 4335 2293 4387; x_wconf 83' lang='lat'>3&#39;7.</span> <span class='ocrx_word' id='word_1_644' title='bbox 2325 4329 2486 4386; x_wconf 88' lang='lat' dir='ltr'>Nulla</span> <span class='ocrx_word' id='word_1_645' title='bbox 2513 4327 2766 4382; x_wconf 90' lang='lat' dir='ltr'>monialis</span> <span class='ocrx_word' id='word_1_646' title='bbox 2794 4325 2963 4397; x_wconf 89' lang='lat' dir='ltr'>possit</span> <span class='ocrx_word' id='word_1_647' title='bbox 2994 4323 3123 4395; x_wconf 84' lang='lat' dir='ltr'>eligi</span> <span class='ocrx_word' id='word_1_648' title='bbox 3166 4323 3234 4378; x_wconf 91' lang='lat' dir='ltr'>de</span> <span class='ocrx_word' id='word_1_649' title='bbox 3265 4330 3459 4378; x_wconf 58' lang='lat' dir='ltr'>ca‘tero</span> <span class='ocrx_word' id='word_1_650' title='bbox 3495 4321 3549 4375; x_wconf 89' lang='lat' dir='ltr'>in</span> <span class='ocrx_word' id='word_1_651' title='bbox 3575 4319 3731 4391; x_wconf 90' lang='lat' dir='ltr'>prio-</span> 
     </span>
    </p>
   </div>
   <div class='ocr_carea' id='block_1_104' title="bbox 2134 4407 3736 4485">
    <p class='ocr_par' dir='ltr' id='par_1_104' title="bbox 2134 4407 3736 4485">
     <span class='ocr_line' id='line_1_104' title="bbox 2134 4407 3736 4485; baseline -0.008 -10"><span class='ocrx_word' id='word_1_652' title='bbox 2134 4421 2350 4485; x_wconf 88' lang='lat' dir='ltr'>rissam,</span> <span class='ocrx_word' id='word_1_653' title='bbox 2383 4417 2487 4472; x_wconf 88' lang='lat' dir='ltr'>nisi</span> <span class='ocrx_word' id='word_1_654' title='bbox 2518 4416 2741 4484; x_wconf 81' lang='lat' dir='ltr'>triginta</span> <span class='ocrx_word' id='word_1_655' title='bbox 2769 4429 2938 4468; x_wconf 89' lang='lat' dir='ltr'>annos</span> <span class='ocrx_word' id='word_1_656' title='bbox 2967 4412 3138 4467; x_wconf 57' lang='lat' dir='ltr'>aetatis</span> <span class='ocrx_word' id='word_1_657' title='bbox 3157 4411 3376 4466; x_wconf 86' lang='lat' dir='ltr'>habeat.</span> <span class='ocrx_word' id='word_1_658' title='bbox 3402 4411 3461 4464; x_wconf 90' lang='lat' dir='ltr'>In</span> <span class='ocrx_word' id='word_1_659' title='bbox 3492 4407 3736 4480; x_wconf 88' lang='lat' dir='ltr'>qualibet</span> 
     </span>
    </p>
   </div>
   <div class='ocr_carea' id='block_1_105' title="bbox 2136 4497 3728 4574">
    <p class='ocr_par' dir='ltr' id='par_1_105' title="bbox 2136 4497 3728 4574">
     <span class='ocr_line' id='line_1_105' title="bbox 2136 4497 3728 4574; baseline -0.009 -11"><span class='ocrx_word' id='word_1_660' title='bbox 2136 4509 2299 4563; x_wconf 92' lang='lat' dir='ltr'>domo</span> <span class='ocrx_word' id='word_1_661' title='bbox 2375 4504 2693 4561; x_wconf 90' lang='lat' dir='ltr'>monialium</span> <span class='ocrx_word' id='word_1_662' title='bbox 2739 4501 3004 4574; x_wconf 87' lang='lat' dir='ltr'>priorissa</span> <span class='ocrx_word' id='word_1_663' title='bbox 3047 4499 3318 4571; x_wconf 88' lang='lat' dir='ltr'>promittat</span> <span class='ocrx_word' id='word_1_664' title='bbox 3365 4497 3728 4553; x_wconf 89' lang='lat' dir='ltr'>obedientiam</span> 
     </span>
    </p>
   </div>
   <div class='ocr_carea' id='block_1_106' title="bbox 2135 4585 3732 4664">
    <p class='ocr_par' dir='ltr' id='par_1_106' title="bbox 2135 4585 3732 4664">
     <span class='ocr_line' id='line_1_106' title="bbox 2135 4585 3732 4664; baseline -0.009 -12"><span class='ocrx_word' id='word_1_665' title='bbox 2135 4595 2355 4664; x_wconf 90' lang='lat' dir='ltr'>vicario,</span> <span class='ocrx_word' id='word_1_666' title='bbox 2389 4603 2442 4649; x_wconf 87' lang='lat' dir='ltr'>et</span> <span class='ocrx_word' id='word_1_667' title='bbox 2470 4592 2736 4647; x_wconf 90' lang='lat' dir='ltr'>moniales</span> <span class='ocrx_word' id='word_1_668' title='bbox 2764 4590 3139 4644; x_wconf 87' lang='lat' dir='ltr'>tantummodo</span> <span class='ocrx_word' id='word_1_669' title='bbox 3169 4585 3732 4659; x_wconf 77' lang='lat' dir='ltr'>priorissae.Monachi</span> 
     </span>
    </p>
   </div>
   <div class='ocr_carea' id='block_1_107' title="bbox 2132 4672 3729 4754">
    <p class='ocr_par' dir='ltr' id='par_1_107' title="bbox 2132 4672 3729 4754">
     <span class='ocr_line' id='line_1_107' title="bbox 2132 4672 3729 4754; baseline -0.008 -15"><span class='ocrx_word' id='word_1_670' title='bbox 2132 4699 2261 4740; x_wconf 87' lang='lat' dir='ltr'>vero</span> <span class='ocrx_word' id='word_1_671' title='bbox 2292 4683 2384 4754; x_wconf 92' lang='lat' dir='ltr'>qui</span> <span class='ocrx_word' id='word_1_672' title='bbox 2414 4681 2606 4736; x_wconf 91' lang='lat' dir='ltr'>suntin</span> <span class='ocrx_word' id='word_1_673' title='bbox 2660 4679 2843 4750; x_wconf 87' lang='lat' dir='ltr'>aliqua</span> <span class='ocrx_word' id='word_1_674' title='bbox 2873 4677 3036 4733; x_wconf 89' lang='lat' dir='ltr'>domo</span> <span class='ocrx_word' id='word_1_675' title='bbox 3082 4675 3418 4740; x_wconf 90' lang='lat' dir='ltr'>monialium,</span> <span class='ocrx_word' id='word_1_676' title='bbox 3465 4672 3729 4743; x_wconf 86' lang='lat' dir='ltr'>capellani</span> 
     </span>
    </p>
   </div>
   <div class='ocr_carea' id='block_1_108' title="bbox 2132 4761 3728 4842">
    <p class='ocr_par' dir='ltr' id='par_1_108' title="bbox 2132 4761 3728 4842">
     <span class='ocr_line' id='line_1_108' title="bbox 2132 4761 3728 4842; baseline -0.008 -15"><span class='ocrx_word' id='word_1_677' title='bbox 2132 4780 2294 4842; x_wconf 87' lang='lat' dir='ltr'>atque</span> <span class='ocrx_word' id='word_1_678' title='bbox 2341 4769 2590 4826; x_wconf 88' lang='lat' dir='ltr'>conversi</span> <span class='ocrx_word' id='word_1_679' title='bbox 2639 4776 2690 4824; x_wconf 91' lang='lat' dir='ltr'>et</span> <span class='ocrx_word' id='word_1_680' title='bbox 2746 4766 2943 4822; x_wconf 91' lang='lat' dir='ltr'>redditi</span> <span class='ocrx_word' id='word_1_681' title='bbox 3000 4765 3319 4836; x_wconf 88' lang='lat' dir='ltr'>promittant</span> <span class='ocrx_word' id='word_1_682' title='bbox 3364 4761 3728 4819; x_wconf 86' lang='lat' dir='ltr'>obedientiam</span> 
     </span>
    </p>
   </div>
   <div class='ocr_carea' id='block_1_109' title="bbox 2131 4859 2580 4914">
    <p class='ocr_par' dir='ltr' id='par_1_109' title="bbox 2131 4859 2580 4914">
     <span class='ocr_line' id='line_1_109' title="bbox 2131 4859 2580 4914; baseline -0.009 0"><span class='ocrx_word' id='word_1_683' title='bbox 2131 4859 2334 4914; x_wconf 89' lang='lat' dir='ltr'>vicario</span> <span class='ocrx_word' id='word_1_684' title='bbox 2357 4866 2580 4912; x_wconf 88' lang='lat' dir='ltr'>tantum.</span> 
     </span>
    </p>
   </div>
   <div class='ocr_carea' id='block_1_110' title="bbox 2203 4953 3729 5032">
    <p class='ocr_par' dir='ltr' id='par_1_110' title="bbox 2203 4953 3729 5032">
     <span class='ocr_line' id='line_1_110' title="bbox 2203 4953 3729 5032; baseline -0.006 -15"><span class='ocrx_word' id='word_1_685' title='bbox 2203 4967 2291 5018; x_wconf 88' lang='lat'>38.</span> <span class='ocrx_word' id='word_1_686' title='bbox 2323 4962 2600 5032; x_wconf 89' lang='lat' dir='ltr'>Capellani</span> <span class='ocrx_word' id='word_1_687' title='bbox 2633 4970 2684 5016; x_wconf 90' lang='lat' dir='ltr'>et</span> <span class='ocrx_word' id='word_1_688' title='bbox 2729 4960 2912 5016; x_wconf 88' lang='lat' dir='ltr'>clerici</span> <span class='ocrx_word' id='word_1_689' title='bbox 2960 4967 3012 5014; x_wconf 90' lang='lat' dir='ltr'>et</span> <span class='ocrx_word' id='word_1_690' title='bbox 3034 4959 3227 5015; x_wconf 90' lang='lat' dir='ltr'>redditi</span> <span class='ocrx_word' id='word_1_691' title='bbox 3276 4975 3399 5014; x_wconf 91' lang='lat' dir='ltr'>cum</span> <span class='ocrx_word' id='word_1_692' title='bbox 3447 4953 3729 5012; x_wconf 88' lang='lat' dir='ltr'>monachis</span> 
     </span>
    </p>
   </div>
   <div class='ocr_carea' id='block_1_111' title="bbox 2139 5044 3729 5115">
    <p class='ocr_par' dir='ltr' id='par_1_111' title="bbox 2139 5044 3729 5115">
     <span class='ocr_line' id='line_1_111' title="bbox 2139 5044 3729 5115; baseline -0.006 -9"><span class='ocrx_word' id='word_1_693' title='bbox 2139 5051 2227 5106; x_wconf 89' lang='lat' dir='ltr'>vel</span> <span class='ocrx_word' id='word_1_694' title='bbox 2260 5050 2589 5105; x_wconf 89' lang='lat' dir='ltr'>monialibus</span> <span class='ocrx_word' id='word_1_695' title='bbox 2645 5056 3055 5115; x_wconf 87' lang='lat' dir='ltr'>conversantes,</span> <span class='ocrx_word' id='word_1_696' title='bbox 3116 5055 3336 5102; x_wconf 90' lang='lat' dir='ltr'>teneant</span> <span class='ocrx_word' id='word_1_697' title='bbox 3393 5045 3636 5101; x_wconf 88' lang='lat' dir='ltr'>ordinem</span> <span class='ocrx_word' id='word_1_698' title='bbox 3676 5044 3729 5096; x_wconf 92' lang='lat' dir='ltr'>in</span> 
     </span>
    </p>
   </div>
   <div class='ocr_carea' id='block_1_112' title="bbox 2124 5133 3552 5207">
    <p class='ocr_par' dir='ltr' id='par_1_112' title="bbox 2124 5133 3552 5207">
     <span class='ocr_line' id='line_1_112' title="bbox 2124 5133 3552 5207; baseline -0.005 -14"><span class='ocrx_word' id='word_1_699' title='bbox 2124 5138 2350 5207; x_wconf 85' lang='lat' dir='ltr'>jejuniis</span> <span class='ocrx_word' id='word_1_700' title='bbox 2380 5137 2521 5192; x_wconf 87' lang='lat' dir='ltr'>sicut</span> <span class='ocrx_word' id='word_1_701' title='bbox 2558 5137 2826 5191; x_wconf 88' lang='lat' dir='ltr'>moniales</span> <span class='ocrx_word' id='word_1_702' title='bbox 2857 5144 2904 5191; x_wconf 88' lang='lat' dir='ltr'>et</span> <span class='ocrx_word' id='word_1_703' title='bbox 2928 5136 3179 5191; x_wconf 89' lang='lat' dir='ltr'>monachi</span> <span class='ocrx_word' id='word_1_704' title='bbox 3210 5150 3376 5205; x_wconf 90' lang='lat' dir='ltr'>supra</span> <span class='ocrx_word' id='word_1_705' title='bbox 3407 5133 3552 5188; x_wconf 89' lang='lat' dir='ltr'>dicti.</span> 
     </span>
    </p>
   </div>
   <div class='ocr_carea' id='block_1_113' title="bbox 2201 5237 3731 5313">
    <p class='ocr_par' dir='ltr' id='par_1_113' title="bbox 2201 5237 3731 5313">
     <span class='ocr_line' id='line_1_113' title="bbox 2201 5237 3731 5313; baseline -0.004 -15"><span class='ocrx_word' id='word_1_706' title='bbox 2201 5249 2287 5299; x_wconf 90' lang='lat'>39.</span> <span class='ocrx_word' id='word_1_707' title='bbox 2321 5244 2680 5299; x_wconf 88' lang='lat' dir='ltr'>Declaramus</span> <span class='ocrx_word' id='word_1_708' title='bbox 2703 5243 2848 5313; x_wconf 89' lang='lat' dir='ltr'>quod</span> <span class='ocrx_word' id='word_1_709' title='bbox 2887 5243 3136 5297; x_wconf 88' lang='lat' dir='ltr'>ordinem</span> <span class='ocrx_word' id='word_1_710' title='bbox 3175 5250 3361 5296; x_wconf 88' lang='lat' dir='ltr'>tenere</span> <span class='ocrx_word' id='word_1_711' title='bbox 3410 5247 3490 5295; x_wconf 90' lang='lat' dir='ltr'>est</span> <span class='ocrx_word' id='word_1_712' title='bbox 3541 5237 3674 5294; x_wconf 88' lang='lat' dir='ltr'>feria</span> <span class='ocrx_word' id='word_1_713' title='bbox 3693 5252 3731 5292; x_wconf 80' lang='grc' dir='ltr'><strong>ιι</strong></span> 
     </span>
    </p>
   </div>
   <div class='ocr_carea' id='block_1_114' title="bbox 2129 5326 3732 5401">
    <p class='ocr_par' dir='ltr' id='par_1_114' title="bbox 2129 5326 3732 5401">
     <span class='ocr_line' id='line_1_114' title="bbox 2129 5326 3732 5401; baseline -0.006 -13"><span class='ocrx_word' id='word_1_714' title='bbox 2129 5341 2182 5388; x_wconf 90' lang='lat' dir='ltr'>et</span> <span class='ocrx_word' id='word_1_715' title='bbox 2212 5349 2267 5386; x_wconf 86' lang='lat' dir='ltr'>IV</span> <span class='ocrx_word' id='word_1_716' title='bbox 2301 5349 2423 5387; x_wconf 90' lang='lat' dir='ltr'>esse</span> <span class='ocrx_word' id='word_1_717' title='bbox 2456 5339 2768 5386; x_wconf 90' lang='lat' dir='ltr'>contentum</span> <span class='ocrx_word' id='word_1_718' title='bbox 2798 5347 2939 5401; x_wconf 90' lang='lat' dir='ltr'>pane</span> <span class='ocrx_word' id='word_1_719' title='bbox 2968 5339 3020 5386; x_wconf 94' lang='lat' dir='ltr'>et</span> <span class='ocrx_word' id='word_1_720' title='bbox 3041 5331 3166 5386; x_wconf 82' lang='lat' dir='ltr'>vino</span> <span class='ocrx_word' id='word_1_721' title='bbox 3198 5338 3250 5385; x_wconf 90' lang='lat' dir='ltr'>et</span> <span class='ocrx_word' id='word_1_722' title='bbox 3285 5328 3518 5400; x_wconf 88' lang='lat' dir='ltr'>coquina</span> <span class='ocrx_word' id='word_1_723' title='bbox 3549 5346 3564 5393; x_wconf 86' lang='lat'>;</span> <span class='ocrx_word' id='word_1_724' title='bbox 3596 5326 3732 5380; x_wconf 90' lang='lat' dir='ltr'>feria</span> 
     </span>
    </p>
   </div>
   <div class='ocr_carea' id='block_1_115' title="bbox 2129 5415 3731 5490">
    <p class='ocr_par' dir='ltr' id='par_1_115' title="bbox 2129 5415 3731 5490">
     <span class='ocr_line' id='line_1_115' title="bbox 2129 5415 3731 5490; baseline -0.004 -16"><span class='ocrx_word' id='word_1_725' title='bbox 2129 5437 2188 5474; x_wconf 84' lang='grc' dir='ltr'>ιιι</span> <span class='ocrx_word' id='word_1_726' title='bbox 2221 5428 2272 5475; x_wconf 90' lang='lat' dir='ltr'>et</span> <span class='ocrx_word' id='word_1_727' title='bbox 2298 5420 2557 5487; x_wconf 89' lang='lat' dir='ltr'>Sabbato,</span> <span class='ocrx_word' id='word_1_728' title='bbox 2592 5435 2752 5488; x_wconf 90' lang='lat' dir='ltr'>pane,</span> <span class='ocrx_word' id='word_1_729' title='bbox 2775 5418 2900 5474; x_wconf 88' lang='lat' dir='ltr'>vino</span> <span class='ocrx_word' id='word_1_730' title='bbox 2936 5427 2987 5473; x_wconf 91' lang='lat' dir='ltr'>et</span> <span class='ocrx_word' id='word_1_731' title='bbox 3015 5418 3250 5490; x_wconf 89' lang='lat' dir='ltr'>coquina</span> <span class='ocrx_word' id='word_1_732' title='bbox 3282 5419 3399 5471; x_wconf 90' lang='lat' dir='ltr'>sine</span> <span class='ocrx_word' id='word_1_733' title='bbox 3444 5415 3731 5487; x_wconf 86' lang='lat' dir='ltr'>pittantia;</span> 
     </span>
    </p>
   </div>
   <div class='ocr_carea' id='block_1_116' title="bbox 2127 5502 3735 5578">
    <p class='ocr_par' dir='ltr' id='par_1_116' title="bbox 2127 5502 3735 5578">
     <span class='ocr_line' id='line_1_116' title="bbox 2127 5502 3735 5578; baseline -0.003 -16"><span class='ocrx_word' id='word_1_734' title='bbox 2127 5507 2262 5563; x_wconf 87' lang='lat' dir='ltr'>feria</span> <span class='ocrx_word' id='word_1_735' title='bbox 2290 5523 2367 5574; x_wconf 79' lang='lat' dir='ltr'>vr,</span> <span class='ocrx_word' id='word_1_736' title='bbox 2402 5523 2544 5577; x_wconf 90' lang='lat' dir='ltr'>pane</span> <span class='ocrx_word' id='word_1_737' title='bbox 2575 5514 2626 5560; x_wconf 90' lang='lat' dir='ltr'>et</span> <span class='ocrx_word' id='word_1_738' title='bbox 2648 5522 2791 5578; x_wconf 89' lang='lat' dir='ltr'>aqua</span> <span class='ocrx_word' id='word_1_739' title='bbox 2815 5525 2830 5575; x_wconf 90' lang='lat'><strong>;</strong></span> <span class='ocrx_word' id='word_1_740' title='bbox 2861 5505 3014 5562; x_wconf 89' lang='lat' dir='ltr'>festis</span> <span class='ocrx_word' id='word_1_741' title='bbox 3028 5505 3250 5577; x_wconf 88' lang='lat' dir='ltr'>capituli</span> <span class='ocrx_word' id='word_1_742' title='bbox 3279 5514 3330 5562; x_wconf 88' lang='lat' dir='ltr'>et</span> <span class='ocrx_word' id='word_1_743' title='bbox 3361 5504 3497 5566; x_wconf 84' lang='lat' dir='ltr'>feria</span> <span class='ocrx_word' id='word_1_744' title='bbox 3518 5519 3572 5571; x_wconf 92' lang='lat' dir='ltr'>v,</span> <span class='ocrx_word' id='word_1_745' title='bbox 3596 5502 3735 5559; x_wconf 87' lang='lat' dir='ltr'>sicut</span> 
     </span>
    </p>
   </div>
   <div class='ocr_carea' id='block_1_117' title="bbox 2126 5593 2612 5652">
    <p class='ocr_par' dir='ltr' id='par_1_117' title="bbox 2126 5593 2612 5652">
     <span class='ocr_line' id='line_1_117' title="bbox 2126 5593 2612 5652; baseline -0.01 0"><span class='ocrx_word' id='word_1_746' title='bbox 2126 5604 2178 5652; x_wconf 89' lang='lat' dir='ltr'>et</span> <span class='ocrx_word' id='word_1_747' title='bbox 2207 5595 2296 5650; x_wconf 88' lang='lat' dir='ltr'>alii</span> <span class='ocrx_word' id='word_1_748' title='bbox 2324 5610 2391 5651; x_wconf 80' lang='lat' dir='ltr'>ex</span> <span class='ocrx_word' id='word_1_749' title='bbox 2411 5593 2612 5650; x_wconf 91' lang='lat' dir='ltr'>debito.</span> 
     </span>
    </p>
   </div>
  </div>
