3938 6424
186 393 325 446 1137

1496 380 1809 442 surum
1846 381 2180 454 ANTIQUA.

3355 388 3494 441 1138

258 519 347 572 4ο.
383 514 559 586 Quam
589 514 696 572 cito
723 515 965 572 Sanctus
994 514 1266 587 incipitur,
1309 512 1581 585 caputium
1612 506 1790 564 indui-
1814 507 1864 564 Δ
1893 513 2340 580 correctionibus,
2373 514 2595 570 domum
2612 529 2765 568 suam
2785 521 3052 584 perpetuo
3072 517 3338 576 amittant,
3375 525 3492 565 mo«

192 611 300 659 tur.

263 693 349 748 41.
384 694 442 747 In
462 691 706 763 pluribus
734 690 1039 746 tricenariis
1071 691 1230 745 simul
1262 687 1601 752 inchoandis,
1636 684 1794 756 quili-

190 781 282 836 bet
311 795 462 835 suam
513 780 672 834 habet
721 779 944 834 missam
980 788 1032 833 et
1078 778 1353 849 propriam
1387 776 1709 838 orationem,
1745 779 1795 826 et

190 877 380 940 postea
407 869 676 924 addentur
705 867 863 922 simul
894 867 949 920 in
969 867 1209 922 oratione
1258 864 1472 935 plurali.

265 958 352 1014 42.
382 957 606 1026 Tapetia
628 956 880 1010 universa
911 963 966 1008 et
1015 953 1266 1026 quarrclli
1307 950 1556 1022 pictutari
1583 949 1666 1005 vel
1694 965 1795 1003 cu-

194 1041 329 1097 riosi
358 1039 427 1096 de
457 1039 610 1095 cellis
641 1048 1017 1095 amoveantur.

265 1132 357 1185 43.
391 1129 621 1184 Pictura:
649 1127 879 1183 curiosae
933 1127 1001 1182 de
1059 1125 1309 1183 ecclesiis
1339 1131 1389 1180 et
1419 1121 1670 1194 hospitiis
1702 1120 1797 1174 de-

193 1217 431 1274 leantur.

263 1306 352 1362 44.
385 1305 655 1360 Statutum
686 1310 769 1360 est
796 1319 864 1358 ne
895 1302 1091 1374 aliquis
1121 1301 1190 1357 de
1220 1301 1410 1356 ordine
1441 1306 1630 1354 nostro
1664 1311 1798 1368 pos-

195 1393 266 1449 sit
293 1391 496 1466 praetici
525 1392 580 1447 in
606 1392 850 1464 priorem
877 1391 946 1446 de
968 1397 1184 1454 caetero,
1211 1388 1387 1461 quoad
1409 1402 1582 1458 usque
1611 1400 1643 1439 a
1665 1393 1801 1438 tem-

198 1497 334 1554 pore
379 1480 736 1554 professionis
791 1496 891 1551 per
945 1479 1084 1534 duos
1130 1493 1300 1533 annos
1359 1474 1698 1531 laudabiliter
1745 1472 1802 1526 in

197 1569 388 1626 ordine
420 1577 604 1624 nostro
634 1567 796 1624 fuerit
817 1574 1190 1624 conversatus.

271 1661 360 1715 45.
393 1658 594 1714 Novitii
624 1657 718 1728 qui
757 1656 983 1712 veniunt
1012 1656 1077 1710 ad
1135 1655 1382 1709 ordinem
1432 1659 1672 1708 nostrum
1703 1648 1803 1702 sibi

197 1747 520 1820 provideant
551 1746 618 1801 de
649 1745 910 1811 vestibus,
943 1743 988 1797 si
1035 1744 1267 1797 habeant
1294 1742 1457 1796 unde.

271 1839 360 1892 46.
387 1835 657 1891 Sacerdos
688 1833 777 1906 qui
807 1849 914 1888 non
942 1840 1122 1903 potest
1165 1831 1443 1887 celebrare
1472 1830 1712 1898 missam,
1751 1830 1803 1884 in
1825 1852 1878 1913 Β

199 1933 472 1982 conventu
501 1923 704 1978 inutilis
743 1929 1046 1992 reputatur.

275 2015 362 2068 47.
396 2012 666 2067 Clericum
698 2010 968 2066 redditum
998 2008 1211 2080 priores
1235 2007 1514 2079 recipiant,
1543 2006 1804 2062 consultis

203 2101 508 2157 monachis.

275 2193 362 2245 48.
396 2189 658 2244 Statutum
681 2187 825 2258 quod
856 2185 1071 2240 termini
1093 2185 1352 2254 deinceps
1378 2199 1474 2253 per
1493 2182 1631 2237 duos
1659 2182 1804 2252 prio-

201 2293 292 2334 res
321 2277 531 2331 limitati
553 2291 704 2330 more
735 2274 892 2329 solito
920 2281 972 2328 et
1002 2273 1189 2342 scripti
1230 2272 1297 2326 ad
1330 2287 1564 2342 sequens
1594 2270 1804 2340 capitu-

203 2365 318 2420 lum
344 2372 710 2436 apportentur,
750 2371 802 2417 et
831 2363 904 2416 ibi
946 2361 1332 2416 rationabiliter
1386 2359 1676 2414 examinati
1707 2375 1806 2429 per

201 2469 396 2511 omnes
427 2452 744 2507 diﬂinitores
765 2449 1169 2513 conﬁrmentur,
1195 2457 1248 2503 et
1276 2448 1598 2520 sigillcntur,
1633 2455 1684 2500 et
1715 2463 1807 2500 ex-

198 2551 330 2598 tunc
359 2541 598 2596 habeant
627 2539 842 2595 roboris
875 2537 1204 2604 firmitatem,
1235 2536 1566 2608 approbatur
1594 2543 1645 2590 et
1676 2550 1805 2590 con-

203 2629 471 2686 ﬁrmatur.

273 2719 361 2776 49.
418 2717 473 2773 Si
527 2715 814 2788 contigerit
883 2714 1022 2769 mori
1070 2713 1433 2786 equitaturam
1507 2711 1798 2772 visitando.

199 2805 612 2863 emendationcs
642 2803 954 2877 quindecim
981 2802 1242 2856 librarum
1291 2817 1398 2856 non
1431 2800 1732 2866 excedant;
1759 2799 1806 2854 si

201 2895 384 2950 minus
415 2895 576 2964 valet,
610 2892 915 2949 emendatio
943 2891 1237 2946 minuetur.

279 2987 366 3040 50.
398 2981 559 3038 Nulla
588 2982 784 3037 domus
810 2980 1005 3036 habeat
1034 2977 1364 3050 colloquium
1393 2984 1588 3049 praeter
1607 2975 1802 3032 festum

203 3086 291 3128 xu
321 3071 633 3128 lectionum.

1895 602 2056 655 nachi
2099 618 2226 657 vero
2259 619 2392 658 voce
2435 611 2654 658 careant
2682 603 2736 656 in
2765 611 3048 661 aeternum.

1966 693 2059 745 59.
2121 692 2176 745 Si
2233 692 2355 762 quis
2410 691 2640 746 voluerit
2696 691 2845 745 exire
2900 689 3165 752 ordinem,
3199 687 3286 742 vel
3333 686 3498 740 alium

1897 779 2042 834 exire
2099 779 2495 846 sollicitaverit,
2552 796 2649 849 per
2704 779 3014 834 visitatores
3070 783 3334 847 perpetuo
3365 789 3500 829 voce

1896 868 2159 938 privetur.

1969 958 2054 1008 60.
2091 955 2435 1025 Praccipimus
2466 963 2522 1008 ut
2549 970 2671 1010 cum
2701 955 2808 1009 duo
2838 954 2892 1006 in
2909 952 3047 1008 cella
3071 950 3288 1015 fuerint,
3325 949 3500 1021 primo

1897 1043 2036 1098 ostio
2082 1043 2296 1114 penitus
2326 1051 2534 1113 aperto,
2593 1043 2893 1098 secundum
2947 1039 3141 1095 ostium
3187 1038 3500 1093 nullatenus

1897 1133 2207 1188 obseretur.
3238 1191 3252 1202 _

1970 1224 2058 1275 6t.
2085 1220 2414 1276 Ordinamus
2443 1229 2495 1275 et
2523 1220 2775 1275 volumus
2801 1217 2946 1289 quod
2978 1215 3173 1270 redditi
3202 1213 3388 1270 clerici
3445 1212 3501 1267 in

1900 1308 2007 1362 illis
2038 1309 2276 1375 casibus,
2311 1309 2365 1363 in
2394 1308 2590 1380 quibus
2621 1305 2874 1364 conversi
2904 1305 3154 1359 amittunt
3181 1303 3412 1357 barbam
3447 1308 3501 1356 et

1899 1396 2111 1464 cellam,
2145 1413 2210 1452 ex
2239 1412 2383 1453 nunc
2411 1397 2706 1467 puniantur
2736 1394 2834 1459 sic,
2869 1391 3017 1464 quod
3060 1405 3339 1462 nunquam
3370 1404 3500 1460 por-

1899 1493 2010 1541 tent
2042 1501 2270 1556 cappam
2299 1485 2403 1539 nisi
2434 1485 2662 1557 grisam,
2695 1490 2748 1538 et
2778 1481 2991 1552 caputia
3032 1479 3270 1534 habeant
3301 1477 3371 1532 ad
3392 1491 3502 1532 mo-

1902 1573 2031 1628 dum
2063 1574 2404 1640 novitiorum,
2434 1572 2713 1627 dimidiam
2757 1577 2956 1624 tortam
2986 1568 3145 1639 panis
3205 1565 3502 1622 monacho-

1903 1678 2026 1715 rum
2074 1677 2198 1717 cum
2229 1677 2368 1732 pane
2401 1660 2615 1716 familiae
2643 1657 3032 1714 tantummodo.
3081 1657 3148 1710 Et
3187 1655 3329 1710 idem
3361 1653 3501 1708 dici-

1905 1764 2026 1804 mus
2045 1750 2113 1804 de
2143 1750 2370 1804 redditis
2401 1749 2552 1804 laicis
2582 1763 2682 1801 suo
2713 1746 2896 1802 modo.

1981 1841 2067 1893 62.
2103 1837 2435 1892 Ordinamus
2481 1845 2534 1890 et
2565 1835 2814 1889 volumus
2847 1832 3022 1887 modis
3051 1829 3322 1894 omnibus,
3357 1827 3504 1900 quod

1907 1926 2160 1998 quaslibet
2195 1926 2390 1980 domus
2438 1924 2709 1979 custodiat
2767 1921 3016 1992 deposita
3043 1919 3145 1973 sub
3175 1917 3389 1971 duabus
3421 1914 3506 1968 vel

1903 2015 2075 2069 tribus
2129 2013 2406 2080 clavibus,
2469 2028 2695 2083 quarum
2779 2024 2944 2063 unam
3020 2005 3282 2062 custodiat
3355 2002 3508 2074 prior

1905 2103 2064 2158 aliam
2098 2102 2182 2156 vel
2218 2102 2351 2154 alias
2413 2100 2719 2156 custodiant
2748 2097 2822 2152 illi
2853 2097 3052 2168 quibus
3109 2093 3260 2164 prior
3290 2090 3506 2147 duxerit

1905 2191 2374 2246 committendum.

1977 2283 2064 2333 63.
2099 2274 2819 2332 Associationemtricenarii
2878 2271 3178 2328 faciendam
3227 2267 3511 2324 statuimus

1905 2367 2082 2437 primo
2108 2365 2480 2420 anniversario
2512 2373 2632 2436 post
2683 2361 3068 2432 inccrptionem
3100 2357 3397 2413 tricenarii.

1977 2456 2065 2509 64.
2099 2455 2219 2509 Non
2251 2453 2525 2509 credimus
2555 2452 2785 2507 clericos
2803 2449 3044 2505 redditos
3066 2446 3236 2502 teneri
3265 2445 3335 2501 ad
3363 2443 3510 2516 psal-

1906 2544 2058 2599 teria.

1977 2634 2063 2686 65.
2097 2631 2364 2686 Sacerdos
2393 2629 2460 2684 ad
2491 2629 2681 2693 altare,
2703 2627 2922 2700 quando
2947 2641 3007 2681 se
3040 2623 3202 2680 vertit
3228 2621 3298 2678 ad
3327 2636 3507 2693 popu-

1907 2720 2036 2789 lum,
2062 2720 2258 2790 jungat
2314 2733 2528 2787 manus,
2578 2732 2682 2772 nec
2731 2721 3048 2786 retorqueat
3091 2711 3162 2768 ad
3204 2718 3396 2783 pectus
3442 2708 3511 2764 ad

1903 2810 2178 2864 Dominus
2215 2807 2512 2863 vobiscum.

1979 2899 2066 2952 66.
2098 2896 2298 2953 Novitii
2325 2894 2576 2952 conversi
2621 2901 2670 2949 et
2702 2891 2894 2948 redditi
2923 2895 3151 2962 possunt
3180 2886 3319 2943 mitti
3346 2893 3505 2942 extra

1907 2985 2167 3041 terminos
2223 3000 2322 3056 pro
2352 2983 2578 3038 utilitate
2617 2982 2813 3036 domus
2844 2995 2978 3034 sum.

1979 3076 2072 3129 67.
2125 3071 2390 3128 Conversi
2421 3088 2480 3126 se
2535 3077 2732 3126 vocent
2763 3069 2832 3123 ad
2861 3067 3095 3124 invicem
3151 3064 3381 3130 fratres;
3415 3061 3509 3134 qui

279 3163 369 3218 51.
402 3161 694 3216 Hortamur
716 3165 770 3214 et
807 3156 1058 3214 volumus
1114 3155 1260 3228 quod
1304 3153 1518 3226 priores
1575 3168 1806 3227 quorum
1831 3207 1874 3230 η
1907 3171 2098 3218 compa
2127 3161 2335 3228 fecer-ii,
2367 3159 2579 3216 veniam
2607 3157 2859 3230 accipiat,

206 3257 508 3307 conventus
536 3255 762 3320 propter
814 3251 1191 3318 paupertatem
1246 3243 1578 3309 dividuntur,
1626 3241 1808 3297 nullos

207 3338 445 3394 novitios
500 3336 716 3392 interim
774 3334 1038 3405 recipiant
1084 3333 1290 3404 absque
1350 3331 1566 3387 licentia
1613 3329 1809 3403 prioris

209 3425 512 3482 Carthusice
537 3425 625 3481 vel
661 3421 886 3495 capituli
914 3420 1210 3495 generalis.

286 3519 373 3573 52.
420 3512 643 3569 Monitio
689 3513 758 3568 sit
805 3509 1096 3567 effectuosa
1119 3517 1171 3565 et
1225 3507 1493 3574 districta,
1540 3515 1598 3562 ut
1631 3506 1810 3563 nullus

212 3604 363 3677 prior
389 3602 478 3658 vel
507 3602 611 3658 alia
641 3615 879 3673 persona
899 3599 1108 3655 ordinis
1137 3598 1308 3653 libros
1336 3595 1424 3653 vel
1472 3610 1810 3668 quaecunque

209 3694 320 3750 alia
341 3692 612 3748 obstinate
641 3690 744 3746 sibi
773 3687 1092 3762 appropriet
1136 3703 1236 3759 per
1266 3702 1425 3742 usum
1455 3683 1687 3742 fructum
1709 3683 1812 3738 sibi

213 3796 561 3840 concessum.

283 3874 373 3926 53.
441 3868 544 3939 Qui
599 3865 984 3923 reconciliatus
1056 3863 1218 3920 fuerit
1245 3863 1460 3929 ordini,
1521 3861 1648 3918 licet
1683 3859 1814 3916 alibi

210 3958 420 4024 obierit,
452 3965 507 4013 et
533 3955 775 4028 sepultus
805 3954 984 4020 fuerit,
1035 3967 1144 4009 non
1171 3959 1322 4009 caret
1375 3949 1639 4007 beneficio
1669 3949 1814 4004 ordi-

216 4047 324 4104 nis.

282 4135 372 4191 54.
405 4135 790 4189 Procuratores
819 4130 1028 4186 ordinis
1065 4129 1122 4184 in
1179 4129 1342 4186 domo
1399 4127 1668 4200 superiori
1699 4126 1816 4182 sine

209 4222 431 4281 licentia
451 4220 675 4293 speciali
705 4219 838 4274 nihil
876 4219 1078 4276 debent
1098 4219 1231 4274 dare
1287 4217 1374 4274 vel
1421 4223 1667 4288 possunt,
1712 4213 1817 4269 nisi

215 4309 501 4368 manifeste
522 4309 601 4364 eis
628 4308 945 4365 conceditur
973 4307 1029 4362 in
1086 4307 1316 4362 statutis.

291 4403 380 4456 55.
414 4398 498 4454 Illi
524 4398 615 4470 qui
644 4397 830 4453 volunt
859 4396 1053 4450 ostium
1089 4395 1237 4450 chori
1268 4393 1498 4466 aperire,
1543 4393 1596 4448 in
1630 4391 1817 4447 eleva-

216 4485 367 4540 tione
432 4482 670 4537 habeant
729 4479 1010 4536 fracticum
1077 4479 1294 4546 ostium,
1333 4479 1479 4552 quod
1544 4477 1819 4548 aperiatur

217 4580 428 4628 tantum
464 4570 520 4625 in
559 4569 859 4625 elevationc
880 4612 893 4640 ,
930 4576 984 4624 et
1011 4576 1202 4640 postea
1230 4567 1530 4623 claudatur.

292 4663 381 4716 56.
427 4659 559 4714 Cum
597 4657 959 4713 communitas
995 4655 1327 4727 przeferenda
1377 4655 1446 4709 sit
1483 4652 1817 4725 proprietati,

217 4763 384 4805 nemo
412 4747 481 4803 de
501 4753 698 4802 caetero
726 4745 974 4813 suadeat,
1009 4743 1256 4801 consulat
1285 4743 1369 4800 vel
1399 4749 1648 4814 procuret
1676 4741 1820 4797 elee-

217 4851 483 4908 mosynas
502 4833 772 4906 assignari
810 4834 879 4888 ad
899 4833 1218 4904 pittantiam,
1251 4830 1603 4886 infirmariam
1624 4829 1712 4886 vel
1741 4845 1823 4885 sa-

221 4924 468 4982 cristiam
497 4922 584 4980 vel
620 4921 825 4994 aliquid
862 4921 989 4977 tale.

296 5015 386 5070 57.
418 5013 700 5068 Monemus
729 5026 798 5065 ne
827 5017 1076 5081 portetur
1103 5016 1265 5080 potus
1293 5023 1323 5063 a
1350 5007 1634 5064 monachis
1663 5007 1819 5074 foris,

217 5117 325 5158 nec
345 5116 508 5172 super
533 5100 640 5155 hoc
669 5099 925 5154 credatur
957 5097 1227 5169 prioribus
1269 5097 1354 5152 vel
1383 5096 1687 5167 hospitibus
1720 5096 1821 5150 ad-

217 5188 478 5256 ventitiis,
515 5196 568 5244 et
596 5195 776 5260 patres
807 5187 1113 5254 domorum,
1145 5194 1404 5260 quantum
1424 5194 1670 5258 possunt,
1704 5186 1822 5241 dis-

220 5285 483 5336 suescant
495 5319 508 5331 .

294 5370 382 5422 58.
416 5364 746 5422 Ordinamus
767 5363 1014 5435 praecise,
1047 5371 1100 5420 et
1129 5363 1549 5420 irrevocabiliter
1576 5363 1824 5419 volumus

216 5453 524 5523 observari,
575 5453 722 5525 quod
760 5452 1015 5508 conversi
1045 5460 1098 5508 et
1127 5451 1345 5517 redditi,
1377 5452 1468 5524 qui
1525 5452 1593 5506 de
1625 5459 1824 5508 caetero

219 5543 292 5601 ad
319 5541 572 5599 dominos
602 5540 892 5597 saeculares
912 5547 1204 5606 recurrent,
1241 5540 1626 5611 conquerenda
1656 5547 1710 5594 et
1737 5539 1829 5594 de-

223 5631 531 5691 nuntiando
552 5645 653 5705 per
673 5645 733 5686 se
763 5629 849 5686 vel
874 5645 974 5702 per
992 5627 1156 5684 alium
1185 5628 1253 5684 de
1280 5627 1707 5684 ordinationibus
1730 5643 1827 5683 seu

1979 3254 2066 3306 68.
2097 3251 2214 3306 Nec
2241 3248 2510 3315 monachi,
2544 3262 2648 3302 nec
2677 3246 2932 3303 conversi
2951 3248 3282 3317 praesumant
3303 3240 3372 3296 de
3395 3254 3508 3296 cae-

1908 3348 2028 3396 tero
2049 3339 2230 3410 sigilla
2263 3353 2506 3402 servare,
2539 3336 2626 3391 vel
2683 3334 2970 3406 sculpere;
3006 3331 3105 3388 sed
3135 3330 3229 3404 qui
3283 3328 3506 3395 habent,

1909 3427 2088 3484 statim
2118 3427 2347 3482 reddere
2377 3431 2682 3481 teneantur.
3255 3441 3262 3444 ·

1981 3519 2069 3570 69.
2093 3514 2316 3585 Quoties
2336 3514 2532 3586 aliquis
2550 3510 2890 3568 constituitur
2906 3509 3161 3576 novitius,
3184 3505 3512 3565 novitiorum

1911 3612 2136 3676 propter
2166 3602 2505 3674 disciplinam
2536 3600 2758 3654 ultimus
2796 3597 3116 3671 intelligitur
3141 3610 3332 3653 eorum
3373 3607 3513 3666 quos

1912 3691 2201 3758 invenerit,
2233 3691 2338 3745 nisi
2364 3690 2512 3745 allud
2542 3689 2894 3761 exprimatur.

1983 3783 2072 3837 '70.
2097 3779 2325 3850 Quando
2355 3779 2412 3834 in
2440 3778 2579 3834 festo
2608 3777 2881 3834 Trinitatis
2936 3772 3514 3832 commemorationem

1912 3867 2032 3926 ﬁeri
2054 3869 2360 3942 contigerit,
2404 3867 2498 3922 ﬁat
2525 3867 2593 3922 de
2623 3866 2797 3923 officio
2825 3864 3090 3938 paschali.

1984 3961 2072 4014 71.
2123 3959 2386 4014 Volumus
2431 3964 2485 4012 et
2514 3971 2800 4011 monemus
2854 3962 2910 4010 ut
2949 3953 3256 4010 visitatores
3285 3948 3514 4023 vigilent

1911 4055 1964 4104 et
1993 4045 2294 4112 intendant,
2327 4059 2430 4101 nec
2459 4044 2676 4099 mittant
2703 4043 2966 4115 hospites,
3002 4042 3096 4098 ubi
3123 4040 3370 4115 hospites
3398 4046 3512 4094 tres

1915 4134 2175 4192 sciverint
2205 4149 2346 4188 esse.
2805 4112 2824 4115 ἠ
3337 4112 3344 4120 ’

1986 4225 2075 4279 72.
2110 4222 2256 4277 Stola
2287 4236 2396 4276 non
2437 4219 2762 4287 concellata,
2803 4219 2903 4275 sed
2932 4217 3276 4275 uniformiter
3305 4215 3514 4288 depor-

1917 4319 2074 4368 tetur.

1987 4403 2082 4454 73.
2149 4399 2380 4454 Caveant
2434 4396 2777 4463 visitatores,
2821 4402 3081 4467 quantum
3127 4399 3400 4464 poterunt,
3445 4405 3518 4448 ne

1917 4488 2169 4545 conversi
2199 4496 2252 4541 et
2281 4486 2581 4542 servientes
2612 4485 2694 4539 sui
2725 4485 2908 4554 culpas
2964 4491 3019 4539 et
3059 4481 3280 4536 modum
3322 4479 3516 4536 visita-

1837 4561 1889 4620 Β
1917 4578 2122 4634 tionum
2151 4577 2435 4632 domorum
2466 4590 2601 4646 quas
2629 4573 2940 4639 visitabunt,
2986 4570 3181 4636 sciant,
3205 4568 3293 4626 vel
3335 4566 3518 4640 inqui-

1919 4675 2038 4723 rant
2070 4674 2122 4721 et
2153 4665 2410 4722 revelent.

1989 4759 2076 4812 74.
2103 4754 2208 4823 Qui
2239 4752 2507 4809 voluerint
2539 4753 2608 4807 de
2642 4760 2841 4807 caztero
2863 4749 3041 4820 aliqua
3079 4761 3389 4820 proponere
3418 4759 3518 4801 ca-

1919 4844 2089 4915 pitulo
2117 4842 2380 4916 generali,
2430 4848 2734 4913 preponant
2761 4839 2815 4894 in
2861 4837 3078 4909 scriptis
3124 4835 3226 4891 sub
3258 4833 3516 4890 brevibus

1924 4933 2126 4999 verbis,
2160 4939 2213 4987 et
2236 4931 2450 4986 tradant
2489 4929 2698 4985 lectori.

1991 5023 2080 5076 '75.
2113 5019 2392 5091 Capellani
2425 5027 2479 5075 et
2505 5018 2691 5075 clerici
2719 5033 2845 5074 cum
2866 5013 3147 5071 monachis
3178 5020 3232 5069 et
3260 5009 3518 5067 moniali-

1921 5109 2026 5164 bus
2053 5117 2446 5164 conversantes
2483 5114 2701 5162 teneant
2727 5105 2976 5161 ordinem
3005 5103 3144 5158 sicut
3171 5098 3438 5157 moniales
3466 5105 3521 5154 et

1922 5198 2172 5253 monachi
2201 5197 2256 5251 in
2271 5196 2508 5266 jejuniis.
2542 5194 2812 5251 Beneficia
2842 5191 3165 5263 temporalia
3219 5188 3420 5245 habent
3439 5187 3520 5242 si-

1924 5291 2021 5344 cut‘
2042 5285 2313 5351 conversi,
2338 5293 2389 5340 et
2415 5283 2715 5355 spiritualia
2744 5282 2882 5338 sicut
2912 5280 3183 5348 monachi,
3217 5286 3272 5334 et
3293 5277 3364 5332 ad
3393 5275 3520 5332 red-

1925 5375 2102 5431 denda
2125 5391 2189 5430 ea
2215 5389 2313 5445 pro
2341 5373 2462 5428 aliis
2491 5373 2632 5427 sicut
2659 5379 2713 5426 et
2742 5370 2844 5442 ipsi
2876 5377 3176 5424 teneantur.

1996 5465 2087 5518 76.
2117 5464 2242 5519 Non
2284 5462 2441 5516 detur
2500 5460 2748 5530 pittantia
2791 5457 3070 5513 monachis
3100 5457 3156 5511 in
3192 5471 3351 5511 caena
3393 5469 3524 5510 car-

1927 5552 2013 5607 nis
2042 5551 2202 5621 privii
2249 5550 2302 5604 in
2362 5547 2672 5612 refectorio,
2715 5562 2816 5602 nec
2845 5544 3126 5601 conversis
3153 5544 3210 5598 in
3239 5543 3415 5599 cellis.

2001 5641 2090 5695 77.
2125 5639 2240 5695 Fiat
2271 5635 2720 5695 commemoratio
2749 5635 2804 5690 in
2836 5633 2973 5690 festo
3003 5641 3206 5689 sanctae
3237 5631 3444 5699 Crucis,
3479 5630 3526 5686 si
