3938 6412
456 377 596 431 1139

1690 333 1984 433 οιωιΝιέ
2017 367 2513 431 CARTHUSIANI.

3620 374 3766 429 1140

456 497 526 553 sit
555 513 615 553 in
644 499 946 565 Dominica,
978 500 1156 572 primo
1185 500 1254 556 de
1281 499 1587 566 Dominica,
1617 505 1741 571 post
1771 500 1840 554 de
1867 479 2127 552 octava'A
2229 499 2317 550 98.
2353 497 2664 553 Inhibemus
2693 515 2762 554 ne
2815 500 2883 554 de
2935 506 3133 555 catero
3162 514 3409 555 conversr
3439 497 3527 554 vel
3561 494 3764 552 redditi

456 585 662 655 Mariae,
698 595 753 644 et
779 596 903 658 post
931 589 1378 660 de'martyribus.

527 676 617 728 '78.
654 673 759 744 Qui
790 675 1187 747 professionem
1209 676 1397 732 fecerit
1443 675 1499 731 in
1527 677 1719 732 ordine
1760 681 1970 739 nostro,
2004 680 2058 728 et

457 760 668 828 exierit,
697 770 747 818 et
768 771 962 834 postea
990 765 1227 831 redierit,
1262 780 1371 819 non
1423 764 1578 820 faciat
1610 765 1808 819 iterum
1836 761 2055 833 profes-

459 847 697 916 sionem,
731 851 830 906 sed
853 853 1031 906 statim
1061 854 1337 924 promittat
1365 852 1750 909 obedientiam.

523 938 614 992 '79.
647 939 895 996 Monachi
927 941 1019 1012 qui
1048 957 1160 996 non
1189 950 1310 996 sunt
1331 942 1665 1007 sacerdotes,
1691 940 1873 995 dicant
1891 953 2054 993 unum

454 1024 773 1094 psalterium
803 1043 906 1099 pro
937 1029 1230 1085 tricenario
1260 1045 1524 1087 concesso
1552 1029 1659 1084 illis
1688 1027 1781 1100 qui
1802 1042 1909 1082 non
1932 1033 2058 1080 sunt

451 1111 522 1168 de
549 1111 735 1176 domo.

534 1205 622 1258 80.
656 1202 894 1260 Sabbato
918 1205 1268 1275 jejuniorum,
1301 1206 1450 1279 legat
1477 1207 1628 1278 prior
1655 1205 1894 1276 quintam
1937 1203 2055 1260 lec-

453 1296 680 1362 tionem,
713 1294 840 1350 licet
875 1293 933 1347 in
976 1310 1137 1349 mane
1178 1294 1556 1350 celebraverit.

527 1389 615 1440 81.
647 1383 732 1438 Ad
759 1397 956 1454 preces
986 1381 1224 1452 priorum
1248 1381 1768 1452 supervenientium,
1799 1379 1902 1434 nisi
1922 1379 2056 1451 ipsis

455 1471 836 1546 prmsentibus,
864 1486 973 1526 non
1001 1470 1160 1525 detur
1191 1471 1472 1525 monachis
1501 1469 1748 1540 pittantia
1768 1468 1959 1523 diebus
1988 1469 2055 1522 ab

454 1561 645 1617 ordine
701 1559 1000 1628 concessis,
1059 1574 1162 1615 nec
1218 1567 1409 1614 exeant
1463 1559 1704 1624 domum,
1738 1573 1900 1613 causa
1926 1572 2056 1628 spa-

452 1649 643 1704 tiandi.

525 1741 611 1793 8'2.
650 1735 974 1791 Ordinatum
1007 1741 1090 1790 est
1119 1742 1176 1789 nt
1203 1734 1424 1800 novitii,
1457 1734 1679 1789 recitata
1725 1732 1957 1788 lectione
2003 1732 2058 1786 in

2157 583 2398 654 equitent
2427 587 2484 640 in
2512 588 2718 658 campis
2750 587 2814 660 [Γ.
2850 588 2906 644 in
2948 588 3156 661 cappis]
3187 589 3377 661 nigris.

2227 673 2648 746 99.1njungitur
2677 676 2950 748 prioribus
3007 678 3062 732 in
3117 676 3317 733 virtute
3373 682 3571 731 sancta:
3617 674 3762 729 obe-

2154 760 2372 816 dientiaa
2399 770 2451 817 et
2485 764 2794 834 praecipitur
2812 781 2880 820 ne
2909 773 3242 836 praesumant
3269 765 3400 820 dare
3433 763 3759 836 parentibus

2155 851 2241 905 vel
2291 853 2540 922 cognatis
2578 851 2696 909 sine
2753 869 3023 908 consensu
3062 853 3266 926 aliquid
3321 853 3412 909 vel
3450 852 3633 925 aliqua
3693 850 3767 909 de

2156 941 2312 996 bonis
2343 942 2558 1010 domus,
2591 942 2737 998 unde
2767 941 2961 998 domus
2982 950 3258 1015 gravetur.

2227 1034 2347 1084 100.
2383 1029 2737 1086 Declaramus
2768 1039 2819 1086 et
2838 1031 3107 1098 volumus,
3134 1031 3277 1103 quod
3306 1032 3374 1087 de
3403 1039 3598 1087 caetero
3625 1028 3758 1086 nul-

2154 1117 2240 1171 lus
2269 1117 2418 1189 prior
2449 1119 2671 1188 recipiat
2695 1118 2933 1189 aliquam
2959 1135 3245 1190 personam
3266 1119 3334 1175 ad
3363 1119 3607 1175 ordinem
3631 1119 3754 1175 sine

2155 1220 2425 1261 consensu
2447 1215 2499 1262 et
2519 1207 2791 1262 voluntate
2811 1216 3112 1264 conventus
3145 1208 3227 1264 sui
3257 1208 3344 1264 vel
3374 1208 3591 1278 majoris
3615 1221 3754 1280 par-

2155 1301 2242 1356 tis.

2229 1393 2350 1445 101.
2387 1390 2737 1460 Ordinamus,
2780 1391 2924 1464 quod
2954 1391 3172 1462 redditi,
3210 1399 3319 1448 tam
3347 1390 3550 1458 clerici,
3583 1407 3754 1463 quam

2156 1478 2280 1534 laici
2298 1486 2579 1534 teneantur
2605 1479 2673 1534 ad
2704 1480 2978 1535 silentium
3011 1495 3023 1535 :
3056 1480 3347 1552 aliquando
3403 1479 3610 1534 ratione
3639 1479 3754 1534 loci

2157 1567 2296 1622 sicut
2323 1568 2376 1621 in
2416 1568 2652 1622 ecclesia
2680 1576 2733 1622 et
2770 1569 2824 1622 in
2852 1568 3162 1634 refectorio,
3201 1568 3287 1624 vel
3339 1569 3392 1622 in
3421 1583 3628 1634 mensa,
3662 1568 3752 1623 vel

2155 1654 2210 1709 in
2257 1655 2533 1723 claustro;
2568 1656 2858 1728 aliquando
2885 1657 3096 1712 ratione
3143 1672 3413 1728 personae,
3445 1657 3584 1712 sicut
3620 1670 3746 1712 cum

2157 1744 2407 1814 personis
2445 1761 2564 1815 quae
2594 1753 2847 1800 tenentur
2873 1745 2942 1800 ad
2987 1745 3280 1801 silentium.

456 1823 737 1895 capitulo,
800 1830 851 1877 el
915 1823 1210 1894 propositis
1257 1839 1378 1893 quae
1434 1821 1789 1893 proponenda
1844 1827 1967 1875 ειιῐιι
2023 1836 2126 1898 aB
2229 1835 2348 1888 102.
2382 1833 2461 1886 De
2491 1831 2642 1887 festis
2666 1833 2764 1888 SS.
2809 1833 3101 1896 Benedicti,
3151 1833 3418 1906 Hugonis,
3450 1833 3744 1898 Ambrosii,

454 1913 657 1985 priore,
691 1910 974 1966 confestim
1005 1926 1037 1964 a
1057 1910 1311 1982 capitulo,
1345 1917 1398 1966 et
1422 1911 1645 1965 omnino
1694 1911 1762 1965 de
1815 1909 2050 1980 capitulo

456 1999 706 2075 generali
735 1999 1108 2055 excludantur.

527 2091 614 2143 83.
639 2087 826 2143 Oratio
853 2087 921 2142 de
949 2087 1132 2158 vigilia
1162 2087 1218 2142 S.
1251 2087 1482 2142 Andreae
1528 2094 1582 2142 et
1607 2085 1732 2142 festi
1769 2086 1824 2142 S.
1877 2085 2052 2157 Syleae

454 2177 540 2233 bis
559 2175 913 2233 continuatim
942 2175 1205 2231 dicantur.

526 2267 614 2321 84.
674 2264 1059 2320 Inobedientes
1144 2263 1380 2320 scienter
1437 2263 1823 2328 visitatoribus,
1852 2278 1885 2318 a
1939 2263 2050 2317 suis

452 2353 728 2426 prioribus
765 2352 973 2408 absolvi
1001 2368 1110 2408 non
1131 2360 1378 2423 possunt.

528 2445 616 2498 85.
649 2441 990 2508 Visitatores,
1024 2441 1116 2496 ubi
1136 2441 1436 2497 invenerint
1467 2441 1610 2512 quod
1667 2441 1918 2496 monachi
1949 2457 2049 2495 ex-

454 2537 542 2586 tra
597 2529 880 2587 clausuras
933 2530 1220 2585 domorum
1283 2529 1573 2584 comedere
1628 2535 2046 2595 consueverunt,

454 2618 906 2676 consuetudinem
936 2618 1338 2689 reprehendant
1367 2625 1421 2674 et
1447 2617 1737 2689 castigent.

524 2710 612 2764 86.
643 2707 766 2762 Non
809 2706 1122 2764 revelentur
1155 2714 1367 2763 secreta
1394 2707 1616 2762 ordinis.

523 2797 613 2851 87.
645 2794 827 2852 Credit
853 2795 1010 2865 ordo,
1044 2795 1190 2868 quod
1221 2803 1473 2852 statutum
1503 2794 1884 2867 Lugdunensis
1911 2809 2048 2851 con-

451 2884 561 2942 cilii
589 2899 701 2941 non
727 2891 904 2941 arceat
931 2899 1034 2941 nos
1063 2885 1132 2940 ad
1163 2884 1548 2950 inclinandum,
1579 2884 1792 2957 quoties
1820 2883 1924 2940 hoc
1945 2899 2049 2940 no-

451 2988 580 3030 men
606 2975 737 3031 Jesu
763 2973 1007 3040 auditur;
1038 2973 1136 3028 sed
1167 2971 1257 3028 fiat
1295 2974 1432 3028 sicut
1475 2980 1621 3030 ante.

521 3066 614 3118 88.
645 3061 837 3134 Aliqua
866 3061 1119 3117 monialis
1147 3076 1254 3118 non
1283 3061 1524 3118 mittatur
1553 3061 1622 3117 de
1652 3061 1816 3116 domo
1845 3077 2051 3132 suaper

2152 1920 2367 1991 quando
2388 1921 2629 1991 paschali
2657 1929 2902 1992 tempore
2923 1921 3223 1986 evenerint,
3247 1921 3380 1976 nihil
3409 1922 3746 1987 immutatur,

2153 2008 2281 2079 quin
2314 2007 2406 2063 fiat
2455 2009 2593 2064 sicut
2647 2018 2773 2065 ante
2801 2011 3034 2077 Pascha,
3071 2018 3329 2081 quantum
3360 2009 3429 2066 ad
3484 2009 3752 2066 homelias

2152 2103 2204 2151 et
2233 2096 2518 2168 evangelia
2557 2105 2610 2153 et
2640 2099 2918 2169 epistolas,
2953 2107 3060 2154 tam
3091 2099 3146 2153 in
3173 2099 3340 2153 missa
3369 2114 3526 2171 quam
3548 2099 3603 2153 in
3629 2113 3745 2153 ma-

2152 2185 2357 2240 tutinis.

2225 2276 2346 2328 103.
2380 2273 2698 2330 Visitatores
2727 2291 2836 2332 non
2863 2276 3074 2347 possint
3105 2275 3352 2333 emittere
3381 2274 3619 2345 hospites
3649 2291 3750 2330 ex-

2151 2368 2232 2416 tra
2261 2362 2596 2432 provinciam
2625 2379 2787 2435 quam
2811 2364 3049 2430 visitant,
3083 2365 3187 2419 nisi
3232 2365 3510 2420 mitterent
3550 2363 3606 2418 in
3643 2363 3750 2418 do-

2148 2465 2297 2504 mum
2340 2450 2484 2506 unde
2531 2451 2718 2508 ultimo
2745 2452 2942 2507 fuerint
2969 2452 3223 2524 professi.

2227 2539 2346 2594 104.
2381 2540 2644 2595 Statutum
2663 2540 2730 2596 de
2749 2541 3016 2597 relatione
3058 2541 3394 2608 monialium,
3427 2557 3548 2612 quae
3578 2539 3753 2596 ofﬁcia

2149 2628 2439 2684 habuerint
2468 2635 2521 2682 et
2548 2628 2868 2694 dimiserint,
2904 2630 3236 2700 approbatur
3263 2637 3317 2685 et
3346 2628 3712 2686 conﬁrmatur.

2223 2719 2344 2772 105.
2404 2717 2738 2788 lnjungimus
2776 2717 3146 2772 visitatoribus
3184 2718 3412 2785 ordinis,
3447 2718 3592 2789 quod
3639 2733 3751 2772 non

2149 2813 2440 2862 vereantur
2485 2806 2767 2879 injungere
2811 2807 3085 2878 prioribus
3117 2807 3260 2879 quod
3317 2815 3498 2879 petant
3528 2805 3748 2860 miseri-

2151 2894 2413 2964 cordiam,
2451 2894 2876 2966 quotiescunque
2919 2895 3295 2951 rationabilem
3349 2911 3567 2951 causam
3597 2894 3751 2950 vide-

2149 2983 2252 3038 rint
2281 2997 2575 3054 apparere,
2608 2991 2660 3038 et
2697 2983 2929 3040 maxime
2959 2983 3064 3039 illis
3113 3000 3250 3056 quos
3297 2983 3353 3040 in
3381 2984 3486 3040 hoc
3514 2982 3746 3040 viderint

2151 3071 2476 3127 obstinatos.

449 3149 777 3251 visitat‘orcs,
809 3149 914 3249 nisi
944 3166 1046 3249 pro
1082 3165 1232 3251 nnvg
1269 3151 1514 3251 pianttlla
1566 3150 1949 3251 (ξοηδῐξιιεξξὶάθ,
1997 3158 2050 3204 el
2077 3190 2124 3251 Ο
2225 3163 2346 3215 106.
2371 3159 2771 3216 Deliberatione
2801 3161 3032 3232 provida
3061 3161 3426 3229 statuendum,
3459 3162 3602 3234 quod
3634 3161 3745 3234 qui-

451 3246 583 3296 tunc
611 3236 680 3294 de
709 3237 936 3295 licencia
965 3238 1165 3310 prioris
1193 3239 1487 3296 Carthusiae
1516 3238 1604 3295 vel
1631 3238 1850 3309 capituli
1877 3254 2054 3311 gene-
2081 3236 2121 3251 ν
2155 3264 2370 3321 cunque
2401 3248 2650 3304 subditus
2695 3250 2994 3305 monachus
3024 3250 3112 3306 vel
3133 3265 3432 3306 conversus
3453 3268 3548 3308 seu
3567 3254 3748 3312 reddi-

452 3327 586 3384 ralis
598 3369 612 3382 .

523 3420 613 3473 89.
674 3412 924 3473 Monachi
953 3416 1044 3489 qui
1095 3417 1248 3471 missi
1277 3423 1419 3482 sunt,
1452 3424 1504 3472 et
1532 3415 1626 3489 qui
1679 3414 1958 3471 mittentur
1983 3415 2051 3471 de

453 3513 654 3563 cetero
684 3505 753 3561 ad
778 3506 971 3562 domos
993 3505 1201 3562 ordinis
1218 3506 1286 3560 ad
1303 3505 1700 3576 professionem
1719 3502 2048 3572 faciendam,

451 3594 603 3652 illam
628 3594 832 3652 faciant
867 3595 1010 3650 infra
1037 3610 1303 3650 mensem.

523 3688 613 3741 90.
660 3684 876 3739 Priores
925 3685 1018 3755 qui
1065 3690 1431 3738 exonerantur
1467 3681 1536 3738 de
1591 3681 1912 3752 hespitibus,
1943 3680 2051 3735 illis

453 3779 705 3828 tenentur
743 3787 1014 3844 expensas
1053 3771 1399 3826 necessarias
1426 3770 1757 3827 ministrare.

525 3864 614 3915 91.
666 3860 832 3915 Missa
878 3858 1273 3916 beneﬁciorum
1318 3859 1482 3914 debet
1519 3859 1676 3915 reddi
1705 3860 1761 3914 in
1790 3859 1927 3916 festo
1967 3874 2049 3915 xu

455 3949 771 4015 lectionum,
815 3948 976 4005 etiam
1007 3949 1302 4005 tricenario
1339 3949 1586 4004 durante.

527 4041 622 4096 92.
663 4036 994 4110 Quacunque
1023 4037 1112 4093 die
1138 4037 1402 4110 contingit
1431 4045 1629 4093 octava
1657 4037 2043 4108 Apparitionis,

452 4125 501 4183 si
528 4125 690 4182 aliter
721 4125 829 4182 dici
871 4141 979 4181 non
1008 4126 1182 4197 possit
1227 4127 1635 4197 responsorium
1681 4129 1942 4192 Domine,
1977 4144 2049 4184 ne

449 4215 515 4272 in
541 4215 652 4282 ira,
685 4222 824 4283 etc.,
857 4215 991 4286 ipsae
1019 4223 1220 4271 octavze
1249 4213 1376 4270 ﬁant
1405 4215 1646 4270 Sabbato
1661 4215 2008 4286 praecedenti.

520 4325 610 4377 93.
643 4320 974 4379 Ordinamus
994 4329 1044 4378 et
1066 4321 1336 4390 volumus,
1373 4329 1431 4376 ut
1458 4321 1824 4393 praebendarii
1871 4338 2045 4378 saecu-

446 4409 595 4467 lares
626 4411 696 4467 de
738 4419 932 4468 cetero
960 4427 1069 4466 non
1124 4410 1458 4482 recipiantur
1486 4410 1542 4464 in
1573 4409 1761 4465 ordine
1800 4411 1917 4466 sine
1975 4411 2045 4465 li-

448 4499 630 4557 centia
658 4499 878 4572 capituli
906 4499 1180 4574 generalis
1209 4499 1295 4556 vel
1325 4498 1523 4571 prioris
1552 4498 1849 4555 Carthusire
1879 4515 2045 4571 super
2064 4542 2116 4600 D

447 4603 647 4646 annum
655 4629 671 4644 .

514 4695 604 4751 9L.
671 4694 875 4753 Omnes
948 4694 1064 4750 ludi
1117 4693 1394 4750 manuales
1450 4709 1484 4750 a
1530 4694 1778 4764 personis
1836 4695 2044 4751 ordinis

445 4784 736 4842 evitentur.

513 4893 603 4946 95.
637 4889 935 4946 Garciones
965 4904 1075 4944 non
1113 4889 1494 4960 permittantur
1537 4889 1686 4945 exire
1717 4896 2042 4961 potestatem

440 4978 761 5046 Carthusiae,
803 4977 1029 5033 sedente
1090 4977 1326 5048 capitulo
1387 4978 1650 5050 generali,
1681 4995 1782 5034 nec
1829 4978 2042 5050 priores

440 5082 630 5124 eorum
659 5067 789 5122 dent
822 5065 902 5121 eis
924 5065 1213 5136 pecuniam
1254 5066 1322 5120 ad
1370 5066 1684 5121 bibendum.

510 5175 599 5227 96.
645 5171 978 5226 Ordinamus
1003 5179 1058 5226 et
1085 5172 1356 5238 volumus,
1391 5172 1535 5243 quod
1567 5172 1611 5226 si
1643 5172 1837 5243 aliqua:
1859 5189 2044 5242 perso.

436 5274 524 5316 nae
555 5259 624 5315 de
651 5259 842 5316 ordine
876 5260 1296 5316 Mendicantium
1324 5268 1557 5331 receptae
1588 5268 1730 5326 sunt,
1763 5261 1848 5316 vel
1895 5261 2040 5316 reci-

435 5348 653 5418 piantur
675 5347 845 5419 (quod
875 5349 962 5405 vix
991 5347 1104 5419 fiat)
1135 5365 1245 5404 non
1302 5349 1512 5420 possint
1539 5349 1744 5404 habere
1773 5349 2038 5405 obedien-

433 5435 565 5490 tiam
594 5435 712 5491 sine
741 5436 954 5492 licentia
985 5438 1205 5508 capituli
1239 5437 1533 5510 generalis.

504 5543 591 5598 9'1.
627 5543 800 5600 Priori
833 5542 1000 5600 Vallis
1053 5544 1253 5600 Viridis
1307 5545 1620 5601 conceditur
1664 5546 1851 5603 tertius
1882 5544 2038 5601 cleri-

433 5644 550 5687 cus.

2152 3347 2259 3404 tus,
2311 3337 2639 3393 commiserit
2694 3338 2902 3393 crimen
2948 3338 3092 3408 furti,
3127 3355 3224 3394 seu
3271 3339 3628 3410 alienationis,
3657 3345 3746 3400 vel

2151 3427 2502 3498 preprietatis
2548 3427 2686 3481 ultra
2763 3427 3005 3482 valorem
3051 3428 3212 3483 trium
3271 3428 3584 3496 solidorum,
3642 3447 3746 3489 nec

2150 3515 2268 3586 ipse
2296 3515 2465 3587 priori
2497 3531 2595 3570 suo
2626 3515 2815 3570 saltem
2851 3516 3154 3570 constitutis
3183 3516 3518 3589 temporibus
3547 3519 3601 3574 in
3632 3528 3745 3576 sta-

2149 3605 2278 3659 tutis
2309 3604 2593 3660 confessus
2615 3604 2791 3670 fuerit,
2823 3605 2942 3675 ipso
2973 3604 3112 3660 facto
3169 3606 3490 3662 sententiam
3520 3624 3742 3664 excom-

2149 3692 2531 3748 municationis
2577 3693 2835 3760 incurrat,
2871 3701 2920 3749 et
2967 3695 3109 3750 hanc
3163 3695 3484 3750 sententiam
3539 3697 3746 3752 denun-

2149 3783 2284 3837 tient
2329 3782 2487 3836 annis
2537 3781 2766 3853 singulis
2822 3783 3056 3853 priores,
3103 3781 3189 3839 vel
3237 3783 3371 3855 ipsis
3428 3783 3743 3841 absentibus

2147 3869 2340 3926 vicarii
2370 3871 2424 3924 in
2445 3870 2697 3924 domibus
2719 3870 2830 3925 suis
2852 3870 2905 3924 in
2929 3871 3210 3928 Dominica
3230 3872 3414 3928 Ramis
3445 3873 3742 3944 palmarum

2149 3959 2311 4013 latam
2375 3975 2472 4029 per
2526 3958 2815 4029 capitulum
2891 3959 3182 4031 generale;
3231 3961 3336 4016 hoc
3375 3961 3560 4017 addito
3598 3962 3743 4034 quod

2149 4047 2363 4118 priores
2379 4047 2589 4118 possint
2611 4047 2898 4104 absolvere
2925 4047 3066 4104 sicut
3083 4049 3253 4120 prius,
3277 4056 3332 4104 et
3359 4049 3547 4106 vicarii
3568 4065 3739 4123 usque

2149 4134 2218 4190 ad
2238 4135 2529 4190 adventum
2561 4134 2782 4206 prioris.

2221 4225 2341 4277 107.
2377 4224 2644 4279 Statutum
2675 4232 2757 4279 est
2787 4232 2842 4278 ut
2875 4224 3182 4297 quicunque
3214 4240 3514 4282 conversus
3545 4226 3612 4282 de
3640 4241 3740 4283 cae-

2149 4318 2262 4367 tero
2300 4319 2583 4382 peccatum
2661 4312 3062 4368 incontinentiae
3110 4313 3462 4384 commiserit,
3519 4315 3737 4371 domum

2148 4415 2301 4454 suam
2338 4408 2600 4472 perpetuo
2632 4400 2856 4465 amittat,
2890 4409 2943 4456 et
2989 4401 3060 4455 ad
3083 4409 3282 4456 statum
3312 4402 3528 4468 redditi,
3563 4404 3736 4474 quoad

2147 4488 2342 4545 victum
2401 4498 2453 4544 et
2507 4490 2726 4544 barbam
2776 4490 3118 4556 reducantur,
3154 4499 3206 4545 et
3260 4490 3456 4548 cellam
3495 4492 3739 4548 amittant

2146 4577 2263 4634 sine
2303 4594 2399 4650 spe
2445 4578 2887 4650 dispensationis.

2217 4670 2339 4722 108.
2375 4666 2637 4723 Similiter
2693 4667 2887 4723 cellam
2917 4667 3111 4722 amittit
3149 4669 3458 4741 quicunque
3504 4668 3735 4740 priorem

2145 4771 2300 4809 suum
2341 4754 2720 4821 diffamaverit,
2754 4765 2847 4810 aut
2886 4756 3142 4810 damnum
3192 4757 3385 4812 domus
3413 4773 3738 4828 procurave-

2145 4843 2230 4909 rit,
2264 4843 2609 4899 sollicitando
2668 4844 2967 4900 creditores
2997 4845 3068 4899 ad
3117 4845 3487 4916 recuperanda
3533 4845 3732 4912 debita,

2144 4930 2230 4986 vel
2275 4932 2610 4987 exhortando
2665 4932 2877 5004 aliquos
2915 4932 2982 4987 ad
3029 4933 3294 5004 capienda
3351 4933 3493 4990 bona
3521 4934 3730 4999 domus,

2143 5019 2229 5075 vel
2259 5019 2362 5074 alia
2385 5020 2582 5075 damna
2612 5021 2912 5077 inferendo.

2216 5111 2337 5164 109.
2372 5108 2507 5163 Illud
2538 5109 2681 5165 idem
2703 5111 3024 5166 observetur
3052 5110 3105 5166 in
3135 5109 3203 5166 de
3234 5110 3372 5166 furto
3399 5118 3450 5166 et
3494 5109 3735 5182 proprie-

2143 5202 2248 5251 tate
2281 5197 2564 5253 convictis.

2215 5289 2334 5340 110.
2370 5286 2636 5341 Statutum
2667 5287 2863 5342 factum
2895 5287 3044 5344 circa
3063 5287 3317 5344 victualia
3346 5303 3731 5343 conversorum

2141 5379 2263 5438 stet,
2295 5373 2365 5429 de
2394 5374 2673 5429 duobus...
2719 5391 2921 5445 panum
2971 5384 3024 5432 et
3040 5392 3180 5446 pane
3237 5390 3532 5441 avenaceo,
3566 5383 3619 5431 et
3666 5375 3732 5430 de

2138 5461 2262 5518 vino
2312 5462 2494 5517 dando
2570 5461 2910 5519 solummodo
2959 5464 3298 5536 temporibus
3349 5463 3582 5531 statutis,
3640 5479 3730 5519 se-

2134 5549 2370 5606 cundum
2435 5549 2665 5605 formam
2714 5551 2767 5605 in
2852 5553 3086 5620 statutis,
3137 5559 3443 5608 contentam
3508 5549 3732 5607 ﬁrmiter

2133 5639 2488 5702 observetur;
2519 5640 2589 5694 ita
2611 5640 2774 5711 quod,
2809 5657 2918 5697 non
2957 5639 3292 5697 obstantibus
3323 5639 3594 5712 aliquibus
3615 5655 3736 5698 con-
