3938 6408
261 383 392 437 1141

1566 380 1879 437 STATUTA
1918 381 2247 452 ANTIQUA.

3429 385 3567 440 1142

266 504 644 561 suetudinibus
672 502 963 560 contrariis
992 503 1294 578 aliquarum
1324 503 1630 567 domorum,
1665 503 1862 574 praedi-
1891 505 1945 563 A
2041 509 2161 560 115.
2196 507 2278 561 Ad
2307 515 2560 562 statutum
2592 509 2736 581 quod
2765 509 3017 564 conversi
3048 527 3106 564 se
3137 517 3329 566 vocent
3359 510 3430 566 ad
3473 508 3560 564 in-

269 601 416 650 ctum
448 600 701 647 statutum
733 607 765 646 a
795 592 957 647 modo
986 599 1268 658 teneatur;
1302 591 1405 645 nisi
1436 591 1670 662 priores,
1696 591 1869 662 quali-

267 689 377 737 tate
395 681 633 752 regionis
654 688 706 736 et
726 695 1086 752 personarum
1116 690 1167 735 et
1188 681 1471 735 domorum
1493 679 1862 744 considerata,

267 769 522 825 duxerint
569 785 693 826 cum
741 770 820 824 eis
849 768 1278 824 misericorditer
1323 767 1774 838 dispensandum.
1810 767 1866 822 Si

268 873 401 914 vero
439 865 661 929 propter
696 857 800 912 hoc
830 856 917 912 vel
950 857 1094 911 aliud
1117 872 1148 911 a
1179 857 1457 910 laboribus
1489 872 1547 910 se
1580 855 1866 909 subtraxe-

269 947 398 1015 rint,
432 953 525 1001 aut
551 947 731 1000 minus
760 944 994 1000 ﬁdeliter
1021 945 1411 1011 laboraverint,
1445 951 1600 998 aut...
1624 943 1866 998 laborem

271 1033 516 1100 fecerint,
549 1042 602 1090 et
628 1035 733 1089 hoc
762 1033 1062 1089 constiterit
1089 1033 1260 1104 priori
1290 1031 1374 1088 vel
1405 1031 1744 1102 procuratori
1769 1074 1782 1091 .
1816 1040 1869 1086 et

271 1122 462 1178 moniti
490 1138 548 1178 se
574 1138 684 1177 non
715 1121 1084 1185 correxerint,
1131 1121 1282 1192 prior
1327 1121 1396 1174 de
1453 1127 1752 1175 conventus
1784 1118 1868 1173 sui

271 1211 359 1266 vel
406 1210 630 1279 majoris
679 1211 845 1280 partis
891 1209 1118 1265 consilio
1166 1209 1339 1263 mittat
1369 1223 1465 1263 eos
1513 1207 1581 1261 ad
1629 1207 1866 1278 priorem

274 1298 572 1355 Carthusite
600 1297 730 1354 alibi
761 1298 1166 1352 sustentandos.

346 1390 468 1442 111.
501 1387 636 1442 Cum
661 1386 915 1443 conversi
946 1394 998 1442 et
1028 1385 1222 1441 redditi
1251 1384 1580 1455 recipiantur
1608 1392 1732 1454 post
1775 1400 1867 1438 sa-

272 1475 440 1531 lutem
488 1475 792 1530 animarum
821 1475 1092 1545 praecipue
1122 1489 1222 1545 pro
1252 1473 1440 1527 labore
1466 1515 1478 1537 ,
1529 1479 1580 1526 et
1625 1472 1868 1527 nonnulli

271 1564 495 1636 propria
521 1579 689 1618 manu
719 1563 970 1618 laborare
1002 1569 1273 1630 recusent,
1309 1560 1614 1626 statuimus,
1648 1568 1706 1614 ut
1750 1561 1870 1632 qui-

273 1668 487 1724 cunque
515 1668 680 1723 super
727 1652 832 1707 hoc
883 1666 915 1706 ο.
944 1651 1123 1722 priore
1170 1651 1256 1706 vel
1287 1656 1641 1720 procuratore
1672 1665 1868 1718 repre-

272 1740 430 1796 hensi
458 1739 690 1805 fuerint,
733 1747 786 1794 et
815 1739 1005 1794 moniti
1032 1755 1141 1794 non
1172 1754 1230 1792 se
1263 1737 1692 1802 emendaverint,
1743 1737 1868 1792 vino

1967 593 2139 649 vicem
2189 594 2415 661 fratres,
2474 598 2690 651 additur
2735 598 2881 668 quod
2929 598 3020 669 qui
3053 607 3240 653 contra
3269 599 3473 663 fecerit,
3508 598 3564 652 in

1967 685 2214 754 sequenti
2245 686 2478 754 capitulo
2509 686 2704 740 clamet
2734 687 2944 757 culpam
2978 703 3148 751 suam,
3173 696 3226 742 et
3259 687 3374 743 sine
3407 687 3567 742 mise-

1969 771 2197 826 ricordia
2229 773 2453 842 accipiat
2482 773 2848 843 disciplinam.

2043 864 2160 913 116.
2215 861 2423 914 Statuta
2472 861 2540 914 de
2587 878 2728 916 novo
2778 861 2914 917 facta
2949 865 3226 918 conversis
3256 862 3564 918 immediate

1967 956 2090 1017 post
2149 965 2459 1002 sermonem
2519 950 2776 1021 legantur
2805 951 2874 1003 ab
2905 950 2997 1005 illo
3029 951 3118 1006 cui
3165 951 3314 1022 prior
3353 951 3566 1006 duxerit

1968 1035 2360 1108 injungendum
2383 1079 2395 1102 ,
2448 1047 2636 1109 quater
2660 1037 2716 1092 in
2747 1053 2890 1093 anno
2920 1039 3006 1094 vel
3037 1039 3288 1110 amplius,
3323 1040 3367 1094 si
3397 1038 3563 1111 priori

1968 1123 2261 1179 videbitur.

2043 1233 2163 1284 117.
2198 1232 2375 1286 Terrae
2407 1231 2644 1296 inutiles,
2679 1241 2897 1287 remota
2930 1239 2983 1286 et
3015 1232 3227 1287 steriles
3257 1234 3324 1288 ad
3354 1242 3566 1304 tempus

1968 1318 2179 1388 possint
2205 1319 2324 1373 dari
2355 1320 2408 1372 in
2444 1320 2860 1390 empliitlieosim
2892 1320 2961 1374 de
3011 1334 3284 1376 consensu
3329 1336 3566 1376 conven-

1968 1414 2138 1472 tuum,
2174 1408 2470 1462 secundum
2517 1409 2662 1479 quod
2709 1408 2811 1462 sibi
2854 1408 3125 1462 videbitur
3152 1408 3481 1464 faciendum.
3511 1409 3568 1464 Si

1969 1510 2101 1549 vero
2132 1495 2299 1567 aliqui
2343 1496 2594 1550 conversi
2643 1496 2905 1566 praedicta
2947 1496 3212 1566 impedire
3256 1496 3438 1567 palam
3484 1497 3570 1552 vel

1969 1582 2552 1708 ogultettentaverint,
2591 1584 2664 1638 ita
2695 1585 2840 1655 quod
2872 1585 3043 1654 possit
3071 1585 3318 1655 probari,
3371 1584 3569 1642 redditi

1971 1669 1999 1706 e
2059 1669 2177 1708 cian
2205 1671 2284 1708 ur.

1971 1669 2284 1709 emotantur.

2044 1763 2170 1813 118.
2239 1759 2564 1815 Ordinamus
2621 1760 2784 1815 etiam
2851 1761 2997 1831 quod
3050 1761 3314 1833 praedicta
3368 1767 3569 1816 statuta

273 1837 327 1884 et
354 1829 602 1900 pittantia
631 1828 940 1899 priventur,
973 1826 1211 1898 quandiu
1243 1825 1410 1896 priori
1440 1825 1728 1892 videbitur,
1762 1824 1866 1878 nisi
1890 1868 1941 1926 B
1972 1849 2148 1902 suum
2179 1854 2476 1918 probentur
2504 1856 2556 1903 et
2589 1824 2998 1903 conﬁrmatur.

272 1931 368 1972 eos
396 1917 620 1972 evidens
649 1917 945 1972 necessitas
975 1923 1281 1971 excusaret.

345 2008 467 2061 112.
515 2004 780 2060 Conversi
822 2003 966 2058 infra
1012 2004 1271 2058 terminos
1320 2004 1602 2058 domorum
1648 2016 1867 2055 suarum

273 2108 382 2148 non
412 2093 673 2164 equitent,
705 2092 808 2146 nisi
839 2092 914 2146 ita
944 2101 1126 2148 essent
1148 2092 1356 2147 debiles
1385 2101 1438 2146 et
1469 2091 1687 2156 inﬁrmi,
1723 2090 1868 2161 quod

273 2181 445 2252 pedes
501 2180 582 2236 ire
635 2195 744 2236 non
773 2188 1014 2251 possent,
1049 2197 1150 2234 nec
1194 2188 1378 2245 extra,
1411 2179 1516 2234 nisi
1571 2178 1870 2234 secundum

274 2269 418 2340 quod
450 2268 711 2338 scriptum
743 2277 824 2323 est
844 2268 898 2321 in
927 2268 1158 2322 statutis.

347 2360 473 2412 113.
532 2357 688 2411 Prior
733 2365 786 2410 et
833 2364 1150 2427 procurator
1180 2355 1608 2426 quotiescunque
1638 2353 1718 2408 eis
1747 2353 1869 2423 pla-

276 2444 468 2511 cuerit,
502 2445 590 2500 vel
621 2444 814 2498 saltem
845 2445 1012 2498 semel
1046 2445 1099 2497 in
1130 2460 1316 2498 mense
1347 2444 1515 2499 cellas
1546 2451 1595 2497 et
1626 2441 1870 2497 ofﬁcinas

274 2548 655 2590 conversorum
685 2533 975 2603 diligenter
1005 2532 1246 2597 visitent,
1282 2540 1333 2587 et
1355 2532 1658 2603 inquirant,
1693 2537 1745 2585 et
1768 2529 1871 2600 ipsi

278 2621 526 2678 conversi
556 2621 636 2676 eis
666 2622 844 2676 omnia
875 2636 1149 2691 exponere
1175 2629 1476 2674 teneantur.
1502 2620 1570 2673 Et
1599 2619 1645 2673 si
1674 2618 1871 2688 aliquis

274 2709 482 2765 cibaria
511 2715 712 2780 prater
740 2709 888 2763 licita
918 2717 970 2762 et
1001 2709 1184 2762 debita
1213 2709 1269 2762 in
1298 2709 1434 2764 cella
1461 2714 1709 2762 assuetus
1755 2705 1870 2760 fue-

274 2797 342 2852 rit
361 2812 632 2868 reponere
663 2805 714 2852 et
733 2805 937 2863 tenere,
973 2805 1024 2852 et
1054 2797 1291 2851 monitus
1322 2812 1431 2851 non
1458 2812 1516 2850 se
1548 2794 1867 2861 correxerit,

270 2885 407 2943 cella
437 2892 702 2956 perpetuo
728 2885 984 2955 privetur.
1012 2886 1074 2937 Et
1105 2885 1302 2938 amodo
1324 2899 1479 2938 seras
1501 2881 1871 2938 clandestinas

275 2988 385 3029 non
412 2973 648 3029 habeant
680 2973 779 3027 sub
807 2987 970 3043 poena
998 2980 1254 3027 contenta
1284 2971 1340 3026 in
1369 2971 1578 3026 statutis
1602 2990 1615 3036 ;
1648 2970 1702 3024 in
1733 2969 1871 3024 ostio

275 3077 408 3118 vero
439 3060 694 3116 anteriori
726 3077 875 3116 seras
905 3060 1116 3132 possint
1139 3061 1362 3126 habere,
1387 3059 1432 3114 si
1465 3058 1636 3130 priori
1661 3057 1874 3113 videtur

277 3149 553 3220 expedire,
585 3150 741 3218 cujus
776 3149 987 3204 clavem
1010 3148 1439 3220 quotiescunque
1468 3155 1622 3203 extra
1650 3145 1873 3200 domum

2043 1957 2162 2007 119.
2198 1955 2277 2008 De
2308 1954 2478 2008 tribus
2511 1971 2643 2009 vero
2674 1955 2941 2025 personis,
2976 1955 3028 2008 in
3051 1955 3246 2026 quibus
3278 1955 3425 2024 prior
3442 1954 3574 2009 Car-

1971 2042 2162 2096 thusiae
2208 2051 2415 2112 poterat
2462 2043 2784 2112 dispensare
2831 2058 2998 2112 supra
3046 2059 3248 2096 annum
3285 2043 3428 2097 ultra
3463 2059 3569 2096 nu-

1970 2147 2181 2184 merum
2213 2131 2505 2185 tresdecim
2537 2146 2922 2185 conversorum
2941 2173 2953 2195 ,
2987 2131 3213 2185 ulterius
3241 2146 3363 2186 cum
3393 2131 3572 2185 domi-

1972 2218 2072 2272 bus
2102 2235 2221 2290 quze
2252 2219 2473 2272 multum
2506 2219 2853 2290 indigebant,
2905 2219 3220 2273 ordinamus
3260 2219 3404 2289 quod
3462 2218 3568 2273 illae

1971 2314 2079 2360 tres
2126 2322 2374 2376 personze
2421 2307 2474 2360 in
2531 2307 2760 2361 redditis
2808 2307 3171 2376 recipiantur,
3223 2307 3327 2361 hoc
3357 2307 3568 2375 adjecto

1971 2395 2118 2465 quod
2148 2395 2194 2447 si
2222 2394 2404 2465 aliqua
2440 2409 2678 2465 persona
2708 2395 2866 2449 valde
2896 2394 3147 2449 domibus
3179 2394 3484 2448 necessaria
3515 2402 3568 2448 et

1970 2482 2113 2536 utilis
2143 2491 2449 2552 appareret,
2475 2483 2619 2554 quod
2650 2483 2940 2552 prmdictus
2969 2483 3118 2552 prior
3147 2482 3395 2552 inspecta
3424 2497 3565 2552 qua-

1970 2571 2116 2626 litate
2166 2586 2416 2641 persona:
2445 2570 2616 2640 possit
2645 2571 2964 2639 dispensare
2993 2587 3114 2624 cum
3163 2585 3268 2624 uno
3315 2569 3398 2625 vel
3428 2570 3569 2624 duo-

1973 2659 2072 2713 bus
2101 2659 2169 2714 de
2200 2659 2305 2712 illis
2337 2659 2508 2712 tribus
2529 2701 2542 2724 ,
2592 2666 2648 2712 ut
2679 2658 2930 2713 conversi
2964 2657 3281 2713 efﬁciantur.

2047 2768 2170 2821 120.
2225 2764 2486 2819 Volumus
2533 2763 2846 2818 omnimodo
2893 2762 3040 2834 quod
3081 2762 3342 2834 praedicta
3371 2769 3573 2818 statuta

1973 2853 2335 2908 observentur
2363 2860 2416 2906 et
2445 2853 2499 2906 in
2530 2851 2777 2924 sequenti
2809 2850 3045 2922 capitulo
3086 2849 3494 2906 conﬁrmentur.

2046 2961 2167 3015 121.
2202 2957 2403 3026 Quater
2430 2957 2484 3011 in
2516 2972 2659 3013 anno
2687 2957 2937 3029 legantur
2965 2957 3081 3012 haec
3111 2963 3306 3011 statuta
3335 2971 3566 3011 conver-

1974 3047 2051 3100 sis
2082 3059 2135 3101 et
2158 3046 2385 3102 redditis
2411 3045 2662 3101 omnibus
2692 3045 3044 3117 congregatis
3074 3044 3127 3099 in
3157 3043 3390 3114 capitulo
3419 3043 3566 3115 ipso-

1974 3151 2114 3200 rum,
2147 3134 2398 3191 videlicet
2428 3134 2479 3187 iu
2509 3133 2647 3189 festo
2679 3132 3086 3200 Purificationis,
3120 3133 3176 3189 S.
3207 3129 3434 3188 .lo'annis
3453 3171 3470 3200 ,
3517 3139 3571 3187 et

275 3217 506 3293 exierint
537 3217 754 3291 tradant
784 3217 1102 3307 coquinario
1139 3251 1152 3290 :
1185 3238 1330 3307 quod
1351 3217 1454 3306 iqui
1483 3250 1592 3289 non
1625 3233 1869 3300 fecerint,

1991 3222 2369 3294 lssumptionis
2399 3224 2458 3278 B.
2501 3221 2706 3277 Mariae.

271 3325 524 3398 sequenti
550 3325 638 3380 die
669 3341 774 3397 quo
803 3324 1013 3379 dabitur
1037 3325 1222 3380 vinum
1253 3331 1305 3379 et
1333 3323 1575 3394 pittantia
1598 3365 1611 3390 ,
1644 3328 1872 3378 careant

271 3413 399 3486 ipsi.

343 3503 466 3558 114.
513 3501 872 3557 Exhortamur
917 3501 1153 3572 priores,
1187 3509 1244 3555 ut
1274 3500 1328 3554 in
1369 3498 1707 3556 correctione
1737 3512 1872 3553 con-

267 3605 554 3646 versorum
583 3590 691 3644 sint
720 3589 1014 3663 pervigiles
1045 3597 1097 3646 et
1125 3589 1346 3657 intenti,
1393 3596 1446 3643 et
1474 3588 1528 3643 in
1559 3585 1872 3657 receptione

268 3692 460 3734 eorum
508 3693 615 3735 non
676 3686 959 3734 teneantur
1016 3677 1172 3751 sequi
1228 3675 1519 3734 consilium
1575 3688 1873 3731 converso-

271 3781 393 3821 rum
409 3807 422 3821 .

2045 3402 2224 3456 Non.
2256 3431 2324 3440 -—
2356 3399 2470 3455 Etsi
2497 3399 2613 3455 hac
2643 3405 2841 3454 statuta
2869 3413 3070 3452 annum
3103 3400 3233 3453 1261
3285 3394 3570 3468 praefixum

1973 3490 2229 3556 habeant,
2263 3504 2370 3544 non
2396 3488 2578 3543 omnia
2608 3495 2789 3543 tamen
2819 3501 2884 3542 eo
2912 3501 3072 3553 anno,
3107 3485 3205 3541 sed
3233 3484 3415 3556 aliqua
3445 3483 3569 3539 sub-

1974 3577 2323 3650 sequentibus
2371 3576 2525 3630 annis
2574 3575 2715 3630 edita
2761 3590 2884 3630 esse
2924 3580 3155 3645 oportet.
3216 3571 3278 3627 Id
3322 3578 3469 3644 patet
3498 3586 3564 3627 ex

1974 3675 2172 3722 statuto
2203 3669 2270 3721 87
2309 3665 2365 3720 in
2394 3681 2502 3737 quo
2534 3662 2591 3719 ﬁt
2620 3662 2824 3724 mentio
2854 3661 3061 3719 decreti
3093 3660 3222 3717 editi
3251 3660 3308 3716 in
3336 3658 3570 3716 concilio

1972 3754 2342 3829 Lugdunensi.

1803 4019 1974 4116 bVI

519 4221 832 4278 STATUTA
869 4221 1083 4277 EDITA
1121 4222 1194 4277 IN
1233 4219 1577 4278 CAPITULO
1619 4220 1979 4277 GENERAIJ
2017 4217 2304 4275 ORDINIS
2344 4213 2894 4272 CARTHUSIENSIS
2932 4211 3130 4268 ANNO
3173 4216 3328 4269 1289.

342 4379 392 4430 1.
426 4375 582 4429 Anno
627 4371 845 4428 Domini
878 4375 1014 4430 1289
1041 4415 1055 4440 ,
1112 4371 1180 4427 de
1229 4386 1372 4428 novo
1402 4370 1686 4426 statuimus
1728 4370 1874 4442 quod

1973 4369 2200 4442 dignum
2233 4365 2424 4432 fuerit,
2476 4362 2798 4420 obedientiis
2826 4362 3148 4434 priventur;
3195 4360 3288 4416 alii
3317 4375 3450 4416 vero
3480 4361 3576 4434 qui

267 4462 520 4535 quaelibet
549 4461 743 4517 domus
772 4460 981 4516 ordinis
1009 4460 1183 4532 possit
1217 4460 1424 4515 habere
1454 4460 1592 4514 duos
1641 4459 1870 4515 clericos
1890 4471 1943 4529 1)
1975 4457 2248 4514 evasionis
2269 4470 2488 4512 causam
2513 4450 3132 4518 dederint,obedientias
3153 4449 3221 4505 de
3241 4456 3442 4506 caetero
3462 4465 3570 4506 non

266 4551 528 4616 redditos,
564 4550 654 4622 qui
683 4549 789 4605 sint
817 4549 885 4604 de
915 4564 1144 4604 numero
1174 4563 1251 4603 vn
1296 4548 1648 4603 redditorum.

339 4643 392 4696 2.
442 4640 574 4694 Item
618 4654 717 4710 pro
765 4637 1018 4710 personis
1049 4638 1102 4692 in
1135 4636 1387 4691 domibus
1419 4635 1707 4691 associatis
1738 4651 1866 4706 per-

271 4728 486 4784 solvant
539 4727 753 4799 priores
776 4770 788 4791 ,
839 4725 977 4781 sicut
1020 4741 1122 4796 pro
1152 4725 1403 4796 personis
1434 4724 1672 4796 pr0priis
1697 4766 1710 4791 ,
1762 4723 1868 4778 nisi

269 4823 458 4872 mutua
485 4815 664 4886 pactio
693 4815 836 4869 aliud
867 4814 1159 4870 contineat.

345 4909 398 4960 3.
429 4905 563 4959 Item
591 4903 660 4958 de
689 4918 832 4959 novo
862 4903 1146 4957 statuimus
1169 4943 1183 4966 ,
1232 4909 1291 4956 ut
1346 4901 1606 4972 deinceps
1652 4899 1869 4956 termini

274 5008 377 5065 per
420 4992 557 5047 duos
613 4991 825 5062 priores
852 5006 1007 5046 more
1038 4990 1197 5046 solito
1225 4989 1433 5044 limitati
1483 4996 1536 5044 et
1584 4988 1772 5060 scripti
1800 4988 1869 5043 ad

275 5095 515 5153 sequens
544 5079 840 5151 capitulum
870 5085 1240 5149 apportentur,
1293 5085 1347 5133 et
1374 5077 1448 5132 ibi
1476 5075 1870 5132 rationabiliter

272 5168 566 5225 examinati
621 5184 720 5239 per
772 5182 963 5222 omnes
1019 5165 1338 5222 diﬂinitores
1393 5165 1761 5237 approbentur
1817 5171 1870 5220 et

271 5257 614 5331 sigillentur,
673 5264 727 5312 et
783 5262 979 5312 extunc
1049 5253 1285 5311 habeant
1340 5254 1554 5311 roboris
1633 5252 1867 5309 ﬁrmita-

271 5353 405 5403 tem.

347 5436 406 5489 4.
434 5433 568 5490 Item
597 5430 667 5490 de
694 5447 836 5489 novo
866 5430 1152 5487 statuimus
1181 5430 1327 5503 quod
1353 5429 1564 5502 priores
1595 5438 1648 5486 et
1675 5445 1870 5501 procu-

1975 4546 2210 4602 habeant
2239 4553 2291 4601 et
2318 4543 2498 4599 locum
2531 4541 2760 4596 subeant
2790 4540 3093 4596 evadentis.

2047 4638 2099 4689 5.
2131 4636 2284 4699 Item,
2309 4633 2377 4687 de
2406 4647 2548 4687 novo
2579 4630 2863 4685 statuimus
2885 4629 3029 4702 quod
3047 4629 3299 4686 monachi
3319 4626 3573 4685 conversi

1976 4731 2030 4778 et
2075 4723 2270 4778 redditi
2319 4721 2388 4776 de
2434 4720 2819 4776 incontinentia
2867 4717 3101 4774 convicti
3147 4726 3201 4774 et
3239 4716 3492 4782 contessi,
3526 4715 3574 4771 si

1977 4811 2265 4883 contigerit
2317 4809 2497 4881 aliquo
2554 4816 2796 4878 tempore
2854 4806 3198 4863 reconciliari
3250 4822 3345 4861 eos
3374 4804 3572 4871 ordini,

1977 4899 2127 4954 nullo
2156 4897 2318 4954 modo
2348 4897 2440 4951 fiat
2469 4897 2524 4951 in
2571 4896 2823 4952 domibus
2853 4895 2907 4950 in
2937 4895 3135 4967 quibus
3165 4893 3394 4951 convicti
3451 4892 3574 4949 fue-

1977 4987 2104 5054 rint,
2137 4987 2243 5041 nisi
2271 4986 2342 5042 ad
2372 4993 2690 5058 perpetuum
2719 5000 3018 5051 carcerem,
3052 4984 3119 5039 de
3149 4999 3257 5056 quo
3287 4981 3333 5036 si
3375 4981 3576 5038 educe-

1979 5084 2183 5142 rentur,
2215 5075 2362 5131 nullo
2392 5075 2555 5130 modo
2584 5074 2659 5129 ibi
2703 5080 3058 5140 remaneant,
3093 5072 3192 5128 sed
3221 5069 3350 5126 alibi
3399 5069 3574 5128 collo-

1979 5173 2168 5222 centur
2197 5163 2298 5219 sub
2328 5163 2510 5219 debita
2539 5163 2846 5234 disciplina.

2049 5257 2107 5308 6.
2148 5253 2316 5319 Item,
2365 5267 2486 5308 cum
2536 5251 2848 5307 scandalum
2896 5266 3006 5306 non
3052 5250 3324 5306 modicum
3353 5257 3408 5306 et
3435 5248 3579 5305 inter

1978 5356 2209 5414 magnos
2239 5341 2295 5394 in
2327 5348 2473 5395 terra
2514 5340 2616 5395 ista
2665 5347 2843 5394 ortum
2894 5339 3053 5394 fuerit
3084 5347 3310 5410 propter
3340 5337 3579 5410 scyphos

1978 5437 2270 5503 argenteos
2299 5444 2329 5482 a
2375 5428 2701 5500 quibusdam
2732 5427 3007 5498 prioribus
3037 5427 3384 5498 deportatos,
3436 5424 3576 5480 inhi-

272 5529 502 5588 ratores,
529 5521 622 5593 qui
652 5520 853 5592 reperti
883 5518 1082 5575 fuerint
1110 5517 1412 5590 culpabiles
1434 5518 1766 5592 negligentia
1787 5517 1874 5574 vel
1975 5519 2166 5574 bemus
2195 5517 2436 5572 districte
2466 5533 2534 5572 ne
2564 5517 2633 5572 de
2662 5524 2861 5571 caetero
2895 5524 3042 5572 extra
3071 5515 3266 5571 domos
3315 5530 3415 5585 per
3469 5512 3576 5568 ali-

273 5611 385 5668 alio
412 5609 575 5666 modo
605 5609 675 5665 de
701 5608 960 5666 evasione
988 5609 1473 5674 incarceratorum,
1506 5607 1756 5679 sequenti
1787 5622 1875 5662 ca-

281 5698 458 5773 pitulo
485 5698 722 5755 clament
776 5696 994 5771 culpam
1023 5711 1180 5753 suam
1201 5738 1216 5762 ,
1269 5695 1370 5752 etsi
1393 5695 1598 5766 judicio
1655 5693 1877 5766 capituli

1977 5623 2140 5680 quem
2169 5607 2237 5660 de
2267 5605 2456 5660 ordine
2487 5605 2855 5676 deportentur.

2048 5699 2100 5750 '1.
2137 5696 2290 5759 Item,
2327 5693 2394 5748 de
2422 5709 2562 5750 novo
2595 5690 2882 5748 statuimus
2914 5693 3061 5764 quod
3091 5691 3398 5747 visitatores
3445 5703 3582 5762 quos
3619 5760 3623 5765 .
