3938 6402
403 325 540 380 1143

1629 325 1916 384 ORDINIS
1968 324 2454 383 CARTHUSIANI.

3564 319 3714 374 1144

405 448 560 504 obire
603 448 889 521 contigerit
929 449 1070 506 intra
1113 452 1334 508 domum
1383 451 1621 525 aliquam
1649 451 1890 517 ordinis,
1924 451 2072 510 ibiA
2175 452 2260 504 10.
2313 450 2479 514 Item,
2532 447 2602 502 ad
2647 446 2894 518 quaedam
2938 443 3105 500 verba
3160 443 3358 514 prioris
3413 442 3581 499 Vallis
3639 441 3708 496 S.

408 537 643 593 habeant
697 539 1120 608 monachatum;
1181 550 1233 596 et
1283 542 1328 596 si
1393 558 1596 613 prope,
1657 539 2004 597 tricenarium

407 625 639 682 habeant
672 626 726 681 in
759 627 921 682 domo
954 627 1008 682 in
1038 645 1144 701 qua
1188 630 1538 702 sepelientur.

481 718 532 769 8.
566 715 732 781 Item,
783 715 1090 772 inhibemus
1139 735 1207 774 ne
1254 718 1375 791 quis
1422 735 1524 790 per
1551 735 1610 773 se
1642 719 1890 788 impetret
1920 717 2007 771 vel

409 803 692 873 impetrari
739 802 896 859 faciat
938 821 970 860 a
1018 806 1349 878 principibus
1378 807 1464 862 vel
1495 807 1617 862 aliis
1649 807 1997 878 quibuscum-

411 908 516 964 que
545 891 751 947 litteras
781 893 1092 966 rogatorias
1121 911 1220 966 pro
1249 895 1465 966 seipsis.

481 983 532 1034 9.
568 981 700 1035 Item
723 1023 736 1047 ,
786 981 1205 1038 associationem
1252 983 1529 1039 tricenarii
1556 982 1859 1038 faciendam
1892 988 2006 1035 sta-

408 1068 610 1123 tuimus
635 1069 814 1140 primo
844 1070 1219 1128 anniversario
1249 1080 1373 1144 post
1417 1072 1798 1143 incoeptionem
1846 1069 2006 1125 trice-

413 1171 571 1211 nam.

2107 537 2248 592 Petri
2281 537 2659 607 respondetur,
2693 535 2840 605 quod
2871 550 2970 604 per
2995 532 3217 587 modum
3249 530 3431 585 statuti
3458 547 3566 585 non
3609 528 3717 584 fuit

2105 641 2430 681 concessum
2474 625 2619 695 quod
2651 623 2802 694 prior
2832 621 3129 678 Carthusiae
3159 628 3344 691 posset
3375 619 3716 689 compellere

2106 731 2206 784 per
2228 729 2513 768 censuram
2545 711 2971 767 ecclesiasticam
3001 710 3194 764 domos
3226 725 3344 779 qua:
3374 709 3421 762 ei
3444 708 3714 772 debeant,

2109 811 2161 857 et
2190 802 2313 856 ideo
2362 818 2470 856 non
2521 808 2733 872 oportet
2765 799 2910 872 quod
2957 807 3214 853 statutum
3247 804 3548 862 revocetur,
3583 795 3721 867 quia

2110 890 2336 945 nullum.

2182 982 2268 1033 11.
2300 979 2433 1033 Item
2458 1021 2470 1044 ,
2523 978 2717 1034 domus
2765 975 2896 1032 Belli
2946 975 3122 1032 Larici
3152 981 3374 1031 vocetur
3405 974 3471 1029 de
3503 981 3715 1029 caetero

2113 1067 2290 1122 Bellus
2325 1068 2518 1122 Locus.

2001 1390 2135 1462 IVII

1569 1537 1881 1594 STATUTA
1917 1537 2130 1592 EDITA
2170 1533 2365 1590 ANNO
2409 1536 2564 1589 1290.

492 1649 545 1700 1.
580 1649 735 1703 Anno
786 1648 1001 1705 Domini
1051 1651 1186 1704 1290
1235 1655 1494 1702 statutum
1540 1647 1609 1702 de
1655 1647 1868 1702 duobus
1898 1647 2006 1702 cle-

420 1734 546 1790 ricis
601 1736 870 1792 habendis
925 1736 1295 1808 approbatur,
1353 1744 1406 1791 et
1459 1736 1530 1792 de
1584 1735 1924 1791 comedendo
1962 1735 2018 1789 in

422 1822 712 1880 refectorio
743 1840 864 1880 cum
895 1825 1197 1880 monachis.

491 1915 547 1968 2.
576 1913 710 1967 Item
737 1955 750 1979 ,
802 1913 848 1966 si
895 1913 1153 1968 cathedra
1184 1913 1240 1968 S.
1275 1913 1420 1968 Petri
1449 1911 1645 1968 accidit
1672 1911 1727 1966 in
1774 1913 2017 1984 quadra-

2195 1635 2248 1687 4.
2281 1634 2435 1698 Item,
2467 1639 2725 1686 statutum
2759 1629 2902 1703 quod
2936 1627 3188 1684 monachi
3218 1627 3304 1683 vel
3330 1627 3582 1684 conversi
3630 1636 3731 1682 aut

2123 1719 2325 1776 redditi
2371 1720 2440 1774 de
2482 1719 2869 1775 incontinentia
2915 1717 3178 1784 convicti,
3239 1717 3286 1771 si
3322 1716 3596 1786 contingat
3625 1731 3728 1772 eos

2127 1809 2310 1880 aliquo
2360 1816 2605 1878 tempore
2649 1806 2992 1863 reconciliari
3022 1805 3228 1875 ordini,
3278 1805 3591 1859 nullomodo
3619 1805 3729 1860 hoc

2128 1896 2216 1951 ﬁat
2258 1897 2312 1950 in
2342 1897 2594 1951 domibus
2626 1896 3041 1967 principalibus,
3070 1894 3156 1950 vel
3183 1894 3236 1948 in
3258 1893 3456 1965 quibus
3484 1892 3726 1949 convicti

424 1999 662 2072 gesima,
711 2001 877 2056 missa
927 2003 1045 2069 ejus
1074 2000 1287 2058 dicetur
1333 2000 1386 2056 in
1416 2016 1596 2067 mane,
1630 2000 1734 2055 nisi
1765 2000 2018 2057 acciderit

2161 1985 2350 2051 uerint,
2383 1984 2488 2038 nisi
2517 1985 2583 2038 ad
2614 1992 2934 2056 perpetuum
2965 1998 3268 2050 carcerem,
3301 1990 3404 2038 etc.
3423 2023 3438 2048 ,
3471 1989 3529 2036 ut
3558 1995 3729 2053 supra

426 2088 483 2142 in
516 2087 753 2143 Sabbato
783 2089 868 2144 vel
899 2089 1201 2145 Dominica.

498 2179 551 2230 3.
591 2175 726 2231 Item
749 2218 763 2242 ,
811 2176 1122 2248 quicunque
1169 2191 1396 2233 causam
1444 2176 1716 2233 evasionis
1771 2175 2025 2232 dederint

427 2263 798 2330 incarceratis,
827 2265 1168 2320 obedientias
1198 2266 1475 2332 amittant,
1505 2273 1559 2321 et
1583 2265 1764 2321 locum
1793 2265 2027 2322 subeant

429 2350 712 2408 evadentis
740 2352 981 2424 quandiu
1009 2352 1270 2425 placuerit
1298 2353 1537 2425 capitulo
1577 2352 1845 2425 generali.

2130 2073 2459 2145 approbatur
2485 2081 2538 2127 et
2567 2073 2940 2128 confirmatur.

2201 2143 2255 2216 Β.
2288 2163 2418 2217 Item
2470 2169 2730 2216 statutum
2760 2161 2827 2216 de
2859 2143 3008 2217 brevi
3037 2159 3218 2216 dando
3265 2159 3372 2214 illis
3401 2158 3494 2230 qui
3522 2157 3732 2213 habent

2132 2249 2598 2321 participationem
2640 2248 3011 2306 confirmatur.

1995 2633 2163 2704 \IIII

1727 2780 2041 2836 STATUTA
2084 2781 2256 2836 ANNI
2298 2785 2454 2837 1291.

500 2906 551 2956 1.
585 2905 742 2957 Ληηο
791 2903 1008 2957 Domini
1055 2906 1187 2959 1291
1240 2916 1502 2958 concessa
1549 2910 1674 2958 sunt
1715 2903 2028 2958 auctoritate

435 2990 656 3061 capituli
702 2990 978 3061 generalis
1025 3006 1123 3060 per
1168 2989 1485 3046 diﬂinitores
1529 2991 1684 3046 datos
1730 2992 1800 3046 ab
1837 2992 2033 3046 eodem

436 3095 603 3150 super
631 3078 782 3134 litem
809 3095 930 3149 qua:
959 3085 1074 3132 erat
1101 3078 1155 3132 in
1177 3079 1388 3146 ordine,
1412 3094 1514 3150 pro
1542 3079 1722 3134 littera
1750 3095 1782 3134 a
1812 3080 2032 3134 domino

440 3165 713 3238 Gregorio
740 3183 878 3237 papa
905 3167 958 3220 X
986 3167 1304 3237 impetrata,
1356 3168 1558 3222 domno
1598 3167 1767 3238 priori
1797 3168 2031 3222 Carthu-

2129 2920 2297 2959 causa
2324 2905 2411 2960 vel
2447 2904 2560 2958 utili
2591 2919 2711 2958 eam
2761 2903 2957 2959 viderit
3004 2901 3336 2957 faciendam.
3391 2903 3542 2969 Item,
3591 2900 3742 2971 quod

2142 2994 2451 3065 ubicunque
2501 2993 2555 3046 in
2605 2992 2920 3047 tractatibus
2966 2990 3169 3046 ordinis
3218 2989 3488 3061 duplicem
3543 3003 3742 3044 vocem

2143 3082 2337 3136 habeat
2367 3081 2434 3135 ad
2465 3081 2704 3151 rigorem
2735 3080 2942 3135 ordinis
2969 3079 3390 3135 observandum.
3418 3079 3570 3148 Item,
3592 3076 3744 3148 quod

2141 3170 2366 3241 quilibet
2394 3169 2540 3240 prior
2571 3167 2870 3224 Carthusiae
2896 3168 3065 3222 semel
3116 3167 3172 3222 in
3207 3175 3320 3222 toto
3350 3175 3594 3237 tempore
3643 3179 3744 3218 suo

441 3254 537 3310 size
568 3255 661 3328 qui
691 3270 832 3310 nunc
859 3262 974 3321 est,
1025 3263 1078 3310 et
1123 3255 1228 3310 illis
1259 3256 1510 3310 omnibus
1541 3256 1633 3327 qui
1659 3271 1761 3327 pro
1785 3264 2030 3325 tempore
2075 3293 2120 3351 Ο
2149 3267 2355 3312 tantum
2387 3257 2559 3327 possit
2577 3258 2787 3312 mittere
2807 3257 2946 3311 duos
2975 3271 3041 3311 ex
3063 3255 3346 3310 monachis
3366 3254 3476 3308 suis
3503 3253 3572 3307 ad
3604 3252 3748 3307 alias

440 3341 678 3407 fuerint,
721 3343 839 3398 haec
891 3359 1012 3414 quae
1065 3351 1398 3415 sequuntur,
1431 3344 1684 3400 videlicet
1722 3343 2032 3398 omnimoda

442 3437 683 3502 potestas
729 3430 784 3485 in
831 3429 949 3487 foro
991 3432 1350 3502 paenitentiali
1378 3432 1635 3488 audiendi
1665 3431 2040 3487 confessiones

441 3518 726 3589 priorum,
765 3526 819 3574 et
877 3519 1198 3576 absolvendi
1242 3521 1466 3576 eosdem
1518 3521 1611 3592 qui
1667 3520 1718 3576 ei
1774 3519 2046 3577 voluerint

449 3605 712 3662 confiteri.
745 3607 913 3673 Item,
965 3607 1114 3680 quod
1162 3609 1336 3680 possit
1385 3607 1567 3665 facere
1615 3607 2047 3664 misericordiam

449 3695 728 3766 prioribus
754 3711 916 3766 super
943 3711 1145 3752 annum
1175 3712 1297 3753 eam
1327 3696 1634 3768 petentibus
1657 3738 1672 3767 ,
1723 3696 1769 3752 si
1808 3713 1875 3754 ex
1897 3697 2052 3764 juxta

2151 3347 2343 3400 domos
2391 3345 2562 3416 ipsius
2609 3344 2846 3410 ordinis,
2895 3360 3015 3399 cum
3046 3358 3182 3414 pace
3211 3351 3389 3397 tamen
3417 3342 3662 3412 ipsorum
3697 3347 3752 3394 et

2151 3442 2447 3490 conventus
2493 3433 2653 3489 dictze
2682 3433 2896 3501 domus,
2932 3433 2978 3486 si
3007 3432 3347 3502 contingeret
3395 3429 3540 3501 quod
3569 3429 3753 3500 aliqua

2154 3523 2298 3577 bona
2325 3537 2564 3593 persona
2594 3521 2803 3577 veniret
2830 3521 2899 3575 ad
2929 3520 3132 3575 dictam
3159 3519 3382 3574 domum
3426 3517 3752 3585 Cartliusiaa,

2157 3626 2259 3666 nec
2305 3618 2491 3681 posset
2543 3609 2621 3665 ibi
2675 3609 2847 3681 recipi
2875 3615 3102 3680 propter
3127 3606 3523 3662 multitudinem
3552 3620 3754 3661 mona-

2159 3700 2407 3756 chorum.

2055 3981 2161 4052 Ιὶί
2725 4045 2728 4048 .

1433 4127 1746 4182 STATUTA
1782 4127 1979 4184 NOVA
2018 4127 2337 4183 CAPITULI
2377 4125 2795 4182 GENERALIS.

531 4246 582 4296 1.
634 4240 906 4297 Professio
950 4256 1061 4297 non
1089 4239 1158 4296 sit
1187 4255 1220 4296 a
1248 4240 1497 4310 novitiis,
1554 4241 1661 4298 nisi
1702 4243 1882 4314 priore
1907 4257 2051 4314 pra:-

460 4338 631 4387 sente.

527 4441 580 4495 2.
634 4435 858 4507 Recepti
891 4436 970 4492 'ad
1003 4443 1259 4492 statutum
1304 4437 1593 4492 terminum
1650 4437 1964 4507 venientes,
2008 4438 2053 4492 si

461 4525 612 4596 prior
639 4525 837 4581 absens
887 4525 1050 4581 fuerit
1076 4533 1129 4580 et
1156 4525 1382 4580 multum
1412 4534 1671 4593 remotus,
1704 4526 2054 4581 nihilominus

464 4628 497 4668 a
528 4621 799 4670 conventu
827 4613 1120 4670 induantur
1147 4621 1200 4669 et
1247 4613 1592 4670 incellentur.

537 4724 590 4777 3.
621 4719 866 4777 Visitatio
897 4719 1071 4777 Scalae
1101 4719 1203 4776 Dei
1232 4719 1325 4775 fiat
1354 4735 1497 4775 anno
1528 4720 1811 4777 bissextili.

535 4828 586 4883 4.
620 4826 955 4884 Concessum
1003 4834 1087 4883 est
1131 4825 1384 4882 domibus
1441 4826 1610 4882 Scalae
1651 4828 1780 4894 Dei,
1827 4826 2058 4900 Angliae,

466 4915 524 4971 S.
577 4915 980 4980 Bartholomaei,
1029 4915 1336 4981 Hibernia},
1370 4915 1702 4980 Sclavoniaa,
1737 4915 1882 4986 quod
1912 4915 2061 4970 vica—

467 5003 579 5059 rius
623 5019 744 5059 cum
792 5003 1092 5074 antiquiore
1139 5003 1313 5072 possit
1360 5001 1684 5059 confirmare
1744 5003 2065 5058 electionem

468 5091 667 5163 prioris
715 5106 750 5145 a
778 5095 1078 5155 conventu,
1133 5090 1180 5144 si
1207 5090 1357 5160 prior
1387 5106 1495 5146 non
1523 5090 1682 5146 fuerit
1712 5091 1766 5145 in
1797 5091 1903 5144 illis
1933 5108 2065 5161 par-

467 5179 613 5234 tibus
634 5221 647 5244 ,
698 5178 789 5250 qui
837 5193 939 5248 pro
969 5177 1336 5233 confirmanda
1365 5179 1630 5234 electione
1659 5179 1831 5249 possit
1861 5179 2063 5235 vocari.

541 5287 593 5338 5.
629 5283 928 5354 Injungitur
958 5283 1232 5354 prioribus
1259 5325 1273 5352 ,
1321 5293 1378 5339 ut
1408 5300 1466 5339 se
1497 5284 1792 5339 defendant
1821 5301 1922 5356 per
1953 5285 2067 5356 pri-

472 5371 732 5443 vilegium
763 5371 1028 5427 indultum
1061 5389 1094 5428 a
1125 5373 1472 5444 praestatione
1499 5373 1852 5429 decimarum.

543 5480 595 5533 6.
630 5478 757 5533 Post
803 5477 1212 5549 completorium
1265 5479 1474 5535 dicatur
1520 5478 1818 5552 antiphona
1858 5481 2072 5536 Sancta

475 5567 670 5634 Maria,
702 5574 757 5622 et
786 5567 961 5623 oratio
995 5567 1240 5626 Concede
1271 5584 1392 5625 nos.

542 5765 615 5832 (1)
641 5766 842 5831 Agenda
872 5769 949 5820 est
971 5767 1182 5821 omcium
1207 5767 1568 5822 defunctorum.

2232 4245 2285 4297 ’7.
2318 4244 2364 4297 Α
2412 4249 2606 4313 quarto
2637 4242 2824 4296 Nonas
2852 4239 3176 4295 Novembris
3202 4255 3372 4310 usque
3413 4239 3481 4294 ad
3521 4239 3760 4309 Septua-

2161 4331 2460 4402 gesimam,
2493 4329 2760 4402 agendam
2791 4329 2870 4398 (1)
2915 4336 3112 4400 praeter
3140 4328 3331 4383 laudes
3368 4328 3422 4382 in
3452 4327 3585 4383 cella
3613 4326 3760 4381 dici-

2163 4435 2320 4483 mus,
2374 4425 2497 4489 post
2543 4418 2756 4472 Nonam
2798 4417 2884 4472 vel
2931 4425 3055 4487 post
3083 4433 3339 4487 vesperas
3388 4415 3440 4470 in
3473 4415 3624 4470 festis
3655 4430 3762 4469 xm

2163 4506 2511 4572 Lectionum;
2569 4505 2852 4561 ferialibus
2907 4521 3036 4561 vero
3092 4505 3284 4560 diebus
3339 4512 3461 4575 post
3503 4519 3764 4574 vesperas

2089 4623 2142 4681 Ι)
2167 4595 2398 4650 dicimus
2444 4595 2717 4665 propriam
2765 4595 2881 4650 sive
2925 4593 3216 4666 specialem
3261 4609 3384 4648 eum
3415 4592 3585 4646 tribus
3621 4592 3766 4646 anti-

2171 4683 2395 4754 phonis,
2442 4693 2494 4738 et
2535 4699 2596 4738 ix
2624 4683 2982 4753 lectionibus,
3035 4681 3406 4753 quotidianam
3463 4696 3590 4736 vero
3638 4695 3764 4735 cum

2171 4771 2348 4841 prima
2376 4772 2670 4842 antiphona
2714 4780 2766 4826 et
2811 4773 2985 4826 tribus
3016 4771 3356 4826 lectionibus.
3391 4771 3456 4824 Et
3486 4768 3767 4824 sciendum

2172 4861 2317 4930 quod
2363 4861 2418 4914 in
2473 4861 2737 4929 praedicto
2786 4867 3032 4930 tempore
3097 4858 3349 4914 dicuntur
3407 4865 3519 4912 tres
3575 4856 3768 4926 prima:

2174 4947 2436 5002 lectiones
2465 4948 2657 5002 diebus
2687 4948 2994 5013 dominicis,
3029 4955 3132 5002 etc.
3153 4989 3170 5012 ,
3205 4963 3305 5016 per
3342 4945 3606 5000 ordinem.

2248 5041 2298 5089 8.
2353 5035 2509 5090 Prior
2539 5037 2836 5092 Carthusize
2882 5043 3055 5106 potest
3097 5041 3304 5089 mutare
3353 5034 3655 5095 visitatores
3706 5048 3773 5086 ex

2178 5139 2361 5178 causa.

2249 5217 2300 5266 9.
2348 5213 2556 5283 Corpus
2615 5212 2833 5268 Domini
2882 5219 3126 5267 servetur
3172 5212 3228 5265 in
3275 5210 3484 5281 capella
3531 5207 3770 5264 inferiori

2178 5316 2298 5356 cum
2335 5317 2459 5355 sera
2490 5317 2520 5355 a
2552 5302 2962 5372 quibuscunque
2992 5300 3288 5370 placuerit,
3322 5299 3391 5353 ita
3423 5307 3598 5351 tamen
3632 5296 3774 5367 quod

2181 5398 2474 5444 renovetur
2504 5390 2556 5443 in
2589 5390 2831 5460 qualibet
2862 5389 3219 5452 hebdomade,
3255 5388 3300 5442 si
3329 5385 3613 5442 commode
3661 5383 3775 5439 ﬁeri

2181 5485 2379 5547 potest.
2415 5477 2576 5531 Missa
2606 5479 2663 5531 Β.
2699 5477 2883 5531 Marize
2911 5477 2965 5530 in
2989 5477 3264 5541 Sabbatis,
3301 5476 3354 5529 in
3377 5475 3529 5529 festis
3558 5473 3776 5544 capituli

2183 5573 2234 5622 et
2289 5565 2642 5622 candelarum
2701 5566 2912 5622 dicatur
2964 5564 3244 5638 privatim,
3305 5563 3546 5635 exceptis
3587 5562 3779 5620 diebus
