3938 6402
206 352 348 406 1145

207 563 273 619 Β.
300 563 503 618 Maria.

284 655 369 706 10.
404 651 656 708 Vicarius
686 652 832 707 dicat
857 653 1177 709 Benedicite
1223 652 1382 707 etiam
1412 651 1689 724 prioribus
1720 667 1817 704 ex-

211 740 411 795 traneis
445 741 971 811 supervenientibus,
1007 742 1235 796 absente
1259 741 1460 812 priore.

283 832 369 883 11.
422 830 526 884 Pro
593 829 886 885 tricenario
963 830 1268 886 inchoando
1315 829 1487 900 possit
1533 828 1821 884 transferri

210 917 665 974 anniversarium.

283 1009 369 1062 12.
405 1006 744 1078 Agricultura
775 1020 886 1061 non
915 1013 1234 1062 exerceatur
1259 1006 1314 1060 in
1347 1005 1674 1078 agirelariis.

284 1097 369 1149 13.
420 1095 564 1150 Loco
629 1094 791 1148 trium
851 1111 1210 1166 personarum
1275 1094 1542 1148 inutilium
1591 1101 1820 1164 possunt

216 1182 379 1253 recipi
411 1190 523 1237 tres
578 1182 758 1248 utiles,
820 1183 891 1237 ita
949 1183 1092 1255 quod
1141 1181 1366 1254 quilibet
1410 1198 1663 1237 numerus
1712 1197 1822 1236 non

214 1271 530 1326 excedatur.

289 1360 373 1412 14.
406 1359 606 1414 Novitii
636 1368 868 1431 possunt
896 1361 1182 1416 celebrare
1228 1359 1427 1414 missas
1475 1358 1735 1430 privatas,
1769 1366 1820 1414 et

214 1447 282 1502 ad
312 1464 403 1502 eas
435 1448 640 1503 servire
671 1449 739 1502 ad
769 1449 1052 1503 arbitrium
1084 1448 1305 1520 prioris.

288 1539 373 1591 15.
406 1537 598 1591 Nullus
641 1545 936 1606 praesumat
981 1537 1310 1593 contendere
1357 1536 1446 1592 vel
1491 1535 1680 1590 ludere
1723 1551 1821 1606 pa-

216 1625 325 1680 lam
352 1625 440 1680 vel
472 1625 721 1696 privatim
755 1642 879 1682 cum
909 1627 1092 1698 priore
1126 1626 1426 1682 secundum
1476 1623 1725 1697 regulam
1759 1625 1813 1680 S.

213 1714 512 1769 Benedicti.

1515 351 1832 408 STATUTA
1869 351 2206 423 ANTIQUA.

199 474 410 531 Natalis
443 474 679 542 Domini,
732 475 972 530 Sabbato
1018 480 1244 541 sancto,
1278 482 1332 530 et
1380 482 1610 547 quatuor
1657 474 1807 530 festis
1835 479 1888 537 Α

3325 363 3471 420 1146

1992 480 2081 533 32.
2116 477 2324 534 Omnes
2363 480 2618 535 monachi
2661 479 2988 552 sepeliantur
3030 492 3155 534 cum
3187 485 3348 556 ilicio,
3385 495 3476 544 tu-

1923 565 2046 621 nica
2075 573 2126 621 et
2153 567 2360 622 cuculla
2391 576 2443 622 et
2471 568 2662 641 caligis
2693 578 2746 624 et
2774 568 3081 639 pedulibus.

1995 658 2081 709 33.
2117 656 2428 710 Conversus
2459 657 2656 728 aliquis
2685 673 2792 712 non
2825 656 3027 712 serviat
3069 656 3137 711 ad
3168 672 3330 721 msas,

1995 747 2081 798 34.
2118 743 2347 812 Quando
2377 746 2667 815 contigerit
2713 746 2822 801 duo
2875 744 3009 801 festa
3061 746 3302 821 transiri,
3345 754 3469 811 om-

1922 831 2066 888 cium
2099 832 2321 901 majoris
2351 833 2477 888 festi
2503 831 2592 887 fiat
2620 835 2790 905 prima
2823 834 2931 899 die,
2965 842 3017 888 et
3047 833 3194 889 aliud
3245 845 3467 914 quenti;

1922 927 1974 974 et
2006 920 2049 974 si
2072 921 2350 993 contingat
2374 921 2808 977 anniversarium
2827 923 2915 978 die
2933 922 3048 989 illa,
3072 937 3182 978 non
3200 922 3468 987 inediam;-

1923 1008 2290 1064 translatione.

1993 1100 2080 1151 35.
2117 1097 2323 1152 Omnes
2353 1097 2442 1170 qui
2472 1097 2783 1154 minitentur
2810 1108 3041 1156 mortem
3072 1102 3160 1159 vel
3199 1101 3348 1175 igtm,
3380 1107 3468 1164 vel

1920 1185 2120 1256 aliquid
2153 1186 2348 1252 simile,
2383 1187 2688 1259 cuicunque
2744 1205 2997 1260 persona
3043 1191 3270 1262 ordinis,
3291 1196 3465 1252 ossint

1920 1274 2250 1329 incarcerari
2275 1275 2425 1343 juxta
2454 1275 2736 1331 arbitrium
2785 1294 3030 1334 suorum.

1992 1366 2079 1418 36.
2109 1363 2275 1417 Missa
2304 1363 2373 1418 de
2404 1363 2677 1420 Cathedra
2707 1366 2762 1422 S.
2817 1367 2959 1422 Petri
2990 1368 3046 1423 in
3075 1368 3164 1424 die
3190 1368 3382 1428 Cinum
3413 1382 3468 1430 et

1921 1458 2044 1520 post
2091 1451 2301 1506 dicetur
2368 1452 2438 1506 ab
2502 1452 2950 1522 hebdomadario,
3009 1456 3114 1511 nisi
3155 1455 3354 1517 accidit
3408 1462 3465 1517 in

1919 1539 2175 1604 Sabbato,
2207 1541 2292 1595 vel
2324 1541 2624 1606 Dominica,
2661 1558 2762 1598 nec
2792 1543 3006 1599 dicetur
3034 1552 3242 1600 tractus
3274 1545 3378 1605 ina.

1989 1629 2092 1685 37.,
2113 1628 2169 1682 Si
2197 1628 2393 1699 aliquis
2420 1629 2574 1698 prior
2592 1630 2855 1700 prioratui
2887 1632 3088 1688 cedens
3119 1649 3226 1688 non
3255 1633 3460 1693 innerit

1915 1710 2093 1766 locum
2124 1721 2408 1766 vacantem
2439 1711 2493 1766 in
2523 1713 2685 1768 domo
2725 1731 2842 1782 sua,
2887 1715 3036 1786 prior
3063 1716 3234 1787 possit
3263 1732 3325 1770 eu
3349 1737 3455 1794 po-

284 1806 370 1858 16.
421 1803 724 1873 Capitulum
769 1803 1039 1874 privatum
1093 1802 1386 1873 compellat
1432 1819 1556 1857 eum
1597 1810 1888 1890 propterB
1921 1815 2052 1854 nere
2082 1799 2136 1852 in
2169 1799 2402 1869 hospitio
2432 1800 2518 1856 vel
2550 1801 2603 1854 in
2633 1801 2792 1867 cella,
2842 1810 2895 1858 et
2924 1803 3086 1858 alium
3135 1804 3204 1858 de
3247 1810 3460 1866 Inachis

215 1907 377 1964 quem
404 1892 681 1946 vocabitur
701 1891 770 1946 ad
792 1891 1083 1946 solvendas
1096 1907 1372 1961 expensas
1386 1907 1506 1962 qua
1519 1889 1645 1944 fient
1660 1890 1712 1944 in
1729 1906 1813 1944 eo.

289 1981 375 2034 17.
411 1980 512 2034 Pro
561 1980 836 2049 sepultura
878 1980 1211 2034 redditorum
1262 1979 1518 2035 laicorum
1567 1995 1676 2033 non
1723 1994 1821 2034 co-

218 2067 456 2122 meditur
482 2067 537 2120 in
567 2067 878 2133 refectorio,
911 2085 1011 2123 nec
1040 2067 1296 2140 vigilatur
1323 2084 1356 2122 a
1385 2067 1683 2133 monachis,
1718 2066 1823 2121 nisi

217 2171 314 2210 eos
343 2155 498 2210 obire
528 2156 819 2228 contigerit
845 2155 901 2210 in
929 2156 1096 2211 domo
1137 2155 1428 2226 superiori.

287 2247 374 2317 18.
408 2243 560 2299 Prior
589 2260 696 2299 non
722 2253 898 2300 cesset
943 2245 1010 2298 ab
1060 2243 1238 2299 officio
1277 2244 1331 2298 in
1386 2243 1525 2299 festo
1569 2243 1822 2315 reliquia-

218 2349 340 2386 rum
370 2332 616 2387 ecclesia
637 2332 913 2388 inferioris
936 2340 1164 2404 propter
1195 2331 1545 2404 fragilitatem
1567 2332 1665 2403 (2),
1685 2331 1825 2387 sicut

219 2435 323 2476 nec
350 2421 404 2474 in
432 2420 572 2476 festo
602 2421 959 2476 dedicationis
988 2421 1254 2490 ejusdem.

294 2512 377 2564 19.
414 2509 477 2562 In
517 2507 672 2563 festis
704 2509 1102 2564 Puriﬁcationis
1151 2517 1204 2564 et
1251 2508 1690 2564 Annuntiationis
1736 2508 1824 2562 di-

224 2604 379 2653 catur
411 2597 597 2653 Gloria
625 2599 688 2652 in
721 2599 989 2664 excelsis,
1025 2598 1456 2669 quandocunque
1486 2596 1823 2669 contingant.

295 2689 386 2741 20.
418 2685 546 2740 Sine
576 2686 804 2741 consilio
834 2686 1224 2757 procuratoris,
1277 2686 1463 2742 vicarii
1494 2693 1546 2740 et
1588 2685 1829 2741 sacrista

225 2774 381 2846 prior
410 2789 517 2829 non
547 2773 720 2845 possit
766 2782 954 2830 mutuo
997 2774 1128 2830 dare
1153 2773 1287 2829 ultra
1336 2775 1524 2830 decem
1554 2774 1720 2828 libras
1754 2773 1827 2828 si-

221 2862 335 2917 mul
367 2862 452 2918 vel
479 2878 576 2933 per
593 2869 795 2933 partes.

295 2954 383 3007 21.
435 2950 724 3006 Orationes
770 2951 826 3004 in
874 2951 1055 3005 missis
1121 2951 1485 3022 septenarium
1545 2967 1829 3006 numerum

229 3054 337 3094 non
368 3039 647 3103 excedant,
682 3039 786 3092 nisi
816 3039 1116 3094 necessitas
1137 3039 1438 3094 orationum
1465 3039 1755 3094 incumbat.

297 3131 386 3183 22.
437 3127 738 3194 Dedicatio,
792 3142 901 3182 non
958 3135 1192 3182 mutetur
1220 3127 1324 3182 nisi
1378 3136 1596 3199 propter
1633 3127 1830 3183 festum

229 3215 599 3283 candelarum,
633 3224 687 3270 et
716 3224 842 3273 tunc
872 3231 997 3272 cum
1027 3223 1135 3270 tota
1173 3216 1518 3272 solemnitate
1549 3232 1645 3270 sua
1681 3215 1828 3271 cele-

221 3303 429 3370 bretur,
460 3313 513 3360 et
542 3305 848 3359 comeditur
894 3304 950 3358 in
1007 3304 1295 3360 refectorio
1331 3323 1343 3358 :
1377 3313 1558 3360 tamen
1605 3312 1834 3376 possunt

228 3392 481 3448 conversi
511 3401 564 3447 et
609 3392 812 3448 familia
846 3392 1119 3448 laborare.

298 3484 386 3536 23.
421 3479 654 3548 Quando
710 3480 900 3551 vigilia
945 3481 1211 3552 contingit
1252 3481 1341 3536 die
1384 3480 1668 3537 Dominico
1740 3479 1834 3535 fiat

223 3568 487 3638 jejunium
518 3576 572 3624 et
599 3569 1043 3625 commemoratio
1097 3569 1185 3624 die
1229 3569 1472 3625 Sabbati.

300 3658 390 3714 24.
423 3655 673 3712 Inﬁrmus
699 3657 756 3712 in
803 3657 1037 3713 ecclesia
1079 3658 1265 3713 sedeat
1310 3658 1366 3712 in
1409 3658 1532 3714 loco
1578 3674 1697 3723 suo,
1749 3659 1836 3714 vel

230 3753 338 3801 stet
366 3745 413 3800 si
440 3745 724 3818 placuerit,
756 3762 857 3802 nec
886 3753 1131 3802 transeat
1175 3747 1243 3802 ad
1286 3745 1466 3802 locum
1495 3745 1830 3803 inferiorem.

305 3835 393 3891 25.
427 3835 755 3890 Comedatur
794 3834 850 3890 in
893 3835 1184 3892 refectorio
1213 3835 1269 3890 in
1314 3835 1590 3907 sepultura
1636 3835 1833 3907 prala-

237 3931 412 3979 torum
422 3965 434 3978 .

303 4016 393 4069 26.
448 4013 553 4068 Pro
585 4013 875 4069 tricenario
923 4013 1038 4069 sive
1099 4012 1373 4084 psalteriis
1419 4012 1604 4069 dicant
1647 4013 1834 4070 clerici

233 4101 323 4157 vel
365 4101 615 4156 monachi
658 4117 768 4158 non
814 4102 1129 4160 sacerdotes
1178 4117 1208 4152 L
1257 4100 1500 4173 psalmos
1552 4109 1606 4156 et
1649 4101 1773 4158 laici
1804 4119 1836 4158 ι.

239 4192 413 4245 Pater
433 4194 641 4247 noster.

306 4280 396 4334 27.
432 4277 672 4334 Clericus
699 4278 942 4334 redditus
971 4278 1189 4350 quando
1221 4276 1279 4332 fit
1308 4277 1620 4346 monachus,
1653 4277 1708 4332 in
1732 4295 1830 4334 suo

236 4366 424 4421 habitu
454 4383 578 4422 cum
608 4382 781 4438 cappa
811 4368 1091 4438 probetur.

307 4459 396 4512 28.
447 4454 589 4509 Infra
631 4464 874 4511 octavam
927 4455 1312 4526 Apparitionis,
1360 4453 1731 4521 Ascensionis,
1783 4460 1837 4507 et

240 4545 642 4614 Assumptionis
662 4560 724 4600 ac
753 4544 1064 4600 Nativitatis
1084 4546 1142 4599 B.
1168 4543 1348 4598 Maria
1394 4543 1610 4598 dicatur
1655 4541 1843 4597 feriale
1866 4538 1915 4596 D

240 4634 402 4703 Kyrie
433 4634 655 4703 eleyson
678 4632 792 4686 sine
819 4633 1006 4689 Gloria
1027 4635 1090 4688 in
1113 4633 1374 4698 excelsis,
1399 4631 1502 4686 nisi
1525 4631 1580 4684 in
1603 4629 1840 4686 Sabbato

239 4728 332 4776 aut
349 4719 488 4775 festo
519 4735 600 4775 xu
631 4721 964 4777 Lectionum.

234 4840 243 4847 -
308 4813 396 4866 29.
432 4809 580 4864 Prior
606 4809 768 4865 debet
796 4811 978 4866 dicere
1022 4810 1250 4881 primam
1300 4809 1519 4864 missam
1572 4808 1844 4864 tricenarii

242 4897 550 4966 cujuslibet,
585 4898 631 4951 si
661 4899 727 4952 sit
757 4906 999 4968 paratus,
1031 4899 1242 4954 etiamsi
1265 4899 1333 4953 sit
1362 4898 1840 4954 hebdomadarius.

319 4989 405 5040 30.
442 4988 502 5040 In
554 4985 692 5042 festo
737 4987 1095 5058 reliquiarum
1136 4996 1189 5042 et
1235 4987 1592 5043 dedicationis
1621 4985 1844 5041 inferius

250 5089 362 5129 non
392 5073 672 5146 frangatur
693 5076 980 5144 jejunium.
1007 5077 1160 5141 Item,
1194 5084 1419 5147 propter
1441 5075 1682 5147 hospites
1697 5075 1844 5143 jeju-

248 5163 399 5217 nium
432 5179 537 5217 non
568 5163 865 5236 frangatur.

320 5254 406 5305 31.
443 5252 546 5307 Pro
577 5252 987 5323 archiepiscOpo
1017 5252 1102 5307 vel
1135 5253 1394 5324 episcOpo
1439 5254 1654 5310 dicatur
1682 5256 1850 5312 oratio

249 5342 333 5395 Da
363 5341 541 5407 nobis,
564 5341 817 5406 Domine,
840 5345 904 5397 ut
924 5342 1402 5412 animam/amuli
1425 5344 1512 5398 tui
1544 5346 1850 5401 sacerdotis

254 5434 312 5484 et
341 5430 648 5501 pontiﬁcis,
680 5436 782 5484 etc.

1924 1902 2206 1943 removere
2238 1889 2306 1943 de
2337 1888 2472 1944 cella
2502 1897 2552 1942 et
2581 1889 2634 1943 in
2664 1890 2897 1961 hospitio
2946 1907 3173 1962 ponere,
3221 1908 3458 1955 cumace

1924 1983 1977 2030 et
2008 1993 2130 2030 cum
2163 1976 2304 2030 bona
2335 1976 2610 2032 voluntate
2649 1979 2923 2035 monachi.

1997 2068 2084 2118 38.
2140 2064 2370 2130 Quando
2436 2067 2787 2122 Annuntiatio
2835 2067 3118 2124 Dominica
3164 2067 3464 2131 celebritur

1924 2160 2047 2223 post
2079 2153 2305 2219 Pascha,
2349 2153 2561 2208 dicatur
2607 2156 3018 2226 responsorium
3059 2159 3236 2230 Prope
3291 2165 3462 2221 eano-

1925 2242 2138 2303 minus.
2171 2243 2428 2298 alleluia.
2461 2243 2730 2298 Surrexit
2773 2247 3064 2301 Dominus.

1997 2333 2084 2384 39.
2118 2329 2318 2385 Novitii
2349 2331 2704 2387 excludantur
2729 2348 2760 2386 a
2805 2333 3061 2405 capitulo,
3095 2333 3141 2388 si
3170 2332 3340 2405 priori
3368 2352 3457 2399 κθ-

1928 2418 2090 2474 ὺὴυν.

2002 2507 2087 2560 40.
2123 2506 2385 2563 Conversi
2432 2523 2494 2564 se
2535 2515 2730 2565 vocent
2777 2508 2994 2578 fratres,
3027 2510 3120 2584 qui
3150 2518 3336 2568 contra
3376 2511 3459 2576 fe-

1928 2593 2014 2663 rit,
2047 2595 2260 2650 veniam
2290 2595 2542 2666 accipiat.

2004 2684 2090 2738 41.
2144 2683 2586 2757 Quotiescunque
2642 2685 2840 2742 dicitur
2885 2688 2949 2743 In
3012 2690 3238 2745 unitate
3281 2688 3461 2761 Spiris

1929 2773 2119 2826 sancti
2148 2774 2292 2827 Deus
2323 2771 2375 2826 in
2409 2772 2594 2844 aliqua
2623 2775 2887 2841 oratione,
2939 2775 3158 2848 quando
3203 2783 3396 2847 postea
3439 2801 3460 2828 ι.

1929 2859 2160 2914 cendum
2183 2867 2266 2915 est
2283 2863 2429 2917 Deus
2449 2862 2514 2916 in
2534 2863 2905 2934 adjutorium,
2921 2865 2992 2920 ad
3003 2867 3322 2924 misericors
3342 2865 3461 2923 Doni

1931 2964 2040 3003 nus
2070 2949 2363 3021 erigamur,
2397 2966 2522 3005 cum
2553 2951 2617 3007 In
2648 2953 2898 3019 unitate,
2927 2960 3033 3009 etc.

2006 3037 2091 3092 42.
2146 3037 2411 3092 Statutum
2477 3047 2561 3094 est
2601 3040 2748 3112 quod
2796 3040 2976 3096 nullus
3032 3040 3270 3112 appellet
3317 3039 3422 3096 nisi
3463 3057 3485 3095 ε

1933 3125 2226 3196 capitulum
2270 3127 2551 3198 generale,
2605 3136 2656 3183 et
2703 3129 2985 3200 appellans
3021 3131 3166 3200 juste
3209 3145 3320 3186 non
3362 3144 3494 3200 poss

1934 3215 2411 3284 excommunicari,
2463 3224 2516 3272 et
2563 3217 2669 3271 lata
2697 3217 3268 3274 excommunicationis
3309 3225 3511 3274 senten.

1933 3302 2008 3356 tia
2037 3310 2228 3358 contra
2249 3304 2395 3372 juste
2425 3305 2789 3375 appellantem
2839 3322 2948 3362 non
2995 3313 3214 3373 teneat;
3249 3305 3410 3364 aliter
3437 3321 3526 3378 ap~

1933 3390 2142 3460 pellans
2172 3391 2500 3447 incarcerari
2529 3394 2724 3463 possit.

2009 3480 2094 3533 43.
2128 3479 2354 3535 Noviter
2383 3480 2728 3536 celebrantes
2771 3497 2880 3537 non
2930 3482 3268 3539 descendant
3295 3497 3327 3538 a
3355 3482 3534 3556 gradu

1932 3567 2114 3622 altaris
2143 3583 2242 3638 pro
2271 3568 2634 3625 oblationibus
2665 3569 3011 3640 recipiendis.

2007 3656 2093 3710 44.
2159 3656 2451 3713 Convictus
2515 3657 2602 3713 vel
2677 3658 2960 3715 confessus
3023 3658 3093 3715 de
3145 3656 3535 3715 incontinentia

1934 3743 2318 3816 qualicunque,
2361 3745 2408 3800 si
2456 3745 2734 3820 contingat
2779 3746 2932 3802 illum
2974 3746 3334 3814 reconciliari,
3385 3743 3537 3802 nullo

1935 3839 2182 3903 tempore
2209 3833 2381 3904 possit
2409 3834 2538 3908 eligi
2567 3835 2622 3889 in
2654 3834 2913 3907 priorem.
3065 3900 3073 3909 ι

2010 3922 2093 3975 45.
2130 3921 2325 3978 Clerici
2347 3921 2544 3978 redditi
2572 3922 2849 3996 gaudeant
2877 3925 3070 3981 eodem
3108 3921 3396 3996 privilegio
3425 3938 3534 3995 quo

1934 4009 2186 4063 conversi
2215 4007 2271 4063 in
2298 4009 2641 4076 victualibus,
2674 4018 2728 4066 et
2755 4010 3091 4068 comedenda
3120 4011 3176 4067 in
3222 4009 3530 4078 refectorio,

1935 4102 1988 4150 et
2017 4095 2287 4152 veniendo
2313 4097 2385 4152 ad
2404 4099 2745 4154 mandatum.

2009 4184 2102 4238 46.
2139 4185 2358 4239 Festum
2389 4186 2448 4239 B.
2472 4186 2716 4258 Dionysii
2746 4187 2802 4240 in
2829 4187 3081 4243 domibus
3109 4186 3317 4243 ordinis
3362 4187 3529 4243 nostri

1937 4269 1991 4324 in
2022 4287 2196 4344 regno
2227 4273 2471 4328 Francia
2499 4274 2671 4344 possit
2699 4289 2823 4330 cum
2853 4275 3089 4347 capitulo
3130 4273 3406 4346 celebrari.

2015 4360 2100 4414 47.
2154 4361 2283 4415 Hac
2337 4361 2502 4418 dictio
2558 4362 2792 4428 Litium,
2843 4363 2898 4418 in
2941 4362 3140 4434 plurali
3195 4361 3530 4432 unifo;miter

1937 4449 2321 4520 pronuntietur
2349 4466 2448 4520 per
2480 4455 2522 4506 ι.
3057 4440 3060 4443 ’
3098 4442 3101 4443 ⁷
3341 4465 3344 4530 ί

2019 4540 2105 4593 48.
2136 4537 2366 4606 Quando
2395 4539 2502 4595 duo
2532 4539 2671 4594 festa
2700 4539 3048 4594 candelarum
3079 4538 3376 4594 immediate
3398 4554 3530 4597 suc-

1941 4627 2157 4691 cedunt,
2192 4643 2438 4696 vespera
2468 4628 2852 4698 subsequentis
2895 4626 3018 4682 festi
3049 4643 3082 4682 a
3125 4626 3344 4698 capituli
3390 4627 3532 4684 inci-

1942 4716 2106 4787 piant,
2133 4716 2373 4785 exceptis
2403 4716 2511 4771 illis
2557 4716 2626 4770 de
2667 4715 2862 4789 quibus
2909 4732 3170 4788 expresse
3215 4711 3531 4796 contiarium

1945 4813 2204 4859 statutum
2237 4812 2336 4859 est.
3343 4815 3347 4880 ‘,

2022 4894 2106 4947 49.
2157 4893 2459 4948 Declaratio
2507 4893 2653 4964 quod
2683 4909 2716 4948 a
2757 4894 2846 4949 die
2881 4894 3104 4950 Pascha
3149 4893 3206 4948 in
3267 4881 3426 4954 oﬂbio
3468 4897 3530 4952 B.

1947 4981 2128 5037 Maria
2155 4981 2354 5052 duplex
2383 4963 2631 5038 Alleluia
2669 4982 2896 5050 dicatur,
2931 4982 3288 5054 approbatur,
3341 4963 3427 5054 iisi
3476 4985 3534 5041 in

1947 5069 2086 5125 festo
2107 5051 2546 5124 Annuntiationis
2577 5071 2792 5142 quando
2822 5069 2878 5125 fit
2904 5051 3023 5142 post
3083 5071 3302 5142 pascha,
3348 5051 3389 5146 in
3428 5090 3536 5146 quo

1947 5159 2145 5214 dicitur
2176 5159 2582 5229 responsorium
2615 5161 2794 5232 PrOpe
2823 5164 2908 5216 est
2939 5161 3235 5217 Dominus.

2026 5250 2112 5302 50.
2165 5249 2431 5302 Statutum
2479 5248 2547 5303 de
2588 5247 2848 5304 faciendis
2917 5248 3234 5305 carceribus
3279 5247 3536 5320 apji'oba-

1951 5343 2055 5401 tur,
2081 5335 2278 5408 quibus
2325 5336 2669 5391 includantur
2723 5336 2945 5406 falsarii,
2992 5337 3330 5406 incendiarii,
3379 5335 3539 5408 tomi-

1953 5424 2108 5493 cida,
2143 5424 2227 5480 vel
2255 5425 2524 5480 minantes
2555 5433 2781 5480 mortem
2803 5467 2816 5492 ,
2847 5425 2934 5481 vel
2963 5425 3168 5498 ignem,
3201 5435 3255 5481 et
3296 5424 3537 5498 vagntes

319 5651 393 5715 (2)
417 5652 466 5705 ιιι
495 5655 569 5704 est
594 5651 868 5702 illusionem
894 5655 1204 5718 nocturnam,
1231 5667 1319 5718 pro
1344 5667 1435 5719 qua
1465 5657 1658 5708 veteres
1683 5657 1907 5708 monachi
1931 5658 2153 5709 solebant
2177 5672 2204 5709 a
2230 5658 2559 5710 celebratione
2597 5658 2862 5710 abstinere.
