3938 6400
826 174 833 219 ἠ

822 236 825 253 l

808 302 815 321 Ι

802 340 809 367 l

474 365 615 421 1147

477 586 763 637 ειειιιιιιηιηε

545 670 633 724 51.
666 650 757 729 Po/
785 659 1291 735 quinquagesimam
1333 679 1510 736 usque
1556 664 1626 718 ad
1674 665 1884 720 Pascha
1929 664 2029 736 pro

477 754 628 813 nullo
655 740 743 835 fes'i
765 747 1038 821 frangitur
1062 750 1353 820 jejunium.

549 848 636 902 52.
683 843 890 913 stutum
942 846 1025 893 est
1083 840 1229 911 quod
1278 840 1493 912 priores
1547 857 1658 898 non
1714 842 2031 912 permittant

477 924 724 997 monachi
748 926 836 982 vel
864 942 1158 984 conversos
1186 945 1283 984 seu
1334 931 1573 986 redditos
1622 930 1901 1002 professos
1934 931 2032 984 ali-

480 1037 589 1097 qua
617 1038 684 1078 ex
698 1017 818 1097 lusa
861 1031 1084 1073 servare
1128 1017 1406 1087 denarios,
1461 1019 1575 1074 suis
1627 1019 1714 1075 vel
1754 1018 2029 1075 extraneis

479 1111 670 1167 usibus
689 1104 1019 1178 ipmpriatos
1049 1105 1136 1161 vel
1176 1107 1559 1178 pr0priandos.

559 1203 653 1255 53.
681 1195 932 1267 ﬁtatutum
995 1202 1077 1250 est
1124 1196 1269 1266 quod
1319 1196 1408 1267 qui
1454 1196 1647 1251 leviter
1708 1195 2030 1267 protulerint

489 1290 657 1347 Prius
675 1282 964 1356 Mitterem
984 1282 1260 1350 ordinem,
1286 1284 1400 1339 sive
1421 1284 1823 1356 zrquipollentia
1843 1285 2028 1353 verba,

490 1371 865 1452 quamleerem
885 1371 971 1428 vel
992 1372 1349 1428 obmitterem
1378 1374 1478 1429 hoc
1498 1375 1582 1428 vel
1603 1373 1749 1428 illud
1775 1392 1789 1439 ;
1816 1373 1862 1427 si
1880 1372 2033 1443 prior

491 1452 711 1611 fueritft
738 1468 893 1516 extra
938 1461 1127 1517 sedem
1156 1477 1310 1515 suam
1355 1462 1409 1516 in
1457 1461 1688 1517 ecclesia
1738 1477 1838 1532 per
1866 1478 2030 1515 unum

492 1555 635 1611 diem
675 1549 1018 1611 isubjectus,
1052 1550 1281 1611 recipiat
1309 1550 1361 1605 in
1410 1551 1645 1611 capitulo
1687 1550 2030 1611 disciplinam

492 1555 635 1612 diem
659 1549 692 1611 ti
721 1550 1018 1619 subjectus,
1052 1550 1281 1621 recipiat
1309 1550 1361 1605 in
1410 1551 1645 1622 capitulo
1687 1550 2032 1621 disciplinam

1491 360 1781 418 ORDINIS
1818 358 2293 417 CARTHUSIANI
2331 360 2666 420 STATUTA.

474 376 613 421 tu?
1491 376 1781 418 Ultimus
1818 376 2291 417 uamuuamm
2331 376 2666 420 Sl‘A‘l‘Ul‘A.
3591 376 3741 427 ius

380 565 397 579 ξ
471 506 573 563 per
598 376 831 605 mund;
862 487 916 539 et
952 483 1132 540 caeteri
1162 485 1230 541 de
1262 485 1468 557 quibus
1518 486 1777 558 scriptum
1822 493 1906 542 est
1941 494 1994 541 et
2017 488 2071 548 Α
2100 494 2419 559 sequentem
2463 502 2728 556 rasuram,
2776 494 2974 559 praeter
3017 489 3374 548 abstinentias
3421 493 3489 548 ab
3529 494 3741 552 ordine

478 586 725 605 -a-a..a...~.
2130 576 2450 605 ηΛ-ιηιεοηιηη

3591 373 3748 427 ιιιε

2129 576 2472 630 constitutas.

2200 668 2287 719 63.
2331 664 2575 719 lnstituta
2624 664 2764 723 facta
2807 668 2876 724 de
2923 685 3155 725 numero
3201 683 3595 727 conversorum
3648 689 3747 729 re-

2128 752 2285 807 dacto
2314 752 2381 806 ad
2412 768 2515 807 xm
2546 752 2911 823 conﬁrmatur,
2945 758 3051 813 hoc
3078 757 3261 813 addito
3283 760 3425 830 quod
3443 759 3497 814 in
3527 776 3746 834 magna

2127 840 2453 895 necessitate
2485 842 2639 911 prior
2664 841 2966 901 Carthusiae
3013 862 3178 916 super
3224 863 3424 901 annum
3470 848 3557 904 vel
3585 850 3747 920 capi-

2127 929 2299 983 tulum
2330 929 2589 1001 generale
2628 945 2751 987 cum
2792 934 2955 989 domo
3003 933 3284 1005 indigente
3327 951 3500 1008 usque
3531 937 3601 991 ad
3633 952 3746 992 xv:

2128 1018 2327 1089 poterit
2365 1018 2704 1088 dispensare.

2200 1108 2287 1160 64.
2358 1105 2683 1179 Quicunque
2725 1108 3021 1165 celaverint
3090 1109 3457 1167 visitatoribus
3500 1128 3561 1168 ea
3606 1129 3741 1185 quae

2130 1194 2330 1249 debent
2360 1196 2589 1252 revelari
2619 1196 2719 1263 eis,
2750 1213 2860 1252 non
2888 1199 3102 1269 possint
3129 1215 3160 1253 a
3188 1200 3463 1271 prioribus
3491 1200 3604 1255 suis
3634 1202 3747 1256 ab-

2132 1283 2288 1351 solvi,
2321 1284 2424 1337 nisi
2453 1285 2691 1353 injuncta
2721 1286 2800 1340 eis
2829 1286 3147 1357 paenitentia
3194 1296 3402 1358 septem
3448 1289 3745 1345 abstinen-

2130 1371 2328 1426 tiarum
2358 1373 2757 1441 continuarum,
2803 1374 2998 1430 diebus
3045 1375 3385 1432 abstinentiae
3426 1377 3739 1450 deputatis,

2130 1460 2272 1514 ultra
2324 1461 2679 1516 abstinentias
2726 1462 2955 1529 debitas,
2997 1480 3158 1535 quam
3206 1480 3423 1535 pmnam
3470 1474 3629 1521 caute
3678 1474 3738 1522 et

2131 1548 2421 1619 diligenter
2449 1549 2648 1605 faciant
2685 1551 2986 1606 observari.

2203 1640 2290 1691 65.
2352 1638 2619 1692 Statutum
2676 1639 2821 1712 quod
2875 1639 3089 1710 priores
3149 1639 3242 1712 qui
3288 1641 3485 1712 reperti
3534 1641 3745 1698 fuerint

2133 1725 2429 1796 culpabiles
2460 1727 2798 1800 negligentia
2827 1726 2915 1783 vel
2943 1728 3050 1784 alio
3079 1730 3244 1784 modo
3272 1730 3340 1785 de
3371 1730 3624 1786 evasione
3652 1731 3744 1785 in-

496 1813 646 1907 ρτὶοιξ
672 1813 916 1885 recipere
944 1822 997 1869 et
1040 1813 1232 1870 afferre
1281 1822 1527 1885 tempore
1573 1816 1901 1885 competenti
1946 1830 2104 1907 ca-B
2134 1822 2561 1880 carceratorum,
2638 1816 2695 1869 in
2737 1815 3066 1887 quibusdam
3113 1816 3461 1872 conﬁrmatur
3504 1820 3737 1874 chartis.

491 1659 593 1716 pro
666 1636 799 1693 libet
824 1638 963 1694 vice.

567 1733 635 1786 84
689 1742 721 1780 x
776 1741 963 1798 praecej

496 1820 615 1893 prio
672 1813 916 1885 recipere
944 1830 963 1869 ε

500 1909 614 1976 pitu
675 1902 874 1958 enerall
909 1918 963 1958 vr

567 1726 721 1798 645x
776 1733 1054 1798 praecepto
1121 1734 1173 1781 et
1206 1726 1429 1782 decreto
1492 1727 1703 1782 ordinis
1749 1734 2033 1782 teneantur

500 1901 874 1981 pitukenerall
909 1901 998 1958 vel
1044 1902 1208 1973 priori
1250 1902 1553 1957 Carthusiaa
1600 1903 2032 1958 denuntiationes

502 1990 800 2062 conatuum
831 1990 1130 2046 secundum
1158 1990 1365 2046 ordinis
1403 1991 1663 2060 instituta,
1705 1990 1943 2062 alioquin
1977 2008 2035 2046 se

502 2078 689 2150 novint
715 2078 1038 2150 puniendos.

647 2166 922 2222 Sententia
979 2167 1549 2222 excommunicationis
1599 2183 1719 2238 quae
1768 2166 1935 2221 fertur
1979 2167 2033 2220 in

499 2255 616 2327 113$
661 2255 964 2327 palmarum
994 2272 1023 2309 a
1052 2256 1228 2327 priore
1253 2299 1266 2321 ,
1309 2256 1669 2327 praesentibus
1718 2256 2030 2323 monachis,

505 2344 723 2415 cobrsis
752 2352 807 2399 et
834 2344 1082 2411 redditis,
1114 2344 1170 2399 in
1201 2344 1420 2415 scriptis
1449 2344 1783 2415 proferatur.

583 2475 594 2487 .
629 2434 688 2487 In
713 2432 897 2487 missis
925 2433 994 2487 ad
1015 2433 1203 2488 Gloria
1234 2434 1295 2487 in.
1318 2434 1559 2488 excelsis
1589 2440 1642 2487 et
1673 2432 1742 2487 ad
1777 2430 1947 2488 Credo
1968 2430 2036 2484 ad

501 2521 636 2586 nden
662 2521 792 2575 Jesu
822 2521 1034 2577 modice
1078 2521 1387 2576 inclinetur.

583 2650 596 2663 .
628 2608 946 2665 Pelliciosos
992 2609 1241 2679 vulpinos
1272 2617 1324 2664 et
1366 2610 1433 2665 de
1475 2608 1719 2664 bestiolis
1766 2607 2036 2662 silvestri-

545 2696 557 2764 ,
589 2705 643 2753 et
662 2697 1036 2753 calceamenta
1081 2696 1296 2752 curiosa
1341 2704 1394 2752 et
1424 2697 1619 2768 plicata
1650 2697 2032 2768 reprobamus,

557 2802 589 2841 e
615 2793 811 2843 caetero
838 2801 947 2841 non
974 2786 1297 2842 habeantur.

501 2660 554 2926 ἔ

477 2926 515 3151 l

446 3151 495 3348 ἔ

542 2877 596 2929 8.
626 2875 686 2929 In
714 2874 863 2929 omni
889 2874 1060 2929 missa
1089 2890 1210 2945 quae
1238 2874 1308 2929 de
1329 2873 1467 2930 vivis
1494 2872 1729 2930 volvitur
1756 2872 2036 2928 celebran-

515 3005 529 3030 ,
559 2978 660 3034 per
679 2963 925 3035 singulos
954 2962 1148 3018 dicitur
1178 2963 1542 3034 Omnipotens
1564 2963 1657 3033 qui.
1684 2963 1955 3017 vivorum.

509 3054 597 3106 59.
631 3051 850 3107 Priores
878 3058 1105 3122 possunt
1132 3051 1261 3105 dare
1308 3058 1629 3121 potestatem
1673 3049 1887 3105 vicariis
1933 3050 2037 3104 ab-

502 3139 684 3195 lvendi
714 3140 769 3194 in
818 3138 1063 3194 absentia
1114 3154 1212 3194 sua
1258 3139 1327 3194 de
1375 3138 1615 3210 quolibet
1658 3145 1886 3209 peccato
1919 3154 1932 3193 :
1964 3138 2040 3192 ita

366 3349 370 3354 -
441 3315 684 3373 teneatur
707 3316 903 3372 iterum
933 3315 1200 3372 conﬁteri.

354 3658 389 3855 /

399 3348 457 3593 /.

510 3408 599 3461 60.
627 3404 848 3460 Festum
876 3405 934 3459 B.
967 3404 1307 3476 Magdalenaa
1335 3418 1462 3460 cum
1510 3402 1752 3459 candelis
1783 3400 2040 3457 solemni-

436 3501 522 3550 ter
546 3492 875 3559 celebretur,
908 3507 1018 3548 non
1046 3500 1225 3547 tamen
1256 3492 1468 3548 dicatur
1497 3490 1686 3557 Credo,
1732 3506 1838 3545 nec
1883 3505 2038 3545 com-

438 3581 676 3638 municet
703 3580 988 3637 diaconus.
1022 3581 1084 3635 In
1111 3580 1231 3651 ipso
1261 3579 1399 3635 festo
1444 3568 1663 3650 propria
1693 3578 1865 3634 oratio
1893 3580 2036 3634 Lar-

437 3672 577 3744 σίνε,
609 3670 679 3725 ad
707 3676 916 3726 sextam
937 3683 1066 3725 vero
1088 3670 1232 3725 Deus
1253 3669 1350 3741 qui
1379 3683 1484 3723 nos
1501 3683 1720 3736 annua,
1749 3666 1820 3722 ad
1840 3682 2040 3722 nonam

441 3756 684 3814 Exaudi.

509 3848 601 3901 6t.
633 3842 921 3915 Simplices
952 3841 1205 3899 monachi
1232 3844 1321 3901 vel
1363 3844 1548 3901 clerici
1574 3844 1663 3902 vel
1708 3842 1902 3900 redditi
1943 3856 2043 3897 no-

440 3932 538 3990 atri
565 3931 845 3989 venientes
873 3931 941 3986 ad
972 3931 1285 4002 capitulum,
1306 3940 1499 3988 exeant
1526 3932 1595 3989 de
1614 3931 1850 4004 capitulo
1881 3929 2040 3986 obla-

442 4021 514 4078 tis
556 4019 945 4093 petitionibus;
989 4035 1093 4077 nec
1137 4020 1383 4090 redeant,
1429 4021 1534 4076 nisi
1579 4021 1759 4078 vocati
1805 4018 2043 4092 quandiu

442 4108 670 4166 habetur
695 4108 773 4165 ibi
807 4115 1087 4166 tractatus.
1141 4108 1468 4166 Conceditur
1509 4111 1657 4167 omni
1702 4109 1874 4182 priori
1905 4109 2041 4165 Car-

448 4197 634 4255 thusiee
662 4196 754 4271 qui
781 4213 880 4269 pro
911 4205 1155 4270 tempore
1188 4196 1368 4265 fuerit,
1402 4206 1461 4254 ut
1511 4200 1739 4272 quilibet
1792 4206 2041 4269 tempore

449 4302 551 4343 suo
572 4294 680 4343 tres
707 4286 1008 4343 monachos
1037 4286 1246 4343 ordinis
1276 4287 1449 4359 possit
1486 4288 1733 4359 accipere
1764 4287 1833 4343 de
1861 4285 2042 4343 domi-

449 4376 553 4432 bus
580 4375 776 4431 ordinis
805 4391 931 4432 cum
980 4390 1117 4447 pace
1171 4391 1418 4447 personae
1475 4384 1701 4445 vocatae,
1734 4384 1788 4433 et
1819 4376 1889 4431 ad
1916 4390 2044 4447 pro-

450 4463 733 4521 fessionem
762 4464 1049 4520 admittere
1078 4465 1134 4518 in
1180 4465 1343 4520 domo
1393 4465 1709 4520 Carthusiaz.
1762 4466 1897 4520 Cum
1939 4463 2043 4517 tri-

452 4552 714 4611 cena’ium
752 4552 984 4609 occurrit
1028 4552 1187 4608 alteri
1229 4552 1520 4609 tricenario
1571 4553 1894 4619 sacerdotis,
1946 4566 2044 4622 pro

451 4641 746 4712 incipendo
775 4641 986 4697 dicatur
1016 4642 1097 4697 Da
1122 4642 1299 4709 nobis,
1326 4649 1377 4697 et
1406 4657 1505 4713 pro
1535 4641 1867 4712 praecedenti
1900 4642 2045 4696 Deus

453 4733 549 4788 cui
573 4730 854 4802 zroprium
883 4734 1035 4786 est...
1066 4731 1277 4800 famuli
1298 4734 1355 4786 et
1374 4731 1684 4786 sacerdotis
1703 4731 1808 4786 tui.
1832 4728 2044 4784 Deinde

453 4819 777 4876 addicuntur
822 4819 876 4872 in
932 4818 1123 4889 plurali
1179 4834 1425 4885 numero,
1487 4818 1697 4875 scilicet
1733 4819 1814 4874 Da
1861 4819 2037 4884 nobis,

454 4909 693 4973 Dom'ne,
724 4910 791 4962 ut
819 4908 1069 4972 animas,
1106 4914 1210 4962 etc.

527 5000 594 5053 δε.
630 4994 893 5051 Conversi
923 4995 1017 5066 qui
1063 5003 1254 5049 contra
1306 4993 1536 5049 formam
1582 4993 1788 5050 ordinis
1835 4993 2039 5050 inventi

453 5086 648 5143 fuerint
679 5099 739 5139 se
768 5099 891 5138 cum
919 5082 1189 5139 novacula
1231 5083 1432 5138 rasisse
1476 5098 1787 5156 grennones
1815 5084 1913 5153 (3),
1946 5098 2033 5138 se-

456 5174 637 5238 cunla,
666 5178 862 5243 quarta
890 5178 943 5225 et
971 5178 1121 5226 sexta
1149 5169 1288 5226 feria
1313 5185 1347 5226 a
1377 5170 1504 5226 vino
1530 5170 1833 5225 abstineant
1861 5185 2034 5241 usque

457 5262 530 5318 ad
548 5260 710 5317 aliam
758 5273 1010 5315 rasuram
1043 5259 1297 5331 :priores
1343 5275 1476 5315 vero
1531 5267 1584 5314 et
1625 5266 2030 5330 procuratores,

454 5349 544 5421 qui
558 5351 676 5405 haec
704 5347 983 5404 observari
1009 5363 1119 5403 non
1148 5346 1399 5413 fecerint,
1432 5357 1723 5420 postquam
1754 5347 2029 5414 sciverint,

454 5437 742 5497 almineant
770 5452 804 5492 a
832 5437 958 5493 vino
984 5437 1155 5493 semel
1184 5437 1238 5491 in
1269 5437 1595 5508 septimana,
1640 5452 1922 5508 quousque
1962 5437 2032 5492 ad

495 3243 625 3283 men
678 3228 824 3299 quod
871 3227 941 3282 de
981 3226 1197 3283 mortali
1252 3200 1422 3293 certo,
1469 3227 1615 3299 quod
1656 3200 1817 3297 absit,
1868 3200 2106 3297 prioriC

2138 1904 2262 1957 Post
2291 1904 2395 1958 hoc
2418 1904 2646 1958 verbum
2676 1904 3161 1961 inearceratorum
3183 1905 3426 1976 sequitur
3446 1906 3742 1963 :obedien-

2133 1990 2234 2044 tias
2284 1991 2550 2060 amittant,
2597 2000 2650 2045 et
2715 1991 2893 2048 eidem
2923 2008 3099 2063 paene
3149 1994 3466 2062 subjaceant
3508 1994 3736 2061 subditi,

2133 2079 2419 2151 locumque
2496 2080 2727 2135 subeant
2808 2081 3107 2147 evadentis,
3155 2082 3395 2153 quandiu
3466 2083 3741 2138 videbitur

2135 2167 2372 2237 capitulo
2401 2168 2665 2238 generali.
2700 2168 2957 2240 Sequenti
2984 2168 3221 2239 capitulo
3251 2170 3486 2225 clament
3512 2171 3734 2243 culpam

2135 2271 2305 2321 suam,
2339 2263 2390 2310 et
2432 2256 2477 2309 si
2516 2256 2722 2325 judicio
2771 2256 2990 2327 capituli
3031 2257 3256 2329 dignum
3300 2257 3478 2324 fuerit,
3520 2260 3741 2330 gravis-

2135 2344 2270 2398 sime
2302 2344 2613 2415 puniantur.
2646 2344 2750 2399 Alii
2771 2361 2902 2400 vero
2925 2345 3016 2417 qui
3035 2345 3304 2401 evasionis
3325 2361 3547 2402 causam
3566 2347 3741 2404 dede-

2133 2432 2258 2497 rint,
2290 2432 2628 2487 obedientias
2658 2433 2727 2488 de
2758 2441 2955 2489 cmtero
3002 2449 3111 2488 non
3158 2434 3411 2503 habeant,
3461 2442 3513 2489 et
3558 2435 3742 2492 locum

2137 2521 2365 2575 subeant
2386 2522 2682 2587 evadentis,
2720 2522 2955 2593 quandiu
2991 2522 3255 2592 placuerit
3301 2522 3551 2594 capitulo.
3582 2523 3738 2579 Idem

2136 2608 2335 2664 faciant
2382 2616 2436 2663 et
2483 2609 2742 2680 recipiant
2782 2619 3164 2681 procuratores
3211 2626 3396 2665 coram
3441 2611 3739 2667 visitatori-

2135 2697 2236 2751 bus
2261 2696 2348 2751 vel
2378 2713 2479 2768 per
2509 2713 2623 2764 eos,
2654 2698 2989 2769 approbatur
3019 2705 3071 2753 et
3098 2696 3465 2754 conﬁrmatur.

2207 2788 2294 2839 66.
2327 2784 2596 2840 Statutum
2628 2786 2771 2858 quod
2787 2786 3003 2857 priores
3032 2801 3248 2843 omnem
3278 2786 3550 2842 subditum
3578 2803 3741 2843 suum

2135 2873 2442 2928 convictum
2489 2873 2575 2929 vel
2608 2873 2919 2929 confessum
2983 2875 3053 2929 de
3103 2889 3425 2946 quocunque
3468 2874 3734 2943 crimine,

2136 2961 2283 3033 quod
2328 2962 2624 3017 secundum
2675 2961 2881 3017 ordinis
2934 2962 3173 3016 instituta
3215 2970 3608 3019 consueverunt
3662 2963 3736 3019 de

2136 3049 2325 3104 ordine
2374 3050 2589 3121 penitus
2637 3049 2853 3121 expelli,
2902 3057 3118 3105 teneant
3143 3050 3199 3105 in
3253 3066 3471 3107 carcere
3507 3059 3741 3123 angusto

2136 3154 2310 3209 usque
2339 3137 2409 3192 ad
2437 3137 2727 3208 capitulum
2776 3137 3052 3210 generale,
3088 3138 3174 3193 vel
3214 3138 3520 3194 visitatores
3567 3155 3741 3211 gene-

2136 3226 2295 3291 rales,
2328 3226 2413 3281 vel
2444 3226 2727 3297 speciales,
2760 3233 2817 3280 ut
2846 3226 3069 3282 materia
3115 3227 3381 3299 evagandi
3424 3227 3492 3282 de
3535 3234 3736 3283 caetero

2138 3322 2457 3386 amputetur,
2531 3314 2859 3385 approbatur
2906 3322 2959 3370 et
3005 3314 3367 3383 conﬁrmatur,
3418 3322 3471 3370 et
3514 3315 3584 3371 ad
3629 3316 3737 3372 hoc
3814 3380 3819 3381 ί

2137 3404 2413 3476 agendum
2441 3403 2643 3457 subditi
2663 3410 2916 3459 tenentur
2950 3403 3194 3459 obedire.

2210 3494 2296 3546 67.
2322 3492 2589 3546 Statutum
2637 3492 2785 3563 quod
2823 3491 3076 3547 monachi
3122 3498 3176 3548 et
3223 3491 3471 3547 conversi
3516 3499 3569 3547 et
3598 3492 3735 3549 red-

2139 3578 2237 3633 diti
2279 3574 2533 3635 convicti
2557 3580 2625 3635 de
2691 3578 3102 3645 incontinentia,
3143 3579 3189 3635 si
3233 3579 3511 3651 contingat
3553 3579 3735 3652 aliquo

2139 3673 2387 3739 tempore
2442 3681 2537 3722 eos
2590 3666 2954 3734 reconciliari,
2983 3667 3133 3723 nullo
3162 3667 3326 3722 modo
3380 3667 3486 3723 hoc
3537 3665 3627 3722 ﬁat
3676 3667 3735 3723 in

2139 3755 2390 3811 domibus
2418 3753 2827 3827 principalibus,
2878 3754 2967 3812 vel
2998 3756 3054 3810 in
3097 3755 3294 3827 quibus
3336 3754 3570 3812 convicti
3614 3754 3738 3810 fue-

2139 3843 2245 3899 rint
2272 3842 2378 3917 nisi
2405 3842 2473 3898 ad
2520 3850 2843 3914 perpetuum
2889 3858 3164 3900 carcerem
3191 3843 3263 3899 de
3308 3857 3416 3916 quo
3446 3843 3493 3898 si
3524 3836 3734 3899 educe—

2142 3939 2346 4001 rentur,
2380 3931 2697 3988 nullomodo
2743 3930 2819 3987 ibi
2864 3938 3199 4000 remaneant,
3249 3930 3348 3987 sed
3385 3930 3511 3986 alibi
3557 3930 3732 3987 collo—

2140 4028 2332 4077 centur
2358 4021 2461 4076 sub
2491 4020 2675 4077 debita
2704 4019 3014 4093 disciplina,
3046 4019 3385 4093 approbatur
3429 4026 3484 4075 et
3531 4017 3731 4077 conﬁr-

2142 4116 2340 4165 matur.

2214 4200 2302 4253 68.
2354 4196 2635 4254 Ordinatio
2697 4197 2845 4270 quod
2904 4195 3090 4253 clerici
3147 4195 3341 4253 redditi
3403 4212 3512 4253 non
3552 4195 3733 4269 legant

2143 4285 2486 4359 evangelium
2511 4285 2629 4341 sine
2657 4284 2879 4342 licentia
2926 4285 3169 4357 priorum
3215 4300 3456 4353 suorum,
3502 4299 3605 4341 nec
3639 4299 3735 4340 co-

2144 4374 2363 4430 medant
2409 4374 2466 4429 in
2512 4375 2821 4444 refectorio,
2889 4388 2993 4429 nec
3039 4372 3288 4429 intersint
3333 4372 3568 4445 capitulo
3617 4371 3731 4428 sine

2145 4463 2399 4519 mandato
2437 4463 2718 4534 prazdicto,
2753 4462 3085 4534 approbatur
3111 4470 3163 4518 et
3192 4459 3561 4517 conﬁrmatur.

2216 4554 2304 4608 69.
2356 4552 2618 4609 Statutum
2682 4552 2829 4622 quod
2874 4550 3139 4606 moniales
3185 4556 3470 4605 teneantur
3513 4547 3736 4603 reddere

2144 4640 2339 4697 breves
2367 4640 2575 4696 ordinis
2605 4648 2767 4712 atque
2796 4640 3009 4705 missas,
3044 4638 3252 4694 scilicet
3298 4654 3396 4709 pro
3442 4638 3607 4691 missa
3633 4653 3735 4691 una

2143 4729 2458 4800 psalterium
2487 4745 2673 4794 unum,
2700 4736 2753 4784 et
2779 4744 2881 4783 nos
2911 4727 3177 4784 faciamus
3207 4742 3305 4797 pro
3333 4727 3412 4781 eis
3442 4725 3733 4781 secundum

2142 4818 2347 4873 ordinis
2376 4817 2636 4888 instituta,
2671 4818 2809 4874 sicut
2828 4832 2930 4888 pro
2960 4816 3081 4871 aliis
3127 4815 3376 4887 personis
3423 4813 3593 4869 nostri
3639 4828 3732 4868 or-

2140 4906 2302 4973 dinis,
2369 4906 2701 4977 approbatur
2753 4913 2808 4961 et
2860 4903 3229 4960 confirmatur.
3276 4903 3382 4959 Pro
3437 4900 3734 4958 tricenariis

2141 4995 2354 5051 solvant
2382 4993 2638 5066 quaelibet
2668 4993 3064 5066 quinquaginta
3109 4991 3350 5063 psalmos
3379 4990 3517 5047 sicut
3544 5004 3730 5045 mona-

2142 5083 2230 5140 chi
2261 5098 2367 5138 non
2409 5083 2741 5138 sacerdotes.

2212 5173 2300 5226 70.
2336 5172 2605 5227 Statutum
2635 5171 2781 5243 quod
2812 5185 3093 5225 converse
3125 5168 3456 5233 monialium,
3508 5182 3625 5239 qua:
3668 5166 3734 5222 de

2143 5268 2343 5317 caetero
2373 5260 2724 5330 recipientur,
2758 5275 2866 5314 non
2894 5266 3111 5329 portent
3136 5258 3317 5314 velum
3345 5257 3580 5329 nigrum,
3612 5263 3662 5311 et
3689 5254 3737 5309 si

2141 5348 2322 5421 aliqua
2351 5347 2603 5403 monialis
2630 5347 2696 5403 de
2724 5355 2924 5404 caetero
2952 5348 3020 5402 de
3068 5346 3456 5402 incontinentia
3501 5343 3739 5400 convicta

2142 5436 2321 5505 fuerit,
2354 5437 2495 5492 inter
2524 5444 2752 5493 caeteras
2776 5452 2969 5508 poenas
2990 5436 3114 5493 velo
3143 5442 3327 5492 careat
3352 5433 3510 5506 nigro
3531 5432 3588 5487 in
3618 5448 3738 5505 per-

510 5632 572 5702 ,5)
594 5634 846 5686 Grenones
867 5646 954 5686 seu
976 5633 1240 5699 graniones
1263 5636 1377 5689 sunt
1401 5647 1460 5687 ea
1483 5634 1646 5689 barbae
1671 5647 1784 5700 pars
1808 5648 1916 5699 qua:
1940 5635 2071 5686 intra
2094 5646 2237 5686 nares
2282 5636 2375 5685 est.
