3938 6434
289 403 426 457 1149
1138 405 1500 462 ADDENDA.
1533 435 1603 447 —
1637 405 1883 467 MAGIS']

2033 408 2362 466 .AMBERTI
2399 409 2730 468 STATUTA.
3447 411 3584 465 1150

299 532 544 598 petuum,
578 525 697 583 sine
742 542 840 598 spe
896 527 1076 600 aliqua
1104 529 1426 600 rehabendi,
1475 532 1802 602 approbatur
1836 532 1961 591 etA
1989 533 2307 603 scapulariis
2351 549 2500 590 more
2537 536 2953 603 monachorum,
2987 551 3269 592 conversa:
3290 549 3422 591 vero
3450 549 3580 602 non,

292 612 665 670 conﬁrmatur.
1990 622 2324 692 approbatur
2355 632 2406 678 et
2454 623 2826 680 confirmatur.

370 704 459 756 71.
515 702 780 758 Statutum
831 703 975 775 quod
1013 703 1279 760 moniales
1333 705 1572 762 habeant
1631 707 1789 762 vittas
1834 707 1890 762 in

1901 1001 1974 1071 X

1551 1145 1864 1202 STATUTA
1920 1147 2095 1201 ANNI
2153 1150 2315 1204 1332.

364 1273 415 1324 1.
449 1271 611 1326 Anno
643 1272 800 1327 1332.
849 1269 955 1340 Qui
984 1285 1092 1325 non
1122 1268 1351 1326 fecerint
1380 1283 1660 1325 carcerem
1712 1270 1769 1324 in
1799 1270 1889 1326 do-
1991 1271 2059 1326 ad
2091 1272 2472 1343 requirendum
2505 1271 2750 1344 priorem
2795 1272 3022 1327 electum
3051 1271 3308 1327 exterius.

295 1357 477 1450 inibfls
509 1356 622 1412 δυίδ
650 1357 797 1450 mf"?
823 1358 1126 1450 Ρνίωοτυφ
1170 1357 1509 1450 Ῡίδίίδίοηπῖι
1568 1359 1882 1426 adventum:
2055 1381 2106 1432 5.
2141 1377 2461 1450 Quicunque
2489 1378 2877 1449 indisciplinati
2920 1379 3006 1433 vel
3047 1375 3381 1433 contentiosa
3419 1376 3588 1431 verba

287 1445 343 1500 ίη
393 1445 576 1539 mium
604 1447 836 1517 οεΡίίυῙο
866 1446 1122 1539 generali
1139 1445 1373 1539 θῙαΪηθηί
1407 1446 1604 1539 fumi“
1625 1463 1774 1539 5_ua5-
1816 1534 1826 1539 Α
1983 1466 2056 1520 im
2091 1445 2388 1539 colloquiis
2429 1445 2703 1538 proferre'
2727 1467 2927 1523 fuerint
2958 1465 3182 1530 assueti,
3219 1465 3289 1520 ad
3345 1463 3588 1536 priorum

356 1539 411 1592 2.
454 1535 616 1590 Festa
672 1535 1041 1605 apostolorum
1097 1535 1240 1590 Petri
1296 1543 1349 1590 et
1407 1535 1578 1599 Pauli,
1636 1534 1880 1600 Joannis,

2033 1571 2206 1610 torum
2243 1556 2524 1610 arbitrium
2553 1573 2584 1610 a
2615 1556 2899 1627 colloquiis
2930 1555 3298 1611 excludantur.

283 1623 469 1679 Jacobi
508 1623 808 1695 utriusque,
856 1623 1108 1692 Andreae,
1170 1623 1420 1694 Philippi,
1472 1625 1711 1689 Thomas,
1746 1625 1878 1678 Bar-

2055 1645 2338 1714 Nuuquam
2363 1645 2520 1699 vadat
2551 1623 2854 1700 monachus
2901 1644 3161 1714 deinceps
3223 1643 3291 1696 ad
3321 1640 3585 1716 generale

285 1711 581 1778 tholomaei,
647 1711 896 1803 Matthaei,
958 1711 1196 1767 Simonis
1242 1719 1294 1765 et
1338 1711 1509 1803 Iudae,
1549 1719 1601 1766 et
1647 1713 1878 1781 Mathiae,
1983 1711 2278 1802 capitum“,
2323 1749 2448 1788 cum
2496 1733 2695 1803 priore.

288 1807 522 1871 quatuor
560 1799 1036 1872 evangelistarum,
1071 1808 1411 1872 quatuorque
1457 1800 1761 1865 doctorum,
1799 1817 1884 1855 se-

288 1887 397 1943 mel
425 1887 480 1941 in
509 1903 651 1942 anno
681 1903 803 1944 cum
851 1888 1086 1959 capitulo
1137 1887 1496 1953 celebrentur,
1548 1904 1649 1943 nec
1679 1889 1750 1941 oh
1779 1889 1881 1944 hoc

286 1974 521 2046 amplius
551 1975 706 2030 solito
746 1985 964 2032 cessent
992 1992 1024 2031 a
1053 1975 1308 2048 negotiis,
1340 1975 1426 2031 vel
1457 1977 1751 2031 ascendant
1791 1994 1879 2031 su-

281 2063 468 2137 perius
498 2063 552 2118 in
601 2065 856 2136 operibus
886 2066 1161 2136 occupati.

355 2155 408 2208 3.
441 2153 661 2208 Priores
689 2153 898 2208 ordinis
931 2161 1149 2224 portent
1197 2152 1398 2223 ubique
1457 2151 1616 2207 fissos
1674 2153 1877 2208 sotula-
1991 2209 2021 2224 η
2059 2151 2110 2174 ⁰’
2148 2151 2244 2224 "“fj

283 2257 394 2306 res,
444 2256 648 2312 cappas
696 2211 946 2298 totaliter.
988 2241 1212 2314 nigras;
1247 2211 1386 2298 inter
1431 2241 1540 2296 duo
1570 2241 1884 2297 linteamina
1905 2241 1955 2299 B
1988 2211 2080 2264 um
2113 2211 2486 2314 promea“??-

2051 1841 2104 1892 7.
2142 1839 2356 1893 Priores
2378 1846 2430 1893 et
2485 1838 2671 1894 vicarii
2720 1839 3062 1893 dominarum
3125 1835 3413 1909 legendam
3483 1833 3587 1887 sibi

1990 1935 2295 1996 procurent,
2332 1943 2451 1998 quae
2508 1927 2708 1998 legitur
2758 1927 2811 1980 in
2848 1926 3138 1981 Carthusia
3168 1925 3222 1978 in
3279 1922 3502 1979 Octobri
3535 1929 3588 1976 ct

1988 2031 2086 2084 per
2112 2023 2358 2070 octavam
2390 2015 2766 2070 Eucharistize.

2059 2124 2110 2174 8.
2148 2121 2393 2176 Monachi
2438 2121 2612 2176 vocati
2671 2121 2740 2176 ad
2770 2121 2962 2175 domos
2992 2135 3179 2184 novas,
3237 2117 3440 2174 ibidem
3469 2123 3585 2171 sta—

283 2344 395 2386 non
435 2308 670 2398 iaceant,
729 2347 906 2403 neque
927 2308 1401 2385 duo'ministrent
1432 2329 1755 2400 hospitibus,
1780 2347 1882 2386 nec
2052 2315 2107 2403 ‘9'
2142 2312 2374 2403 ΡΓίοῖῬῖῖ
2396 2311 2607 2403 δίδί-θάΑ
2631 2310 2862 2403 invicem
2913 2310 3236 2378 scribentes:
3269 2308 3449 2364 dicam
3480 2310 3587 2363 P“‘

283 2433 522 2489 unquam
551 2418 682 2474 dent
707 2418 775 2472 ad
805 2399 1053 2474 mensam
1092 2417 1195 2473 nisi
1253 2418 1359 2474 duo
1408 2399 1614 2474 fercula
1646 2419 1714 2474 ad
1761 2419 1883 2490 plus
1985 2401 2062 2455 ίνί
2094 2401 2402 2455 venerabili
2432 2399 2518 2455 "‘31
2573 2400 2800 2456 άίίεείθ·

281 2513 409 2578 post
447 2507 760 2580 coquinam.
2058 2511 2143 2561 to.
2178 2507 2392 2561 Litterae
2439 2507 2507 2561 de
2551 2506 2809 2561 vocandis
2851 2504 3132 2561 monachis
3176 2503 3364 2561 aliisve
3391 2518 3586 2576 perso-

352 2596 405 2649 ι.
439 2595 735 2652 Monachus
764 2611 796 2652 a
825 2594 1297 2652 conﬁrmatorihus
1320 2593 1572 2666 eligatur,
1603 2596 1694 2668 qui
1725 2596 1883 2651 vadat
1986 2595 2071 2649 nis
2103 2594 2334 2663 ordinis,
2357 2594 2502 2648 ultra
2547 2595 2837 2650 triennium
2867 2595 2999 2648 nihil
3031 2594 3229 2650 valent.

289 2757 481 2768 u—_—

1511 2906 2354 3100 ΑΒΕ-ΨΑ

1687 3213 1884 3270 ANNO
1924 3213 2178 3268 MCXXV

666 3413 1767 3562 MAGISTER
1931 3415 3204 3568 LAMBERTUS

1476 3710 2365 3796 GARTHUSIENSIS

826 3944 1304 4058 DOMUS
1393 3944 2513 4074 SQUILLACENSIS
2601 3944 3045 4056 PRIOR

1680 4283 1754 4367 Ν
1765 4282 2176 4369 ΟΤΙΤΙΑ.

583 4492 916 4562 (MABILLON,
951 4492 1160 4548 Annal.
1197 4492 1424 4558 Bcned.,
1459 4499 1590 4548 tom.
1627 4493 1715 4564 VI,
1749 4493 1843 4549 lib.
1877 4508 2076 4560 Lxxm,
2110 4509 2164 4546 n.
2198 4495 2287 4558 92,
2340 4507 2406 4547 ex
2437 4490 2659 4547 archivo
2691 4490 2994 4546 Carthusize
3027 4491 3268 4560 Majoris.

340 4639 403 4693 In
432 4638 702 4704 Calabria,
737 4655 858 4694 cum
888 4638 941 4693 in
973 4637 1136 4694 domo
1169 4637 1531 4709 Squillacensi
1561 4656 1660 4710 per
1691 4655 1863 4695 annos
1895 4638 2009 4694 fere
2041 4639 2429 4710 septemdecim
2471 4637 2667 4710 prioris
2711 4654 2805 4692 seu
2854 4637 3102 4710 magistri
3133 4638 3234 4708 (sic
3256 4635 3423 4710 enim
3469 4643 3582 4692 tum

266 4710 597 4782 vocabantur
625 4710 939 4782 praepositi)?
962 4726 1157 4782 munus
1190 4718 1336 4782 recte
1381 4709 1667 4782 gessisset
1691 4711 1963 4764 Lanuinus
2009 4709 2119 4766 hoc
2143 4726 2285 4764 anno
2318 4712 2502 4778 (1119)
2535 4709 2840 4782 decessisse
2869 4718 3220 4782 memoratur.
3255 4709 3448 4764 Beatus
3478 4724 3582 4778 ap-

270 4781 507 4851 pellatur
535 4780 825 4847 Lanuinus,
858 4781 1012 4849 cujus
1041 4781 1286 4852 reliquis:
1314 4780 1435 4835 cum
1462 4781 1703 4852 reliquiis
1734 4782 1788 4835 S.
1825 4782 2093 4836 Brunonis
2122 4782 2426 4852 permistim
2457 4780 2729 4834 asservari
2761 4780 3028 4852 dicuntur.
3067 4781 3196 4849 Ejus
3225 4795 3508 4834 successor
3538 4795 3582 4852 _a

271 4849 548 4906 nonnullis
589 4852 809 4924 ponitur
836 4852 1117 4924 magister
1159 4849 1451 4924 Secberus,
1492 4849 1734 4924 ab'aliis
1756 4849 2136 4924 iLambertus,’
2173 4853 2263 4922 qui
2312 4851 2518 4924 primus
2549 4859 2748 4904 statuta
2780 4851 2949 4924 edidit
2978 4860 3082 4924 tam
3110 4867 3210 4921 pro
3239 4849 3582 4906 anachoretis

268 4939 431 4994 quam
459 4937 562 4994 pro
592 4922 874 4978 caanobitis
902 4922 994 4994 qui
1023 4923 1288 4978 Mentauri
1320 4923 1459 4978 haud
1489 4923 1652 4995 longe
1682 4939 1714 4976 a
1744 4923 2020 4992 Squillaco
2049 4923 2103 4976 in
2136 4923 2193 4978 S.
2229 4922 2488 4993 Stephani
2519 4922 2850 4977 monasterio
2879 4923 3172 4993 degebant.

786 5177 1462 5289 MAGISTRI
1550 5109 2287 5287 LAMBESRTI
2375 5177 3057 5288 STATUTA.

1297 5368 1577 5436 (MABILL.,
1611 5367 1770 5433 ibid,
1805 5375 1935 5423 tom.
1991 5368 2077 5434 Vl,
2114 5383 2238 5438 app.
2289 5384 2344 5438 p.
2399 5367 2547 5439 638.)

332 5487 410 5544 De
438 5487 821 5543 anachoretis.
853 5489 921 5546 Ut
948 5488 1026 5544 illi
1070 5490 1138 5545 de
1193 5489 1347 5546 cellis
1398 5490 1662 5561 jejunium
1692 5491 1864 5546 conti-
1981 5498 2152 5546 tutum
2180 5499 2262 5546 est
2311 5491 2583 5546 silentium
2631 5489 2824 5558 teneri,
2855 5487 2992 5543 sicut
3038 5487 3468 5572 inregularibus
3497 5497 3583 5544 te-

260 5591 427 5631 nuum
456 5584 510 5630 et
548 5575 865 5631 continuum
907 5585 1123 5634 teneant
1169 5578 1460 5649 silentium,
1503 5580 1641 5635 sicut
1670 5578 1865 5634 melius
1980 5588 2136 5636 netur
2174 5580 2519 5636 monasteriis
2573 5579 2627 5635 in
2686 5577 3142 5650 Quadragesima,
3201 5577 3451 5634 videlicet
3487 5593 3582 5634 se-

257 5664 547 5721 tenehatur
584 5663 639 5717 in
679 5663 872 5720 diebus
900 5666 1146 5740 magistri
1176 5667 1464 5724 Brunonis.
1981 5669 2176 5737 cunde,
2243 5678 2430 5741 quarta
2485 5678 2538 5724 et
2583 5676 2739 5724 sexta
2785 5667 2939 5722 feria.

329 5756 437 5810 Pro
467 5751 780 5810 cwnobitis.
806 5753 866 5808 In
895 5753 1141 5812 inferiori
1171 5762 1350 5812 autem
1381 5756 1632 5813 coenobio
1662 5758 1864 5814 consti-
2059 5759 2199 5815 Item
2229 5775 2331 5830 pro
2353 5758 2731 5816 anachoretis.
2763 5756 2819 5812 Si
2851 5756 2904 5811 in
2937 5755 3183 5812 Adventu
3215 5753 3431 5811 Domini
3463 5754 3583 5810 dies
