3938 6410
361 343 498 409 ,1151

1567 345 1796 402 INDEX
1833 346 1907 404 IN
1946 343 2005 401 S.
2045 345 2454 408 BRUNONEM.

3517 358 3659 413 1152

362 463 641 537 contingat
669 463 880 535 testiva,
911 465 1128 534 fratres,
1161 481 1272 523 non
1292 467 1603 526 reﬁcientur
1629 469 1735 526 nisi
1763 469 1951 540 semel,
1975 474 2030 532 A
2057 472 2148 527 nia
2175 474 2384 544 majore
2412 481 2466 530 et
2494 474 2912 548 Rogationibus,
2944 475 3001 530 in
3029 476 3226 549 quibus
3256 475 3428 534 semel
3456 477 3665 535 debent

363 553 606 625 exceptis
633 553 825 610 diebus
854 555 1172 612 Dominicis.
1206 557 1289 613 Ab
1312 558 1495 614 Idibus
1515 558 1680 632 igitur
1705 559 1957 631 Septem-

363 641 475 696 bris
511 658 686 712 usque
715 643 784 698 ad
832 644 1138 702 Adventum
1171 647 1386 701 Domini
1403 647 1679 702 constituit
1700 649 1961 722 magister

363 730 544 786 Bruno
590 730 646 785 in
700 740 892 803 quarta
947 741 1001 788 et
1047 741 1201 788 sexta
1253 733 1391 790 feria
1447 737 1962 792 consuetudinaliter

359 818 625 889 jejunium
665 820 835 875 teneri
881 820 938 875 in
993 838 1132 892 pane
1181 831 1233 877 et
1279 839 1439 895 aqua,
1482 826 1724 880 secunda
1778 835 1959 881 autem

365 915 420 963 et
449 907 675 978 septima
704 907 841 964 feria
869 909 1074 965 habent
1103 910 1296 966 fratres
1347 929 1514 967 unum
1542 914 1881 984 pulmentum
1911 922 1964 970 et

365 994 580 1062 vinum;
616 996 770 1051 tertia
800 1013 933 1053 vero
981 1005 1034 1054 et
1055 999 1258 1071 quinta,
1291 1000 1401 1056 duo
1446 1001 1807 1072 pulmentaria
1837 1018 1960 1058 cum

361 1083 641 1154 pittancia,
673 1085 720 1140 si
747 1085 908 1141 fuerit
936 1087 1100 1142 unde.
1153 1089 1236 1142 Ab
1267 1089 1502 1145 adventu
1553 1090 1771 1146 Domini
1810 1090 1962 1162 prius

363 1171 614 1243 deposito
653 1188 820 1230 caseo
857 1183 910 1230 et
967 1175 1086 1231 ovis
1116 1193 1288 1249 usque
1321 1177 1387 1232 ad
1427 1179 1678 1234 Natalem
1722 1179 1959 1246 Domini,

363 1260 623 1329 secunda,
656 1270 845 1336 quarta
873 1270 926 1320 et
955 1272 1104 1319 sexta
1133 1264 1267 1321 feria
1296 1265 1350 1320 in
1379 1281 1520 1338 pane
1542 1275 1593 1322 et
1615 1282 1774 1339 aqua,
1827 1268 1965 1323 Sab-

363 1348 492 1406 bato
518 1365 653 1407 vero
691 1351 876 1407 vinum
907 1353 1142 1409 habeant
1188 1363 1240 1410 et
1267 1354 1599 1426 pulmentum
1630 1372 1818 1422 unum,
1849 1363 1964 1411 ter-

362 1437 440 1494 tia
474 1454 608 1495 vero
637 1445 689 1495 et
715 1440 922 1512 quinta,
954 1443 1064 1498 duo
1111 1442 1388 1514 pulmenta
1417 1452 1472 1499 et
1516 1443 1720 1499 vinum.
1773 1445 1836 1499 ln
1861 1444 1968 1499 Na-

365 1525 476 1582 tale
496 1543 630 1583 vero
659 1544 836 1601 usque
864 1528 933 1584 ad
961 1538 1181 1586 octavas
1212 1531 1295 1586 bis
1318 1530 1559 1588 reﬁciant
1579 1531 1634 1586 in
1652 1531 1962 1601 refectorio,

366 1613 508 1671 sicut
549 1615 752 1688 ubique
790 1617 1018 1674 habetur
1042 1619 1098 1673 in
1155 1620 1568 1676 consuetudine.
1618 1620 1702 1676 Ab
1759 1620 1967 1676 octavis

367 1703 584 1759 Domini
621 1721 796 1777 usque
854 1707 925 1761 ad
976 1714 1197 1763 octavas
1235 1708 1588 1779 Epiphaniae,
1645 1709 1814 1764 semel
1843 1707 1968 1764 reﬁ-

367 1790 527 1889 ciant.
558 1791 753 1889 fratres
781 1793 841 1889 in
865 1794 1038 1889 cellis,
1081 1803 1308 1889 excepto
1340 1797 1427 1852 die
1455 1796 1777 1867 Epiphaniae
1806 1805 1859 1852 et
1879 1797 1964 1851 ie-
1988 1830 2040 1889 B

369 1880 466 1935 stis
495 1880 781 1936 duodecim
827 1869 1136 1938 lectionum.
1171 1884 1254 1939 Ab
1313 1885 1518 1940 octavis
1543 1901 1675 1940 vero
1732 1885 1968 1956 Epipha-

371 1968 478 2024 niae
522 1985 696 2042 usque
752 1970 822 2025 ad
877 1979 1039 2043 caput
1078 1972 1423 2040 jejuniorum,
1494 1981 1684 2044 quarta
1726 1980 1779 2028 et
1822 1982 1970 2028 sexta

369 2056 503 2113 feria
533 2057 586 2112 in
608 2073 750 2129 pane
779 2067 829 2116 et
860 2075 1022 2132 aqua,
1055 2059 1110 2115 in
1141 2060 1579 2133 Septuagesima,
1603 2077 1764 2118 caseo
1794 2062 1969 2133 depo-

369 2145 474 2200 sito
523 2153 576 2200 et
629 2145 768 2215 ovis,
820 2147 876 2202 in
897 2148 1330 2203 solemnitatibus
1363 2149 1532 2205 semel
1573 2150 1836 2216 reﬁciant,
1870 2167 1969 2205 ex-

369 2243 528 2304 cepto
568 2233 704 2290 festo
733 2236 794 2290 B.
855 2236 1042 2291 Mariae
1097 2237 1560 2294 candelabricm...
1595 2241 1639 2294 A
1671 2238 1847 2310 capite
1887 2239 1971 2309 je-

366 2322 643 2390 juniorum
674 2331 787 2380 tres
816 2324 934 2379 dies
979 2324 1034 2378 in
1067 2325 1404 2381 hebdomada
1432 2326 1488 2380 in
1533 2342 1676 2398 pane
1731 2335 1784 2382 et
1830 2343 1973 2400 aqua

373 2426 548 2482 usque
576 2411 645 2466 ad
675 2413 904 2482 pascha,
940 2421 1168 2484 excepto
1195 2414 1283 2470 die
1312 2415 1494 2471 Cumae
1524 2415 1742 2470 Domini
1769 2423 1823 2471 et
1867 2431 1973 2472 ca:-

374 2497 507 2553 teris
546 2497 724 2569 festis,
767 2499 822 2555 in
860 2500 1057 2573 quibus
1115 2501 1316 2557 debent
1364 2501 1514 2558 reﬁci
1563 2502 1616 2556 in
1658 2503 1968 2559 refectorio.

369 2586 636 2656 Apascha
663 2603 838 2660 usque
863 2589 933 2644 ad
990 2596 1209 2646 octavas
1247 2589 1330 2644 bis
1387 2589 1630 2646 reﬁciant
1673 2589 1864 2647 fratres
1919 2592 1972 2645 in

371 2673 660 2732 refectorio
694 2675 833 2732 sicut
875 2677 928 2731 in
958 2677 1154 2732 diebus
1211 2677 1363 2734 festis
1390 2678 1598 2734 Natalis
1629 2679 1865 2736 Domini.
1887 2680 1972 2735 Ab

369 2763 574 2820 octavis
603 2765 824 2822 Paschae
878 2781 1053 2838 usque
1079 2766 1148 2820 ad
1178 2767 1532 2824 Pentecosten
1577 2768 1704 2824 vino
1753 2775 1806 2824 et
1852 2767 1973 2840 pul-

369 2859 554 2907 mento
599 2869 720 2908 cum
776 2853 957 2926 aliqua
1009 2853 1283 2926 pittancia,
1307 2855 1352 2910 si
1380 2855 1543 2911 fuerit
1584 2856 1750 2924 unde,
1803 2856 1972 2912 semel

370 2937 611 2996 reﬁciant
657 2939 854 2998 fratres
880 2958 980 3012 per
1015 2951 1247 3014 quatuor
1293 2943 1412 2998 dies
1439 2944 1816 3010 hebdomada},
1860 2952 1972 2999 ter-

370 3027 442 3082 tia
474 3043 608 3085 vero
637 3037 691 3085 et
731 3030 914 3102 quinta
973 3030 1109 3086 feria
1141 3030 1226 3085 bis
1270 3030 1539 3100 reﬁciant,
1579 3041 1804 3105 excepta
1834 3033 1974 3089 Lita-

375 3205 1972 3239 π

2058 559 2212 616 reﬁci
2264 561 2476 618 fratres.
2540 563 2598 617 In
2657 562 2798 619 festo
2851 571 3167 620 octavarum
3208 565 3560 622 Pentecostes
3605 567 3662 622 in

2059 647 2348 705 refectorio
2401 648 2644 706 reﬁciant
2690 651 2887 707 fratres
2925 652 3062 707 sicut
3091 653 3148 706 in
3203 652 3344 708 festo
3389 654 3652 724 paschali,

2059 738 2299 808 exceptis
2322 739 2540 807 jejuniis
2588 738 2828 808 Quatuor
2883 741 3232 812 Temporum,
3268 741 3324 796 in
3355 743 3549 812 quibus
3579 759 3664 797 se-

2059 825 2167 880 mel
2197 825 2250 879 in
2282 826 2568 882 refectorio
2607 827 2872 894 reﬁciant,
2913 844 3134 884 caseum
3171 829 3433 885 habentes
3463 837 3517 885 et
3535 845 3658 886 ova.

2060 913 2144 968 Ab
2173 914 2381 969 octavis
2408 931 2537 971 vero
2568 915 2917 972 Pentecostes
2945 933 3118 988 usque
3149 917 3216 972 ad
3248 918 3376 973 Idus
3406 918 3664 988 Septem-

2062 1002 2174 1055 bris
2203 1003 2359 1057 tertia
2387 1011 2441 1058 et
2487 1004 2672 1074 quinta
2701 1003 2836 1060 feria
2876 1004 2960 1059 bis
2992 1003 3257 1072 reﬁcient,
3315 1005 3542 1077 reliquis
3570 1021 3671 1060 au-

2061 1097 2170 1145 tem
2199 1098 2427 1162 quatuor
2447 1091 2648 1146 diebus
2664 1092 2805 1148 sicut
2833 1093 2902 1147 ab
2926 1092 3112 1148 Idibus
3135 1093 3470 1164 Septembris
3489 1109 3668 1165 usque

2063 1179 2132 1233 ad
2161 1179 2466 1234 Adventum
2517 1179 2752 1236 Domini.
2813 1181 3123 1236 Notandum
3179 1189 3357 1238 autem
3387 1183 3529 1254 quod
3559 1183 3670 1238 hoc

2061 1273 2303 1339 tempore
2333 1267 2608 1324 remissius
2627 1269 2820 1341 agebat
2839 1269 3102 1343 magister
3121 1269 3201 1342 (id
3225 1279 3307 1327 est
3331 1269 3504 1343 prior)
3525 1269 3672 1326 circa

2062 1355 2259 1411 fratres
2288 1371 2389 1428 pro
2413 1355 2669 1430 qualitate
2700 1357 2959 1430 temporis
2987 1365 3038 1414 et
3066 1357 3271 1414 laboris
3301 1366 3354 1415 et
3381 1357 3669 1432 egritudi-

2063 1459 2211 1499 num.

2136 1534 2275 1589 Item
2302 1549 2404 1606 pro
2433 1533 2743 1590 cenabitis.
2786 1534 3002 1590 Fratres
3044 1550 3176 1591 vero
3207 1535 3276 1591 de
3307 1535 3505 1591 Sancto
3537 1534 3664 1591 Ste-

2063 1621 2243 1692 phano
2271 1639 2301 1676 a
2349 1623 2552 1678 Pascha
2598 1637 2770 1694 usque
2825 1622 2892 1676 ad
2948 1623 3256 1679 Adventum
3287 1622 3504 1679 Domini
3539 1623 3670 1679 reti-

2064 1709 2228 1777 ciant,
2290 1711 2429 1766 sicut
2481 1711 2743 1782 praecepit
2795 1712 2982 1767 beatus
3039 1711 3382 1776 Benedictus,
3421 1711 3664 1783 exceptis

2068 1798 2465 1872 Rogationibus
2494 1807 2547 1854 et
2577 1799 2779 1854 Litania
2809 1800 3023 1870 majori,
3058 1799 3112 1854 in
3152 1799 3351 1872 quibus
3381 1799 3551 1856 semel
3580 1815 3671 1854 re-

2070 1886 2270 1942 ﬁciant.
2304 1889 2364 1942 In
2393 1887 2631 1942 adventu
2686 1888 2904 1943 Domini
2963 1895 3114 1943 sexta
3168 1887 3305 1943 feria
3334 1887 3389 1942 in
3443 1902 3586 1958 pane
3615 1895 3670 1943 et

2070 1991 2231 2048 aqua,
2282 1975 2521 2032 secunda
2568 1983 2621 2032 et
2673 1985 2869 2048 quarta
2926 1976 3060 2032 feria
3115 1975 3298 2032 vinum
3327 1975 3563 2033 habeant
3616 1983 3671 2032 et

2070 2081 2234 2120 unum
2265 2065 2620 2136 pulmentum.
2645 2067 2690 2120 A
2733 2065 2911 2120 Natali
2961 2081 3132 2138 usque
3162 2065 3233 2120 ad
3287 2072 3505 2121 octavas
3533 2064 3669 2136 Epi-

2069 2154 2281 2224 phaniae
2312 2153 2394 2207 bis
2447 2153 2707 2224 reﬁciant,
2745 2161 2970 2225 excepta
2998 2153 3186 2227 vigilia
3213 2153 3552 2225 Epiphaniae.
3584 2151 3668 2206 Ab

2071 2242 2278 2297 octavis
2307 2242 2625 2313 Epiphania:
2668 2258 2843 2313 usque
2874 2242 2942 2296 ad
3001 2241 3471 2315 Septuagesimam
3501 2239 3672 2296 semel

2071 2329 2336 2395 reﬁciant,
2395 2331 2637 2402 exceptis
2692 2329 2845 2385 festis
2893 2330 3182 2386 duodecim
3239 2330 3552 2386 lectionum.
3585 2327 3671 2383 Inl

2072 2418 2484 2492 Septuagesima
2540 2418 2812 2473 dimittmt
2866 2433 3088 2474 caseum
3143 2425 3197 2472 et
3251 2433 3394 2485 ova;
3429 2416 3674 2472 similiter

2071 2507 2362 2579 incipiente
2401 2508 2649 2563 Adventu
2705 2506 2942 2563 Domini.
3012 2507 3073 2560 In
3147 2505 3558 2578 Septuagesima
3588 2504 3674 2560 bis

2071 2609 2181 2652 non
2210 2594 2453 2652 reficient
2481 2596 2535 2650 in
2565 2594 2746 2668 aliquo
2779 2594 2939 2662 festo,
2999 2602 3227 2666 excepto
3282 2594 3423 2650 festo
3469 2600 3672 2650 sanctae

2070 2683 2276 2740 Mariae.
2310 2685 2370 2739 ln
2416 2683 2846 2756 Quadragesima
2900 2682 3142 2739 reﬁciant
3170 2681 3310 2740 sicut
3338 2683 3395 2738 in
3422 2682 3673 2738 Adventu

2073 2772 2308 2828 Domini.
2341 2773 2617 2846 Magister,
2652 2788 2772 2830 cum
2803 2787 2913 2828 non
2942 2771 3105 2844 longe
3134 2770 3472 2843 equitaverit,
3519 2768 3677 2841 quin-

2074 2877 2180 2934 que
2207 2861 2372 2918 ducat
2400 2860 2732 2933 equitaturas
2759 2859 2846 2916 vel
2875 2859 3072 2931 minus,
3100 2860 3146 2916 si
3176 2866 3392 2932 potest;
3420 2857 3468 2914 si
3495 2865 3678 2914 autem

2073 2949 2259 3024 longe,
2291 2957 2500 3021 septem
2529 2948 2618 3007 vel
2669 2964 2886 3005 novem.

1745 3372 2296 3505 INDEX

1071 3644 1214 3753 IN
1306 3642 1780 3753 OPERA
1859 3639 2154 3750 DIVI
2239 3636 2996 3749 BRUNONIS.

376 3855 659 3916 Numeri
685 3855 960 3922 Arabici
988 3857 1323 3920 Lectorem
1352 3859 1443 3918 ad
1472 3860 1700 3936 ciﬁ‘ras
1731 3856 2082 3917 crassiores
2113 3855 2326 3914 textui
2355 3855 2642 3936 insertas
2672 3860 3018 3936 revocant;
3047 3853 3323 3916 Romani
3348 3866 3496 3911 vero
3532 3847 3693 3927 Ope-

1134 3957 1283 3999 rum
1308 3940 1376 4002 S.
1426 3939 1762 4000 Brunom's
1796 3944 2058 4016 partem
2086 3941 2472 3997 seu‘tomum
2510 3935 2924 4012 signiﬁcant.
3601 3980 3604 3983 .

1879 4075 2191 4091 ψ

878 4165 934 4224 Α
1577 4164 1740 4228 Adeps
1763 4162 1878 4228 quid
1899 4163 1985 4227 sit,
2011 4165 2052 4227 l,
2080 4162 2196 4214 121.

1576 4232 1839 4294 Adoptatio
1862 4230 2062 4292 duplex.
2085 4231 2149 4290 ll,
2177 4229 2268 4281 48.

1577 4298 1802 4350 Adulatio
1825 4298 1986 4349 oleum
2014 4301 2236 4360 vocatur,
2262 4297 2300 4357 l,
2327 4295 2447 4346 560.

1576 4364 1810 4416 Adultera
1856 4364 2135 4427 praeﬁgunt
2158 4365 2369 4424 castum,
2397 4362 2552 4412 bonus

1511 4431 1689 4482 malum
1713 4432 1835 4481 citra
1860 4431 2109 4494 injuriam,
2136 4431 2176 4493 l,
2202 4430 2318 4479 168.

1579 4499 1816 4562 Egyptus
1837 4497 2082 4558 signiﬁcat
2094 4492 2358 4558 tenebras,
2374 4495 2414 4558 1,
2434 4492 2552 4545 249.

1511 4566 1575 4616 Et
1597 4564 1928 4626 aiﬂictionem,
1955 4564 1994 4625 l,
2022 4563 2122 4613 527
2134 4599 2146 4612 .

1580 4633 1760 4694 Erugo
1792 4631 2035 4681 luxuriam
2059 4630 2284 4694 designat
2307 4631 2357 4680 et
2381 4641 2485 4692 cur,
2511 4628 2551 4689 l,

445 4301 608 4351 Aaron
655 4301 908 4350 montanus
953 4299 1322 4362 interpretatur,
1367 4299 1408 4362 1,

375 4366 492 4416 555.
532 4365 778 4428 Quomodo
820 4365 1001 4417 electus
1031 4368 1080 4417 in
1106 4365 1409 4430 pontiﬁcem,

375 4433 436 4494 11,
464 4433 582 4483 574.
609 4432 730 4493 Ejus
768 4432 939 4484 domus
979 4434 1289 4496 praelatorum
1314 4433 1412 4483 col-

375 4498 539 4558 lectio,
569 4500 608 4560 l,
634 4500 752 4550 456.
785 4499 930 4560 Virga
969 4513 1138 4551 verum
1176 4501 1408 4551 sacerdo-

375 4566 495 4616 tium
519 4565 784 4629 signiﬁcat,
809 4566 870 4624 ll,
892 4566 1009 4616 591.

440 4630 580 4684 Abba
605 4633 716 4694 quid
743 4632 1005 4695 signiﬁcet,
1036 4633 1096 4695 ll,
1122 4634 1208 4684 47.

440 4699 744 4762 Ahimelech,
772 4701 811 4757 l,
835 4700 921 4750 99.

443 4766 693 4817 Abraham
715 4767 834 4816 duos
853 4767 979 4818 ﬁlios
1003 4767 1268 4829 habuit,ll,
1291 4765 1411 4817 221.

373 4832 520 4884 Fides
537 4833 924 4895 commendatur,
952 4834 1012 4893 11,
1040 4833 1156 4882 403.

442 4900 652 4951 Ahsalon
699 4899 854 4963 ﬁgura
884 4899 1020 4950 Judaa
1052 4899 1332 4961 proditoris,
1371 4900 1411 4963 l,

1511 4698 1630 4749 3H.

1515 4832 1704 4896 1,285.

441 5033 638 5083 Ahsolvi
663 5044 808 5083 nemo
827 5033 991 5094 potest
1020 5031 1113 5082 nisi
1131 5043 1220 5093 per
1241 5031 1415 5082 minis-

375 5103 524 5160 stros,
552 5101 615 5161 ιι,
643 5099 761 5148 311.

441 5166 754 5217 Ahundantes
776 5164 860 5226 qui
884 5163 1127 5224 dicantur,
1155 5163 1195 5226 l,
1231 5164 1344 5213 141.

441 5232 657 5294 Abyssus
701 5231 851 5280 nimia
877 5229 1200 5293 profunditas,
1227 5231 1266 5292 l,
1293 5230 1411 5281 265.

443 5299 629 5350 Achaia
654 5298 920 5360 provincia,
949 5297 1010 5356 ll,
1042 5297 1156 5347 157.

443 5369 689 5416 Accusare
714 5364 827 5427 quid
849 5366 932 5415 sit.
960 5365 1021 5426 11,
1048 5365 1131 5413 50.

441 5432 596 5483 Adam
621 5444 795 5495 vesper
816 5431 1014 5491 dicitur,
1044 5434 1092 5481 et
1130 5443 1234 5493 cur,
1261 5431 1302 5494 l,
1328 5430 1412 5480 85.

373 5498 554 5549 Omnes
606 5498 840 5560 corrupit,
889 5499 950 5559 11,
994 5499 1080 5548 51.
1128 5498 1180 5547 ln
1226 5510 1282 5548 eo
1304 5499 1416 5561 post

373 5570 631 5627 peccatum
653 5565 782 5616 ratio
804 5577 901 5616 non
925 5565 1252 5627 extincta,sed
1277 5565 1417 5616 dehi-

373 5631 534 5694 litata,
556 5632 597 5694 l,
629 5632 740 5682 129.
765 5633 1016 5696 Figuravit
1039 5633 1308 5696 Christum,
1351 5632 1411 5695 ll,

376 5697 460 5751 52.
488 5699 720 5753 Ecclesia:
743 5703 924 5764 custos,
951 5699 1013 5762 ll,
1043 5698 1127 5751 52.

1515 5098 1560 5160 ι,
1599 5097 1719 5147 265.

1516 5229 1635 5281 525.

1517 5563 1779 5626 signiﬁcet,
1806 5563 1844 5617 l.
1870 5563 1987 5613 215.

1580 4766 1744 4814 Estas
1785 4776 1998 4815 messem
2038 4767 2276 4814 aeternam
2307 4763 2552 4824 designat,

1581 4897 1875 4949 Atl'ectiones
1899 4895 2106 4957 pedibus
2159 4898 2478 4958 comparatae,
2509 4895 2549 4956 l,

381 4969 430 5017 7..
743 4962 756 4963 ί
1514 4965 1599 5014 56.
1625 4965 1852 5015 Mannum
1878 4963 2076 5012 nomine
2110 4962 2351 5025 appellata
2375 4965 2424 5011 et
2449 4973 2552 5022 cur,

1515 5031 1554 5093 l,
1572 5030 1657 5081 57.
1681 5031 1820 5094 Item,
1843 5032 1881 5090 Ι,
1905 5031 1989 5079 75.
2008 5028 2169 5080 Lahiis
2190 5033 2554 5092 comparantur,

1584 5163 1795 5214 Amictio
1835 5161 2050 5225 corporis
2090 5173 2262 5225 parum
2305 5161 2458 5222 utilis,
2486 5161 2548 5224 ll,

1583 5295 1850 5347 Emulatio
1872 5297 2032 5347 motus
2056 5294 2226 5358 animi,
2253 5295 2316 5354 11,
2343 5292 2456 5343 192.

1544 5430 1555 5442 ι
1585 5366 1718 5442 Agar
1742 5361 2190 5442 lqupsﬂsiagniﬁcet,
2242 5362 2281 5424 l,
2327 5361 2406 5410 11.
2435 5358 2559 5422 Quid

1515 5429 2188 5560 Sigxigcepi-(ii’pgrftﬁectione,
2215 5495 2254 5557 l,
2294 5493 2409 5544 194.
2435 5492 2558 5555 Quid

1585 5629 1791 5681 Alleluia
1816 5631 1864 5681 in
1890 5629 2031 5681 titulo
2059 5627 2376 5693 quorumdam
2417 5628 2558 5678 Psal-

1519 5709 1713 5750 morum
1735 5697 1811 5748 bis
1835 5697 2066 5763 positum,
2094 5699 2144 5748 et
2166 5709 2271 5759 cur,
2301 5696 2341 5760 l,
2367 5694 2484 5747 427.
2665 5693 2750 5744 88.

2716 4158 2962 4223 Allophyli
2986 4159 3176 4212 Iudaeos
3211 4153 3474 4222 denotant},
3503 4157 3544 4218 l,
3572 4153 3689 4205 189.

2717 4226 2978 4288 Alphabeti
3003 4227 3253 4291 inscriptio
3302 4226 3352 4275 in
3385 4223 3691 4276 dedicatione

2650 4292 2906 4357 Ecclesiae,
2929 4294 3012 4355 lll,
3034 4295 3114 4344 16.

2720 4355 3004 4412 Amalecita:
3028 4373 3148 4423 quos
3166 4359 3443 4422 designent,
3469 4357 3510 4419 1,
3541 4355 3655 4423 117.

2652 4425 2914 4480 Ambulare
2936 4419 3201 4480 secundum
3223 4419 3443 4485 carnem,
3479 4424 3541 4485 ll,
3575 4419 3689 4473 189.

2721 4495 2926 4544 Andreae
2986 4495 3193 4556 apostoli
3257 4490 3588 4544 testimonium
3633 4487 3694 4538 de

2654 4559 2989 4623 Eucharistia,
3015 4561 3056 4624 l,
3082 4563 3165 4612 67.

2724 4625 2900 4690 Augeli
2949 4620 3131 4679 nentes
3171 4626 3400 4678 dicuntur
3430 4620 3691 4690 etricurl.

2655 4693 2774 4744 564.
2809 4687 2993 4743 'Ventis
3023 4697 3384 4756 comparantur,
3409 4691 3451 4751 l,
3475 4689 3593 4756 537.
3621 4687 3694 4756 An

2655 4759 2914 4822 loquantur
2937 4761 3066 4812 inter
3087 4754 3158 4821 se,
3185 4761 3246 4820 ll,
3276 4759 3391 4810 136.
3417 4754 3622 4807 Nomina
3645 4755 3696 4803 et

2658 4827 2812 4878 oﬁ‘lcia
2836 4826 3113 4890 cessabunt,
3139 4828 3202 4891 11,
3246 4829 3358 4876 147.

2725 4895 2910 4945 Animae
2937 4884 3154 4956 nomina,
3189 4884 3245 4957 ’1,
3268 4893 3355 4943 89.
3394 4889 3536 4957 Vires
3569 4884 3695 4957 (illa.

2656 4961 2775 5010 556.
2803 4952 3148 5011 Ρεινὶωθηιιιῐιί
3167 4952 3301 5021 caro,
3363 4958 3406 5017 l,
3431 4955 3550 5004 475.
3577 4952 3702 5021 Qua-

2658 5029 2766 5077 tuor
2791 5026 3086 5089 principales
3125 5018 3354 5086 virtutes,
3380 5024 3421 5085 1,
3447 5021 3564 5089 484.
3583 5018 3699 5089 _Sa-

2659 5085 2856 5156 ginatur
2880 5085 3018 5144 bonis
3046 5093 3295 5156 operibus,
3340 5085 3380 5153 1,
3421 5087 3536 5156 112.
3575 5085 3696 5156 Quo-

2660 5149 2804 5210 modo
2836 5159 2986 5210 facies
3030 5149 3215 5210 habere
3260 5149 3468 5216 dicatur,
3513 5153 3556 5211 l,
3584 5149 3697 5200 494.

2659 5225 2912 5287 03,1.552.
2940 5226 3254 5286 Prasstantia,
3294 5226 3335 5274 1.
3364 5223 3477 5273 157.
3503 5219 3700 5287 ξιόιρζιι

2660 5284 2908 5343 hominem
2934 5293 3194 5355 aliquando
3218 5284 3464 5351 designat,
3503 5286 3576 5346 ll,
3620 5284 3699 5332 71.

2728 5361 2891 5412 Animi
2917 5361 3189 5429 passiones,
3218 5359 3304 5429 l,_i
3314 5357 3398 5429 εἶδέ
3527 5417 3546 5429 .
3597 5415 3683 5429 ...-

2729 5415 3032 5478 Annuntiare
3057 5415 3235 5477 dicitur
3246 5415 3313 5475 'de
3328 5422 3512 5481 futuro,
3527 5417 3566 5477 l,
3591 5415 3683 5465 187
3696 5449 3708 5462 .

2731 5495 2991 5609 ‘Aggetitus
3002 5492 3133 5544 aliud
3148 5494 3223 5542 est
3243 5501 3386 5553 quam
3408 5483 3706 5544 intellectus,

2664 5560 2702 5622 Ι,
2727 5560 2849 5610 489.

2732 5625 2904 5691 Apollo
2929 5621 3345 5687 archiepiscopus,
3361 5617 3606 5678 Corinth.,
3643 5615 3706 5668 ll.
