3938 6444
262 381 392 434 1161

331 503 673 554 Sabbatismus
695 503 830 567 quid,
859 503 922 566 ll,
950 503 1072 553 371.

333 571 668 620 Sacerdotium
694 572 875 621 Christi
902 572 1066 620 manet
1089 570 1137 619 in
1167 570 1310 620 aiter-

267 649 402 699 num,
431 639 492 700 ll,
520 639 638 687 375.
683 639 801 700 Ejus
841 636 1217 698 commendatio,
1249 637 1310 699 ll,

337 771 624 820 Sacerdotes
669 770 914 821 interdum
962 769 1172 832 episcopi
1222 781 1314 819 no-

276 837 470 898 minati,
499 839 561 899 ll,
587 838 705 888 256.
734 839 837 886 Non
863 836 1183 886 consecrandi
1206 837 1314 886 sine

274 903 516 965 examine,
545 905 607 966 ll,
633 904 750 953 329.
779 907 882 954 Non
915 904 1032 954 licet
1058 904 1115 952 iis
1141 903 1315 952 matri-

273 971 434 1019 monio
457 971 614 1032 jungi,
643 971 704 1033 ll,
737 972 853 1020 108.

340 1039 710 1086 Sacramentum
753 1036 889 1098 quasi
937 1039 1202 1098 secretum,
1253 1036 1314 1096 ll,

273 1102 391 1152 232.
416 1103 785 1154 Sacramentum
807 1103 1314 1163 confessioms,l,447,

275 1170 704 1285 lSlacgzgmentorum
727 1182 952 1233 quorum,
980 1169 1057 1234 qui
1084 1168 1316 1232 ministri,

325 1237 455 1298 ,88.

343 1303 625 1353 Sacrarium
654 1303 787 1366 quid,
815 1304 877 1362 ll,
909 1302 1026 1352 118.

345 1370 660 1433 Sacrilegium
688 1371 820 1433 quid,
848 1371 910 1432 ll,
939 1369 1024 1419 18.

343 1436 598 1486 Sacriﬁcia
622 1439 784 1486 votiva
809 1449 936 1498 quae,
965 1436 1003 1498 1,
1031 1435 1142 1485 165.

343 1503 602 1552 Sacrorum
639 1503 872 1554 librorum
907 1503 1086 1564 triplex
1127 1512 1316 1563 sensus,

348 1636 548 1698 Sagittae
569 1635 914 1686 mortalitatem
934 1634 1124 1698 signif.,
1138 1634 1179 1697 1,
1200 1634 1320 1684 118.

280 1703 564 1752 Sententias
588 1703 986 1765 praedicatorum,
1014 1703 1052 1766 1,
1083 1701 1198 1752 144.

347 1770 511 1820 Salem
537 1770 648 1830 quid
674 1771 790 1831 sig.,
817 1770 880 1830 ll,
907 1770 1026 1818 581.

349 1837 531 1886 Salices
551 1840 666 1885 sunt
691 1836 847 1897 impii,
880 1835 918 1896 l,
943 1835 1065 1885 514.

350 1903 578 1952 Salomon
606 1902 856 1964 pacificus,
883 1902 922 1963 1,
950 1901 1068 1951 266.

351 1969 650 2019 Samaritani
674 1970 775 2031 qui,
803 1969 864 2029 ll,
895 1969 1014 2018 119.

352 2037 585 2085 Sanctum
610 2039 910 2096 sanctorum,
937 2035 976 2097 l,
1005 2033 1124 2084 281.

351 2103 588 2152 Sanctum
613 2114 700 2164 pro
723 2101 942 2163 amabili,
970 2101 1009 2163 l,
1035 2100 1154 2150 391.

351 2169 517 2218 Sancti
544 2172 687 2231 egent
709 2169 1021 2229 remissione,
1048 2168 1089 2229 1,
1114 2166 1202 2216 94.

353 2235 506 2286 Orant
528 2247 614 2296 pro
632 2235 791 2296 nobis,
815 2235 853 2296 l,
878 2235 995 2284 520.
1017 2235 1198 2294 Etiam,
1221 2232 1333 2294 post

286 2304 519 2364 mortem,
547 2302 586 2363 l,
611 2303 729 2352 540.
754 2303 934 2352 Eorum
968 2299 1186 2363 exempla
1212 2311 1330 2348 mu-

288 2369 427 2419 niunt
452 2381 541 2418 nos
562 2371 731 2418 contra
773 2367 1047 2430 ingruentia
1091 2366 1240 2430 mala,
1267 2367 1330 2429 ll,

357 2502 631 2563 Sanguincs
654 2514 742 2564 pro
766 2503 985 2565 peccato,
1013 2501 1052 2563 l,
1080 2501 1198 2552 175.

358 2570 564 2631 Sanguis
585 2569 827 2619 interdum
852 2583 940 2633 pro
961 2572 1137 2632 morte,
1155 2568 1196 2631 l,
1218 2566 1334 2618 173.

292 2636 411 2698 Ejus
437 2635 558 2686 mira
584 2636 878 2698 commistio,
905 2637 968 2698 ll,
993 2635 1112 2686 251.

359 2703 655 2764 Sanguinem
675 2703 857 2754 Christi
881 2704 961 2764 qui
986 2703 1223 2766 pollutum
1239 2700 1333 2752 du-

294 2773 433 2830 cunt,
461 2770 522 2831 ll,
549 2770 670 2820 400.

360 2837 617 2898 Sapientes
644 2835 809 2887 mundi
834 2847 920 2899 per
965 2838 1231 2900 pereuntes
1252 2847 1340 2885 no-

296 2903 406 2964 tati,
435 2903 496 2963 ll,
521 2903 604 2952 88.

360 2970 608 3085 Sapientia
646 2969 846 3021 interior
887 2974 961 3020 est
1005 2969 1142 3032 quasi
1168 2969 1338 3032 adeps,

361 3106 498 3154 Sane
536 3104 656 3155 ﬁdes
695 3103 1084 3168 commendatur,
1127 3103 1189 3166 ll,
1217 3102 1336 3154 403.

297 3171 532 3231 Designat
556 3171 844 3234 Ecclesiam,
872 3171 935 3232 ll,
964 3173 1046 3221 11.

365 3239 479 3288 Saul
519 3241 725 3288 mortem
771 3239 1017 3301 designat,
1043 3238 1084 3302 Ι,
1110 3237 1194 3286 44.
1223 3237 1342 3300 Ejus

299 3305 649 3368 inobedientia,
677 3305 738 3368 ll,
765 3305 852 3355 44.

365 3373 560 3422 Satanae
599 3373 792 3423 tradere
829 3373 905 3422 est
945 3369 1342 3424 excommunica-

300 3451 376 3499 re,
403 3439 465 3500 ll,
499 3441 616 3489 101.

363 3507 584 3568 Scapulae
607 3504 851 3567 signiﬁcat
871 3506 1144 3559 doctrinam
1168 3507 1345 3572 pradi-

295 3575 540 3637 catorum,
567 3575 607 3635 1,
633 3573 752 3622 569.

301 3708 342 3757 Π
368 3639 597 3756 Sicgelntia‘.
621 3639 811 3704 modus,
829 3641 890 3705 ll,
914 3643 1030 3694 114.
1059 3641 1344 3712 Evacuatio,

352 3709 511 3769 ,157.

370 3775 637 3838 Scriptura:
674 3787 762 3825 cur
806 3775 1042 3836 obscurae,
1071 3777 1110 3839 l,
1137 3775 1224 3826 31.
1247 3777 1346 3826 De-

297 3841 508 3901 signatae
555 3853 642 3903 per
689 3843 967 3905 palpebras,
1013 3843 1051 3903 l,
1094 3844 1179 3893 51.
1232 3843 1347 3893 Plu-

303 3909 508 3970 viam,l,
525 3910 610 3958 31.
633 3909 1084 3972 Stateram,l,218.
1108 3911 1345 3972 Mensam,

301 3975 475 4038 1,253.
499 3975 730 4038 leos,l,
746 3977 868 4027 304.
897 3978 1075 4028 Earum
1100 3989 1350 4028 commen-

304 4042 461 4104 datio,
490 4043 529 4104 l,
557 4042 676 4091 548.

372 4109 656 4159 Scurrilitas
680 4108 816 4172 quid,
847 4109 909 4172 ll,
937 4108 1057 4159 249.

374 4177 577 4226 Scutum
601 4175 827 4239 designat
869 4175 1022 4226 falsas
1046 4175 1279 4238 rationes,
1308 4176 1348 4238 1,

374 4312 554 4360 Senum
580 4309 860 4371 instructio,
888 4310 950 4371 ll,
976 4308 1094 4358 549.

373 4379 557 4427 Sensus
582 4377 745 4427 mundi
787 4378 978 4426 vanitas
1021 4378 1116 4436 est,
1144 4375 1205 4434 ll,
1231 4373 1350 4424 246.

307 4444 532 4494 Hominis
568 4447 719 4505 porta:
763 4447 877 4494 sunt
917 4443 1114 4503 animae,
1143 4442 1202 4501 ll,
1231 4441 1352 4490 413.

375 4511 630 4574 Separatio
656 4523 684 4560 a
711 4512 940 4573 veritate,
986 4521 1126 4560 error
1168 4510 1262 4570 est,
1291 4508 1352 4569 ll,

379 4647 554 4696 Sermo
580 4643 691 4707 quid
717 4643 800 4704 sit,
827 4643 867 4706 1,
900 4639 1013 4692 192.

380 4705 630 4762 Sermonis
673 4709 825 4760 divini
856 4705 1099 4767 ’eilicacia,
1139 4707 1202 4769 ll,
1235 4705 1353 4756 372.

381 4783 644 4829 Servorum
675 4777 952 4837 instructio,
979 4775 1041 4836 ll,
1068 4773 1186 4822 349.

382 4846 579 4896 Servire
621 4845 858 4894 debemus
883 4845 982 4893 Deo
1005 4853 1115 4892 cum
1157 4843 1290 4892 metu
1312 4842 1360 4890 et

317 4912 622 4974 reverentia,
651 4911 712 4972 ll,
738 4910 857 4960 410.

381 4981 529 5042 Signa
555 4973 848 5040 ctprodigia
870 4976 1005 5039 quid,
1027 4976 1185 5038 ll,80.
1212 4973 1362 5026 Diﬁe-

321 5051 456 5109 runt,
484 5047 545 5108 ll,
571 5045 690 5095 363.

383 5107 686 5164 Sinai’mons
709 5111 760 5160 in
785 5109 988 5172 Arabia,
1016 5109 1078 5171 ll,
1104 5107 1224 5158 222.

385 5180 728 5230 Sinistrorsum
759 5177 826 5226 ire
853 5176 967 5238 quid
994 5176 1076 5237 sit,
1107 5176 1146 5237 l,
1175 5176 1261 5225 79.

387 5247 502 5298 Sion
524 5259 683 5308 mons,
707 5244 843 5308 plebs
862 5243 1162 5304 Judaaorum,
1185 5243 1224 5306 l,
1247 5243 1361 5294 154.

321 5317 415 5367 Pro
439 5313 683 5374 Ecclesia,
711 5313 750 5375 l,
776 5312 894 5361 555.

389 5381 472 5432 Sol
519 5379 684 5430 mundi
747 5377 1048 5429 creationem
1095 5376 1274 5442 desig.,
1325 5377 1365 5439 l,

391 5511 774 5577 Sollicitudines,
823 5524 973 5563 naves
1033 5510 1276 5574 dicuntur,
1326 5511 1367 5574 l,

392 5651 550 5700 Sonus
595 5659 686 5711 pro
728 5643 1224 5711 manifestationetl,
1254 5644 1367 5711 134.

391 5718 510 5769 Sors
551 5708 640 5778 pro
682 5712 942 5775 electione,
968 5711 1120 5775 1,90,
1145 5710 1208 5775 ll,
1250 5708 1370 5763 233.

473 5808 716 5864 Pin-non.
759 5803 939 5860 CLIII.

1474 377 1699 433 INDEX
1739 377 1812 433 IN
1850 377 1906 432 S.
1948 374 2361 433 BRUNONEM.

1460 503 1699 566 Spelunca
1725 503 1860 566 quid,
1888 503 1950 566 ll,
1977 503 2095 552 405.
2136 500 2319 551 Christi
2343 500 2437 550 hn-

1393 573 1625 632 manitas,
1655 572 1693 630 l,
1725 572 1839 620 194.

1459 640 1665 700 Sperare
1688 636 1834 687 corde
1854 636 2010 700 quid.,
2028 637 2067 699 1,
2087 636 2169 686 82.
2195 633 2399 685 Sensual
2418 658 2441 668 -

1393 707 1493 754 tate
1519 704 1655 765 quid,
1684 705 1722 766 1,
1751 704 1834 752 82.

1460 773 1667 833 Sper-are
1689 772 1886 821 beatum
1908 772 2002 832 est,
2029 771 2091 831 11,
2117 769 2237 818 254.

1460 840 1581 900 Spes
1607 851 1714 900 quae
1739 839 1821 900 sit,
1850 838 1911 899 ll,
1936 838 2020 896 28,
2050 838 2134 896 48,
2162 836 2280 885 511.

1458 899 1607 967 spina
1626 899 1679 954 in
1701 916 1904 966 corpore
1925 905 2137 953 humano
2157 903 2337 964 quid,l,
2353 899 2438 950 93.

1461 971 1672 1033 Spiritus
1696 972 1809 1033 quid
1835 971 2124 1033 appelletur.
2148 970 2188 1030 Ι,
2216 970 2331 1019 172.

1463 1039 1672 1099 Spiritus
1687 1038 1844 1087 sancti
1867 1037 2081 1098 agilitas,
2101 1036 2141 1096 1,
2163 1035 2214 1085 2.
2238 1038 2273 1086 Α
2297 1037 2441 1088 Patre

1398 1109 1445 1156 et
1471 1105 1593 1154 Filio
1635 1104 1871 1167 procedit,
1899 1104 1938 1166 l,
1970 1103 2084 1164 172,
2122 1103 2183 1164 ll,
2210 1103 2293 1152 46.
2337 1105 2442 1153 Non

1399 1173 1558 1222 minor
1583 1171 1726 1221 Patre
1752 1173 1802 1220 et
1825 1171 1967 1230 Filio,
1990 1169 2052 1231 ll,
2079 1168 2162 1217 48.
2192 1169 2443 1230 Quomodo

1397 1239 1627 1302 postulet,
1668 1238 1730 1299 ll,
1756 1237 1840 1287 48.
1888 1235 2134 1298 Quomodo
2176 1239 2438 1299 scrutatur,

1399 1307 1461 1368 ll,
1481 1306 1564 1354 95.
1591 1306 1740 1354 Datur
1759 1317 1844 1368 per
1865 1302 2224 1365 impositionem
2248 1315 2439 1363 manus,

1399 1373 1462 1433 ll,
1507 1371 1622 1422 525.
1666 1372 1752 1420 Est
1777 1371 1925 1420 arrha
1950 1369 2350 1432 immortalitatis,
2377 1370 2440 1432 11,

1402 1440 1484 1489 17.
1531 1437 1674 1489 Calor
1715 1437 1912 1498 dicitur,
1939 1437 1979 1500 l,
2017 1436 2099 1483 55.
2147 1436 2370 1497 Flumen,
2399 1437 2438 1499 1,

1402 1505 1518 1555 150.
1548 1507 1742 1566 Auster,
1771 1505 1810 1565 1,
1837 1504 1954 1553 522.
1996 1503 2322 1554 Misericordia
2347 1505 2443 1553 Pa-

1402 1573 1491 1622 tris
1517 1575 1565 1621 et
1585 1572 1713 1632 Filii,
1735 1571 1774 1633 l,
1796 1571 1912 1620 478.
1933 1569 2122 1620 Certior
2141 1569 2190 1619 in
2213 1570 2442 1633 apostolis

1402 1651 1548 1702 quam
1580 1639 1627 1687 in
1655 1638 1936 1700 prophetis,
1967 1638 2027 1698 ll,
2060 1635 2143 1685 47.
2170 1635 2291 1699 Ejus
2314 1637 2441 1687 dona

1403 1719 1492 1768 per
1518 1710 1700 1755 terram
1726 1704 2064 1768 promissionis
2089 1703 2360 1764 designata.
2389 1704 2440 1767 l,

1403 1771 1522 1822 512.
1551 1773 1786 1822 Futurum
1812 1771 1903 1834 ipsi
1924 1783 2142 1836 praisens
2159 1771 2324 1836 est,Al.
2351 1769 2404 1820 2.

1475 1837 1697 1889 Stadium
1725 1839 1859 1902 quid,
1883 1834 1938 1889 et
1955 1839 2103 1899 unde,
2127 1837 2188 1897 ll,
2219 1834 2334 1902 120.

1473 1907 1614 1956 Stare
1639 1905 1818 1954 dicitur
1841 1905 2054 1967 operari,
2078 1903 2117 1964 l,
2146 1901 2266 1953 110.

1474 1972 1638 2022 Stella:
1660 1971 1915 2034 designant
1931 1969 2251 2034 particulares
2275 1969 2443 2021 Eccle-

1409 2038 1525 2100 sias,
1553 2039 1592 2102 l,
1618 2038 1702 2088 21.

1476 2107 1664 2168 Stigma
1701 2106 1834 2168 quid,
1860 2106 1924 2165 li,
1951 2105 2071 2156 229.

1477 2171 1780 2235 Stipendium
1809 2172 1943 2235 quid,
1973 2173 2035 2235 ll,
2063 2170 2154 2222 38.

1479 2240 1697 2289 Stratum
1722 2238 1856 2302 quid,
1877 2240 1916 2298 1,
1943 2238 2063 2288 521.

1416 2306 1789 2423 Ηῗιὼεεωηπθ
1813 2305 1944 2369 quid,
1989 2305 2034 2370 ι,
2068 2305 2120 2368 6,
2165 2303 2207 2367 1,
2246 2303 2362 2366 107,
2404 2302 2444 2366 I,

1480 2439 1881 2502 Superrediﬁcare
1908 2439 2015 2502 quis
2039 2439 2246 2505 dicatur,
2271 2441 2335 2504 ll,
2358 2440 2444 2503 95,

1483 2507 1720 2569 Superbia
1735 2507 1963 2557 delictum
1981 2507 2246 2558 maximum
2265 2511 2315 2558 et
2339 2520 2448 2571 cur,

1416 2573 1456 2636 l,
1483 2575 1568 2624 57.
1598 2575 1689 2623 Per
1713 2585 1861 2623 cornu
1895 2573 2147 2633 designata
2170 2614 2184 2637 ,
2228 2575 2280 2638 1,
2329 2575 2448 2626 287.

1415 2640 1656 2691 Vitiorum
1679 2641 1896 2690 omnium
1922 2641 2114 2704 regina,
2141 2641 2181 2706 l,
2204 2641 2328 2693 287.
2360 2643 2451 2693 Pa-

1417 2719 1519 2758 rem
1547 2720 1641 2758 non
1666 2708 1868 2770 patitur,
1896 2708 1957 2768 ll,
1983 2707 2110 2757 227.

1484 2775 1775 2837 Superstitio
1798 2774 1932 2836 quid,
1957 2774 2020 2835 ll,
2047 2774 2166 2824 283.

1484 2842 1741 2903 Synagoga
1792 2845 1907 2892 ante
1957 2841 2139 2892 Christi
2189 2842 2454 2895 adventum

1419 2909 1594 2972 qualis,
1623 2909 1660 2971 l,
1689 2909 1809 2959 161.

1485 2975 1626 3038 Syria
1650 2975 1765 3040 quid
1798 2975 2062 3041 signiﬁcat,
2089 2977 2130 3039 Ι,
2157 2975 2276 3029 207.

1917 3135 1967 3196 Τ

1489 3292 1877 3345 Tabernaculum
1903 3305 1990 3356 pro
2015 3294 2188 3345 militia
2207 3332 2222 3356 ,
2251 3293 2289 3355 1,
2337 3291 2456 3344 211.

1422 3364 1594 3424 Domo,
1624 3362 1662 3420 l,
1689 3362 1808 3411 256.

1489 3429 1690 3479 Tabulae
1715 3427 1963 3490 Decalogi,
1991 3429 2051 3490 ll,
2079 3428 2198 3479 252.

1491 3496 1821 3559 Tempestatis
1857 3496 2056 3546 nomine
2103 3495 2351 3547 daemones
2397 3495 2460 3547 si-

1426 3563 1572 3628 ειη,
1598 3564 1635 3626 l,
1666 3565 1750 3614 61.

1492 3631 1702 3693 Tempus
1720 3630 1903 3680 Christi
1932 3628 2114 3682 dicitur
2151 3643 2463 3682 consumma-

1425 3697 1512 3759 tio,
1542 3698 1602 3759 ll,
1629 3699 1745 3748 595.
1772 3697 1939 3748 Gratia
1986 3698 2234 3761 plenitudo
2274 3704 2463 3761 tempo-

1428 3764 1497 3813 ris
1521 3763 1720 3826 dicitur,
1750 3765 1812 3827 ll,
1839 3764 1959 3814 252.
2004 3768 2214 3829 Tempus
2254 3778 2342 3828 pro
2385 3765 2464 3816 de-

1427 3830 1577 3892 fectu,
1605 3832 1644 3893 l,
1668 3831 1786 3881 329.
1814 3831 2029 3894 Tempus
2055 3845 2149 3895 quo
2185 3833 2300 3882 licet
2344 3845 2465 3894 pra:-

1426 3896 1612 3961 dicarc,
1632 3899 1670 3957 l,
1689 3898 1806 3949 552.
1829 3899 2042 3962 Tempus
2063 3900 2304 3949 redimere
2329 3898 2462 3961 quid,

1429 3964 1492 4022 ll,
1517 3966 1636 4015 250.
1663 3965 1830 4016 Perdit
1851 3966 1932 4028 qui
1957 3965 2082 4015 male
2107 3967 2228 4030 agit,
2257 3967 2320 4030 11,
2344 3967 2462 4015 250.

1429 4031 1540 4082 Dies
1567 4033 1720 4082 malus
1745 4031 1947 4094 dicitur,
1974 4033 2038 4094 ll,
2064 4032 2183 4083 255.

1501 4099 1843 4150 Tentationum
1871 4100 1964 4148 tria
1990 4111 2182 4162 genera,
2215 4100 2252 4161 1,
2280 4099 2399 4150 371.

1499 4168 1654 4216 Terra
1677 4167 1868 4216 Iudaeos
1891 4165 2080 4229 signif.,
2109 4179 2240 4217 mare
2261 4165 2470 4230 gentiles

1433 4236 1472 4298 1,
1500 4233 1619 4282 258.
1975 4266 1983 4277 .

1501 4303 1871 4350 Testamentum
1897 4303 2038 4350 vetus
2061 4299 2232 4350 umbra
2258 4300 2366 4350 novi
2388 4339 2401 4361 ,
2429 4299 2468 4360 1,

1434 4369 1554 4419 493.
1583 4369 1770 4418 Novum
1797 4379 1893 4416 non
1933 4367 2104 4417 fuisset
2130 4367 2471 4418 conﬁrmatum

1436 4436 1529 4486 nisi
1554 4435 1776 4484 Christus
1803 4436 2024 4484 mortuus
2047 4434 2242 4495 fuisset,
2267 4435 2329 4496 ll,
2380 4432 2468 4483 39.

1503 4503 1870 4552 Testamentum
1895 4513 2037 4552 suum
2063 4501 2233 4552 habuit
2271 4499 2474 4564 quilibet

1437 4570 1695 4633 propheta,
1723 4569 1784 4628 ll,
1809 4568 1929 4617 237.

1505 4630 1708 4685 Tharsis
1733 4635 1846 4696 quid
1868 4630 2060 4697 signiﬁ,
2088 4635 2128 4697 1,
2154 4633 2278 4684 270.

1505 4702 1792 4752 Timotheus
1826 4714 1854 4750 a
1895 4702 2042 4752 Paulo
2085 4713 2366 4762 conversus,
2413 4700 2474 4762 11,

1439 4771 1556 4820 311.
1583 4768 1692 4818 Fuit
1732 4767 1984 4831 episcopus
2027 4768 2368 4832 Ephesiorum,
2413 4767 2474 4829 ll,

1441 4836 1560 4887 520.

1508 4903 1677 4954 Timor
1713 4901 1894 4954 Christi
1935 4904 2049 4954 ante
2086 4903 2378 4966 passionem,
2435 4901 2476 4964 l,

1510 5037 1734 5088 Timores
1757 5035 1871 5096 duo,
1899 5037 1938 5100 1,
1977 5037 2062 5088 56.

1512 5106 1682 5156 Timor
1703 5104 1896 5154 servilis
1920 5105 1996 5156 via
2021 5103 2082 5156 ad
2115 5102 2343 5156 timorem
2392 5113 2478 5152 ca-

1447 5176 1598 5232 stum,
1625 5173 1665 5233 l,
1691 5171 1808 5220 449.

1515 5238 1704 5288 Titulus
1725 5237 1906 5289 Christi
1932 5249 2028 5288 non
2068 5233 2478 5300 corrumpen'ius,

1515 5372 1663 5422 Tituli
1688 5372 2013 5434 Psalmorum,
2038 5372 2077 5422 1.
2105 5373 2156 5421 5.
2183 5371 2368 5422 Eorum
2424 5382 2486 5420 u-

1449 5442 1555 5490 ctor
1580 5440 1780 5501 Esdras,
1808 5439 1848 5502 1,
1874 5439 1992 5488 266.

1516 5507 1752 5569 Topazius
1777 5505 1900 5568 lapis
1922 5504 2186 5568 pretiosus,
2217 5505 2413 5556 1:500.

1517 5573 1803 5623 Torcularia
1851 5577 1964 5622 sunt
2029 5572 2278 5631 Ecclesiae,
2330 5575 2368 5634 l,
2395 5570 2479 5621 20.

1450 5641 1700 5692 Pressura:
1723 5638 2111 5701 tribulationum,
2137 5639 2177 5701 l,
2205 5639 2325 5688 555.

1519 5707 1879 5759 Tribulationcs
1915 5719 2002 5759 cur
2047 5704 2335 5768 quibusdam
2361 5703 2488 5758 inlli-

3433 373 3571 428 1162

2523 502 2719 561 guntur,
2754 499 2816 560 ll,
2860 498 2978 550 240.
3025 498 3272 549 Vocantur
3314 498 3504 556 ﬂuctus,
3532 497 3571 558 1,

2528 569 2640 616 155.
2669 567 2843 616 Vinum
2869 579 3232 629 compungens,
3261 566 3300 629 1,
3327 565 3448 616 210.
3475 564 3570 615 Ea-

2525 647 2631 684 rum
2658 634 2836 692 virtus,
2864 635 2924 695 ll,
2952 633 3041 682 30.

2593 701 2846 751 Tributuni
2875 701 3008 762 quid,
3033 701 3094 761 ll,
3119 699 3205 750 72.

2592 768 2810 817 Trinitas
2835 766 2883 816 in
2924 767 3166 830 personis,
3193 766 3357 816 unitas
3396 765 3446 816 in
3491 777 3574 817 es-

2525 835 2702 896 sentia,
2730 835 2791 884 11.
2821 836 2937 884 155.
2961 834 3170 896 Judicat,
3201 834 3237 892 l,
3267 831 3386 883 266.
3413 833 3573 894 Signi-

2526 901 2699 951 ﬁcatur
2736 914 2764 951 a
2795 902 3073 962 Psalmista,
3101 901 3138 961 l,
3166 901 3286 949 525.
3325 899 3446 960 Ejus
3491 900 3568 951 Si-

2527 968 2794 1030 gniﬁcatio,
2815 969 2854 1031 1,
2875 969 2994 1017 376.
3013 967 3368 1029 Praeﬁguratio,
3384 967 3423 1024 l,
3437 966 3562 1016 383.

2527 1035 2694 1084 Brevis
2714 1039 2761 1084 et
2781 1035 2906 1085 bona
2931 1035 3217 1094 declaratio,
3245 1034 3309 1096 ll,
3333 1033 3420 1097 67,
3441 1031 3564 1084 372.

2525 1102 2647 1152 Eam
2668 1102 2804 1152 Plato
2829 1101 3044 1163 agnovit,
3070 1101 3112 1162 l,
3137 1100 3262 1150 429.

2593 1169 2792 1231 Triplex
2814 1170 3106 1231 scriptorum
3129 1179 3322 1229 sensus,
3348 1166 3388 1228 1,
3415 1168 3469 1217 1.

2593 1236 2731 1286 Tuba
2755 1248 2818 1286 an
2854 1232 3102 1298 prazcedat
3147 1233 3560 1286 resurrectionem

2526 1436 2567 1486 Π
2593 1369 2964 1486 'Iéiigitudinem
2989 1368 3102 1431 quid
3121 1370 3260 1421 vocet
3277 1367 3558 1432 Apostolus,

2591 1504 2744 1554 Tutor
2767 1503 2876 1568 quis
2897 1504 3097 1565 dicitur,
3114 1504 3179 1565 ll,
3205 1502 3323 1554 217.

2592 1570 2918 1634 Tympanum,
2948 1572 2985 1631 l,
3011 1572 3133 1621 100.
3165 1571 3338 1622 Carnis
3386 1571 3561 1622 morti-

2526 1635 2797 1688 ﬁcationem
2825 1638 3016 1699 signiL,
3045 1638 3083 1699 l,
3106 1637 3224 1688 526.

2591 1705 2968 1766 Tympanistriaa
2990 1716 3116 1766 quae,
3144 1705 3184 1767 1,
3206 1703 3290 1755 47.

2525 1837 2543 1886 1
2591 1773 2750 1888 ξὶνὲιιε
2774 1771 3098 1835 gentilitatem
3122 1771 3314 1835 desig.,
3341 1771 3381 1836 1,
3435 1771 3552 1835 146,

2552 1876 2565 1888 .
2627 1855 2656 1888 0
2698 1874 2711 1888 .

2550 1876 2565 1902 ,
2592 1839 2711 1888 333.

3005 1929 3062 1991 U

2593 2090 2721 2144 Ultio
2745 2089 2891 2153 bona,
2919 2089 2961 2151 1,
2987 2088 3106 2140 520.

2593 2158 2781 2222 Ungula
2797 2155 3144 2208 discretionem
3166 2155 3356 2220 signif.,
3377 2157 3417 2220 1,
3439 2155 3560 2208 257.

2594 2226 2868 2277 Unicornes
2893 2222 3046 2275 Judaei
3074 2237 3162 2274 cur
3185 2224 3326 2279 dicti.
3354 2225 3394 2288 I,
3423 2225 3509 2274 83.

2595 2295 2756 2343 Unum
2775 2290 3076 2355 sequendum
3094 2303 3188 2341 non
3213 2291 3328 2351 duo,
3354 2291 3416 2354 ll,
3442 2289 3562 2342 267.

2593 2359 2752 2476 gnra
2777 2371 2943 2423 poenas
2963 2361 3173 2410 aeternas
3187 2357 3352 2421 signif.
3383 2362 3432 2409 et
3453 2369 3565 2421 nu.,

2599 2494 2778 2544 Uterus
2799 2505 2885 2557 pro
2909 2493 3245 2558 conceptione,
3264 2493 3305 2553 l,
3335 2491 3451 2543 198.

2600 2561 2732 2613 Uxor
2758 2573 2843 2614 cur
2871 2574 2899 2612 a
2924 2561 3032 2613 viro
3063 2557 3334 2624 diligenda,
3360 2559 3422 2624 ll,
3447 2557 3568 2611 251.

3031 2732 3090 2796 V

2604 2893 2823 2957 Vectigal
2850 2893 2986 2956 quid,
3014 2893 3079 2956 ιι,
3107 2891 3191 2944 7e.

2536 2961 2769 3080 26genus
2790 2961 3041 3012 .ludaicum
3062 2959 3290 3024 populum
3312 2959 3504 3024 signit,
3530 2957 3570 3024 l,

2605 3095 2795 3146 Veniali
2817 3101 3020 3158 peccato
3044 3107 3190 3146 nemo
3212 3094 3353 3157 liber,
3380 3095 3421 3156 l,
3447 3093 3568 3146 228.

2606 3163 2795 3212 Venter
2820 3163 3084 3213 multorum
3112 3164 3255 3223 Deus,
3283 3163 3343 3216 ll.
3385 3161 3505 3212 268.

2606 3229 2723 3292 Ver,
2751 3229 2985 3280 bonorum
3011 3241 3212 3292 operum
3254 3229 3470 3280 laborem
3495 3229 3578 3280 de-

2540 3298 2728 3361 signat,
2751 3296 2792 3360 l,
2813 3296 2934 3346 285.

2607 3363 2821 3413 Verbum
2847 3363 3015 3414 folium
3039 3363 3236 3418 dicitur,
3280 3367 3330 3414 et
3379 3375 3488 3423 cur,
3536 3361 3578 3426 1,

2540 3431 2624 3484 36.
2653 3431 2737 3479 Dei
2760 3429 2906 3492 ﬁlius,
2929 3431 2966 3491 l,
2994 3430 3107 3480 142.
3135 3431 3254 3492 Quid
3274 3431 3360 3492 sit,
3386 3431 3427 3495 1,
3454 3429 3534 3480 19.

2606 3497 2786 3547 Verte:
2811 3509 2899 3559 pro
2923 3497 3170 3560 superbia,
3198 3498 3238 3560 1,
3266 3495 3385 3546 246.

2606 3563 2800 3614 Veritas
2837 3563 3061 3614 umbram
3095 3562 3466 3630 fugareidebet,
3512 3563 3578 3630 11,

2540 3633 2624 3684 39.
2651 3631 2921 3682 Membrum
2944 3630 3150 3691 Christi,
3177 3631 3240 3686 11.
3265 3629 3384 3681 247.

2607 3698 2934 3760 Vespasianus
2957 3710 3080 3764 aper
3103 3697 3164 3748 de
3190 3697 3330 3758 silva,
3376 3697 3414 3759 l,
3451 3697 3572 3748 324.

2609 3765 2795 3827 Vesper
2821 3778 2905 3814 cur
2954 3767 3109 3816 Adam
3155 3764 3352 3826 dicitur,
3407 3764 3444 3827 l,
3484 3765 3572 3815 85.

2545 3834 2684 3884 .Etas
2709 3835 2848 3882 sexta
2874 3831 3046 3891 1,204.
3074 3831 3374 3893 Adversitas,
3391 3831 3429 3894 1,
3453 3831 3574 3882 229.

2544 3899 2850 3950 Vestimenta
2874 3899 3058 3951 Christi
3089 3898 3244 3950 divisa
3286 3897 3400 3963 quid
3447 3897 3582 3951 desi-

2547 3971 2714 4030 gnent,
2743 3967 2782 4028 1,
2809 3967 2892 4016 64.

2613 4033 2902 4084 Vetularum.
2933 4034 3153 4090 morbus,
3179 4033 3242 4095 ll,
3268 4033 3388 4084 349.

2613 4100 2780 4151 Viduas
2805 4113 2930 4150 verae
2954 4113 3079 4163 quas,
3127 4101 3188 4164 ll,
3235 4100 3354 4151 327.
3402 4101 3584 4154 Earum

2549 4166 2677 4217 bona
2697 4166 2900 4228 judicia,
2927 4167 2986 4229 ll,
3013 4168 3131 4217 527.

2614 4233 2716 4283 Via:
2742 4233 2931 4283 Domini
2955 4247 3082 4297 quae,
3107 4235 3146 4294 l,
3175 4233 3259 4296 72,
3285 4234 3326 4298 1,
3354 4233 3440 4286 79.

2617 4301 2900 4362 Vigiliarum
2927 4300 3310 4360 commendatio,
3337 4302 3377 4364 1,
3403 4301 3524 4354 220.

2616 4367 2779 4416 Vineae
2805 4367 2890 4416 Dei
2915 4370 3027 4417 sunt
3052 4369 3456 4432 congregationes
3483 4368 3586 4422 cle-

2554 4434 2765 4484 ricorum
2792 4436 2842 4484 et
2869 4435 3237 4496 monachorum,
3269 4435 3306 4493 l,
3330 4436 3448 4486 434.

2622 4500 3152 4617 Vilnuéliocompungens
3175 4501 3354 4552 dicitur
3389 4501 3587 4554 tribula-

2556 4568 2644 4628 tio,
2672 4568 2712 4628 l,
2738 4568 2856 4617 210.

2621 4634 2796 4685 Vinum
2838 4634 3134 4698 septiformis
3180 4636 3351 4700 gratiae
3389 4637 3593 4700 spiritus

2556 4702 2737 4763 sancti,
2765 4703 2803 4763 l,
2832 4702 2950 4752 410.

2625 4768 2747 4818 Vino
2773 4769 2840 4819 uti
2866 4770 3119 4821 stomacho
3144 4772 3359 4834 prodest,
3383 4771 3444 4832 ll,
3466 4769 3588 4822 329.

2623 4833 2709 4885 Vir
2732 4835 2883 4898 gloria
2919 4837 3026 4899 Dei,
3055 4837 3116 4900 ll,
3147 4833 3268 4889 127.
3309 4833 3464 4903 Caput
3489 4849 3596 4890 mu-

2557 4901 2715 4963 lieris,
2741 4903 2938 4966 11,230,
2964 4903 3025 4967 ll,
3052 4905 3171 4955 106.
3199 4906 3320 4967 Ejus
3345 4901 3476 4956 mors
3500 4907 3598 4959 sol-

2558 4970 2630 5020 vit
2656 4971 2911 5022 mulierem
2939 4984 2966 5021 a
2991 4971 3098 5034 lege
3123 4973 3235 5034 viri,
3263 4974 3324 5034 ll,
3351 4973 3437 5024 39.

2626 5036 2728 5088 Viri
2752 5039 3042 5101 sanguinum
3067 5040 3291 5092 dicuntur
3315 5041 3593 5093 animarum

2561 5102 2924 5166 interfectores,
2953 5106 2992 5168 l,
3017 5107 3102 5157 76.

2627 5170 2775 5240 Virga
2800 5174 2850 5222 et
2873 5173 3095 5224 baculum
3120 5173 3239 5238 quid
3258 5175 3374 5240 sig.,
3396 5176 3437 5236 l,
3475 5177 3564 5228 69.

2629 5236 2775 5306 Virga
2801 5241 2961 5290 Aaron
2987 5241 3102 5303 quid
3134 5236 3250 5306 sig.,
3280 5236 3496 5306 11,7391.

2629 5304 2776 5374 Virga
2803 5307 2929 5374 regis
2944 5320 3088 5358 cerea
3115 5321 3220 5359 esse
3239 5304 3391 5374 'solet,
3411 5312 3606 5374 11,360.

2630 5371 2915 5442 Virginitas
2944 5387 3021 5442 an,
3040 5381 3314 5442 praecepta,
3359 5371 3421 5442 ll,
3463 5371 3603 5433 ⁷111.

2564 5438 2678 5501 Quae
2705 5440 2971 5503 meritoria,
3008 5441 3070 5502 ll,
3097 5438 3218 5492 542.

2632 5505 2848 5577 Virtutes
2874 5511 3079 5577 quatuor
3105 5511 3422 5577 principales,
3448 5512 3487 5577 l,
3516 5515 3606 5566 38.

2632 5571 2837 5624 Virtutis
2869 5571 3117 5636 deﬁnitio,
3139 5576 3176 5638 1,
3347 5571 3434 5629 Est
3472 5571 3614 5634 cibus

2565 5639 2826 5711 ani-inab],
2865 5641 2992 5690 32.8.
3039 5642 3236 5711 Perﬁcit
3263 5644 3548 5711 inﬁrmitas,
3580 5649 3622 5700 ll

2573 5706 2690 5760 193.
2715 5705 2837 5770 Ejus
2861 5719 3017 5773 arma,
3046 5709 3108 5774 ll,
3135 5709 3262 5764 255.

3406 5807 3478 5859 37
