3938 6412
276 338 417 391 1165
1044 333 1241 392 ORDO
1278 333 1528 393 BERUM
1563 332 1724 404 ρυλε
1763 332 1831 388 1N

2053 331 2250 395 TOMO
2286 333 2827 392 CONTINENTUR.
2914 392 2919 396 ,
3456 333 3596 387 1166

271 467 413 507 suam
450 455 709 509 utilitatem
747 456 1047 521 quibuslibet
1076 458 1327 522 prosperis
1358 462 1408 509 et
1446 457 1685 511 adversis.
1791 452 1893 506 619
2059 457 2179 507 CAP.
2207 458 2396 508 XLVII.
2427 481 2491 496 -
2517 459 2586 509 De
2606 457 2808 521 pistore.
3499 455 3598 522 729

342 523 465 572 Car.
490 523 617 573 XIV.
646 549 711 562 -
736 525 810 575 De
835 521 1218 576 adversitatibus
1255 524 1403 586 hujus
1446 525 1633 585 saeculi,
1680 523 1892 585 qualiter
2058 524 2178 573 CAP.
2206 525 2418 575 XLVIII.
2445 550 2510 561 —
2559 525 2627 574 De
2651 528 2836 574 sutore.
3496 521 3597 574 7‘29

279 588 544 640 tolerandae
581 595 715 654 sunt,
762 589 876 654 quia
922 604 1015 654 per
1060 604 1143 642 eas
1181 592 1401 653 cogimur
1440 592 1628 642 utiliter
1652 590 1713 641 ad
1738 592 1890 640 Deum
2056 591 2175 642 Car.
2205 591 2375 641 XLIX.
2405 616 2471 628 -—
2495 592 2565 641 De
2583 591 2844 654 praeposito
2862 588 3190 649 agriculture.
3496 588 3597 639 729

278 654 457 704 redire.
1791 655 1890 706 6:20
2058 658 2176 706 Car.
2204 658 2261 706 L.
2290 682 2355 693 -
2379 659 2447 707 De
2475 658 2709 720 magistro
2736 661 3004 720 pastorum.
3498 654 3597 707 729

346 721 467 771 Car.
494 723 598 773 XV.
621 749 688 762 -
711 725 781 775 De
816 736 932 775 vera
957 724 1225 786 patientia,
1252 736 1345 786 qua
1382 724 1622 775 tolerandi
1654 728 1702 774 ct
1726 735 1891 773 aman-
2058 726 2176 774 Cu».
2204 725 2287 774 LI.
2315 750 2369 759 —
2401 725 2503 785 Quo
2531 728 2748 785 tempore
2775 724 2940 773 vinum
2967 723 3147 773 fratres
3165 721 3406 774 habeant.
3497 721 3588 773 731

281 785 329 837 di
355 794 469 838 sunt
494 793 778 853 peceatores
804 795 854 841 et
891 785 1094 853 infirmi,
1139 790 1218 852 pie
1261 785 1503 853 sperando
1534 790 1887 842 correctionem
2056 791 2173 840 CAP.
2202 791 2307 840 LII.
2333 816 2398 827 —
2423 792 2491 840 De
2511 791 2699 851 jejunio
2723 791 2957 840 fratrum.
3271 852 3277 853 ί
3494 789 3592 839 733

281 866 470 905 eorum.
502 852 505 853 ⁷
544 882 549 887 -
1081 852 1087 853 ⁷
1292 852 1299 853 ⁷
1789 855 1881 905 6:21
2055 859 2168 907 CSP.
2191 858 2317 907 LIII.
2344 882 2409 893 —
2437 857 2539 917 Quo
2565 862 2784 918 tempore
2808 860 3068 907 vescantur
3082 852 3312 906 avenario
3326 868 3472 919 pane.
3494 854 3595 906 735

345 922 464 971 ΟΑΡ.
496 923 624 973 XVI.
655 948 722 960 —
744 925 812 974 De
837 924 918 987 pia
951 924 1289 986 compassione
1315 926 1364 974 et
1395 923 1718 975 medicamine
1743 922 1887 972 iutir-
2054 926 2174 975 CAP.
2200 924 2326 975 LIV.
2352 949 2417 960 —
2443 925 2510 973 De
2541 922 2807 975 minutione
2829 935 3016 973 eorum.
3493 924 3592 974 737

278 998 486 1049 morum,
514 994 564 1040 et
597 991 836 1052 quomodo
863 996 1023 1041 mente
1047 991 1329 1053 incorrupta
1373 990 1632 1041 vivendum
1660 993 1734 1039 est
1758 988 1889 1038 inter
2054 992 2173 1041 CAP.
2201 992 2301 1040 LV.
2324 1016 2390 1027 —
2416 992 2483 1039 De
2508 988 2701 1038 silentio
2724 988 2784 1038 ad
2807 989 3082 1051 prandium.
3495 989 3593 1041 737

281 1066 387 1104 eos.
1786 1055 1885 1104 622
2053 1062 2173 1110 CAP.
2203 1058 2330 1108 LVI.
2353 1082 2413 1092 —
2443 1055 2567 1116 Quid
2590 1054 2833 1116 agendum
2857 1055 2922 1105 sit
2948 1057 2997 1104 in
3021 1054 3269 1116 periculis.
3493 1056 3593 1106 737

349 1120 468 1170 Car.
495 1123 645 1174 XVII.
672 1148 739 1160 —
756 1125 825 1175 De
852 1124 1031 1175 virtute
1056 1127 1109 1174 et
1145 1123 1318 1174 ell'eetu
1361 1122 1543 1174 amoris
1584 1122 1673 1173 Dei
1695 1125 1748 1172 et
1782 1134 1888 1183 pro-
2054 1126 2176 1174 CAP.
2202 1124 2350 1175 LVII.
2375 1148 2441 1161 —
2464 1123 2535 1173 De
2558 1122 2737 1171 vestitu
2760 1122 2970 1172 fratrum
2996 1125 3046 1171 et
3068 1120 3353 1174 utensilibus
3399 1123 3575 1174 cellre.~

283 1186 424 1253 nimi,
452 1193 503 1239 et
537 1191 946 1251 quemadmodum
969 1192 1189 1241 charitas
1230 1190 1439 1253 optanda
1480 1192 1557 1240 est
1603 1193 1652 1239 et
1699 1189 1888 1251 impen-
3496 1187 3592 1241 737

285 1250 462 1305 denda.
553 1250 565 1251 ⁷
1261 1250 1275 1253 ’
1774 1250 1885 1305 ⁷624
2053 1257 2171 1307 CAP.
2199 1257 2368 1308 LVIII.
2396 1281 2461 1292 —
2485 1253 2622 1318 Quod
2642 1253 2869 1317 loquendi
2908 1267 3019 1304 cum
3059 1256 3308 1307 extraneis
3342 1255 3592 1307 licentiam

350 1321 469 1371 Car.
495 1323 668 1373 XVIII.
708 1348 771 1361 -
799 1325 867 1374 De
904 1325 1118 1386 perfecta
1144 1324 1425 1384 angelorum
1457 1322 1679 1385 justitia,
1707 1324 1757 1371 et
1778 1333 1885 1382 quae
1986 1334 2084 1372 non
2103 1329 2347 1386 quaerunt.
3494 1322 3593 1372 739

282 1384 348 1436 sit
384 1385 662 1440 differentia
687 1390 817 1440 inter
830 1384 1075 1451 justitiam
1116 1391 1308 1440 illorum
1332 1393 1383 1439 ct
1408 1398 1648 1439 nostram.
1786 1387 1885 1437 6‘27
2052 1384 2170 1440 Car.
2198 1392 2328 1441 LIX.
2360 1415 2410 1427 -
2442 1385 2564 1452 Quid
2591 1388 2676 1438 tlat
2701 1386 2760 1438 de
2787 1400 2838 1437 re
2864 1387 3006 1443 alicui
3032 1391 3253 1440 nostrum
3280 1389 3446 1441 missa.
3492 1389 3592 1440 739

348 1453 467 1516 Cap.
507 1456 637 1506 XIX.
664 1482 728 1493 —
755 1458 823 1506 De
844 1470 962 1508 vera
986 1461 1037 1507 et
1070 1457 1291 1507 interiori
1310 1458 1484 1506 animae
1523 1453 1884 1517 pulchritudine
2052 1458 2172 1506 CAP.
2200 1457 2303 1507 LX.
2329 1483 2395 1494 —
2420 1454 2545 1518 Quid
2570 1454 2630 1504 dc
2656 1467 2709 1503 re
2737 1456 2934 1503 inventa
2961 1454 3235 1506 faciendum
3260 1456 3344 1507 sit.
3493 1455 3586 1507 741

280 1520 331 1568 et
366 1519 415 1569 in
440 1535 534 1584 quo
559 1524 796 1573 consistat
817 1524 973 1573 omnis
1000 1524 1210 1574 hominis
1235 1536 1349 1573 vera
1375 1522 1629 1586 perfectio.
1786 1521 1884 1570 6:28
2052 1526 2170 1572 (lar.
2199 1525 2325 1574 LXI.
2344 1549 2408 1561 —
2431 1525 2498 1573 De
2523 1521 2722 1571 Inachis
2747 1524 2796 1571 et
2820 1521 2987 1583 parvis
3013 1522 3218 1582 pelliciis
3238 1524 3464 1575 fratrum.
3494 1522 3586 1572 741

350 1588 470 1637 Car.
496 1589 604 1640 XX.
643 1592 711 1640 De
736 1590 1068 1639 incarnatione
1093 1590 1257 1650 Verbi,
1289 1594 1337 1640 et
1384 1587 1797 1651 quemadmodum
1833 1587 1883 1637 in
2051 1590 2169 1639 Car.
2198 1591 2344 1640 LXII.
2366 1615 2432 1625 —
2455 1591 2523 1640 De
2551 1588 2702 1637 fratre
2724 1587 2806 1649 qui
2831 1589 3101 1650 sagmarius
3125 1592 3289 1640 curat.
3495 1590 3588 1643 741

279 1652 442 1716 seipse
479 1656 619 1708 nobis
645 1657 991 1719 perfectionem
1020 1657 1304 1720 praedictam
1342 1655 1621 1719 plenissime
1652 1653 1885 1705 demons-
2054 1657 2176 1705 CAP.
2202 1658 2372 1706 LXIII.
2400 1681 2465 1692 —
2492 1657 2559 1704 De
2586 1656 2747 1703 horto.
3495 1655 3594 1706 743

284 1721 512 1771 traverit.
1780 1721 1880 1770 630
2055 1724 2175 1773 CAP.
2205 1724 2371 1773 LXIV.
2398 1747 2463 1759 -—
2488 1723 2557 1772 De
2583 1720 2779 1770 custode
2804 1721 2985 1783 pontis.
3494 1720 3594 1770 743

348 1789 861 1841 CONSUETUDINES
898 1790 1425 1842 CARTHUSIENSES.
1783 1787 1872 1836 63I
2052 1790 2169 1839 CAP.
2196 1790 2340 1839 LXV.
2368 1815 2432 1825 —
2458 1790 2528 1838 De
2544 1787 2812 1849 disciplinis
2831 1787 3056 1838 fratrum.
3494 1788 3593 1838 743

348 1856 604 1906 Monilum.
1783 1854 1876 1905 631
2051 1857 2171 1906 Car.
2199 1857 2365 1906 LXVI.
2393 1881 2461 1892 —
2482 1856 2552 1905 De
2578 1854 2761 1904 cinere.
3485 1853 3591 1905 743

346 1922 599 1983 Prologus.
1784 1920 1883 1972 635
2050 1922 2169 1973 Car.
2198 1923 2386 1972 LXVII.
2415 1947 2480 1958 —
2504 1920 2628 1981 Quid
2653 1920 2835 1971 faciant
2859 1933 2947 1984 pro
2972 1922 3139 1974 missa.
3493 1920 3593 1972 743

347 1989 464 2038 CAP.
494 1991 533 2040 I.
561 2014 627 2028 -
650 1990 718 2039 De
743 1989 898 2039 ofﬁcio
922 1987 1104 2039 divino.
1783 1986 1882 2037 639
2051 1990 2171 2040 Car.
2199 1989 2412 2039 LXVIII.
2437 2013 2501 2024 —
2527 1988 2594 2038 De
2617 1986 2766 2037 Coena
2792 1986 3003 2038 Domini.
3493 1985 3590 2039 743

347 2056 466 2107 Cn.
494 2056 557 2107 II.
581 2080 649 2093 —
673 2057 794 2106 Item
818 2057 878 2107 de
900 2057 1068 2107 eadem
1095 2068 1169 2107 re.
1774 2053 1882 2103 639
2051 2056 2171 2106 Car.
2197 2056 2369 2106 LXIX.
2394 2079 2459 2093 --
2484 2055 2553 2104 De
2578 2055 2868 2105 Parasceve.
3487 2052 3589 2111 7t5

345 2122 467 2173 CAP.
498 2123 581 2172 111.
608 2148 671 2160 -—
696 2124 816 2173 Item
843 2124 971 2174 unde
994 2136 1162 2186 supra.
1783 2120 1877 2186 641
2050 2123 2170 2175 Car.
2197 2123 2345 2172 LXX.
2371 2147 2437 2161 —
2462 2120 2711 2182 Quomodo
2735 2132 2789 2171 se
2814 2120 3025 2171 habeant
3051 2121 3100 2172 in
3139 2121 3547 2174 solemnitatibus.

349 2189 469 2239 Car.
498 2190 577 2240 IV.
602 2214 667 2225 —
696 2190 816 2240 Item
841 2189 971 2241 unde
995 2185 1163 2253 supra.
1783 2185 1880 2253 647

3490 2188 3590 2239 746

347 2256 467 2306 Cu.
495 2257 552 2306 V.
580 2280 647 2292 —
670 2257 792 2306 Item
818 2256 945 2306 unde
969 2251 1135 2319 supra.
1781 2251 1882 2302 647
2051 2256 2170 2307 Car.
2197 2255 2367 2306 LXXI.
2397 2280 2463 2292 —
2487 2253 2610 2315 Quid
2634 2253 2815 2304 faciant
2839 2266 2924 2316 pro
2947 2253 3209 2306 defunctis.
3488 2254 3591 2308 745

346 2322 466 2373 Car.
492 2324 576 2373 VI.
612 2348 662 2359 —
696 2324 815 2373 Item
840 2324 967 2372 unde
991 2336 1157 2385 supra.
1781 2319 1880 2370 647
2051 2323 2173 2373 CAP.
2195 2323 2389 2375 LXXII.
2413 2345 2481 2358 --
2504 2322 2572 2372 De
2597 2333 2767 2371 rasura
2787 2320 3013 2372 fratrum.
3486 2322 3588 2373 745

347 2389 468 2439 CAP.
490 2390 595 2439 VII.
623 2414 687 2426 -—
713 2391 781 2439 De
804 2388 959 2439 oﬂicio
982 2387 1289 2443 Dominieali.
1698 2404 1705 2409 ·
1782 2386 1881 2436 647
2050 2390 2167 2439 CAP.
2195 2390 2412 2441 LXXIII.
2443 2414 2503 2425 —
2529 2389 2598 2437 De
2622 2387 2806 2437 novitio
2835 2388 3158 2453 suscipiendo.
3486 2388 3587 2440 745

348 2458 467 2507 Cn.
496 2456 608 2506 VIII
629 2481 695 2493 —
718 2456 838 2506 Item
866 2456 928 2505 de
952 2456 1107 2505 officio
1126 2456 1310 2506 divino.
1781 2453 1874 2504 651
2046 2457 2168 2507 CAP.
2196 2456 2410 2507 LXXIV.
2436 2481 2501 2493 —
2525 2453 2778 2505 Professio
2815 2454 2948 2505 laici.
3483 2454 3584 2508 747

345 2523 466 2574 Cu.
490 2524 574 2573 IX.
603 2547 668 2558 —
692 2523 893 2583 Quoties
922 2523 1156 2572 radamur
1176 2523 1225 2571 in
1251 2534 1399 2572 anno.
1781 2520 1880 2570 653
2049 2524 2169 2573 Car.
2195 2523 2365 2573 LXXV
2392 2548 2452 2559 -
2480 2521 2728 2583 Quomodo
2774 2533 2830 2572 se
2876 2521 3060 2573 habeat
3126 2523 3281 2573 frater
3327 2525 3584 2585 postquam

345 2591 464 2640 Car.
490 2591 552 2641 X.
577 2614 644 2628 -
669 2589 843 2651 Quales
872 2590 1083 2652 hospites
1123 2589 1494 2639 introducantur
1529 2588 1578 2639 in
1617 2589 1842 2639 chorum.
1981 2592 2238 2653 susceptus
2260 2594 2352 2641 cst.
3485 2590 3585 2640 747

1780 2654 1879 2705 655
2047 2658 2165 2707 Car.
2190 2657 2401 2708 LXXVI.
2429 2680 2494 2692 -
2518 2657 2589 2706 De
2611 2654 2820 2717 hospitio
2868 2655 3079 2707 fratrum
3104 2655 3184 2720 qui
3209 2656 3340 2707 foras
3375 2655 3583 2706 mittun-

343 2724 463 2774 CAP.
489 2724 572 2773 XI.
598 2747 663 2758 —
688 2725 756 2773 De
779 2721 935 2771 oilicio
959 2722 1315 2772 defunctorum.
1780 2722 1880 2771 655
1982 2726 2079 2774 tur.
3487 2723 3587 2775 749

340 2790 460 2840 Car.
488 2791 598 2839 XII.
623 2815 688 2826 —
714 2792 779 2839 De
802 2790 1077 2839 visitatione
1103 2790 1294 2850 aegroti.
1779 2789 1878 2838 655
2045 2790 2165 2838 CAP.
2190 2789 2425 2840 LXXVII.
2450 2815 2516 2826 —
2540 2789 2609 2838 De
2636 2787 2872 2848 fugitivis,
2899 2788 3001 2839 sive
3026 2789 3261 2852 expulsis.
3476 2790 3578 2841 749

340 2856 460 2905 CAP.
487 2858 617 2907 XIII.
646 2883 711 2893 —
737 2855 987 2917 Quomodo
1012 2857 1297 2906 tractandus
1321 2856 1383 2905 sit
1407 2856 1487 2920 qui
1515 2852 1741 2908 moritur.
1779 2855 1875 2905 657
2046 2858 2167 2907 CAP.
2193 2857 2450 2906 LXXVIII.
2479 2881 2543 2891 —-
2568 2857 2635 2905 De
2660 2867 2862 2905 numero
2888 2855 3239 2907 habitatorum.
3484 2858 3578 2909 751

340 2924 459 2973 αλιι.
485 2923 614 2974 XIV.
640 2949 705 2959 —
731 2923 851 2972 Item
877 2923 935 2973 de
965 2935 1080 2972 cura
1109 2930 1431 2972 mortuorum.
1778 2921 1877 2971 659
2045 2924 2164 2974 Car.
2193 2922 2402 2973 LXXIX.
2434 2947 2496 2958 —
2524 2922 2684 2983 Quare
2709 2924 2811 2973 tam
2837 2934 3013 2982 parvus
3036 2924 3102 2973 sit
3125 2935 3376 2975 numerus.
3484 2924 3580 2975 753

339 2992 456 3039 Car.
485 2991 587 3040 XV.
615 2993 683 3041 De
709 2989 1015 3039 ordinatione
1042 2989 1232 3050 prioris.
1775 2988 1871 3037 661
2043 2992 2163 3040 Car.
2192 2990 2382 3039 LXXX.
2408 3015 2474 3026 -—
2500 2990 2565 3038 De
2590 2988 3014 3039 commendatione
3037 2989 3270 3040 solitariae
3304 2990 3437 3040 vitae.
3479 2991 3579 3042 755

340 3059 458 3106 CAP.
485 3057 610 3106 XVI.
636 3083 701 3094 —
727 3057 795 3106 De
843 3059 1156 3117 procuratore
1204 3055 1377 3106 domus
1405 3054 1668 3106 inferioris.
1775 3055 1871 3104 667
2046 3057 2193 3108 VII‘A
2217 3058 2270 3107 S.
2297 3055 2587 3118 IIUGONIS,
2628 3053 2904 3106 EPISCOPI
2939 3057 3579 3110 GRATIANOPOLITANI.

342 3124 457 3173 CAP.
486 3123 635 3175 XVII.
662 3149 723 3161 —
752 3124 820 3174 De
846 3122 1040 3174 inﬁrmo
1066 3122 1147 3184 qui
1171 3123 1382 3173 mittitur
1405 3124 1469 3175 ad
1493 3121 1771 3172 inferiorem
1793 3121 1875 3172 do-
2810 3158 2813 3159 ν
3483 3125 3581 3177 759

272 3203 426 3242 muni.
1775 3189 1873 3238 667
2040 3190 2296 3240 Mouitum.
3479 3191 3579 3242 759

337 3257 458 3307 Cn.
481 3258 654 3308 XVIII.
678 3282 741 3294 —
766 3257 889 3307 Item
914 3256 973 3306 de
998 3257 1312 3319 procuratore
1773 3256 1872 3305 669
2040 3257 2254 3319 Epistula
2287 3255 2553 3306 Innocentii
2580 3256 2621 3306 II
2648 3268 2785 3321 papae
3477 3258 3571 3311 761

340 3324 458 3374 CAP.
486 3325 615 3374 XIX.
641 3349 706 3359 —
728 3324 798 3373 De
820 3322 1108 3384 equitaturis
1132 3322 1397 3384 hospitum.
1773 3322 1866 3372 671
2041 3323 2215 3386 Incipit
2241 3323 2359 3373 vita.
3477 3324 3570 3378 761

337 3391 457 3441 Car.
484 3393 589 3442 XX.
616 3415 679 3426 —
706 3391 773 3439 De
800 3391 1092 3453 pauperibus
1110 3393 1159 3439 ct
1182 3387 1519 3451 elcemosynis.
1771 3390 1871 3439 673
2038 3391 2291 3455 Prologus.
2318 3416 2384 3428 —
2408 3390 2481 3440 Ad
2506 3389 2784 3453 pontiﬁcem
2808 3389 3100 3440 Romanum.
3475 3391 3569 3443 761

342 3458 460 3508 Car.
487 3458 613 3508 XXI.
644 3482 707 3492 —
732 3457 799 3506 De
822 3456 1121 3506 mulieribus.
1770 3455 1863 3505 681
2038 3459 2158 3509 Car.
2184 3459 2223 3508 I.
2251 3483 2317 3494 —
2340 3457 2508 3508 Sancti
2530 3456 2745 3519 Hugonis
2767 3455 3208 3520 parentes,studia,
3233 3457 3571 3515 canonicatus.

336 3524 456 3574 CAP.
483 3525 632 3574 XXII.
658 3549 723 3559 —
748 3524 824 3572 De
846 3523 1049 3573 novitio.
1770 3523 1863 3572 681
3476 3526 3574 3579 763

336 3590 456 3640 CAP.
482 3590 656 3641 XXIII.
683 3615 744 3626 --
771 3590 1012 3640 Ρνοῐτεδὶο
1036 3589 1227 3640 ηογίῐεί.
1770 3590 1869 3639 685
2039 3592 2158 3643 CAP.
2186 3592 2248 3642 II.
2274 3616 2338 3628 —
2363 3591 2685 3655 Episcopatus
2754 3590 3238 3654 Gratianopolitanus
3286 3594 3568 3654 susceptus.

335 3657 455 3707 Car.
479 3658 650 3708 XXIV.
671 3682 736 3694 —
761 3656 927 3707 Oratio
948 3669 1096 3719 super
1118 3655 1374 3706 cucullum.
1768 3656 1868 3705 689
3467 3660 3564 3713 765

332 3727 453 3777 Car.
479 3725 631 3775 XXV.
660 3748 725 3759 —
748 3724 914 3773 Oratio
941 3736 1089 3785 super
1111 3722 1366 3772 novitium.
1765 3721 1864 3773 691
2037 3727 2156 3777 ΟΜ».
2182 3726 2267 3776 111.
2295 3752 2357 3763 -
2384 3725 2704 3777 Monachatus
2725 3724 3059 3776 Cluniacensis
3083 3737 3172 3787 per
3194 3737 3398 3777 annum.
3440 3726 3566 3779 Fre-

333 3791 453 3840 CAP.
479 3791 654 3855 XXVI.
680 3815 746 3826 -
769 3790 838 3839 De
862 3789 1032 3839 ordine
1055 3787 1469 3850 congregationis.
1766 3789 1859 3840 691
1969 3805 2122 3855 quens
2142 3794 2194 3843 in
2219 3794 2479 3845 Carthusia
2503 3804 2611 3842 cum
2637 3793 2689 3842 S.
2718 3793 2944 3843 Brunone
2987 3796 3037 3843 ct
3082 3792 3190 3844 aliis
3237 3793 3562 3845 conversatio.

335 3858 453 3907 CAP.
481 3854 673 3921 XXVII.
694 3882 763 3895 —
784 3857 855 3906 De
880 3860 1023 3907 aetate
1048 3855 1483 3918 suscipiendorum.
1769 3857 1861 3906 691
1968 3854 2101 3910 Inter
2122 3860 2415 3911 afﬂictiones
2438 3861 2619 3911 donum
2645 3858 2993 3921 lacrymarum.
3469 3860 3567 3913 768

334 3925 453 3975 Car.
481 3920 698 3974 XXVIII.
725 3949 797 3991 -—7
817 3924 885 3973 De
908 3922 1194 3991 utensilibus
1220 3921 1375 3991 cellae.
1686 3989 1698 3991 _
1763 3923 1864 3991 6973
2032 3927 2151 3976 CAP.
2179 3927 2256 3976 IV.
2283 3953 2346 3964 —
2372 3927 2633 3978 Oculorum
2660 3930 2711 3977 ct
2734 3920 2943 3977 aliorum
3002 3938 3234 3979 sensuum
3289 3940 3347 3978 ac
3389 3927 3567 3991 lingua:

334 3992 452 4040 Car.
479 3991 653 4041 XXIX.
681 4016 745 4027 —
770 3990 878 4049 Quo
902 3994 1121 4051 tempore
1143 3989 1201 4040 de
1224 3988 1346 4039 cella
1372 3992 1575 4040 exeatur
1599 3991 1651 4040 et
1671 3989 1733 4040 de
1745 3989 1866 4049 viui:
1967 3997 2135 4044 sancta
2155 3993 2394 4044 custodia.
3468 3988 3567 4046 772

262 4055 347 4108 liis
372 4060 422 4106 et
444 4056 754 4109 distinctione
778 4058 1081 4124 horarum.77
1202 4122 1231 4124 77
1520 4122 1544 4124 7_
1672 4121 1680 4124 Α
1766 4057 1865 4107 695
2032 4061 2153 4110 Car.
2179 4061 2238 4109 V.
2267 4086 2329 4097 -—
2357 4060 2689 4124 Elcemosynm
2734 4062 2895 4122 factm,
2939 4073 3140 4111 munera
3184 4063 3371 4124 spreta,
3419 4061 3568 4113 dissi-

333 4124 453 4173 CAP.
480 4124 631 4193 XXX.
659 4149 724 4161 —
749 4124 818 4174 De
841 4122 941 4193 7his
965 4122 1048 4193 qui
1071 4122 1121 4171 in
1146 4122 1266 4193 cella
1314 4122 1622 4173 manentibus
1670 4121 1861 4193 impor-
1963 4127 2042 4193 dia
2066 4127 2277 4188 sublata,
2304 4121 2595 4191 conciones,
2625 4121 2893 4179 auctoritas
2936 4121 3238 4178 summorum
3279 4121 3563 4193 pontificum

263 4192 382 4243 tune
406 4202 459 4240 se
485 4191 732 4254 ingerunt,
757 4193 805 4239 et
827 4188 887 4239 de
912 4188 1216 4251 coquinario.
1764 4192 1856 4244 701
1962 4192 2187 4244 defensa.
2570 4188 2579 4191 ⁷
3280 4188 3296 4193 ⁷
3463 4196 3562 4249 775

332 4256 453 4306 Car.
480 4258 655 4308 XXXI.
682 4283 732 4294 —
764 4257 887 4306 Item
906 4256 967 4324 de
993 4256 1134 4324 cella.
1220 4321 1227 4324 _
1254 4321 1262 4324 _
1357 4322 1386 4324 _7
1764 4259 1862 4310 703
2029 4261 2148 4312 Car.
2174 4262 2257 4311 VI.
2283 4286 2345 4298 —
2373 4261 2604 4324 Moribus,
2628 4261 2939 4313 visitantibus
2963 4261 3146 4312 monita
3170 4262 3304 4324 data,
3324 4275 3476 4320 mors,
3496 4276 3568 4315 se-

329 4324 450 4374 CAP.
472 4325 668 4376 XXXII.
692 4350 757 4361 —
783 4324 851 4374 De
895 4322 1130 4373 fratribus
1152 4321 1232 4385 qui
1250 4321 1302 4372 in
1326 4322 1486 4385 aliquo
1523 4334 1671 4385 opere
1712 4336 1861 4377 oecu-
1962 4328 2173 4390 pultura.
2594 4321 2600 4324 ’
3286 4321 3295 4324 ⁷
3460 4330 3559 4380 779

261 4392 463 4452 pantur.
1766 4393 1864 4444 703
1965 4394 2165 4445 GUIGO
2214 4394 2598 4446 ΟΑΗΤΗΠΞῙᾹΞ
2621 4394 2895 4445 MAJORIS
2944 4394 3144 4446 PRIOR
3193 4394 3565 4447 GENERALIS

332 4457 453 4535 9”-
474 4458 698 4535 35§35§§I~
727 4482 785 4494 ··
802 4457 885 4535 Pe
905 4454 1107 4518 ieiuniis
1132 4460 1282 4532 “99°
1307 4455 1446 4535 ὡδί
1472 4521 1482 4532 .
1764 4460 1863 4535 ΞΨὲ
2028 4462 2151 4535 ζΨΙ
2156 4461 2344 4535 9L1."
2347 4462 2616 4535 οδέἔᾶιὲη
2638 4460 2976 4535 δὲῗΕΡΝΡΗδ
2998 4476 3115 4535 L:
3139 4460 3562 4535 ,ββέῖᾉνέίιφυὲρ

328 4524 448 4591 Car.
474 4525 688 4575 XXXIV.
712 4550 776 4560 —
802 4524 873 4573 De
898 4534 1138 4591 mensura
1151 4522 1251 4572 vini
1279 4526 1328 4572 et
1354 4522 1506 4591 casei.
1670 4590 1673 4591 7
1710 4590 1715 4591 7
1764 4524 1862 4579 707
2025 4528 2341 4591 JOANNES,
2401 4527 2784 4581 STEPHANUS
2840 4529 2938 4579 DE
2997 4528 3352 4583 CHALMETO
3412 4522 3565 4583 CAR;

328 4589 450 4640 Car.
478 4592 670 4642 XXXV.
699 4617 763 4626 —
786 4590 921 4651 Quod
945 4589 1062 4638 nulli
1106 4588 1253 4639 liceat
1292 4588 1478 4651 majora
1517 4590 1751 4642 exercitia
1784 4594 1859 4644 fa-
2036 4588 2366 4646 THUSIANI.

262 4668 399 4731 cere,
425 4658 735 4731 nisi_fav_ente
759 4659 938 4731 priore.
1314 4721 1324 4731 .
1366 4720 1376 4730 ι
1463 4721 1492 4731 __
1763 4661 1860 4731 709
2028 4663 2204 4712 Notitia
2228 4663 2276 4712 in
2303 4664 2584 4724 Guigoncm.
2975 4729 2987 4731 _
3146 4730 3149 4731 7
3465 4663 3565 4715 785

334 4723 452 4798 gn.
478 4724 693 4798 XXXVI:
723 4749 787 4760 —
809 4724 880 4798 9c
905 4721 1175 4798 hospitibus
1198 4721 1541 4798 susoipiendis.
1764 4725 1853 4798 711
1999 4730 2229 4798 _SCALA
2256 4721 2539 4781 PARSUISI
2566 4743 2653 4781 seu
2676 4731 2936 4798 Tractatus
2961 4729 3022 4781 de
3050 4730 3194 4782 modo
3216 4731 3387 4783 orandi
3410 4732 3486 4798 et7
3499 4731 3561 4782 de

332 4789 452 4864 CAP.
471 4791 717 4864 XXXVII:
743 4815 809 4827 —
834 4790 901 4864 17c
926 4788 1177 4864 tractando
1205 4788 1425 4838 consilio.
1764 4795 1862 4864 713
1960 4795 2062 4845 vita
2084 4798 2479 4859 contemplativa.
2508 4803 2726 4859 auctore,
2753 4800 2806 4847 ut
2830 4796 3039 4860 videtur,
3062 4800 3296 4860 Guigone.
3461 4796 3558 4850 785

326 4857 445 4931 Car.
467 4858 731 4931 XXXVIII.
756 4882 833 4931 —_
844 4857 914 4906 De
936 4868 1057 4931 cura
1073 4854 1396 4906 inﬁrmorum.
1761 4858 1860 4931 7173
1972 4929 1983 4931 7
2028 4864 2096 4931 I_)e
2119 4854 2352 4925 Guigoois
2374 4870 2422 4915 et
2447 4865 2651 4916 aliorum
2675 4854 3106 4917 Carthasianorum
3153 4854 3395 4931 opusculis
3432 4877 3553 4928 prte-

324 4922 443 4973 CAP.
467 4924 686 4974 XXXIX.
720 4949 769 4959 -
802 4923 869 4972 De
887 4922 1179 4972 minutione.
1760 4929 1863 4978 715
1961 4929 2082 4981 fatio
2218 4922 2235 4925 ⁷
3187 4922 3200 4931 ’
3432 4922 3567 4986 ’787

323 4989 443 5066 gn.
469 4990 575 5066 35L;
600 5015 664 5026 —
689 4990 761 5066 ne
785 4989 1102 5066 ornamentis.
1463 5055 1506 5066 η
1613 5058 1623 5066 _
1764 4993 1858 5066 717
2028 4997 2215 5066 LIBER
2231 4998 2311 5047 DE
2331 4998 2836 5059 QUADRIPERTITO
2857 4999 3447 5051 EXERCITIOCELLE.
3464 4998 3563 5050 787

324 5055 444 5132 Car.
469 5056 595 5106 XLI.
624 5081 674 5092 —
704 5057 768 5132 Iit
791 5057 919 5106 nulla
945 5059 1083 5105 extra
1104 5068 1322 5107 eremum
1349 5055 1706 5121 possideantur,
1730 5064 1789 5132 eg
1801 5062 1860 5132 de
1980 5130 1987 5132 7
2028 5064 2147 5114 Car.
2177 5065 2215 5113 I.
2239 5090 2304 5132 -—7
2331 5055 2568 5132 [Semodo
2593 5069 2643 5116 et
2674 5078 2819 5115 causa
2845 5066 3077 5117 adventus
3110 5069 3327 5131 priorum
3375 5066 3564 5120 ordinis

252 5123 926 5199 sepulturaperegrinorum:
1047 5188 1085 5199 __
1123 5188 1133 5199 7
1196 5190 1215 5199 _
1273 5192 1282 5199 7
1423 5190 1435 5199 _
1476 5191 1485 5199 _
1760 5129 1861 5199 71797
1962 5130 2321 5199 Carthasiensis
2363 5131 2424 5182 ad
2465 5144 2675 5183 annuum
2703 5134 2989 5197 capitulum,
3015 5138 3065 5184 et
3109 5123 3171 5186 de
3197 5135 3376 5199 triplici
3400 5138 3561 5185 fructu

326 5190 447 5238 CAP.
471 5190 621 5239 XLII.
648 5215 713 5225 —
734 5190 803 5239 De
827 5189 988 5240 divino
1012 5188 1168 5239 ofﬁcio
1193 5190 1396 5241 fratrum
1423 5190 1679 5242 laicorum.
1759 5197 1860 5247 723
1964 5197 2206 5248 adventus
2229 5210 2413 5249 eorum.
2656 5236 2661 5241 .
2765 5188 2779 5196 ’
2975 5188 2987 5197 ’
3263 5188 3279 5199 ’
3467 5200 3568 5254 804

327 5256 643 5336 (771797.7XL7I7II.
670 5281 735 5292 -
758 5256 882 5307 Item
905 5256 963 5308 de
987 5256 1158 5307 eadem
1184 5269 1256 5320 re,
1281 5259 1331 5306 et
1354 5269 1448 5319 quo
1473 5261 1689 5321 tempore
1716 5262 1865 5336 adio:
2032 5264 2185 5336 II.7—
2210 5267 2277 5336 De
2323 5267 2562 5336 suavitate
2626 5266 2857 5336 sublimi,
2913 5272 2964 5317 et
3031 5267 3328 5320 sublimitate
3397 5268 3567 5336 suavi,

258 5322 613 5400 ctosredeant:
754 5389 784 5400 Α
827 5388 837 5400 ,
1019 5389 1061 5400 η
1236 5390 1251 5400 _
1469 5391 1481 5400 7
1641 5392 1655 5400 _
1693 5393 1706 5400 _
1764 5326 1864 5380 7:25
1966 5344 2070 5395 qua:
2092 5331 2143 5381 in
2167 5333 2338 5383 ordine
2362 5333 2698 5385 Carthusiensi
2724 5335 2775 5383 in
2799 5322 2956 5385 tribus
2994 5336 3279 5399 specialiter
3318 5322 3564 5389 consistit:

320 5390 440 5440 CAP.
466 5390 635 5440 XLIV.
660 5414 726 5425 —
749 5389 866 5453 Quis
890 5389 1153 5452 praesidere
1176 5390 1254 5442 vel
1275 5391 1573 5454 respondere
1627 5392 1825 5446 debeat.
1980 5389 1996 5395 ’
3024 5389 3038 5399 ’
3467 5402 3570 5456 805

1768 5463 1865 5531 7277
2042 5466 2124 5516 III.
2154 5492 2218 5502 —
2243 5468 2311 5517 De
2334 5466 2575 5531 spirituali
2604 5468 2971 5519 conversatione
3015 5468 3219 5520 fratrum
3255 5471 3580 5525 Carthusien-

319 5522 441 5639 far.
464 5522 611 5575 XLV.
638 5548 702 5560 —
723 5523 858 5586 Quod
881 5536 990 5575 cum
1018 5523 1219 5589 praalato
1243 5537 1330 5576 suo
1355 5525 1587 5577 fratribus
1626 5527 1867 5645 quuiéi;
1966 5532 2095 5649 ἓἓὲ
2120 5532 2167 5583 in
2196 5546 2289 5597 qua
2316 5522 2431 5585 eunt
2457 5539 2569 5599 post
2592 5536 2859 5599 Christum,
2880 5548 2967 5598 per
3008 5536 3279 5601 Christum,
3327 5537 3388 5589 ad
3424 5522 3576 5649 (3ιέιὲ

252 5602 387 5642 ceat.
564 5656 573 5657 7
648 5655 683 5657 77
1178 5656 1181 5657 7
1769 5602 1867 5645 727
1966 5602 2117 5650 stum.
3471 5607 3571 5657 807

324 5657 446 5708 Car.
472 5681 539 5694 —
561 5655 729 5708 XLVI.
757 5683 820 5695 —
842 5659 912 5710 De
936 5656 1237 5723 coquinario.
1771 5661 1868 5713 727
2037 5668 2116 5717 IV.
2143 5692 2207 5703 —
2223 5667 2344 5731 Quid
2365 5668 2686 5732 spiritualiter
2723 5668 2902 5720 debeat
2924 5670 3078 5734 accipi
3104 5683 3190 5735 per
3236 5670 3474 5725 vilitatem
3514 5655 3570 5725 et
