3938 6416
347 334 487 391 1167

917 333 1113 392 ORDO
1150 331 1394 392 RERUM
1431 330 1591 405 ρυλε
1628 334 1704 392 IN
1737 330 1881 392 HOC
1918 330 2115 391 TOMO
2153 330 2672 393 CONTINENTUR.

3512 337 3669 390 “68'

345 459 661 525 asperitatem
730 458 926 513 habitus
961 460 1405 524 Carthusiensium,
1454 463 1503 511 et
1550 462 1610 515 de
1658 463 1947 527 paupertate
2048 460 2165 525 ipsis
2185 461 2371 513 intimis
2412 461 2573 513 cordis
2612 459 2769 513 nostri
2814 460 3052 513 debemus
3096 459 3300 523 habere,
3325 471 3436 512 cum
3459 461 3520 513 de
3540 462 3644 512 Deo

346 527 505 580 victus
529 540 715 579 eorum.

417 595 476 643 V.
504 619 569 631 —
593 596 662 645 De
710 594 919 658 puritate
964 594 1392 657 contemplationis
1438 594 1666 659 interna,

352 660 486 715 cella
511 661 816 725 potissimum
842 661 1148 713 solitudinem
1164 665 1377 725 spectat.
1850 660 1950 711 810

418 728 501 778 VI.
534 753 586 764 -
615 727 833 788 Qualiter
856 731 1019 779 suavis
1045 728 1178 777 cella
1204 728 1357 789 quies,
1385 730 1434 778 et
1457 726 1619 790 quieta
1643 727 1748 789 ejus
1788 727 1953 779 suavi-

353 796 430 846 tas
454 794 503 844 in
528 795 814 858 quibusdam
840 808 992 845 sacra
1015 795 1278 859 Scriptura
1305 794 1423 843 locis
1447 806 1675 856 expressa
1695 796 1762 845 sit
1853 795 1945 844 811

422 861 523 911 VII.
549 885 614 899 —
640 860 760 911 Item
786 861 844 911 de
869 862 1041 912 eadem
1088 862 1249 923 quiete
1294 861 1427 910 cella
1451 874 1464 910 :
1496 861 1706 922 qualiter
1750 875 1837 923 per
1865 862 1945 910 vi-

353 930 654 983 rossanctos
679 930 892 991 aliioyse
939 940 1089 990 usque
1117 928 1174 978 ad
1223 928 1397 977 Isaiam
1444 926 1551 989 ejus
1595 933 1843 979 secretum
1887 932 1954 981 sit

354 1007 658 1059 expressum.
1854 995 1910 1046 8t
1923 998 1953 1047 2

422 1062 638 1110 VIII.—
678 1061 745 1111 De
813 1060 1099 1124 quibusdam
1146 1059 1267 1109 viris
1341 1059 1525 1110 sanctis
1593 1060 1671 1123 qui
1721 1061 1783 1111 ab
1829 1062 1953 1114 Isaia

356 1127 549 1179 fuerunt
593 1139 745 1189 usque
768 1127 828 1177 ad
853 1127 1119 1183 Christum,
1172 1130 1221 1176 et
1261 1127 1323 1178 de
1370 1126 1659 1190 quibusdam
1707 1128 1790 1190 qui
1837 1128 1949 1180 fue-

354 1197 467 1245 runt
492 1197 603 1259 post
625 1193 887 1245 adventum
912 1193 1114 1256 Christi,
1146 1194 1355 1256 qualiter
1394 1206 1485 1257 per
1509 1205 1593 1243 eos
1636 1193 1843 1258 figurata
1889 1197 1957 1247 sit

358 1261 490 1313 cella
514 1261 672 1323 quies.
1856 1263 1957 1313 815

422 1329 505 1379 IX.
534 1353 599 1364 —
624 1328 693 1377 De
713 1327 873 1389 quiete
901 1326 1036 1376 cella
1060 1340 1074 1387 ;
1102 1329 1152 1376 et
1176 1326 1299 1388 quod
1343 1337 1438 1376 non
1465 1326 1690 1389 expediat
1732 1327 1777 1378 ei
1801 1329 1882 1391 qui
1907 1330 1957 1379 in

357 1407 413 1446 ea
439 1394 647 1457 habitat,
674 1398 727 1445 ut
750 1394 1028 1444 curiositate
1053 1393 1316 1443 temeraria
1360 1392 1505 1443 nimis
1542 1392 1623 1443 diu
1666 1396 1804 1445 extra
1848 1408 1954 1445 eam

361 1464 598 1513 moretur.
1860 1463 1960 1512 815

426 1528 488 1581 Χ.
515 1550 582 1564 --
605 1528 673 1578 De
695 1540 750 1578 eo
776 1527 900 1593 quod
925 1527 1064 1586 cella,
1093 1527 1154 1576 ab
1179 1538 1235 1593 eo
1259 1526 1340 1589 qui
1367 1538 1472 1577 eam
1499 1525 1743 1578 inhabitat
1776 1527 1959 1592 iugiter

360 1594 570 1646 tenenda
594 1599 704 1657 est;
729 1599 775 1644 et
813 1594 938 1655 quod
964 1594 1009 1643 ei
1052 1592 1323 1657 periculum
1366 1593 1577 1656 eveniat,
1617 1594 1657 1643 si
1700 1596 1960 1645 temerarie

360 1660 422 1712 ab
448 1674 505 1712 ea
530 1662 681 1712 fuerit
705 1674 945 1723 egressus.
1861 1660 1960 1710 8I7

424 1727 511 1778 XI.
533 1754 597 1766 —
624 1730 691 1778 De
719 1728 907 1789 magnis
934 1727 1191 1843 “tuisque
1219 1724 1449 1788 periculis
1487 1737 1593 1788 qua
1635 1724 1717 1777 ille
1758 1728 1962 1779 incurrit

424 1794 444 1843 i
493 1795 743 1843 habitator
788 1798 863 1843 est
908 1794 1060 1843 cela.
1088 1792 1223 1842 etde
1250 1792 1326 1841 illa
1375 1791 1501 1841 male
1546 1793 1647 1842 exit
1675 1816 1688 1843 ς
1728 1794 1861 1843 etde
1905 1808 1961 1843 eo

362 1794 444 1858 qui
493 1795 743 1845 habitator
788 1798 863 1845 est
908 1791 1060 1855 cella,
1088 1792 1223 1842 etde
1250 1792 1326 1841 illa
1375 1791 1501 1841 male
1546 1793 1688 1855 exit;
1728 1794 1861 1845 etde
1905 1808 1961 1845 eo

358 1861 488 1923 quod
523 1873 750 1925 magnam
792 1861 967 1911 anima
1006 1864 1190 1909 sancta
1231 1858 1422 1909 confert
1456 1858 1671 1920 quietem
1710 1861 1855 1923 plena
1904 1874 1963 1911 ac

362 1929 580 1993 perfecta
606 1926 815 1989 abjectio
840 1927 1141 1993 sacularium
1168 1937 1351 1993 rerum.
1467 1991 1476 1993 7
1616 1991 1626 1993 _
1864 1928 1963 1979 819

429 1995 539 2046 XII.
559 2020 623 2030 —
649 1996 717 2044 De
741 1995 1050 2043 sacularium
1079 1991 1176 2057 (cui
1200 1991 1441 2053 praecipue
1464 1991 1720 2043 intendunt
1755 1994 1966 2045 Carthu-

361 2060 571 2124 sienses)
612 2060 918 2124 negotiorum
966 2064 1015 2110 ct
1082 2058 1442 2110 solicitudinum
1488 2061 1537 2108 et
1604 2061 1964 2122 possessionum

363 2127 656 2188 abjectione.
1867 2129 1961 2178 82t

430 2196 560 2246 XIII.
591 2220 657 2231 —
682 2196 748 2245 De
772 2194 877 2245 loco
899 2196 1082 2245 sancta
1107 2191 1392 2257 voluptatis,
1421 2192 1469 2242 et
1493 2189 1555 2241 de
1579 2191 1816 2257 spirituali
1853 2196 1967 2257 fuga

364 2263 524 2315 sancti
549 2261 658 2312 Job.
1869 2262 1967 2312 822

431 2330 557 2383 XIV.
587 2328 922 2390 —Quomodo
964 2326 1282 2390 spiritualiter
1316 2324 1592 2388 egrediatur
1645 2326 1817 2378 fluvius
1878 2328 1968 2379 de-

361 2396 469 2450 loco
492 2396 754 2459 voluptatis
781 2396 841 2446 ad
864 2394 1162 2458 irrigandum
1189 2392 1469 2457 paradisum
1497 2410 1509 2422 -
1537 2395 1587 2442 et
1608 2394 1715 2455 quis
1739 2394 1820 2446 ille
1873 2395 1967 2446 llu-

362 2464 470 2515 vlus
493 2464 577 2515 sit.
1868 2462 1968 2512 881

426 2531 531 2582 XV.
558 2556 624 2568 —
648 2528 783 2591 Quod
830 2528 912 2591 qui
958 2529 1018 2580 ad
1065 2540 1278 2579 annuum
1327 2528 1623 2579 conveniunt
1694 2529 1965 2591 capitulum

361 2597 571 2662 priores,
593 2597 781 2647 ordinis
803 2596 984 2647 debent
1023 2596 1280 2658 diligenter
1322 2595 1572 2646 intendere
1598 2596 1923 2662 renovationi
1949 2610 1965 2658 ;

361 2661 413 2718 et
435 2665 497 2716 de
522 2667 728 2728 quatuor
774 2664 960 2713 sanctis
1001 2662 1271 2722 exercitiis,
1298 2662 1471 2724 quibus
1514 2661 1724 2712 sollicite
1769 2663 1967 2713 studere

360 2731 508 2786 debet
530 2732 689 2781 omnis
715 2730 796 2792 qui
821 2730 871 2780 in
896 2731 1017 2780 cella
1042 2731 1143 2780 vult
1170 2729 1413 2779 fructuose
1436 2728 1748 2781 commorari.
1870 2728 1969 2780 825

428 2799 557 2851 XVI.
583 2823 648 2835 —
672 2800 742 2848 De
784 2796 1202 2848 commendatione
1240 2795 1395 2857 cella,
1417 2799 1467 2846 et
1508 2795 1567 2845 de
1620 2798 1827 2858 quatuor
1886 2809 1971 2847 ca—

361 2865 887 2932 pittbusillisinqua
927 2861 1378 2932 fluviusdividitur,
1422 2862 1504 2924 qui
1530 2862 1590 2913 ad
1646 2862 1966 2932 irrigandum,

363 2928 641 2999 paradisum
667 2930 859 2999 deloco
883 2930 1143 2999 voluptatis
1164 2928 1433 2991 egreditur.
1455 2996 1484 2999 __
1811 2995 1824 2999 7
1860 2930 1969 2999 827

436 2999 587 3051 XVII.
616 3024 682 3036 —
720 2998 856 3059 Quod
884 2998 966 3061 qui
1001 2997 1251 3048 habitator
1277 2998 1352 3046 est
1398 2996 1530 3047 cella
1558 3007 1748 3046 omnem
1798 2995 1974 3047 debeat

370 3066 593 3119 illicitam
644 3064 867 3115 devitarc
908 3065 1235 3117 locutionem:
1265 3065 1315 3113 ct
1362 3075 1471 3125 qua
1517 3061 1603 3113 illa
1638 3063 1737 3113 sint
1761 3062 1885 3113 bona
1910 3063 1971 3113 ad

367 3145 477 3198 qua
502 3144 595 3181 nos
621 3144 763 3183 sacra
785 3131 935 3181 lectio
963 3131 1212 3195 provehit.
1565 3195 1595 3198 __
1681 3195 1690 3198 _
1872 3129 1972 3198 8279

433 3198 607 3252 XVIII.
634 3224 699 3235 —
724 3200 792 3249 De
842 3198 1102 3260 generibus
1148 3200 1426 3249 sanctarum
1471 3195 1842 3246 meditationum
1869 3196 1973 3258 qui-

367 3266 460 3317 bus
486 3266 736 3317 intendere
760 3265 905 3315 debet
930 3266 1010 3328 qui
1035 3266 1084 3315 iu
1107 3265 1227 3314 cella
1263 3264 1511 3315 solitarius
1536 3263 1694 3324 sedet,
1720 3266 1769 3312 et
1792 3263 1850 3313 de
1866 3267 1973 3312 stu-

366 3333 502 3388 diosa
526 3345 679 3383 sacra
706 3332 969 3393 Scriptura
995 3332 1349 3393 recordatione,
1876 3330 1975 3379 830

433 3400 564 3451 XIX.
591 3425 656 3436 -—
681 3401 748 3449 De
795 3400 876 3449 illo
914 3399 1242 3450 meditationis
1268 3398 1409 3448 modo
1433 3396 1514 3461 qui
1540 3398 1590 3447 in
1631 3396 1795 3448 animo
1819 3397 1975 3447 medi-

371 3468 525 3519 tantis
548 3465 739 3518 timoris
764 3466 919 3531 gignit
963 3478 1160 3518 causam
1187 3467 1237 3517 et
1261 3464 1463 3528 doloris,
1500 3464 1579 3527 qui
1606 3464 1654 3514 in
1677 3467 1787 3513 octo
1808 3465 1975 3513 modos

374 3535 632 3587 dividitur.
1876 3531 1968 3581 851

437 3600 546 3652 XX.
581 3602 718 3652 —De
762 3600 980 3663 generali
1026 3598 1388 3649 resurrectione
1424 3599 1754 3659 mortuorum,
1802 3602 1851 3647 et
1873 3609 1977 3660 pa-

374 3668 453 3719 nis
475 3668 841 3730 damnatorum,
864 3672 913 3717 et
931 3665 1141 3729 qualiter
1163 3665 1320 3728 repeti
1358 3664 1573 3714 debeant
1596 3665 1666 3715 illi
1690 3668 1799 3715 octo
1822 3664 1973 3727 modi,

375 3735 427 3787 in
452 3734 629 3796 quibus
652 3733 843 3785 timoris
867 3733 1033 3784 existit
1056 3744 1205 3782 causa
1232 3734 1280 3781 et
1303 3730 1504 3781 doloris.
1876 3732 1976 3781 854

438 3801 571 3852 XXI.
608 3826 659 3838 -
688 3800 909 3863 Qualiter
955 3801 1006 3850 in
1054 3798 1219 3848 animo
1269 3797 1553 3848 meditantis
1601 3798 1751 3848 timor
1773 3798 1978 3859 expellit

374 3868 637 3920 elationem
660 3882 675 3929 ;
701 3871 751 3917 et
797 3866 860 3917 de
903 3866 1053 3916 tertio
1102 3864 1432 3915 meditationis
1459 3864 1623 3928 modo,
1649 3864 1731 3927 qui
1764 3865 1978 3915 occasio-

375 3946 486 3989 nem
513 3934 824 3985 administrat
849 3933 1030 3983 amoris
1054 3936 1102 3982 et
1128 3931 1496 3981 consolationis.
1878 3932 1978 3981 856

442 4001 596 4053 XXII.
624 4026 689 4038 —
727 4001 795 4050 De
820 4003 993 4063 quarto
1030 3998 1362 4049 meditationis
1390 3998 1550 4062 modo,
1579 3999 1660 4060 qui
1687 4011 1881 4049 causam
1909 3999 1977 4060 gi-

377 4068 483 4136 gnit
500 4068 548 4136 in
576 4066 739 4118 animo
759 4066 1037 4136 meditantis
1064 4066 1262 4136 pietatis
1280 4068 1327 4114 et
1353 4066 1742 4136 compassionis:7
1779 4070 1828 4136 et
1852 4066 1978 4136 quod

377 4132 597 4201 quadam
648 4146 756 4198 qua
794 4134 1014 4184 videmus
1058 4133 1120 4184 ab
1167 4132 1275 4183 aliis
1301 4132 1429 4182 mala
1464 4133 1589 4195 fieri,
1618 4133 1772 4193 magis
1795 4132 1980 4201 debea-

378 4198 491 4255 mus
531 4202 658 4252 intra
707 4214 795 4251 nos
834 4201 1121 4264 plerumque
1168 4211 1405 4249 excusare
1450 4211 1597 4262 quam
1636 4202 1818 4250 temere

382 4281 513 4314 mre.

446 4353 627 4406 XXIII.
652 4377 718 4387 —
742 4351 961 4414 Qualiter
978 4351 1198 4414 quintum
1235 4350 1562 4402 meditationis
1611 4349 1806 4401 modum
1832 4362 1980 4414 Oppo-

376 4435 497 4476 nere
520 4419 784 4471 debeamus
809 4420 856 4468 in
886 4423 1048 4469 mente
1095 4422 1282 4482 nostra,
1331 4420 1496 4469 contra
1528 4418 1661 4467 illam
1682 4430 1776 4480 qua
1793 4417 1979 4480 jugitor

379 4490 632 4558 pulsamur
661 4486 981 4558 ten_tati7one7m
1006 4485 1391 4558 carnis,7dia7iboli
1410 4491 1463 4558 et
1490 4486 1674 4558 mundi.
1731 4551 1761 4558 77
1833 4552 1846 4558 _
1879 4485 1979 4558 8l70

446 4555 616 4608 XXIV.
643 4578 709 4591 --
732 4554 800 4604 De
827 4553 969 4604 tadio
996 4553 1118 4614 quod
1144 4552 1315 4614 aliquis
1340 4552 1525 4615 patitur
1562 4553 1645 4614 qui
1673 4551 1808 4602 cella
1833 4551 1979 4601 habi-

381 4628 512 4679 tator
537 4625 636 4673 est:
664 4623 713 4670 et
737 4621 975 4683 quomodo
998 4619 1116 4670 illud
1136 4633 1163 4669 a
1191 4632 1244 4669 se
1283 4619 1537 4682 repellere,
1566 4631 1713 4681 seque
1740 4632 1976 4669 renovare

380 4706 437 4746 ac
454 4700 690 4750 reparare
717 4689 892 4750 possit.
1877 4685 1970 4736 841

442 4752 591 4809 XXV.
617 4780 681 4791 —
713 4757 777 4805 De
800 4755 878 4804 his
902 4766 1006 4816 qua
1030 4752 1078 4803 in
1106 4764 1252 4803 carne
1291 4755 1519 4814 operatus
1545 4754 1620 4803 est
1639 4753 1861 4804 Christus
1886 4771 1897 4801 :
1928 4757 1977 4804 et

376 4828 439 4882 de
459 4822 707 4876 laboribus
731 4825 1015 4873 sanctorum
1051 4830 1271 4871 suorum.
1878 4819 1977 4869 84.2

441 4891 614 4943 XXVI.
642 4916 712 4926 —
737 4890 805 4939 De
829 4888 1039 4950 septimo
1079 4885 1407 4936 meditationis
1456 4884 1619 4947 modo,
1660 4886 1741 4949 qui
1766 4887 1978 4950 stuporis

376 4960 427 5014 in
475 4960 641 5009 mente
685 4954 967 5009 meditantis
1006 4964 1200 5003 causam
1253 4953 1426 5015 gignit,
1454 4956 1505 5003 et
1529 4953 1900 5004 admirationis:
1929 4955 1978 5003 et

373 5028 437 5081 de
484 5036 543 5076 eo
585 5024 709 5088 quod
759 5035 846 5087 per
895 5033 951 5071 ea
995 5032 1099 5083 qua
1150 5019 1277 5069 facta
1295 5025 1409 5070 sunt
1443 5020 1744 5082 conspicitur
1768 5020 1976 5088 ipsequi

375 5095 631 5213 Ῑθξξξὲνη.
667 5182 735 5195 -
754 5158 823 5207 De
846 5153 1043 5205 vocibus
1070 5155 1119 5203 et
1143 5152 1465 5204 locutionibus
1482 5165 1603 5215 quas
1646 5152 1806 5201 anima
1831 5085 1978 5214 s13?

371 5228 572 5281 tualiter
609 5223 775 5275 audit:
815 5224 865 5273 et
910 5221 1120 5284 qualiter
1169 5221 1333 5271 anima
1359 5220 1419 5270 ad
1444 5219 1709 5280 imaginem
1737 5220 1821 5268 Dei
1852 5219 1978 5268 facta

370 5296 455 5359 sit,
482 5298 698 5372 etuquem
727 5293 909 5343 motum
950 5288 1207 5352 suscipiat,
1234 5290 1282 5338 et
1302 5286 1441 5348 cujus
1466 5291 1624 5337 motus
1651 5286 1978 5372 susceptillilli‘s

374 5353 471 5415 non
496 5353 583 5412 sit.
810 5380 823 5391 α
1881 5353 1981 5402 848

438 5427 664 5480 XXVIII.
698 5452 764 5462 -
801 5426 869 5476 De
895 5424 990 5474 illis
1016 5422 1171 5472 beatis
1198 5419 1471 5483 spiritibus,
1515 5431 1622 5480 qua
1643 5419 1869 5469 videlicet
1896 5419 1977 5469 illa

364 5496 465 5547 sint
483 5510 590 5560 qua
616 5493 676 5544 ad
704 5506 784 5544 eos
808 5492 1092 5560 pertinent;
1117 5487 1303 5560 etquid
1329 5485 1531 5560 de_ill_is7
1554 5487 1599 5560 in
1625 5499 1743 5549 pura
1770 5486 1979 5560 medim-

363 5553 512 5616 Iionc'
544 5577 652 5624 sua,
731 5553 865 5610 cella
909 5557 1087 5608 debeat
1128 5555 1254 5604 intra
1298 5565 1352 5603 se
1402 5553 1649 5604 habitator
1698 5554 1966 5644 rcvolvcirgr.

431 5699 607 5753 XXIX.
646 5720 698 5737 -
716 5697 786 5749 De
812 5693 894 5745 illo
915 5687 1245 5743 meditationis
1285 5699 1467 5754 genere
1490 5690 1616 5755 quod
1643 5689 1773 5741 intra
1803 5621 1978 5740 11οὲ

1846 528 1949 578 808
2049 529 2302 579 studemus
2328 530 2545 593 cogitare
2570 541 2583 578 :
2615 532 2666 579 et
2691 527 2902 592 qualiter
2923 528 2985 578 de
3012 527 3093 579 illo
3131 538 3221 578 nos
3243 527 3411 578 deceat
3428 531 3476 579 et
3501 528 3649 578 liceat

1735 607 1842 659 qua
1889 595 1950 645 ad
2048 597 2256 645 sentire.

2117 662 2268 712 XXX.
2297 687 2362 698 —
2386 664 2455 712 De
2475 660 2718 712 Trinitate
2759 674 3100 724 personarum,
3130 663 3179 712 et
3203 661 3388 712 unitate
3416 662 3649 712 substan-

2052 728 2134 777 tia
2160 742 2266 791 qua
2293 730 2420 778 Deus
2443 730 2536 790 est,
2562 733 2611 776 et
2635 728 2761 790 quod
2784 727 3123 790 prajudicium
3159 728 3353 791 aliquod
3378 740 3469 778 nec
3488 729 3651 779 Trini-

2052 796 2168 845 tatis
2194 795 2388 858 unitati,
2416 808 2506 845 nec
2532 794 2695 843 unitas
2721 795 2839 844 facit
2858 795 3109 846 Trinitati.
3545 796 3649 846 859

2120 863 2292 911 XXXI.
2321 888 2383 898 —
2410 864 2477 911 De
2501 861 2721 923 diligenti
2762 862 3106 924 sollicitudine,
3134 864 3184 911 et
3208 860 3414 911 sollicita
3452 862 3652 922 diligen-

2055 929 2122 980 tia
2161 940 2302 991 quam
2326 928 2535 978 orationi
2559 931 2745 976 nostra
2768 928 2960 989 quando
2979 930 3023 977 ei
3048 928 3372 978 incumbimus
3410 927 3650 979 debemus

2054 996 2372 1058 impendere:
2421 998 2469 1044 et
2513 994 2574 1045 de
2622 1005 2795 1055 magna
2821 994 3134 1044 instabilitate
3158 1006 3254 1057 qua
3276 994 3325 1044 in
3356 996 3656 1057 eorde,ora—

2056 1064 2200 1113 tionis
2248 1066 2485 1123 tempore,
2536 1073 2622 1123 per
2646 1060 2798 1110 otiosa
2834 1065 2883 1111 et
2907 1061 3099 1120 nociva,
3137 1060 3375 1124 dispersis
3396 1062 3652 1123 cogitatio-

2054 1131 2200 1180 nibus
2227 1129 2429 1188 nostris,
2461 1128 2641 1177 misere
2681 1139 2737 1177 ac
2765 1127 3113 1178 miserabiliter
3160 1127 3466 1192 tiuctuamus,
3489 1131 3537 1178 et
3560 1142 3654 1192 per

2059 1198 2315 1246 innumera
2334 1206 2615 1255 evagamur.
3549 1195 3653 1246 333

2124 1263 2319 1313 XXXII.
2349 1288 2412 1298 —
2440 1263 2506 1311 De
2529 1261 2711 1311 mentis
2756 1261 3062 1324 evagatione,
3090 1273 3234 1323 quam
3254 1261 3395 1311 nobis
3419 1262 3655 1312 orationis

2060 1332 2282 1391 tempore
2308 1328 2466 1378 inesse
2491 1327 2761 1377 sentimus:
2790 1331 2838 1377 et
2853 1328 3061 1389 qualiter
3085 1332 3133 1378 et
3157 1341 3310 1391 quare
3338 1340 3426 1392 per
3449 1329 3651 1379 tertium

2060 1397 2140 1460 qui
2167 1395 2229 1445 de
2254 1397 2358 1446 loco
2382 1395 2643 1457 voluptatis
2691 1395 2938 1457 egreditur
2968 1393 3186 1458 ﬂuvium,
3213 1395 3293 1458 qui
3318 1399 3368 1445 et
3383 1395 3542 1457 Tigris
3566 1408 3655 1445 vo-

2061 1466 2219 1524 catur,
2247 1462 2480 1512 orationis
2500 1460 2778 1523 accipienda
2802 1461 2997 1511 devotio
3033 1460 3116 1511 sit.
3553 1463 3655 1512 864

2127 1530 2346 1579 XXXIII.
2372 1554 2433 1565 —
2460 1529 2636 1589 Quales
2672 1539 2759 1576 nos
2802 1528 3033 1578 exhibere
3070 1527 3334 1578 debeamus
3369 1528 3648 1591 priusquam

2064 1597 2122 1647 ad
2147 1596 2419 1645 orationem
2446 1594 2737 1644 accedamus
2757 1633 2771 1656 ,
2812 1598 2865 1643 ut
2889 1607 3000 1644 cum
3028 1594 3086 1644 ad
3113 1606 3218 1644 eam
3248 1595 3521 1644 venerimus
3541 1634 3553 1656 ,
3584 1597 3659 1646 sic

2065 1676 2173 1714 eam
2198 1665 2296 1713 Deo
2315 1662 2595 1721 otferamus,
2624 1663 2674 1710 ut
2700 1661 2803 1722 ipse
2828 1673 2935 1711 eam
2962 1664 3013 1711 et
3033 1659 3129 1711 sibi
3150 1666 3420 1725 acceptam,
3445 1664 3494 1711 et
3512 1662 3655 1712 nobis

2065 1730 2449 1781 misericorditer
2466 1728 2649 1779 efﬁciat
2677 1727 2997 1778 fructuosam.
3553 1728 3656 1777 869

2130 1797 2344 1846 XXXIV.
2376 1821 2437 1832 —
2477 1797 2545 1845 De
2565 1808 2623 1845 eo
2666 1794 2813 1855 quod,
2841 1806 2951 1843 eum
2977 1794 3038 1845 ad
3062 1794 3330 1845 orationem
3352 1794 3651 1859 accedimus,

2067 1866 2115 1914 et
2140 1864 2237 1913 illis
2262 1862 2343 1926 qui
2369 1863 2416 1912 in
2439 1875 2525 1911 nus
2565 1861 2891 1922 deliquerunt,
2915 1874 2973 1911 ex
2999 1873 3119 1923 puro
3143 1862 3289 1911 corde
3312 1862 3574 1924 dimittere,
3602 1866 3657 1913 et

2065 1930 2106 1980 si
2132 1934 2246 1980 sunt
2270 1929 2349 1991 qui
2370 1930 2553 1979 habent
2577 1927 2755 1988 aliquid
2782 1928 3037 1979 adversum
3062 1940 3170 1991 nos,
3196 1928 3339 1991 plene
3361 1929 3431 1979 eis
3455 1942 3511 1979 ac
3538 1941 3658 1990 per-

2069 1997 2196 2048 fecte
2223 1996 2523 2046 reconciliari
2550 1994 2801 2045 debemus.
3556 1996 3654 2046 871

2133 2064 2325 2113 XXXV.
2347 2088 2407 2099 —
2434 2064 2501 2113 De
2524 2064 2729 2125 quatuor
2766 2060 3113 2121 cogitationum
3138 2061 3410 2124 generibus,
3435 2073 3550 2123 qua
3577 2074 3657 2112 no-

2067 2130 2143 2181 bis
2176 2131 2503 2181 necessarium
2552 2131 2627 2178 est
2650 2128 2699 2177 in
2724 2132 2885 2177 mente
2925 2128 3127 2189 habere,
3152 2128 3194 2177 si
3221 2140 3359 2191 pure,
3384 2133 3433 2179 et
3459 2130 3657 2191 devote,

2068 2200 2215 2260 atque
2237 2199 2481 2247 fructuosa
2506 2195 2762 2245 Dominum
2790 2194 3011 2244 volumus
3033 2206 3198 2244 orare.
3557 2197 3661 2247 875

2134 2265 2351 2314 XXXVI.
2379 2289 2435 2301 —
2467 2265 2535 2313 De
2579 2274 2725 2324 opere
2757 2274 3005 2323 manuum,
3032 2261 3106 2311 cui
3128 2261 3271 2312 debet
3296 2262 3429 2312 cella
3464 2262 3661 2313 inhabi-

2069 2333 2199 2382 tator
2244 2331 2517 2390 intendere,
2565 2334 2615 2379 et
2652 2328 2826 2391 quibus
2875 2328 3008 2377 boris
3041 2328 3371 2391 spiritualibus
3394 2329 3661 2392 exercitiis,

2068 2401 2119 2448 et
2140 2398 2313 2461 quibus
2338 2399 2566 2448 insistere
2590 2396 2764 2445 debeat
2786 2407 3009 2444 manuum
3034 2395 3276 2457 operibus,
3304 2396 3430 2447 etde
3445 2396 3665 2459 pluribus

2069 2466 2194 2516 aIliis
2219 2478 2325 2526 qua
2350 2466 2411 2515 ad
2437 2464 2658 2514 eumdem
2684 2461 2817 2511 cella
2837 2462 3043 2512 incolam
3070 2462 3334 2526 pertinent.
3558 2463 3663 2513 880

2134 2531 2529 2583 BERNARDUS
2563 2528 2943 2579 CARTHUSLE
2964 2527 3326 2581 PORTARUM
3369 2530 3589 2582 PRIOR.

2135 2599 2461 2650 EPISTOL/E
2487 2601 2605 2649 tres.
3563 2598 3667 2648 885

2136 2668 2301 2717 EPIST.
2331 2667 2370 2717 I.
2398 2692 2463 2703 —
2488 2665 2559 2716 Ad
2584 2666 2853 2725 Aymonem
2872 2661 2931 2713 de
2954 2664 3209 2715 Varennes
3235 2669 3285 2716 et
3309 2667 3575 2727 Aymonem
3601 2665 3666 2716 de

2069 2733 2300 2784 Rohoria.
2331 2760 2397 2769 —
2420 2735 2490 2783 De
2516 2732 2625 2795 fuga
2650 2729 2831 2780 saculi.
2916 2794 2921 2795 7
3490 2745 3499 2754 ·
3565 2731 3669 2781 885

2137 2803 2303 2851 Ειηετ.
2334 2801 2393 2849 Il.
2421 2825 2486 2836 —
2514 2794 2589 2849 Ad
2623 2796 2857 2848 moniales
2898 2794 2957 2844 de
2981 2797 3235 2857 Lugdune.
3263 2824 3326 2835 —
3353 2798 3668 2851 Hortaturil-

2069 2868 2142 2918 las
2168 2869 2226 2919 ad
2252 2865 2598 2929 capessendam
2630 2875 2806 2923 magno
2830 2863 3012 2926 animo,
3057 2877 3203 2927 quam
3227 2877 3399 2916 recens
3425 2877 3664 2927 suscepe~

2072 2939 2185 2987 rant
2209 2936 2507 2985 strictiorem
2526 2932 2852 2993 disciplinam.
3564 2932 3668 2981 339

2141 3004 2306 3054 EPIST.
2334 3002 2417 3051 111.
2445 3026 2509 3036 -
2536 2999 2607 3050 Ad
2630 2996 2919 3049 Rainaldum
2961 2996 3218 3049 inclusum.
3246 3024 3309 3037 —
3346 2998 3561 3061 Qualiter
3578 3011 3666 3048 co-

2073 3082 2175 3119 ram
2202 3069 2406 3119 Domino
2430 3067 2494 3117 sit
2520 3066 2797 3117 vivendum.
3568 3064 3671 3115 892

2072 3136 2369 3186 JOANNES
2439 3130 2822 3184 CARTHUSI/E
2880 3129 3238 3184 PORTARUM
3298 3131 3671 3184 HONACHUS.

2140 3203 2467 3254 EPISTOL/E
2485 3202 2715 3262 quinque.
3563 3200 3667 3263 899

2142 3272 2308 3320 EPIST.
2331 3271 2349 3319 I
2398 3294 2461 3305 —-
2482 3268 2552 3319 Ad
2577 3267 2881 3332 Stephanum
2909 3266 3108 3319 fratrem
3136 3277 3283 3318 carne
3310 3268 3360 3317 et
3377 3266 3574 3332 spiritu.
3599 3293 3668 3304 —

2076 3337 2143 3387 De
2169 3337 2281 3401 fuga
2308 3335 2488 3387 saculi.
2732 3400 2739 3401 7
2766 3400 2773 3401 7
3426 3400 3430 3401 7
3568 3333 3670 3383 899

2142 3400 2308 3456 Ερι8τ.
2338 3406 2396 3455 11.
2424 3428 2489 3439 -·
2515 3402 2585 3453 Ad
2609 3400 2883 3452 Latoldum.
2920 3427 2968 3437 —
3000 3402 3076 3450 De
3101 3401 3242 3451 modo
3267 3400 3455 3452 orandi.
3558 3401 3661 3450 915

2146 3473 2311 3522 Εριετ.
2351 3473 2412 3521 111
2454 3496 2517 3506 -
2545 3469 2615 3520 Ad
2640 3470 2910 3529 Ilugonem.
2934 3494 2998 3505 —
3023 3469 3091 3519 De
3119 3468 3258 3518 modo
3277 3468 3446 3518 orandi
3471 3480 3527 3517 ac.
3547 3480 3669 3531 pra-

2075 3540 2244 3589 scttim
2271 3540 2331 3589 de
2356 3539 2623 3602 gratiarum
2650 3536 2858 3602 actione.
3459 3600 3488 3602 77
3566 3535 3670 3602 918

2142 3608 2306 3657 Ertsr.
2331 3600 2410 3656 IV.
2446 3632 2496 3643 —
2529 3604 2600 3655 Ad
2623 3601 2911 3652 Berardum.
2939 3628 3004 3638 —
3028 3604 3096 3652 De
3118 3602 3333 3653 custodia
3360 3600 3537 3652 cordis.
3562 3601 3666 3651 924

2144 3672 2392 3723 Erisr.V.
2443 3670 2604 3723 —Ad
2652 3669 2948 3720 Bernardum
2992 3673 3221 3732 nepotem
3267 3681 3427 3729 suum,
3478 3668 3559 3730 qui
3606 3667 3669 3718 de

2076 3737 2411 3790 Carthusiensi
2453 3739 2514 3789 ad
2556 3738 2702 3787 alium
2749 3736 2966 3786 ordinem
2991 3737 3202 3786 transire
3222 3735 3481 3797 cogitabat.
3509 3760 3570 3772 —
3596 3735 3668 3784 De

2078 3808 2351 3857 constantia
2374 3807 2422 3855 in
2450 3805 2715 3868 proposito.
3292 3867 3298 3868 7
3574 3800 3678 3851 986

2422 3867 2675 3923 STEPHA
2688 3868 2810 3919 NUS
2836 3870 2922 3918 DE
2947 3867 3331 3919 CHALMETO.

2146 3939 2449 3990 EPISTOLA
2498 3940 2577 3989 DE
2604 3936 3123 3988 PERSEVERANTIA
3150 3934 3395 3986 OBDINIS
3424 3933 3481 3985 ad
3524 3934 3671 3983 novi-

2080 4008 2172 4058 tios
2196 4008 2363 4057 Sancti
2384 4006 2573 4068 Sulpitii
2599 4004 2706 4055 ord.
2732 4003 2940 4053 Cisterc.
2988 4067 2996 4068 7
3245 4067 3252 4068 7
3425 4066 3434 4068 _
3578 4000 3670 4068 951

2150 4073 2367 4135 Epistola
2392 4066 2657 4124 Alexandri
2683 4082 2819 4134 papa
2852 4069 2916 4119 Ill
2942 4067 3003 4118 ad
3040 4067 3339 4120 Arthaudum
3364 4066 3574 4129 priorem
3588 4067 3676 4135 7A1-

2084 4133 2248 4201 veria,
2272 4139 2330 4190 de
2362 4141 2632 4190 schismate
2652 4133 2781 4189 illius
2803 4136 3052 4199 temporis.
3576 4133 3675 4201 933

2153 4198 2425 4271 Appendix.
2910 4198 2913 4199 ⁷
2992 4269 2999 4271 _
3067 4198 3676 4271 __7_“7______A_-9§§

2085 4265 2377 4327 SANCIUS
2414 4273 2594 4325 HUGO
2652 4269 3013 4324 EPISCOPUS
3063 4265 3564 4320 LINCOLNIENSIS
3608 4266 3682 4316 IN

2320 4340 2567 4391 ANGLIA
2626 4340 2888 4391 OﬂDlNIS
2914 4334 3443 4389 CARTHUSIENSIS.

2149 4409 2364 4471 Ilugonis
2390 4410 2518 4458 Vita.
2545 4432 2610 4443 —
2634 4409 2888 4457 Monitum.
3105 4469 3112 4471 7
3243 4469 3251 4471 7
3482 4468 3499 4471 _
3524 4467 3535 4471 7
3576 4398 3674 4471 95⁸1

2150 4467 2436 4526 Dissertatio
2477 4475 2537 4525 de
2589 4486 2719 4524 anno
2742 4488 2835 4536 quo
2860 4476 2913 4525 S.
2939 4473 3077 4535 Hugo
3103 4469 3151 4521 in
3177 4469 3457 4533 episcOpum
3482 4467 3676 4536 Lincol-

2085 4544 2306 4593 niensem
2332 4545 2644 4592 consecratus
2668 4534 2769 4591 sitf
3024 4534 3033 4535 ί
3575 4534 3674 4583 959

2153 4611 2329 4672 Incipit
2353 4610 2475 4659 Vita.
2504 4635 2564 4645 —
2590 4609 2839 4671 Prologus.
3582 4600 3680 4649 945

2151 4678 2307 4727 LIBER
2334 4690 2525 4725 PRIMUS.

2153 4746 2271 4794 CAP.
2300 4744 2340 4792 I.
2376 4770 2420 4779 —
2454 4742 2670 4804 Qualiter
2714 4743 2847 4804 Ilugo
2898 4736 3150 4805 genitricis
3189 4737 3676 4805 solatiodestitutus,

2088 4814 2137 4861 et
2183 4811 2390 4870 regulari
2434 4810 2635 4870 collegio
2684 4804 2972 4859 clericorum
3014 4818 3108 4856 una
3133 4817 3240 4854 cum
3278 4804 3492 4867 genitore
3516 4806 3676 4853 socia-

2087 4881 2184 4939 tus,
2206 4876 2374 4939 jugum
2404 4877 2588 4925 Domini
2632 4876 2694 4925 ab
2738 4876 2942 4925 infantia
2987 4872 3286 4939 portaverit;
3336 4873 3385 4921 ct
3408 4872 3682 4939 inseruntur

2087 4944 2147 4995 de
2171 4937 2277 4993 Sua‘
2305 4943 2605 4993 institutione
2631 4942 2806 5005 puerili
2830 4937 3245 5003 verba'ejusdem.
3330 5004 3335 5005 7
3580 4937 3681 4986 945

2154 5011 2254 5060 Car
2280 5010 2341 5059 ll.
2364 5035 2424 5045 —
2452 5012 2517 5057 De
2564 5004 2780 5070 ejusdem
2825 5010 3046 5071 profectu
3088 5008 3136 5056 in
3165 5004 3371 5055 scientia
3408 5007 3458 5055 et
3479 5004 3677 5064 virtute,

2088 5079 2138 5127 et
2183 5088 2328 5138 quam
2376 5077 2578 5126 devotus
2626 5088 2682 5125 ac
2705 5076 2969 5127 scdulusin
3005 5073 3182 5126 divinis
3207 5072 3375 5123 ofliciis
3400 5084 3455 5121 ae
3476 5071 3679 5138 fratrum

2090 5134 2334 5205 obsequiis
2353 5142 2614 5205 existebat,
3584 5134 3685 5205 946

2155 5203 2279 5260 ω.
2314 5211 2395 5259 111.
2420 5236 2483 5245 —-
2510 5211 2575 5259 Dc
2601 5203 2755 5272 patris
2778 5209 2850 5259 sui
2893 5204 3330 5264 commendatione,
3354 5208 3400 5254 et
3427 5214 3564 5272 quam
3584 5203 3682 5272 _hu-

2090 5277 2270 5327 militer
2293 5290 2350 5326 ac
2396 5276 2570 5327 devote
2605 5269 2976 5326 ministraverit
3012 5278 3060 5325 et
3084 5275 3219 5336 Hugo
3246 5274 3434 5334 noster,
3468 5269 3679 5332 ejusdem

2090 5344 2330 5405 obsequiis
2355 5344 2632 5407 specialiter
2654 5344 2940 5405 deputatus.
3491 5402 3523 5407 __
3583 5336 3681 5407 9747

2156 5402 2272 5462 Car.
2305 5402 2469 5461 IV;~
2513 5402 2734 5471 Qualiter
2753 5409 3002 5459 ordinatus
3025 5407 3193 5467 levita,
3244 5417 3355 5455 mox
3377 5402 3685 5466 pradicatio—

2088 5479 2165 5529 nis
2190 5480 2347 5529 studio
2374 5470 2565 5540 plebem
2612 5477 2898 5536 informans,
2949 5475 3174 5524 cellulam
3213 5474 3278 5540 S.7
3295 5470 3489 5521 Maximi
3512 5482 3691 5531 regen-

2089 5547 2201 5597 dam
2222 5539 2428 5607 accepit,
2456 5548 2505 5593 et
2524 5545 2588 5592 ita
2618 5542 2925 5593 laudabiliter
2948 5542 3095 5591 rexit.
3126 5542 3184 5590 Et
3207 5539 3298 5589 sub
3329 5540 3417 5588 hoc
3457 5548 3689 5607 compre:

2090 5610 2321 5664 benditur
2342 5603 2568 5674 quintum
2592 5610 2854 5673 capitulum
2883 5622 3070 5671 magna
3095 5608 3238 5657 Vita.
3368 5671 3410 5674 __
3586 5603 3690 5652 948

2155 5680 2275 5731 Car.
2304 5671 2448 5729 Vf—
2482 5671 2700 5741 Qualiter
2739 5675 2855 5728 illud
2906 5675 3237 5739 evangelicum
3268 5685 3283 5724 :
3312 5691 3332 5715 ι
3360 5671 3413 5722 Si
3438 5681 3685 5734 peccave-
