3922 6406
1501 691 1820 734 EXEUNTE
1865 691 2146 735 SECULO
2196 691 2258 732 XI

321 865 866 1050 HUGO
959 866 1626 1046 ABBAS
1715 865 3446 1050 FLAVINIACENSIS.

857 1318 1939 1460 CHRONICON
2055 1317 2930 1460 HUGONIS.
3063 1412 3100 1429 η

227 1631 447 1705 (Edidit
503 1631 822 1722 novissime
881 1629 1131 1688 domnus
1186 1631 1431 1700 Punrz,
1491 1626 1874 1686 Monumenta
1929 1625 2266 1686 Germanice
2317 1627 2626 1700 historica,
2677 1629 2888 1703 Script.
2924 1634 3062 1687 tom.
3099 1631 3242 1704 VIII,
3304 1649 3358 1706 p.
3417 1635 3566 1706 me.)

1495 1844 2309 1968 PBO(EMIUM.

858 2109 1223 2172 HUGONIS
1276 2107 1540 2182 AETAS,
1600 2103 1922 2178 PATRIA,
1975 2103 2377 2184 NATALES,
2441 2106 2596 2169 RES
2655 2106 2968 2173 GEST/E.

283 2507 572 2570 Chronici
587 2505 826 2582 prolini
847 2505 954 2564 sed
969 2518 1172 2562 rerum
1191 2503 1274 2561 ad
1299 2503 1622 2562 historiam
1647 2501 1854 2561 seaculi
1882 2504 1938 2563 A
1961 2501 2075 2572 git.
2085 2501 2258 2559 Forte
2279 2479 2437 2562 tunc
2475 2505 2534 2560 et
2564 2503 2815 2562 Jarento
2863 2505 3048 2564 abbas
3078 2509 3392 2571 Dioionem
3423 2515 3612 2572 redie-

201 2597 507 2659 undecimi
513 2596 890 2671 facientium
913 2594 1084 2666 copia
1110 2594 1394 2666 insignis,
1418 2593 1577 2664 quod
1586 2595 1725 2664 jam
1745 2591 1855 2648 lec-

210 2686 440 2746 toribus
467 2687 692 2745 nostris
707 2686 1110 2758 proponimus,
1135 2684 1344 2740 auctor
1372 2683 1548 2753 Hugo
1571 2695 1646 2738 etc
1660 2681 1856 2752 fami-

213 2777 306 2836 lia
333 2788 466 2848 qua
492 2775 586 2832 cel
607 2775 1033 2845 imperatorum
1063 2772 1294 2829 Ottonis
1320 2771 1436 2828 III
1459 2771 1519 2826 et
1551 2769 1857 2826 Oliuonra-

213 2866 280 2924 di
312 2867 385 2924 ῙῙ
407 2864 812 2936 cognationem
859 2859 1188 2934 afectabat
1217 2859 1508 2916 oriundus
1558 2859 1658 2930 (l),
1702 2872 1857 2916 anno

209 2959 352 3012 4065
377 2954 455 3026 (2)
501 2952 753 3009 Virduni
775 2952 850 3022 (3)
871 2951 983 3007 aut
999 2951 1063 3007 in
1081 2948 1312 3006 ricinia
1333 2949 1462 3020 ejus
1481 2947 1648 3004 urbis
1678 2949 1858 3005 natus

213 3042 317 3101 est.
340 3043 501 3099 Puer
520 3055 560 3099 a
583 3039 888 3111 Rodulp/io
909 3039 1123 3096 abbate
1139 3039 1205 3094 in
1223 3038 1653 3095 monasterium
1671 3039 1737 3095 ις.
1769 3037 1860 3094 Vi-

213 3132 340 3188 toni
369 3131 530 3202 quod
558 3130 682 3186 tum
701 3131 769 3186 in
796 3127 1133 3186 suburbano
1181 3125 1429 3184 Virduni
1444 3125 1708 3198 florebat
1725 3125 1861 3182 ads—

210 3218 370 3277 citus
399 3217 461 3276 et
487 3217 706 3276 litteris
752 3217 874 3274 tam
919 3217 1114 3274 sacris
1143 3229 1327 3286 quam
1353 3214 1642 3287 profanis
1671 3212 1859 3271 imbu-

215 3308 312 3366 tus
334 3307 586 3380 (i),mcx
613 3305 1010 3364 obedientiam
1041 3305 1246 3362 sancto
1291 3305 1493 3363 Vitono
1519 3308 1578 3361 et
1600 3305 1858 3378 Rodat/'0

211 3395 420 3455 abbati
437 3397 746 3468 professus
765 3395 870 3454 est.
897 3395 1059 3453 Lites
1075 3395 1236 3451 inter
1254 3392 1654 3452 sacerdotium
1675 3393 1736 3450 et
1752 3394 1858 3449 im-

199 3487 447 3558 perium
466 3485 686 3542 exorta
714 3499 777 3541 eo
805 3485 1072 3563 tempor‘
1087 3484 1152 3540 in
1188 3482 1337 3540 bella
1366 3483 1577 3554 aperta
1622 3495 1858 3540 exarse-

209 3575 358 3632 rant
376 3575 437 3632 et
457 3573 681 3646 ubique
694 3587 802 3644 per
825 3571 1210 3631 Germaniam
1229 3573 1600 3643 Italiamque
1613 3585 1860 3643 grassa-

214 3661 451 3721 bantur.
476 3663 600 3722 Nec
617 3676 687 3719 ea
715 3662 824 3719 abe
853 3662 1252 3733 Latnaringia
1271 3661 1543 3733 superior
1571 3661 1860 3719 immunis

214 3753 380 3822 erat;
394 3752 567 3824 cuius
583 3751 841 3823 episcopi
855 3750 1222 3824 Egilbertus,
1239 3751 1667 3820 Herimannus,
1689 3749 1860 3806 Tlieo-

1963 2591 2106 2648 rat:
2126 2592 2223 2648 cir
2245 2589 2530 2663 Gregorio
2538 2593 2708 2664 fami
2717 2595 3106 2667 liarissimus,
3125 2601 3232 2668 qui
3245 2615 3422 2674 papa
3428 2603 3614 2674 jussu

1967 2694 2098 2738 cum
2143 2682 2291 2738 aliis
2343 2682 2560 2754 legatis
2605 2682 2916 2740 Robertum
2963 2687 3337 2747 Wiscardum
3367 2694 3615 2751 Romam

1966 2771 2346 2842 arcessierat,
2393 2773 2712 2844 posteaque
2751 2775 2930 2846 fuga
2985 2774 3263 2848 Gregorii
3289 2782 3614 2841 Salernum

1966 2873 2151 2917 comes
2176 2860 2402 2930 factus,
2453 2863 2512 2918 et
2539 2861 2614 2918 ab
2651 2877 2712 2918 eo
2759 2863 3149 2922 Coliznbriam
3189 2869 3421 2940 legatus
3461 2873 3608 2929 erat.

1971 2948 2086 3014 Qui
2120 2963 2324 3006 rerum
2377 2950 2708 3008 conditione
2755 2955 3067 3025 perspecta
3108 2957 3368 3034 Ilodulfi
3409 2952 3616 3019 auctor

1949 3037 2094 3110 fuit
2119 3039 2204 3108 ut,
2255 3039 2512 3096 Virduno
2542 3039 2772 3106 relicto,
2807 3055 2933 3098 una
2970 3057 3104 3100 cum
3139 3047 3449 3106 monacnis
3485 3051 3616 3108 suis

1953 3127 2228 3198 primum
2256 3127 2678 3185 Flaciniacum
2721 3130 2937 3186 cillam
2969 3133 3022 3188 S.
3061 3133 3259 3192 Vitoni
3283 3135 3349 3192 in
3382 3138 3616 3195 territo-

1963 3217 2058 3272 rio
2099 3217 2365 3274 Tullensi
2399 3218 2599 3285 sitam,
2635 3218 2848 3276 deinie
2884 3221 3193 3278 Dicionem
3229 3225 3610 3296 demigraret.

1965 3303 2248 3362 Abbatem
2275 3305 2432 3362 inter
2460 3307 2727 3377 reliquos
2745 3309 2806 3364 et
2829 3309 3004 3379 [Iugo
3031 3314 3286 3383 secutus,
3311 3315 3616 3374 underice-

1965 3393 2114 3450 sime
2159 3393 2358 3452 (etatis
2387 3408 2542 3451 anno
2584 3400 2754 3452 notos
2792 3395 2996 3452 affines
3038 3399 3284 3469 patriam
3325 3405 3382 3458 et
3418 3403 3616 3461 nidum

1969 3496 2083 3553 quo
2117 3497 2184 3538 co
2227 3481 2414 3540 luerat
2447 3497 2509 3539 eo
2539 3485 2739 3540 animo
2765 3484 3037 3557 reliquit,
3075 3490 3378 3562 utcorpus
3398 3496 3458 3547 et
3497 3493 3617 3549 ani-

1969 3584 2114 3626 mam
2148 3575 2444 3642 totamque
2477 3573 2864 3630 substantiam
2891 3589 3052 3631 suam
3078 3577 3176 3632 Dei
3207 3593 3418 3650 causas,
3445 3594 3616 3652 quam

1969 3660 2504 3732 putabat,gaudens
2520 3661 2854 3732 devoveret,
2875 3667 2934 3718 et
2958 3663 3013 3719 in
3041 3665 3166 3736 ejus
3197 3668 3436 3725 servitio
3453 3670 3620 3740 quid-

1970 3749 2108 3822 quid
2145 3748 2353 3806 virium
2389 3753 2542 3806 esset
2573 3749 2851 3820 juvenilis
2879 3754 3146 3825 corporis
3174 3757 3618 3828 expcndendum

216 3841 474 3912 dericus,
495 3841 644 3898 Pibo
664 3854 795 3898 cum
813 3839 1352 3912 regisjldelitatem
1370 3839 1697 3910 seruarent,
1726 3838 1862 3896 Gre-
1887 3867 1942 3929 Β
1972 3842 2358 3929 praeoptaret.
2400 3839 2938 3929 Quoji‘deifervore
2957 3845 3274 3902 Jarentoni
3291 3847 3622 3917 plurimum

206 3932 419 4004 gorius
453 3931 574 3988 VII
603 3929 687 3986 ad
722 3943 816 3987 eos
843 3929 1282 4000 impugnandos
1313 3930 1459 3987 etin
1488 3942 1633 3986 suas
1659 3929 1860 4000 partes
1888 3926 1931 3929 “
1969 3927 2432 3990 commendatus.
2459 3926 2534 3984 ab
2553 3929 2734 3984 initio
2757 3931 2970 4002 gratia
2991 3933 3049 3988 et
3069 3931 3471 3994 benevolentia
3491 3937 3621 4007 ejus

216 4017 538 4078 trahendos
557 4017 872 4076 abbatibus
890 4019 1186 4090 praecipue
1207 4017 1468 4092 Rodulfo
1503 4015 1860 4075 Virdunensi

215 4109 612 4168 etJarentone
638 4107 988 4164 Dicionensi
1008 4121 1154 4164 usus
1175 4107 1282 4164 est.
1310 4107 1394 4164 Et
1422 4106 1725 4164 Rodutfus
1737 4107 1863 4177 qui-

214 4197 347 4255 dem
383 4197 475 4255 bis
502 4198 735 4255 Roman
747 4196 1058 4269 profectus
1077 4209 1258 4267 papae
1287 4194 1475 4266 legati
1485 4210 1645 4252 onem
1672 4209 1864 4257 susce-

208 4287 330 4360 pit;
365 4301 522 4345 anno
559 4291 698 4344 4080
731 4285 953 4343 litteris
985 4285 1262 4358 Gregorii
1295 4285 1365 4342 al
1387 4287 1511 4344 aiis
1544 4286 1863 4346 Heriman-

211 4389 359 4434 num
384 4375 707 4434 Metensem
727 4375 1060 4448 episcopum
1087 4375 1154 4430 in
1171 4374 1302 4446 ﬁde
1334 4375 1615 4432 Ecclesia
1633 4375 1866 4435 stabili-

212 4466 321 4538 vit,
345 4465 404 4523 et
420 4477 577 4523 anno
600 4467 736 4522 1085
760 4465 979 4522 iterum
1007 4465 1195 4521 Roma
1212 4463 1410 4522 reduce
1445 4465 1866 4524 Theoderizum

229 4553 655 4612 Virdunensem
685 4551 974 4626 Gregorio
1001 4551 1390 4612 reconciliare
1417 4551 1731 4626 sperabat;
1761 4555 1867 4614 sed

215 4645 406 4704 Roma
433 4643 681 4703 interim
709 4642 784 4702 ab
829 4644 1120 4702 Heinrico
1165 4643 1444 4714 occupata
1484 4643 1542 4700 et
1581 4641 1866 4716 Gregorio

212 4732 544 4793 Salernum
564 4732 810 4806 fugato,
861 4733 1252 4791 Theodericus
1303 4732 1624 4791 Clementis
1659 4733 1868 4804 partes

217 4821 658 4896 amplectendas
683 4822 909 4882 statuit
929 4823 988 4880 et
1005 4823 1340 4897 Rodulfum
1372 4821 1492 4880 loco
1519 4822 1722 4882 cedere
1749 4835 1869 4882 coe-

513 5003 592 5076 (I)
617 5003 809 5076 Genus
838 5002 947 5076 hoc
979 5002 1164 5076 fuisse
1199 5001 1324 5075 ipse
1350 5002 1572 5060 tradit:

739 5073 878 5131 Otto
908 5075 984 5131 III
1013 5073 1350 5148 imperator.

218 5143 1865 5176 xw

292 5193 676 5253 Chuonradns
705 5193 753 5250 II
786 5193 923 5265 imp.
1409 5191 1791 5265 Chrothildis.

806 5263 1110 5338 Réynerus
1160 5313 1232 5334 ν
1306 5263 1462 5322 Dada
1495 5264 1790 5338 demente

1160 5313 1237 5424 Ι
1306 5313 1794 5392 ””“ιῐιὲιῖἷιέἶιῖἰ

517 5455 862 5512 Fredericus
937 5456 1232 5526 Gerardus
1306 5454 1606 5526 Raynerus
1681 5454 1863 5526 Hugo.

577 5526 778 5585 laicus.
966 5525 1167 5585 laicus.
1348 5523 1564 5594 iunior.
1760 5567 1764 5569 μ

219 5615 326 5688 sed
358 5613 703 5688 fabulosam
723 5616 1079 5688 progeniem,
1124 5615 1242 5686 jam
1283 5627 1436 5688 unus
1486 5613 1869 5675 Chuonradus

215 5687 418 5749 Ottoni
444 5687 518 5746 III
553 5686 658 5743 ﬁlii
689 5683 821 5745 loco
834 5683 1144 5762 'ascript'us
1173 5683 1452 5744 ostendit.

456 5785 721 5850 ΡΑπιοι.
770 5783 980 5850 CLIV.

1968 4031 2134 4087 usus,
2158 4029 2296 4072 mox
2325 4018 2652 4088 postquam
2694 4031 2819 4074 una
2863 4033 2994 4076 cum
3022 4020 3234 4078 abbate
3270 4025 3329 4080 et
3361 4025 3622 4100 reliquis

1955 4103 2275 4178 fratribus
2303 4106 2662 4162 monasterio
2692 4106 3048 4164 Dicionensi
3078 4108 3466 4170 obedientiam
3484 4129 3624 4186 p='o-

1968 4193 2162 4263 misit,
2207 4193 2276 4250 in
2306 4193 2647 4250 societatem
2691 4194 2829 4251 cita
2857 4195 2916 4251 et
2940 4198 3326 4256 consiliorum
3354 4202 3626 4264 adscitus

1971 4283 2163 4342 estita
2181 4283 2251 4338 ut
2263 4295 2414 4351 cum,
2433 4282 2778 4340 Theoderico
2794 4283 3056 4355 episcopo
3073 4289 3314 4360 mortuo,
3326 4291 3626 4366 Rodutfus

1971 4369 2154 4430 abbas
2173 4385 2329 4428 anno
2351 4375 2491 4427 4092
2519 4371 2846 4428 Virdunum
2857 4373 3104 4444 rediret,
3120 4378 3626 4449 HugoJarentoni

1973 4459 2390 4521 adluerendum
2423 4459 2732 4518 statueret.
2776 4461 2948 4520 Inter
2984 4463 3141 4522 ciros
3161 4467 3358 4538 igitur
3385 4471 3624 4542 ponti/Z-

1973 4550 2208 4608 ciarum
2233 4549 2506 4622 partium
2517 4549 2855 4622 pracipuos
2876 4551 3094 4624 quibus
3110 4555 3378 4614 innotuit
3402 4560 3619 4633 noster,

1973 4640 2286 4712 Hugonem
2307 4637 2578 4696 abbatem
2603 4639 2884 4698 Cluniaci
2905 4641 3257 4704 Jarentonis
3277 4659 3464 4705 comes
3481 4650 3627 4709 cisi-

1978 4727 2149 4798 tacit,
2179 4728 2236 4785 et
2262 4727 2330 4784 Η
2329 4727 2507 4800 ugoni
2527 4727 2968 4802 archiepiscOpo
3001 4732 3384 4804 Lugdunensi
3405 4735 3474 4793 in
3493 4738 3625 4795 tan-

1979 4819 2101 4877 tum
2119 4817 2380 4890 placuit,
2403 4817 2477 4875 ut
2491 4815 2566 4875 ab
2595 4818 2744 4875 eoin
2770 4819 3120 4879 ministrum
3143 4824 3503 4898 assumptus,
3528 4839 3626 4884 ne-

2051 4997 2128 5068 (2)
2161 4994 2278 5052 Fol.
2313 4999 2434 5066 137,
2467 4994 2805 5068 annoA1096,
2839 4996 2893 5052 d.
2941 5013 2978 5052 x
3019 4997 3141 5056 Kal.
3189 5001 3321 5058 Dec.
3367 5015 3428 5059 se
3475 5017 3627 5062 anno

1977 5065 2172 5140 atatis
2201 5071 2272 5124 32
2299 5067 2500 5140 vivere
2522 5065 2770 5140 scribit:
2800 5069 2961 5140 quod
2996 5070 3045 5126 si
3071 5071 3196 5130 dies
3214 5069 3516 5132 natalitius
3544 5074 3627 5132 in-

1980 5143 2072 5196 ter
2102 5137 2380 5219 dsgAIIal.
2411 5139 2658 5219 _Dec._e.t
2709 5137 2997 5219 Kalendas
3043 5143 3348 5202 Ianuarias
3393 5143 3621 5219 incidit,

1980 5225 2130 5268 anno
2163 5213 2302 5268 1064
2330 5215 2529 5266 natum
2563 5210 2744 5266 fuisse
2773 5217 3028 5282 oportet.

2055 5318 2131 5391 (3)
2161 5317 2416 5374 Patriam
2448 5322 2618 5375 vocat
2647 5332 2696 5374 a.
2735 5321 2891 5376 1085.

2053 5417 2131 5491 (4)
2155 5418 2380 5473 Praeter
2413 5415 2592 5491 Biblia
2630 5430 2794 5491 sacra
2834 5421 2891 5472 et
2923 5419 3130 5491 Patres
3158 5425 3404 5479 noverat
3425 5421 3629 5482 classi-

1981 5505 2083 5565 cos
2106 5487 2407 5565 auctores;
2427 5487 2624 5565 laugat
2637 5487 2915 5565 Senecam
2931 5489 3339 5565 debeneﬁciis,
3359 5495 3626 5565 Gregorii

1979 5557 2651 5638 Moralia,‘S_._Benedic_ti
2683 5559 2963 5638 regulam,
2987 5557 3373 5638 Ambrosium,
3401 5557 3628 5638 Adgug.

1979 5633 2186 5706 tinum,
2222 5629 2538 5704 ’Isidorum,
2575 5629 2978 5690 Fortunatam.

3285 5787 3313 5848 1
