3922 6412
356 321 426 389 11
1286 313 1661 380 HUGONIS
1703 312 2060 379 ABBATIS
2104 310 2784 379 FLAVINIACENSIS

3635 316 3785 380 -12

347 456 537 532 gotiis
580 450 998 525 adhiberetur,
1049 448 1339 524 tantaque
1387 452 1519 525 ejus
1566 446 2002 518 familiaritate
2030 452 2084 511 Α
2116 448 2212 506 tus
2232 448 2335 507 est.
2362 448 2554 509 Annis
2558 450 2702 523 fere
2722 450 2917 511 tribus
2942 449 3161 523 quibus
3197 446 3452 510 abbatia
3475 451 3783 526 praefuit,

351 560 499 606 usus
529 546 635 616 est,
664 543 736 601 ut
752 558 882 600 eum
900 542 1019 601 sibi
1038 541 1400 600 indissolubi
1409 542 1453 597 li
1473 541 1708 598 vinculo
1721 540 2003 610 junctum

348 634 611 709 putaret.
658 633 890 690 Talium
918 633 1187 689 virorum
1217 631 1479 701 exemplo
1502 629 1802 686 excitatus
1833 630 1891 684 et
1914 642 2003 685 re-

354 736 488 780 rum
512 732 771 792 quarum
798 718 1106 789 particeps
1128 716 1346 789 factus
1377 716 1508 773 erat
1524 714 1830 787 gravitate
1857 728 2003 771 com-

350 810 543 867 motus
569 809 819 877 juvenis
852 806 1118 863 historia
1139 804 1464 863 scribendae
1505 804 1767 872 accessit,
1803 817 1864 860 eo
1891 803 2003 860 sci-

354 898 496 956 licet
515 898 733 965 animo,
752 896 821 951 ut
837 897 893 952 si
909 896 1037 965 ipse
1041 894 1248 966 fortia
1266 893 1482 949 audire
1498 890 1775 963 nequiret
1791 890 2005 947 saltem

350 987 621 1043 virorum
642 985 912 1056 fortium
946 981 1085 1038 bene
1114 981 1251 1038 acta
1281 980 1622 1051 exploraret
1647 982 1702 1035 et
1722 976 2005 1035 oblivioni

352 1073 608 1145 eriperet
640 1073 716 1142 (ὅ)
756 1070 1061 1127 Chronica
1094 1068 1288 1139 igitur
1318 1066 1741 1124 concinnandee
1767 1077 2004 1136 operam

356 1162 540 1231 dedit,
565 1173 689 1231 qua
716 1172 815 1215 res
828 1160 1035 1229 gestas
1064 1156 1207 1212 inde
1232 1170 1271 1212 a
1305 1156 1537 1213 Christi
1557 1153 1896 1212 Nalititate
1924 1152 2007 1208 ad

352 1263 467 1306 sua
503 1262 693 1318 usque
729 1248 989 1317 tempora
1027 1244 1371 1313 deduceret;
1398 1244 1456 1299 et
1482 1241 1773 1300 subsidiis
1799 1254 2005 1312 quam-

347 1338 636 1409 plurimis
678 1334 973 1405 congestis
1006 1334 1173 1390 circa
1202 1346 1427 1388 annum
1476 1337 1615 1387 4090
1656 1332 1732 1402 (6)
1761 1343 2006 1385 manum

354 1427 517 1497 operi
574 1423 855 1481 admovit.
905 1421 1147 1479 Duobus
1195 1434 1343 1491 quos
1403 1420 1763 1490 conscripsit
1807 1418 1999 1485 libris,

342 1515 550 1585 priore
587 1512 909 1570 historiam
947 1510 1028 1567 ad
1059 1510 1307 1566 initium
1344 1508 1549 1566 saeculi
1588 1523 1660 1571 xi,
1696 1507 1885 1564 altero
1924 1505 2007 1562 ad

354 1616 469 1659 sua
493 1615 683 1673 usque
710 1601 971 1671 tempora
1001 1597 1272 1666 deduxit,
1295 1598 1364 1653 in
1391 1598 1733 1652 universum
1765 1594 2005 1666 quidem

356 1690 677 1761 temporum
717 1690 985 1745 ordinem
1028 1687 1282 1755 secutus,
1325 1686 1429 1742 sed
1467 1699 1598 1741 cum
1626 1685 1805 1754 coepto
1836 1695 2005 1754 opere

353 1778 629 1835 subsidia
653 1777 884 1847 passim
908 1774 1252 1843 crescerent,
1277 1773 1489 1830 sedula
1511 1773 1831 1844 diligentia
1858 1769 2005 1827 scri-

346 1866 459 1941 pta
478 1866 830 1933 retractare,
857 1864 1077 1919 omissa
1097 1861 1335 1931 addere,
1347 1862 1719 1932 paginarum
1738 1848 2005 1930 margini

355 1955 529 2011 notas
551 1953 834 2023 adjicere,
860 1953 1017 2015 folia
1048 1951 1288 2022 integra
1318 1951 1581 2006 inserere
1606 1963 1723 2004 non
1750 1947 2000 2005 destitit.

351 2042 649 2100 Subsidia
687 2040 902 2111 quibus
934 2040 1203 2111 primum
1232 2052 1379 2095 usus
1425 2038 1530 2106 est,
1576 2036 2007 2107 Lotharingica

353 2130 588 2187 scilicet
629 2130 688 2184 et
722 2127 1133 2198 Burgundica,
1193 2139 1268 2181 ea:
1303 2141 1466 2198 penu
1506 2124 1889 2182 abbatiarum
1933 2125 1999 2180 S.

372 2219 567 2276 Vitoni
598 2218 657 2275 et
681 2218 1065 2275 Dieionensis
1094 2216 1428 2287 acceperit;
1457 2216 1588 2272 alia
1618 2230 1665 2273 e.
1684 2230 1746 2287 g.
1788 2214 2007 2271 catalo-

351 2310 423 2381 gi
473 2306 1053 2378 archiepiscoporum
1100 2304 1587 2376 Lugdunensium
1634 2304 1693 2360 et
1723 2301 2008 2374 episcopo-

355 2410 492 2453 rum
523 2394 1119 2452 Utaromontanorum
1158 2393 1364 2463 postea
1409 2393 1823 2461 accesserunt;
1866 2390 2009 2447 ulti-

355 2499 448 2541 mo
472 2485 591 2541 loco
620 2482 1113 2539 Fla'viniacensia
1140 2481 1521 2553 marginibus
1547 2482 1607 2537 et
1626 2481 1881 2552 paginis
1918 2481 2010 2536 in-

357 2573 536 2631 sertis
582 2570 796 2629 addita
843 2569 1092 2639 constat,
1141 2583 1272 2626 cum
1320 2570 1446 2640 ipse
1475 2569 1615 2639 jam
1656 2568 2012 2625 monasterii

357 2662 539 2720 istius
578 2661 844 2731 regimen
890 2658 1261 2729 suscepisset.
1313 2661 1482 2714 Anno
1530 2663 1669 2714 4095
1722 2658 1820 2713 cel
1873 2662 2011 2714 4096

360 2749 598 2807 ineunte
619 2763 753 2805 cum
772 2747 1020 2804 Jarento
1042 2744 1116 2802 ab
1144 2745 1378 2803 Urbano
1396 2760 1559 2817 papa
1569 2759 1682 2816 pro
1699 2746 2013 2802 restituen-

363 2839 439 2896 da
468 2837 754 2896 Ecclesia
783 2834 1146 2892 auctoritate
1167 2834 1225 2890 et
1249 2833 1720 2891 reconciliandis
1774 2831 2015 2892 Wilhel.

359 2940 450 2984 mo
467 2941 607 2999 rege
624 2926 682 2981 et
700 2923 949 2981 Roberto
974 2923 1118 2979 duce
1121 2922 1445 2995 fratribus
1466 2923 1533 2979 in
1552 2921 2015 2979 Nortmanniam

360 3020 420 3077 et
444 3019 729 3090 Angliam
756 3014 1111 3084 mitteretur,
1136 3015 1310 3084 Hugo
1341 3012 1611 3070 abbatem
1637 3026 1812 3069 suum
1841 3010 2015 3069 comi-

361 3108 524 3165 tatus
573 3105 677 3163 est.
726 3106 811 3161 Re
857 3103 1056 3161 autem
1094 3102 1325 3174 infecta
1369 3116 1502 3158 cum
1538 3100 1790 3158 Jarento
1835 3101 2016 3170 atque

2110 538 2287 597 rebus
2317 542 2570 612 agendis
2617 556 2855 613 operam
2904 541 3073 599 dedit
3113 540 3173 598 et
3206 542 3272 598 in
3314 556 3458 612 opus
3505 543 3789 601 ecclesiis

2115 628 2229 684 duo
2277 630 2475 686 millia
2518 631 2846 687 solidorum
2885 630 3206 702 expendit;
3259 630 3365 687 sed
3429 632 3790 703 Haganone

2113 716 2376 786 episcooo
2408 717 2733 776 diacesano
2759 733 2816 776 a.
2850 724 2990 775 4098
3026 719 3328 791 defuncto,
3370 720 3791 792 Norgaudum

2110 818 2499 864 successorem
2528 807 2947 865 adversarium
2973 808 3185 864 nactus
3213 808 3319 865 est.
3355 808 3520 865 Anno
3541 814 3685 865 4099
3716 806 3781 863 ιι.

2112 900 2181 949 28
2209 893 2421 952 Martii
2459 896 2763 968 Rodulfus
2809 895 2992 953 abbas
3036 895 3226 967 obiit;
3268 897 3546 954 morienti
3586 898 3789 967 Hugo

2113 982 2331 1039 aderat
2353 984 2411 1039 et
2444 986 2789 1055 passionem
2833 985 3207 1041 Dominicam
3256 983 3419 1055 legit,
3492 983 3789 1042 defuncti

2112 1083 2228 1140 que
2257 1071 2459 1143 funus
2524 1073 2851 1129 Virdunum
2894 1072 3241 1143 prosecutus
3303 1074 3393 1130 est
3440 1072 3534 1143 (8).
3560 1072 3789 1129 Mense

2111 1160 2443 1230 Septembri
2471 1162 2602 1231 ejus
2630 1163 2777 1218 anni
2807 1163 3152 1219 Flavinium
3182 1161 3452 1232 excessit,
3493 1161 3789 1219 inimicis

2111 1250 2419 1306 monachis
2439 1251 2799 1321 quibusdam
2820 1252 2880 1307 et
2903 1251 3225 1323 Norgaudo
3256 1250 3445 1308 locum
3492 1250 3675 1320 dedit,
3722 1249 3797 1305 et

2098 1336 2353 1409 frustra
2370 1352 2483 1409 per
2510 1339 2762 1410 aliquod
2806 1341 3032 1412 tempus
3069 1339 3229 1411 apud
3276 1338 3669 1411 Norgaudum
3723 1338 3799 1394 et

2115 1427 2423 1497 Hugonem
2444 1428 2951 1500 archiepiscopum
2968 1442 3082 1500 pro
3102 1429 3305 1484 reditu
3321 1427 3630 1485 laboravit.
3650 1426 3795 1482 An-

2111 1516 2180 1572 ni
2230 1520 2367 1572 4400
2434 1516 2615 1573 initio
2672 1517 2893 1573 iterum
2977 1518 3045 1574 in
3110 1518 3395 1589 Angliam
3456 1515 3791 1587 profectus

2114 1603 2217 1673 est,
2268 1616 2462 1660 mense
2502 1605 2766 1675 Augusto
2831 1606 3203 1662 adversariis
3259 1606 3388 1662 suis
3452 1602 3790 1660 Flavinia-

2113 1690 2379 1748 censibus
2393 1693 2649 1764 frustra
2670 1694 2887 1749 iterum
2909 1694 3143 1751 litteras
3163 1692 3414 1765 scripsit
3429 1692 3490 1749 et
3502 1693 3789 1762 Septem-

2033 1810 2084 1871 B
2116 1778 2475 1871 b_ri‘demum
2496 1782 2745 1871 siccante
2772 1796 2811 1837 a
2843 1781 3059 1871 legatis
3073 1781 3384 1852 ponti/teis
3413 1781 3480 1836 in
3516 1779 3790 1837 concilio

2127 1868 2434 1924 Valentino
2459 1868 2713 1925 abbatia
2729 1870 3064 1938 restitutus,
3090 1870 3513 1926 Flaviniacum
3541 1866 3782 1926 rediit.

2112 1955 2238 2013 Sed
2262 1956 2402 2012 tunc
2428 1970 2659 2027 quoque
2684 1956 2985 2029 offensum
2998 1958 3283 2028 fratrum
3331 1957 3617 2022 animum,
3652 1953 3783 2024 qui

2115 2044 2421 2102 abbatiam
2444 2045 2796 2102 Dieionensi
2819 2045 2953 2114 subj
2959 2045 3258 2102 iciendam
3295 2042 3788 2115 suspicabantur

2115 2131 2234 2189 sibi
2273 2134 2599 2190 conciliare
2640 2133 2929 2204 nequivit,
2980 2133 3071 2189 ita
3118 2132 3190 2188 ut
3233 2131 3558 2202 Norgaudo
3608 2142 3783 2186 anno

2118 2234 2251 2287 4404
2288 2230 2544 2287 alterius
2573 2229 2811 2287 abbatis
2847 2228 3249 2288 constituendi
3288 2229 3447 2284 locus
3498 2227 3781 2294 daretur,

2117 2319 2370 2389 Hugone
2396 2319 2577 2389 ejecta
2604 2319 2664 2374 et
2670 2319 2925 2390 frustra
2947 2319 3193 2374 Romam
3222 2314 3583 2387 appellante.

2190 2408 2334 2463 Haec
2351 2407 2571 2463 ultima
2591 2407 2733 2463 sunt
2754 2421 2885 2478 qua
2905 2407 2977 2462 de
2996 2420 3058 2462 se
3088 2409 3212 2477 ipse
3245 2404 3520 2475 scripsit;
3562 2402 3786 2460 Dicio—

2116 2509 2191 2551 ne
2232 2495 2427 2567 igitur
2467 2509 2601 2552 cum
2635 2496 2960 2552 Jarentone
3004 2495 3241 2552 stetisse
3284 2492 3545 2562 videtur,
3594 2504 3790 2562 quem

2118 2597 2303 2640 unum
2338 2585 2599 2640 omnium
2638 2585 2973 2640 amicorum
3011 2582 3374 2639 constantem
3417 2581 3478 2637 et
3523 2579 3787 2651 ﬁdelem

2119 2671 2238 2729 sibi
2260 2672 2785 2746 eapertusfuerat.
2826 2671 3070 2728 Librum
3100 2684 3277 2727 suum
3304 2684 3416 2740 per
3443 2669 3598 2724 oices
3623 2679 3786 2737 pas—

2119 2760 2253 2829 sim,
2278 2760 2445 2817 nullo
2467 2760 2677 2816 ordine
2697 2759 2933 2816 servato
2969 2760 3029 2814 et
3041 2758 3231 2829 prout
3255 2758 3495 2815 animus
3501 2753 3778 2827 ferebat,

2124 2861 2311 2918 usque
2332 2848 2412 2904 ad
2440 2862 2666 2905 annum
2687 2853 2826 2904 4402
2843 2847 3150 2918 produxit.
3183 2845 3342 2911 Quid
3371 2845 3442 2901 de
3469 2846 3597 2914 ipso
3633 2855 3785 2898 auc-

2125 2937 2244 2993 tore
2256 2938 2462 3007 postea
2483 2937 2684 2993 actum
2709 2936 2797 2993 sit
2812 2935 3157 3006 dubitatur;
3183 2934 3406 2991 certum
3428 2933 3623 2989 tamen
3640 2943 3787 2987 esse

2122 3025 2362 3082 videtur
2400 3038 2533 3081 eum
2552 3024 2841 3096 partibus
2864 3024 3119 3081 ecclesia
3148 3037 3187 3079 a
3225 3021 3442 3093 quibus
3491 3020 3614 3077 tam
3668 3019 3788 3075 diu

2124 3114 2373 3171 steterat
2387 3114 2788 3181 renuntiasse,
2821 3113 3173 3169 Dioionensi
3198 3110 3554 3168 monasterio
3582 3111 3801 3165 δέεσθε-³

564 3160 850 3262 redirent,
875 3193 943 3249 in
962 3192 1122 3248 mari
1150 3160 1497 3261 tempestate
1526 3188 1737 3246 valida
1759 3187 1843 3246 ad
1865 3160 1984 3245 mor

2184 3160 2367 3171 -.-ηπ
2390 3160 2403 3171 ,
2426 3160 2788 3181 "mann",
3499 3160 3542 3165 η
3584 3160 3751 3165 π---

2185 3216 2296 3273 sse,
2345 3201 2420 3259 ab
2471 3201 2684 3258 abbate
2728 3201 3081 3258 Dioionensi
3108 3197 3698 3267 excommunicationi,
3725 3196 3791 3253 et

364 3286 443 3343 tis
469 3282 787 3343 discrimen
789 3281 1073 3353 producti
1095 3279 1331 3337 tandem
1345 3280 1607 3350 Bajocas
1621 3275 2019 3349 pervenerunt

282 3446 287 3451 1
369 3373 473 3432 ubi
505 3373 701 3444 Hugo,
732 3370 930 3426 morbo
957 3369 1213 3426 riolento
1232 3381 1559 3439 oppressus.
1586 3368 1805 3424 iterum
1823 3380 2018 3423 necem

360 3463 467 3521 cia:
513 3460 721 3518 evasit.
774 3459 1048 3517 Sanatus
1092 3458 1309 3526 tamen,
1364 3457 1682 3527 postquam
1765 3455 2017 3512 Jarento

361 3551 737 3610 concordiam
759 3548 918 3605 inter
950 3546 1268 3605 Robertum
1288 3546 1493 3602 ducem
1522 3545 1582 3601 et
1590 3544 1864 3617 fratrem
1887 3545 2018 3615 ejus

367 3639 661 3707 restituit,
730 3651 856 3694 una
922 3650 1049 3693 cum
1123 3634 1338 3691 abbate
1403 3634 1607 3690 ducem
1676 3632 2019 3704 Hierosoly-

359 3742 521 3786 mam
558 3727 787 3784 iturum
816 3738 1009 3781 mense
1035 3721 1369 3794 Septembri
1406 3737 1464 3779 a.
1516 3726 1657 3778 4096
1703 3734 1891 3793 usque
1939 3719 2021 3777 ad

367 3817 616 3873 Pontem
646 3815 835 3872 Arliee
861 3812 1178 3869 comitatus
1208 3812 1312 3880 est,
1361 3812 1421 3867 et
1453 3811 1765 3867 Dirionem
1800 3810 2015 3878 redux,

363 3907 698 3977 Haganone
726 3900 1246 3973 Augustodunensi
1278 3901 1539 3970 episcopo
1569 3900 1811 3956 auctore
1840 3898 1893 3953 et
1925 3912 2019 3954 ca-

365 3994 598 4053 nonicis
633 3993 928 4061 laic'sque
957 3988 1332 4060 eligentibus,
1365 3988 1672 4044 abbatiam
1709 3987 2020 4043 Flavinia-

365 4099 590 4143 censem
618 4082 915 4153 suscipere
936 4079 1247 4136 consensit.
1280 4078 1366 4135 Ab
1397 4079 1649 4148 Hugone
1694 4076 2019 4147 archiepis-

365 4188 501 4246 copo
527 4173 636 4229 υἱεῖ
657 4184 811 4243 aegre
843 4170 1128 4225 dimissus
1166 4169 1260 4238 (7).
1314 4169 1412 4224 die
1459 4174 1527 4223 22
1572 4166 1923 4224 Novembris
1957 4180 2013 4223 a.

367 4269 505 4322 4096
527 4260 947 4320 Flaciniacum
966 4259 1243 4331 intravit,
1273 4256 1331 4314 et
1340 4258 1587 4330 postera
1608 4255 1705 4312 die
1719 4267 2022 4313 consecra-

441 4423 519 4563 ξὸ)
555 4424 617 4478 Α.
656 4424 813 4502 1400.

466 4501 518 4563 5)
552 4495 790 4549 Maxuna

2128 3304 2260 3348 cum
2305 3304 2362 3347 a.
2408 3295 2538 3346 4444
2582 3290 2928 3347 Richardus
2996 3289 3384 3345 Virdunensis
3446 3286 3779 3357 episcopus,

2125 3380 2407 3436 Heinrici
2433 3380 2478 3433 ν
2492 3380 2738 3448 assecla,
2756 3378 3026 3435 abbatem
3035 3377 3252 3435 Sancti
3278 3373 3785 3433 Vitoni-Pasehali

2115 3467 2361 3540 ﬁdelem
2386 3472 2442 3523 et
2488 3468 2707 3524 iterum
2750 3467 2832 3523 ad
2892 3467 3280 3525 Jarentonem
3331 3461 3785 3535 profugientem

2128 3558 2406 3627 ejecisset,
2432 3558 2501 3613 in
2527 3557 2655 3626 ejus
2679 3556 2867 3613 locum
2886 3556 2961 3612 ab
2999 3556 3262 3628 episcopo
3303 3565 3426 3609 esse
3491 3550 3785 3608 substitu-

2128 3647 2255 3702 tum
2286 3645 2361 3717 (9)
2382 3664 2408 3716 ;
2431 3645 2592 3716 quod
2617 3644 2859 3715 quidem
2900 3644 2967 3701 in
3004 3646 3132 3700 viro
3172 3642 3443 3699 ardentis
3481 3637 3675 3696 animi
3724 3639 3789 3695 et

2125 3748 2357 3792 summa
2385 3735 2625 3805 injuria
2651 3732 2882 3805 afecto,
2919 3731 3058 3788 bene
3086 3730 3250 3793 credi
3274 3728 3485 3801 potest,
3530 3727 3639 3784 etsi
3675 3740 3783 3781 no-

2125 3838 2260 3880 men
2288 3823 2559 3893 Hugonis
2589 3822 2749 3877 haud
2775 3822 3004 3893 apert‘ei
3023 3820 3316 3877 ndicetu/r.
3374 3817 3538 3883 Quod
3564 3818 3620 3873 si
3648 3817 3781 3886 ipse

2112 3912 2257 3985 fuit
2290 3925 2467 3983 quem
2514 3912 2879 3968 Laurentius
2923 3909 3107 3966 abbas
3135 3910 3203 3966 S.
3265 3907 3460 3964 Vitoni
3532 3904 3785 3975 Roduljl

2126 4016 2425 4059 successor
2530 4000 2782 4067 innuit,
2876 3998 3133 4056 abbatia
3243 3994 3433 4053 tribus
3542 3993 3780 4049 tantum

2128 4090 2306 4147 annis
2391 4088 2662 4162 prie/uit,
2754 4087 3076 4145 Laurentio
3176 4084 3383 4141 exsule
3480 4096 3597 4153 per
3670 4081 3777 4137 Ri-

2128 4179 2419 4237 chardum
2514 4176 2787 4234 revocato
2869 4178 2994 4248 (10)
3022 4216 3035 4230 .
3171 4175 3311 4239 Qua
3406 4172 3519 4242 qui
3604 4168 3775 4225 circa

2127 4283 2354 4328 annum
2428 4273 2454 4325 4
2464 4272 2567 4325 440
2659 4265 2962 4336 tradidit,
3017 4262 3380 4322 Laurentius
3431 4256 3777 4317 Leodiensis

2171 4428 2413 4486 uomodo
2439 4427 2587 4484 ruit.
2617 4427 2693 4483 In
2721 4424 2941 4498 quibus
2987 4423 3076 4498 est
3117 4422 3232 4498 ille_
3258 4420 3368 4498 qui
3403 4417 3478 4498 ab
3524 4415 3774 4498 abbatia

466 4486 518 4565 5)
552 4490 1280 4576 Maxiina‘libriparsmjain
1312 4487 1658 4576 conscripta
1707 4491 1837 4576 erat
1882 4486 1984 4576 dum

2184 4500 2581 4576 laviniacensi
2598 4486 2970 4576 repudiatus,
2992 4494 3080 4576 ab
3107 4486 3360 4576 ecclesia
3375 4487 3766 4576 ‘D'Eeionetff.

368 4558 576 4623 auctor
628 4568 827 4620 a.1096
880 4558 1062 4619 abbas
1106 4558 1575 4616 Flaviniacensis‘
1605 4558 1832 4616 electus
1884 4565 2017 4627 est;

367 4652 472 4693 nec
502 4636 731 4707 quaaide
767 4636 900 4707 fuga
928 4648 1032 4690 sua
1055 4638 1112 4707 et
1136 4631 1470 4707 obedientia
1495 4629 1698 4707 abbati
1716 4629 2020 4707 pivionen-

294 4710 303 4735 λ
368 4708 417 4764 si
449 4701 716 4779 praestita
748 4701 951 4772 tradit,
982 4703 1185 4779 multis
1202 4702 1368 4779 annis
1395 4707 1525 4779 post
1560 4717 1610 4756 a.
1632 4701 2018 4779 Δ1Οξζξόθξοιιὶριέι

369 4771 547 4845 sunt;
579 4775 674 4832 fol.
712 4781 778 4831 97
808 4771 943 4845 post
973 4790 1021 4829 a.
1058 4777 1214 4842 1086,
1252 4772 1346 4829 fol.
1384 4778 1486 4827 129
1518 4775 1648 4844 post
1706 4775 1863 4845 1037,
1905 4771 2013 4845 Διὀι.

368 4853 474 4905 124
522 4841 652 4919 post
704 4861 753 4902 a.
802 4841 947 4919 i090
985 4841 1289 4919 exaratum
1339 4851 1465 4919 est;
1498 4841 2021 4919 _nostru_m__igitnr

367 4911 536 4976 circa'
557 4932 607 4972 a.
646 4921 784 4972 1090
814 4916 1108 4971 scribendi
1140 4914 1365 4968 initium
1402 4913 1612 4968 fecisse
1641 4911 1933 4967 existimo.

441 4990 520 5059 (7)
561 4984 1412 5059 Archiepiscopus“ascribit
1440 5003 1451 5036 :
1495 4982 2020 5059 cujussedulitati

364 5053 745 5118 credebamus
777 5053 955 5112 immo
968 5054 1151 5126 cujus
1175 5053 1389 5125 lingua
1414 5068 1531 5126 eoa:
1559 5053 1765 5126 nosna
1786 5054 1935 5126 erat.

439 5130 683 5211 (81.0.32
712 5122 1431 5211 Aprilisiuinulatusep.
1482 5122 1791 5195 Rodulfus,
1844 5123 1899 5179 d.
1950 5126 2018 5180 to

366 5196 587 5273 Aprilis
616 5196 779 5268 Hugo
812 5196 1125 5253 Flaviniaci
1155 5197 1379 5251 aderat.

437 5289 515 5359 (9)
548 5291 677 5362 Haec
720 5286 1006 5362 prodeunt
1058 5299 1131 5362 ei:
1176 5282 1392 5362 litteris
1419 5282 1732 5362 _l.aurentii
1785 5283 2014 5362 abbatis

365 5360 419 5415 S.
447 5354 1198 5435 ‘V'itoni_e'xpulsi,__quibus
1254 5354 1491 5435 scriptis
1539 5354 2010 5435 adversariorum

363 5445 621 5497 suorum,
659 5426 908 5483 fortasse
948 5426 1205 5496 [lagonis
1253 5426 1442 5495 ipsius
1500 5426 1815 5496 respondet
1856 5426 2010 5496 apud

363 5501 581 5558 Mabill.
612 5499 668 5554 in
691 5499 893 5554 Annal.
922 5498 1131 5553 Bened.
1162 5502 1199 5551 t.
1230 5497 1291 5560 V,
1322 5513 1374 5568 p.
1400 5497 1651 5566 685,col.
1678 5503 1727 5566 1,
1760 5498 1872 5563 Qui
1894 5496 2010 5565 (Ri-

361 5502 581 5558 Mabill.
612 5502 668 5554 in
691 5502 893 5554 Annal.
922 5502 1131 5553 Bened.
1162 5502 1199 5551 t.
1231 5502 1291 5560 V,
1322 5513 1374 5568 p.
1400 5502 1651 5566 685,col.
1678 5503 1727 5566 1,
1760 5502 1872 5563 Qui
1894 5502 2008 5565 (Ri-

361 5572 764 5654 charduS)......‘
784 5570 1055 5654 adimere
1068 5570 1410 5654 praesumit,
1437 5569 1705 5654 duns'p‘el
1724 5569 2008 5654 auferens

358 5657 418 5702 a.
434 5657 502 5718 p.
523 5657 583 5715 p.
608 5638 666 5700 ει.
699 5640 993 5711 abbatias,
1026 5638 1246 5713 quibus
1277 5641 1426 5709 putt,
1458 5638 1747 5712 qualibus
1783 5638 1917 5697 butt
1950 5641 2011 5697 et

2131 4587 2229 4630 cui
2244 4570 2494 4641 jubente
2522 4558 2767 4641 domino
2796 4582 2900 4625 suo
2943 4558 3149 4641 abbate
3192 4562 3502 4641 {Bodulpho
3544 4558 3773 4641 profes-

2130 4630 2354 4701 sionem
2366 4642 2547 4715 fecit,
2581 4640 2899 4715 fugitivus,
2930 4638 3005 4694 ab
3034 4635 3245 4715 abbate
3277 4630 3650 4715 λὶὶὗὶοφμξηιεὶ⁸
3666 4643 3773 4715 3??-

2130 4701 2616 4781 communicatus,
2647 4701 2895 4782 'eirgam'
2927 4707 3291 4779 pastoralem
3337 4718 3460 4775 qua
3484 4703 3563 4782 _i_n
3596 4701 3768 4782 ester-

2131 4771 2273 4841 num
2321 4771 2771 4857 verberandus,'_
2784 4771 3110 4857 suscipere
3142 4771 3541 4857 prxrsuﬁnpsit.

2122 4854 2609 4936 prasumptionis
2619 4843 2972 4923 participes"
2982 4864 3045 4907 se
3057 4843 3348 4936 fecerunt
3372 4843 3473 4936 illi
3488 4843 3772 4936 quitum

2128 4912 2356 4998 infami
2374 4912 2656 4996 personis
2703 4912 2911 4979 curam
2944 4912 3317 4993 pastoralem
3360 4912 3776 4974 commiserunt

2129 4998 2189 5053 et
2205 4998 2313 5068 qui
2341 4997 2483 5077 seei
2512 4995 2799 5077 committi
2820 4993 3088 5077 perpessi
3112 4990 3293 5077 sunt},
3466 4988 3773 5077 ipseque;

2127 5053 2241 5140 que
2268 5068 2477 5124 contra
2533 5080 2625 5123 eos
2671 5066 2781 5135 qui
2820 5053 3117 5121 Romanis
3171 5060 3429 5119 ecclesia
3485 5053 3773 5113 resistunt

2130 5141 2173 5195 li
2181 5139 2347 5196 brum
2377 5136 2853 5215 auctoritatibus
2866 5134 3164 5215 munitum
3194 5130 3467 5215 confecit,
3587 5124 3769 5215 credi;-

2122 5195 2255 5268 mus
2284 5211 2433 5281 quia
2470 5209 2658 5277 modo,
2697 5208 2892 5281 juxta
2938 5204 3098 5281 quod
3131 5195 3351 5281 rustici
3395 5195 3767 5281 dcunt”ch

2126 5266 2463 5361 eumne
2496 5266 2657 5361 ιερςέ
2672 5266 2904 5361 tueare.
2937 5266 3137 5361 alam.
3163 5274 3394 5361 ιέδττέηι,
3434 5266 3773 5361 enitar!

2122 5352 2506 5408 etc.—-Liber
2540 5344 2648 5406 iste
2690 5364 2719 5405 a
2770 5344 3079 5404 Laurentio
3124 5345 3398 5403 laudatus
3444 5344 3765 5402 Cbronicon

2121 5427 2383 5481 nostrum
2416 5421 2596 5478 fuisse
2628 5420 2879 5478 videtur.

2191 5549 2298 5618 (10)
2334 5546 2629 5605 Laurentii
2661 5545 2732 5601 de
2772 5543 2985 5601 Leodio
3035 5538 3400 5599 continuatio
3456 5538 3762 5594 Gestorum

2116 5639 2526 5712 episcoporum
2570 5632 3040 5693 Virdunensium.
