3922 6422
212 318 290 383 13

1396 309 1894 380 CHRONICON.
1933 345 2009 359 —-
2038 309 2450 374 PRCEMIUM

3457 389 3476 406 ι
3551 313 3625 377 is

216 449 527 511 Gestorum
577 449 1045 510 Virdunensiuon
1089 449 1488 519 continuator,
1533 460 1597 506 se
1651 444 1871 504 librum
1901 447 1955 509 A
1985 445 2282 517 ciliorum,
2331 445 2595 518 epistola
2636 445 2897 505 Henrici
2933 443 3043 516 IV,
3103 446 3352 518 Agnetis
3412 447 3630 506 matris

213 554 392 600 suum
414 540 593 598 valde
619 541 898 611 invitum,
929 539 1036 598 sed
1052 540 1176 597 viri
1199 537 1565 597 venerabilis
1594 535 1872 607 Hugonis

211 629 496 688 monachi
535 631 604 687 ις’.
670 629 870 686 Vitoni
909 629 1104 686 nimia
1143 627 1444 686 instantia
1489 625 1872 696 compulsum,

214 718 478 778 scribere
514 717 851 790 proﬁtetur.
877 717 1012 776 Non
1055 716 1382 789 defuerunt
1417 714 1525 787 qui
1569 715 1881 785 Hugonem

217 807 409 866 istum
432 807 703 864 nostrum
731 819 856 864 esse
884 805 1192 877 putarent.
1240 806 1364 862 Nec
1409 805 1554 862 atas
1603 803 1742 859 tunc
1781 815 1884 859 su-

217 895 516 967 perstitis,
547 893 782 952 sciticet
807 897 879 950 75
900 907 1189 950 annorum
1221 891 1496 961 obstaret,
1523 890 1584 948 et
1597 889 1884 960 aliquan-

225 985 352 1041 tnm
369 982 690 1052 succurrit,
721 981 882 1055 quod
907 981 1164 1054 scriptor
1187 995 1398 1038 nomen
1442 977 1681 1036 abbatis
1731 979 1885 1034 Lau-

221 1072 419 1131 rentio
446 1070 758 1142 subrogati
795 1071 992 1128 tacere
1033 1069 1244 1141 voluit,
1296 1069 1358 1127 et
1403 1067 1561 1140 quod
1606 1065 1886 1138 Hugonis

229 1160 460 1220 librum
489 1161 722 1219 novisse
747 1161 1004 1218 videtur.
1037 1161 1175 1224 Qua
1203 1158 1259 1216 si
1279 1158 1372 1214 ita
1401 1170 1464 1214 se
1496 1155 1734 1225 habent,
1761 1155 1886 1210 Hu-

223 1261 438 1320 gonem
460 1247 605 1320 post
646 1245 886 1304 abbatis
925 1245 1241 1303 Laurentii
1277 1242 1539 1302 reditum
1579 1240 1886 1300 abbatiam

230 1335 544 1394 abdicasse
565 1335 626 1394 et
667 1335 806 1393 vita
853 1335 1042 1392 tantis
1064 1333 1352 1406 procellis
1401 1331 1656 1404 agitata
1699 1342 1886 1388 annos

229 1425 444 1482 ultimo
470 1425 539 1482 in
565 1425 708 1482 nido
747 1423 848 1482 cui
864 1437 1014 1497 puer
1043 1421 1354 1480 coaluerat
1379 1421 1584 1492 quiete
1621 1420 1888 1492 exegisse

230 1512 474 1586 opinari
503 1513 720 1571 liceret.
750 1513 998 1572 Sedhac
1023 1525 1235 1569 revera
1256 1509 1639 1583 ignorantur.

304 1604 383 1660 In
407 1601 557 1659 libro
579 1601 900 1674 superstite
919 1601 1059 1658 ante
1084 1599 1345 1656 ommnia
1383 1599 1682 1670 insignem
1723 1596 1888 1656 inde-

225 1690 585 1766 fessamque
609 1705 815 1748 curam
834 1705 958 1762 qua
994 1689 1273 1747 subsidia
1309 1689 1470 1759 aperi
1510 1685 1888 1757 amplissima

1986 534 2135 605 ejus,
2202 531 2530 592 Mathildis
2591 535 2924 605 comitissa,
2993 535 3243 606 aliaque
3315 535 3626 596 nonnulla.

1993 621 2215 688 Quibus
2243 623 2334 680 ita
2361 637 2506 680 usus
2532 625 2637 694 est,
2669 625 2744 680 ut
2767 637 2838 681 ea
2865 623 2962 680 vel
3003 627 3342 696 excerperet
3380 625 3477 681 vel
3508 639 3634 682 ma-

1988 713 2221 768 aimam
2241 713 2478 783 partem
2506 713 2602 770 vel
2625 713 2866 784 integra
2895 713 3201 784 exscripta
3229 727 3355 771 una
3383 727 3517 772 cum
3551 714 3636 772 iis

1991 813 2125 873 qua
2149 801 2276 872 ipse
2294 813 2561 872 prasens
2589 800 2832 858 viderat
2853 801 2948 857 vel
2974 799 3048 858 ab
3079 801 3226 858 aliis
3287 815 3492 859 rerum
3529 802 3638 860 tes-

1997 887 2156 947 tibus
2189 890 2470 947 audierat
2499 889 2770 947 historia
2784 902 2907 947 sua
2932 889 3265 962 insereret;
3289 890 3396 948 sed
3443 890 3640 949 textus

1993 977 2370 1051 negligenter
2419 991 2570 1049 sape
2617 979 3018 1050 transcriptus
3063 978 3174 1050 (12)
3210 980 3465 1051 plenam
3524 979 3640 1038 sibi

1983 1067 2172 1140 ﬁdem
2202 1067 2372 1125 haud
2390 1059 2686 1126 conciliat.
2733 1068 3014 1125 Ordinem
3069 1068 3348 1140 temporis
3386 1069 3457 1127 in
3509 1069 3644 1128 1mi-

1993 1169 2230 1214 versum
2262 1155 2506 1228 quidem
2529 1155 2766 1214 secutus
2793 1165 2899 1226 est,
2931 1156 3037 1214 sed
3063 1169 3179 1213 non
3202 1171 3344 1214 raro
3364 1157 3458 1214 vel
3475 1159 3646 1229 copia

1993 1259 2198 1304 rerum
2227 1245 2518 1304 abductus
2567 1247 2663 1303 vel
2703 1247 2902 1304 animo
2946 1260 3050 1303 suo
3091 1247 3412 1317 indulgens
3459 1247 3649 1304 latius

1996 1333 2398 1406 exspatiatur.
2435 1335 2496 1392 et
2520 1348 2652 1392 cum
2665 1335 2943 1407 plurima
2961 1347 3164 1392 recens
3205 1335 3445 1408 reperta
3490 1335 3648 1394 anti-

1992 1423 2197 1494 quiori
2229 1423 2422 1480 teat-ui
2449 1423 2757 1494 insereret,
2791 1423 3128 1494 librumque
3142 1438 3258 1496 per
3285 1424 3480 1480 multa
3511 1423 3649 1480 tem-

1983 1525 2203 1586 porum
2229 1512 2558 1570 intervalla
2597 1513 2920 1584 sapissime
2965 1512 3344 1583 retractaret,
3396 1525 3504 1570 nec
3561 1511 3648 1569 ta-

1998 1615 2125 1658 men
2153 1601 2451 1672 integrum
2491 1615 2705 1658 rursus
2745 1600 3188 1658 describendum
3235 1599 3494 1671 curaret,
3534 1614 3655 1658 non

1983 1691 2132 1763 fieri
2148 1690 2394 1762 poterat
2419 1691 2570 1762 quin
2595 1691 2969 1748 narationem
2996 1692 3166 1762 copia
3207 1704 3412 1749 rerum
3462 1690 3652 1764 refer-

235 1781 508 1852 undique
527 1779 909 1852 conquisivit,
933 1779 992 1836 et
1014 1779 1276 1836 addendi
1307 1775 1764 1847 corrigendique
1785 1788 1889 1864 pej
1916 1804 1970 1864 Β
2001 1781 2123 1836 tam
2149 1779 2256 1836 sed
2288 1779 2639 1850 aquafitate
2675 1779 2735 1836 et
2754 1779 3192 1852 perspicuitate
3239 1780 3536 1838 carentem
3565 1793 3656 1838 re-

231 1883 420 1928 renne
445 1868 714 1928 studium
726 1868 874 1940 ju/re
897 1868 1235 1925 laudamus.
1271 1867 1364 1924 Ad
1386 1879 1602 1923 manus
1631 1866 1686 1922 ei
1717 1863 1894 1921 erant
1918 1863 1956 1864 π
2001 1869 2322 1940 linqueret.
2357 1868 2498 1925 dum
2527 1884 2574 1926 e.
2604 1883 2666 1940 g.
2691 1870 2874 1926 unius
2895 1869 3278 1941 ejusdemque
3303 1870 3428 1926 tiri
3465 1867 3659 1928 obitus

241 1957 386 2016 libri
411 1957 751 2030 chartaque
771 1958 833 2015 et
853 1957 1116 2028 epistola
1145 1954 1472 2013 tabulariis
1493 1954 1554 2011 et
1585 1951 1892 2010 bibliothe-

179 2115 200 2123 ρ
237 2049 330 2106 cis
360 2046 852 2116 Virdunensibus,
884 2043 1365 2114 Divionensibus,
1401 2041 1894 2115 Lugdunensibus

242 2135 581 2212 desumpta,
613 2149 864 2206 quorum
885 2135 939 2191 ei
958 2135 1129 2206 copia
1151 2147 1191 2190 a
1214 2132 1475 2204 Rodulfo
1496 2132 1556 2188 et
1571 2129 1898 2188 Jarentone

241 2223 560 2283 abbatibus
587 2225 770 2296 atque
799 2224 1050 2295 Hugoue
1069 2221 1514 2292 archiepiscOpo
1543 2219 1730 2294 facta
1769 2219 1906 2276 erat

240 2311 745 2386 quibus'denique
773 2311 1268 2370 Flaviniacensia
1289 2309 1684 2378 accesserunt,
1732 2307 1901 2366 scili‘

241 2402 338 2462 cet
353 2401 731 2474 Hieronymi,
755 2401 1056 2473 Prosperi,
1082 2399 1277 2457 Idatii
1311 2397 1564 2456 Victoris
1592 2397 1904 2454 Tununen-

242 2491 356 2560 sis,
393 2489 570 2546 Beda
619 2489 688 2546 de
728 2503 839 2548 sex
884 2487 1180 2556 atatibus,
1212 2484 1554 2556 .Reginonis
1586 2484 1901 2554 Chronica,

241 2578 520 2637 .Ethicus
539 2592 671 2636 cum
690 2576 1012 2634 itinerario
1033 2574 1340 2643 Antonini,
1369 2573 1634 2645 Orosius,
1681 2571 1900 2642 Victor,

259 2667 536 2737 Vitensis,
561 2665 870 2736 Jordanis,
915 2662 1208 2733 Nennius,
1231 2662 1622 2731 Fortunatus,
1694 2659 1912 2732 Grego-

239 2753 379 2814 rius
430 2755 819 2820 Turonensis,
881 2751 1064 2810 Gesta
1119 2751 1180 2808 et
1236 2750 1500 2822 catalogi
1556 2749 1915 2822 pontiﬁcum

245 2845 665 2906 Romanorum.
697 2841 924 2900 Isidori
960 2839 1372 2912 Etymologia,
1411 2838 1554 2896 Vita
1570 2839 1689 2896 SS.
1726 2840 1916 2896 Sanc-

250 2933 368 2992 tini
391 2931 644 2988 inedita.
678 2929 1004 2998 Mansueti,
1036 2927 1387 2996 Maximini,
1415 2927 1918 2984 Pulchroniiine-

259 3021 412 3090 dita,
461 3018 872 3094 Sigismundi,
924 3015 1318 3086 C’hrothildis,
1365 3016 1522 3087 Lupi
1591 3015 1914 3086 Trecensis,

253 3109 512 3180 Antid-ii,
565 3107 938 3178 Leodegarii,
973 3105 1271 3176 Prajecti,
1316 3103 1542 3173 Boniti,
1595 3102 1914 3174 Lamberti,

256 3198 411 3270 Lupi
429 3196 811 3266 Senonensis,
845 3195 1100 3263 Goerici,
1125 3192 1483 3264 Balthildzs,
1516 3193 1762 3264 Agerici
1797 3192 1919 3250 ine-

259 3287 413 3358 dita,
460 3285 744 3356 Garilefi,
786 3283 1134 3356 Magdalvei
1190 3281 1442 3352 inedita,
1491 3281 1813 3340 translatio
1845 3281 1914 3339 S.

264 3375 572 3450 Gargonii,
601 3375 1021 3445 Fredegarius,
1057 3373 1238 3432 Gesta
1288 3372 1679 3441 Francorum,
1729 3370 1920 3428 Pauli

258 3465 517 3526 Diaconi
544 3463 826 3522 Historia
865 3461 1393 3536 Langobardorum
1440 3459 1500 3518 et
1538 3458 1720 3518 Gesta
1769 3459 1922 3531 epis-

260 3568 533 3629 coporum
559 3552 932 3611 Metensium.
961 3551 1322 3624 genealogia
1359 3549 1730 3619 Carolorum,
1773 3548 1920 3606 Ein-

261 3643 446 3702 hardi
489 3643 624 3700 Vita
647 3641 874 3712 Caroli,
907 3641 1174 3700 Annales
1197 3638 1548 3708 Petaviani,
1581 3637 1913 3708 Einhardi,

260 3732 606 3802 Fuldenses,
663 3731 971 3789 Vedastini
1023 3729 1464 3802 Lugdunenses,
1532 3727 1802 3798 fortasse
1862 3727 1923 3784 et

263 3823 770 3892 Flaviniacenses,
797 3821 1026 3878 Adonis
1052 3819 1406 3886 Chronicon,
1431 3817 1751 3876 Hincmari
1769 3818 1918 3889 epis-

264 3912 388 3970 tola
419 3911 491 3968 de
547 3911 682 3968 Vita
727 3909 1016 3968 Sanctini
1059 3909 1264 3966 etVita
1310 3907 1594 3979 Remigii.
1644 3905 1918 3964 Bertarii

265 3999 450 4060 Gesta
475 4001 877 4074 episcoporum
919 3997 1355 4056 Virdunensum
1370 4010 1502 4054 cum
1521 3995 1918 4054 continuatio-

261 4089 462 4162 nibus,
492 4089 819 4148 Flodoardi
848 4087 1129 4146 Annales.
1166 4085 1480 4154 Richerus,
1528 4084 1671 4142 Vita
1698 4085 1916 4142 Beode-

262 4181 384 4240 rici
421 4177 709 4236 Metensis
755 4176 1009 4246 inedita,
1042 4173 1364 4244 Simeonis,
1415 4172 1661 4246 Roduljl
1703 4170 1918 4231 Glabri

263 4269 549 4329 Historia
568 4267 629 4325 et
655 4267 791 4325 Vita
824 4264 1123 4324 thhelmi
1145 4262 1547 4332 Div:onensis,
1585 4261 1918 4321 Chronicon

264 4358 336 4418 ις.
358 4357 620 4430 Benigni
640 4354 1000 4424 Divionesis,
1039 4351 1175 4409 Vita
1195 4349 1440 4408 Roberti
1472 4348 1702 4408 abbatis
1727 4349 1918 4410 C’asa-

269 4444 406 4516 Dei,
437 4444 704 4515 catatogi
733 4442 1138 4515 episcoporum
1173 4438 1658 4509 Arvernensium,
1689 4438 1918 4496 archie-

2004 1957 2117 2029 (13)
2148 1957 2340 2016 tribus
2369 1959 2437 2016 in
2469 1959 2612 2016 locis
2631 1957 2918 2030 refertur.
2977 1957 3269 2016 Caternm
3316 1959 3414 2016 vir
3455 1959 3658 2017 doctus

2004 2049 2065 2106 et
2089 2049 2334 2107 sedulus
2360 2051 2564 2107 minus
2594 2050 2836 2120 sagacis
2865 2051 3058 2106 animi
3079 2044 3242 2122 fuit,
3282 2049 3660 2108 mirabilium

2006 2137 2303 2208 credulus,
2314 2138 2514 2210 falsis
2541 2152 2776 2209 quoque
2817 2137 3157 2196 rumoribus
3188 2139 3428 2210 patens,
3454 2138 3566 2212 (14)
3606 2138 3667 2196 et

2006 2226 2076 2284 in
2108 2225 2493 2297 disponendis
2517 2226 2958 2299 rebusfallens,
2985 2227 3212 2298 loquax
3234 2241 3667 2300 nonnunquam

2011 2313 2072 2372 et
2083 2317 2256 2386 justo
2283 2315 2610 2386 verbosior,
2640 2316 2998 2387 scripsitqve
3017 2316 3202 2386 prout
3224 2317 3526 2388 expectari
3565 2331 3666 2388 po-

2014 2403 2176 2460 terat
2201 2405 2401 2460 animo
2428 2405 2498 2461 in
2523 2403 2717 2462 hostes
2745 2404 3030 2462 Ecclesia
3056 2405 3218 2462 irato
3249 2405 3356 2461 sed
3382 2405 3661 2476 candido,

2013 2505 2120 2549 nec
2151 2492 2455 2549 hominum
2481 2506 2605 2550 sua
2621 2493 2828 2564 partis
2857 2493 3012 2550 vitia
3042 2493 3274 2561 tacuit;
3304 2494 3364 2550 et
3388 2508 3521 2551 cum
3551 2509 3667 2552 non

2017 2581 2208 2638 solum
2233 2582 2301 2638 in
2328 2581 2411 2638 iis
2439 2595 2572 2652 qua
2601 2583 2826 2652 tempus
2855 2596 3030 2639 suum
3059 2583 3517 2654 antecesserunt,
3571 2583 3668 2640 do-

2021 2669 2308 2727 cumentis
2339 2670 2513 2726 hodie
2533 2669 2778 2728 abolitis
2819 2671 3010 2741 nisus,
3055 2671 3330 2742 quadam
3374 2674 3669 2730 memoria

2024 2758 2212 2830 digna
2239 2760 2576 2816 servaverit
2597 2760 2702 2816 sed
2732 2761 2801 2817 in
2845 2761 3106 2818 historia
3137 2761 3236 2818 sui
3291 2761 3569 2832 temporis
3613 2763 3672 2820 et

2009 2849 2313 2920 pracipue
2343 2848 2754 2920 Lotharingia
2775 2848 3044 2920 plrrima
3085 2849 3312 2907 cateris
3363 2851 3670 2921 incognita

2018 2937 2373 3008 prodiderit,
2391 2937 2592 3010 primo
2620 2939 2816 3010 ope-ris
2841 2937 3080 3008 editori,
3111 2938 3218 3010 qui
3244 2938 3464 2997 librum
3487 2941 3668 2998 histo-

2025 3025 2127 3082 riae
2149 3025 2564 3084 ecclesiasticae
2597 3027 2887 3084 undecimi
2932 3028 3258 3100 praesertim
3289 3029 3489 3086 seaculi
3543 3031 3669 3087 tho-

2027 3127 2262 3171 saurum
2294 3115 2807 3186 incomparabilem
2820 3117 3197 3188 pradicacit.
3230 3119 3298 3175 in
3324 3119 3671 3178 universum

2025 3203 2266 3276 quidem
2294 3219 2410 3261 non
2438 3205 2860 3277 astipulamur,
2910 3205 3049 3262 dum
3095 3207 3488 3275 Lambertum,
3527 3210 3672 3266 Ber-

2029 3293 2315 3363 tholdum,
2350 3294 2409 3350 et
2439 3294 2826 3364 Bernoldu/m,
2875 3295 3139 3366 ejusdem
3187 3298 3288 3353 avi
3335 3296 3666 3370 historicos,

2025 3383 2271 3454 Hugoni
2286 3383 2582 3456 praferre
2602 3398 2718 3440 non
2744 3383 3106 3454 dubitamus,
3146 3385 3252 3443 sed
3296 3399 3427 3442 eum
3483 3386 3674 3445 tamen

2027 3472 2098 3528 de
2129 3471 2388 3530 historia
2413 3473 2626 3544 optime
2652 3475 2932 3530 meritum
2952 3474 3012 3530 et
3030 3473 3171 3530 bono
3186 3488 3337 3546 sape
3361 3489 3491 3532 cum
3495 3477 3673 3548 fruc-

2008 3561 2094 3618 .tu
2119 3561 2532 3619 consulendum
2563 3550 3263 3635 prthcmur.—Annum
3299 3565 3494 3622 noster
3541 3579 3674 3622 cum

2026 3651 2174 3708 aliis
2205 3651 2594 3723 Lotharingis
2613 3668 2651 3709 a
2683 3651 2788 3709 die.
2809 3653 3263 3711 Incarnationis
3309 3651 3364 3708 d.
3403 3661 3473 3710 23
3511 3653 3674 3712 Mar-

2028 3741 2104 3798 tii
2131 3741 2231 3796 vel
2245 3741 2455 3812 potius
2483 3755 2522 3798 a
2549 3741 2848 3799 Paschate
2869 3742 3152 3799 inchoare
3171 3743 3410 3800 videtur
3428 3746 3561 3816 (15).

2094 3829 2311 3902 Stylus
2337 3831 2659 3900 dilucidus,
2683 3845 2872 3888 sermo
2895 3833 2960 3888 in
2986 3832 3298 3904 rhythmos
3341 3832 3674 3904 aliquando

2021 3921 2343 3980 resolvitur
2361 3921 2495 3993 (16),
2520 3921 2678 3992 quod
2699 3923 2763 3978 in
2779 3919 3177 3991 compluribus
3199 3923 3405 3980 saculi
3436 3938 3496 3979 χι
3528 3923 3677 3980 scri-

2019 4009 2290 4082 ptoribus
2315 4009 2640 4083 fleerijam
2667 4008 3122 4067 observavimus.

2095 4099 2269 4156 Liber
2313 4100 2592 4170 Hugonis
2633 4097 2915 4172 difficilis
2955 4098 3124 4167 lectu,
3174 4099 3497 4158 Laurentio
3544 4102 3684 4158 Leo-

2026 4187 2222 4245 diensi
2239 4187 2514 4260 fortasse
2538 4187 2705 4242 haud
2733 4186 2972 4256 ignotus
2992 4187 3176 4258 fuit;
3219 4187 3289 4245 at
3328 4191 3396 4246 in
3440 4192 3680 4248 univer-

2024 4290 2158 4334 sum
2205 4275 2471 4333 latuisse
2517 4275 2642 4332 dici
2684 4275 2886 4346 potest
2923 4289 3114 4346 usque
3157 4276 3299 4333 dum
3342 4292 3400 4334 a.
3452 4283 3592 4337 1657
3637 4295 3678 4338 a

2028 4365 2314 4436 Philippo
2349 4362 2537 4422 Labbe
2564 4365 2713 4420 tomo
2739 4365 2782 4422 Ι
2801 4365 2980 4423 Nova
3019 4364 3402 4424 Bibliotheca
3438 4382 3680 4427 manus-

2029 4454 2355 4527 criptorum
2391 4453 2553 4524 typis
2585 4452 2841 4524 prodiit.
2905 4454 3056 4510 Usus
3109 4454 3200 4510 est
3241 4454 3432 4511 editor
3483 4457 3680 4516 codice

256 4535 643 4610 piscoporum
703 4529 1210 4604 Lugdunensium,
1265 4527 1490 4586 charta
1541 4529 1612 4598 S,
1698 4528 1760 4584 νι
1769 4527 1915 4598 toni,

2081 4524 2404 4615 utographo
2435 4541 2676 4614 collegii
2701 4542 2820 4611 sui,
2851 4541 3088 4600 scilicet
3118 4541 3572 4603 Claromontani
3589 4559 3679 4604 so-

269 4625 684 4692 Divionenses,
708 4619 1192 4679 Flaviniacenses
1229 4617 1367 4690 (11),
1405 4616 1642 4676 decreta
1679 4615 1740 4674 et
1773 4617 1922 4689 epis-

275 4712 411 4772 tola
425 4713 784 4786 pontiﬁcum
814 4711 1238 4778 Romanorum,
1275 4707 1675 4780 episcoporum
1724 4706 1784 4764 et
1815 4705 1924 4765 cle-

2030 4631 2271 4692 cietatis
2299 4633 2447 4688 Jesu
2475 4631 2635 4703 quod
2663 4631 2803 4688 tunc
2831 4629 3102 4688 Parisiis
3123 4631 3401 4702 ﬂorebat,
3445 4633 3507 4690 et
3557 4635 3680 4691 tex-

2034 4722 2159 4780 tum
2185 4735 2362 4794 quem
2389 4720 2557 4777 dedit
2583 4721 2651 4777 in
2677 4720 3023 4777 universum
3053 4719 3191 4778 bene
3218 4723 3532 4793 expressit,
3575 4723 3683 4782 sed

269 4805 539 4863 ricorum
565 4801 788 4871 multa,
829 4798 1200 4858 collectiones
1244 4809 1556 4866 canonum,
1603 4795 1752 4854 Acta
1797 4809 1928 4854 con-
2031 4810 2324 4869 ,wmmzza
2349 4824 2467 4880 mm
2483 4823 2590 4868 suo
2618 4809 2738 4868 loco
2746 4809 2958 4882 pos-uit
2984 4809 3152 4867 haud
3166 4824 3363 4882 pauca
3385 4811 3540 4870 lectu
3558 4812 3680 4886 dif-

267 4916 463 5048 89(11)
511 4917 826 4976 Memorato
889 4911 1204 4972 armarium
1258 4911 1747 4984 Botbomagense.
1825 4910 1922 4968 fol.

283 5127 414 5206 qua
445 5127 526 5190 ibi
557 5130 754 5206 monui
787 5131 958 5202 Legg.
993 5135 1042 5206 t_.
1082 5129 1152 5198 Il,
1181 5139 1437 5206 canones
1484 5127 1926 5206 Lateranenses,

279 5196 334 5276 εἰ,
388 5206 547 5274 1078,
610 5202 709 5276 fol.
757 5196 1057 5276 102:103,
1105 5196 1390 5271 epistolas
1438 5196 1929 5270 quamplurimum

278 5272 415 5346 nota
443 5272 727 5346 temporis
758 5272 1093 5346 destitutas.

374 5350 464 5420 13)
499 5343 726 5420 Bodullj
751 5343 1003 5420 abbatis.

375 5409 465 5490 14)
499 5417 560 5474 Ε.
590 5431 646 5490 g.
684 5415 1010 5490 Conraoum
1032 5409 1818 5490 _II_itnperatorem_Qttonis
1859 5411 1933 5467 IIl

279 5481 457 5546 ﬁliuni
533 5481 711 5553 facit;
757 5485 1044 5542 Wilhelmi
1075 5481 1458 5554 Trajectensis
1509 5482 1731 5538 obitum
1785 5495 1936 5540 anno

285 5563 427 5618 1070
457 5559 587 5616 loco
619 5563 760 5615 1080
777 5556 1018 5614 ascribit
1044 5573 1060 5622 ;
1087 5568 1273 5626 neque
1312 5566 1408 5626 res
1435 5557 1936 5626 annoruml077—

283 5635 430 5690 1079
455 5631 632 5701 jusoo
663 5628 867 5686 ordine
898 5629 1097 5685 refert.
1135 5623 1464 5682 Alexandro
1483 5624 1740 5685 secundo
1768 5639 1934 5700 papae

344 5031 1936 5148 212W:Eiselelldictatum?.a‘iisuiereiast

2037 4927 2428 5000 Alexandrum
2466 4925 2722 5000 tertium
2751 4925 3100 5000 ‘successise
3152 4925 3246 4983 fol.
3284 4933 3387 5000 795,
3445 4927 3676 5000 scribit,

2037 4999 2175 5058 folio
2207 4998 2477 5070 sequenti
2511 5002 2672 5054 recte
2703 4995 3033 5055 Alexandro
3055 4995 3394 5068 Gregorium
3418 5001 3513 5056 νιι
3554 4995 3682 5059 suo;

2035 5073 2286 5130 cessisse
2320 5070 2520 5126 refert.
3265 5080 3267 5082 ·

2110 5143 2223 5215 (ib)
2248 5139 2566 5215 concilium
2598 5138 2916 5196 Romanum
2949 5154 2998 5196 a.
3027 5143 3175 5215 1074
3201 5141 3442 5215 ascribit
3466 5140 3564 5200 fol.
3588 5146 3678 5200 97.

2038 5213 2583 5287 quod'celebratum
2615 5215 2706 5287 est
2735 5215 2984 5287 exeunte
3025 5213 3338 5287 Februario
3387 5228 3437 5268 a.
3502 5219 3680 5287 1075;

2037 5282 3049 5362 cometamanno_106§_apparuisse
3079 5283 3342 5362 ascribit,
3353 5284 3683 5362 .quod_Ber-

2041 5357 2254 5414 noldus
2285 5355 2377 5412 die
2407 5353 2616 5433 tx_l{al.
2651 5352 3464 5433 Haii,_'s_criptor.Annalipm
3509 5355 3685 5433 Bene-

2039 5433 2424 5485 ventanorum
2457 5425 2548 5482 die
2581 5439 2672 5480 xvn
2714 5424 2836 5480 Kal.
2866 5424 3015 5491 Maii,
3059 5424 3314 5483 Adamus
3359 5425 3684 5482 Bremensis

2043 5501 2136 5569 lll,
2171 5501 2257 5568 50,
2293 5496 2609 5569 circaqoies
2638 5493 2894 5569 Pascha},
2929 5494 3028 5552 alii
3060 5497 3270 5554 diebus
3300 5496 3686 5555 seduentibus

2042 5585 2094 5628 ε.
2120 5565 2277 5638 1066,
2305 5567 2590 5638 accidisse
2621 5565 2899 5638 referunt.

2115 5640 2230 5714 (16)
2263 5635 2344 5698 Cf.
2386 5653 2438 5696 e.
2471 5653 2528 5710 ε.
2563 5635 2662 5696 fol.
2689 5640 2776 5709 52,
2809 5639 2896 5709 55,
2929 5637 3018 5711 76,
3060 5639 3147 5696 96.
