3922 6416
248 391 326 452 25
1513 391 2018 460 CHRONICON.
2049 428 2130 443 —
2157 395 2312 462 LIB.
2359 399 2405 462 Ι.
3585 399 3664 463 26

247 529 382 584 trus
405 523 518 599 (31)
541 523 849 586 descendit
874 527 1260 605 Antiochiam,
1281 537 1340 590 et
1359 547 1461 606 per
1474 533 1564 590 bis
1588 532 1898 606 septenos'
1929 523 1988 588 A
2019 530 2206 589 brium
2221 530 2813 605 respirarelicuisset,
2828 531 2952 592 sola
2968 529 3051 591 illi
3073 546 3176 592 sua
3199 529 3452 604 vexatio,
3486 544 3559 592 ne
3578 533 3670 593 ta-

248 630 430 673 annos
454 616 871 675 Antiochenam
899 620 1157 678 fundavit
1183 627 1244 678 et
1269 623 1420 678 rexit
1441 623 1783 690 acclesiam,
1821 623 1901 678 ita
2016 621 2091 678 lia
2125 621 2376 679 ulterius
2405 629 2804 695 praesumeret,
2832 623 3195 680 intellectum
3225 623 3508 681 dedisset.
3551 622 3665 682 Sed

254 709 314 762 ut
347 707 902 778 cognominarcntur
935 710 1180 782 primum
1216 711 1536 768 Antiocb’a
1571 711 1902 768 Christiani.
2018 711 2150 782 quia
2186 725 2386 781 magus
2414 711 2558 768 obiit
2589 716 2648 768 et
2677 713 3025 783 dampnatus
3062 712 3118 766 in
3162 710 3452 783 profundo
3501 711 3664 784 putei

253 794 401 852 Hinc
427 797 686 870 secundo
708 811 858 853 anno
881 797 1126 868 Claudii,
1150 799 1350 856 Vincio
1373 803 1427 854 et
1447 799 1732 862 Cornelio,
1753 799 1908 855 Asia-
2021 798 2237 868 abyssi,
2265 804 2327 854 ut
2348 799 2826 870 Nero'sperabat,
2879 814 2991 856 non
3027 799 3372 860 resurrexit.
3414 799 3668 858 destitu-

253 881 376 941 tico
399 887 454 940 et
482 884 715 942 Silvano
739 885 1098 957 consulibus,
1125 889 1361 945 Romam
1387 887 1750 960 venit,etqui
1778 889 1910 958 post
2013 878 2146 941 tum
2179 900 2241 941 se
2267 886 2416 942 idem
2447 889 2594 943 Nero
2618 887 2820 945 videns
2846 888 3058 944 solatio
3089 893 3207 944 tam
3242 885 3431 944 ﬁdelis
3473 887 3663 958 amici,

265 971 556 1028 Christum
581 979 637 1029 et
665 989 768 1046 per
790 974 1080 1032 Christum
1105 991 1167 1032 cn
1182 981 1281 1048 put
1303 982 1392 1034 est
1414 978 1685 1049 corporis
1713 974 1915 1033 acele-

258 1059 383 1129 sia,
414 1061 687 1120 Romanis
709 1063 968 1133 arcibus,
997 1065 1274 1121 vexillum
1309 1067 1504 1122 intulit
1549 1064 1920 1138 pradicatio-

262 1148 352 1206 nis
377 1149 586 1208 divina
605 1151 700 1222 (cf.
729 1151 1078 1226 Gestapont.
1107 1156 1320 1226 Rom).
1351 1157 1430 1210 lbi
1460 1155 1696 1211 fundata
1721 1153 1922 1218 aecle_

261 1238 369 1309 sia,
387 1239 754 1310 evangelium
773 1241 985 1298 Christi
1003 1244 1278 1300 Romanis
1291 1243 1683 1312 annunciavit,
1702 1247 1757 1298 et
1777 1257 1922 1314 pra-

265 1325 517 1384 dicando
551 1329 1147 1402 pradicationemque
1181 1332 1360 1403 signis
1407 1332 1803 1388 conﬁrmando
1851 1332 1920 1386 25

266 1413 434 1472 annis
458 1415 1119 1491 ipsiusUrbispapatum
1144 1421 1354 1476 tenuit.
1380 1421 1699 1477 Mirabatur
1721 1421 1921 1488 Roma,

266 1504 418 1574 quod
455 1519 566 1560 non
602 1505 910 1578 didicerat,
949 1508 1228 1564 unitatem
1263 1508 1316 1563 in
1348 1509 1628 1564 Trinitate
1661 1507 1922 1562 ctTrini-

263 1595 444 1647 tatem
462 1592 516 1647 in
539 1593 764 1650 unitate
780 1596 1044 1650 venerari
1063 1596 1275 1652 debere
1294 1615 1308 1663 ;
1328 1597 1427 1652 sed
1448 1597 1739 1667 frequenti
1757 1595 1924 1650 mira-

259 1679 526 1737 culorum
547 1683 926 1738 attestatione
941 1684 1008 1740 ad
1029 1683 1292 1740 ultimum
1309 1685 1510 1740 didicit
1533 1686 1719 1742 unica
1742 1683 1923 1740 Trini-

272 1769 383 1824 tati
419 1770 594 1826 corda
629 1774 689 1827 et
717 1770 866 1828 colla
900 1772 1267 1828 submittere.

2027 973 2333 1044 apostolos
2356 975 2474 1039 Dei,
2494 976 2642 1032 hunc
2661 977 2857 1032 crucis
2882 975 3188 1047 supplicio,
3223 973 3386 1032 illum
3419 975 3666 1046 dampna

2027 1061 2110 1117 vit
2135 1064 2425 1120 sententia
2448 1065 2683 1135 capitali
2706 1070 2756 1120 3.
2785 1065 3070 1122 Kalendas
3088 1064 3312 1135 Julii,5.
3343 1064 3504 1133 feria,
3532 1063 3667 1122 luna

2029 1154 2118 1220 23,
2154 1152 2224 1206 ab
2256 1152 2366 1208 inc.
2407 1167 2454 1208 a.
2489 1155 2578 1220 7S,
2621 1169 2769 1210 anno
2809 1170 2837 1210 a
2878 1155 3146 1226 passione
3177 1157 3264 1222 39,
3308 1153 3667 1226 Vespasiano

2031 1239 2252 1310 septies
2281 1245 2339 1296 ct
2367 1241 2494 1296 Tito
2524 1241 3086 1308 sexiesconsulihus,
3146 1241 3484 1314 Olympiade
3541 1246 3664 1298 212.

2102 1328 2238 1383 Post
2263 1331 2497 1385 Petrum
2521 1331 2621 1386 abi
2631 1345 2732 1401 pso
2746 1333 2920 1386 Petro
2943 1335 3322 1387 consecratus
3345 1329 3667 1388 acclesiam

2033 1417 2343 1484 regendam
2377 1418 2918 1488 suscepitClemcns
2947 1419 3258 1490 episcopus
3282 1416 3663 1490 (Gestapont.

2032 1505 2244 1575 Rom),
2273 1511 2332 1561 ut
2358 1507 2478 1577 ipse
2502 1508 2707 1563 beatus
2729 1507 2994 1563 Clemens
3019 1512 3275 1563 testatur
3299 1507 3368 1562 de
3391 1521 3452 1563 se
3476 1506 3530 1561 in
3549 1505 3668 1578 epi-

2033 1593 2180 1648 stola
2210 1596 2426 1650 Jacoha
2451 1595 2618 1651 fratri
2648 1596 2867 1651 Domini
2901 1596 3093 1664 missa,
3129 1595 3330 1652 dicens
3360 1595 3553 1666 (epist,
3588 1595 3672 1649 in-

2031 1685 2184 1753 terp.
2209 1683 2415 1739 Ruﬁno
2437 1685 2614 1740 Mansi
2640 1700 2676 1752 ι,
2701 1685 2830 1755 9|):
2868 1685 3238 1752 Clementem,
3275 1683 3486 1756 inquit,
3518 1683 3674 1742 hunc

2030 1771 2198 1828 nobis
2217 1773 2425 1828 ordino
2446 1774 2794 1844 episcopum,
2817 1774 2914 1829 cui
2933 1775 3047 1830 soli
3069 1787 3208 1829 mea
3218 1771 3673 1844 pradicationis

340 1859 750 1915 Destiuaverat
775 1864 966 1917 autem
1003 1860 1152 1916 idem
1185 1863 1407 1933 primus
1438 1866 1640 1934 pastor
1665 1866 1725 1918 et
1754 1877 1921 1933 apos-
1951 1872 2004 1934 Β
2033 1862 2092 1917 et
2111 1861 2390 1918 doctrina
2410 1862 2757 1918 cathedram
2781 1863 2971 1930 lraio,
2998 1860 3355 1934 guimiltiab
3378 1859 3556 1917 initio
3579 1873 3674 1917 us-

271 1947 432 2004 tolus
454 1948 666 2004 Petrus
699 1949 881 2006 totius
910 1949 1235 2007 occidentis
1265 1955 1456 2008 terras
1486 1967 1722 2007 vomere
1754 1952 1919 2007 verbi

269 2036 674 2109 proscindere,
709 2038 924 2094 semina
959 2039 1242 2096 doctrina
1272 2039 1449 2097 sulcis
1481 2041 1757 2096 mentium
1796 2055 1921 2097 cre-

267 2124 428 2196 dere,
465 2129 525 2182 ut
561 2131 756 2198 posset
791 2127 1118 2200 manipulos
1151 2129 1380 2198 frugum
1417 2129 1811 2201 eeutuplicato
1845 2131 1921 2186 fe-

266 2228 410 2271 nore
443 2215 498 2271 in
531 2230 664 2272 area
700 2215 918 2272 Domini
956 2217 1245 2273 venientis
1279 2219 1784 2288 reconsignare,et
1817 2217 1920 2274 cli—

264 2318 412 2374 gens
442 2304 602 2361 viros
632 2304 686 2360 in
718 2303 830 2360 ﬁde
865 2306 1165 2376 probatos,
1201 2310 1474 2377 potentes
1524 2307 1577 2362 in
1628 2321 1808 2377 Opere
1857 2310 1915 2361 et

269 2407 560 2462 sermone,
594 2393 887 2464 patientes
916 2392 970 2448 in
1003 2394 1402 2461 tribulatione,
1459 2394 1813 2464 longanimes
1861 2395 1916 2451 in

273 2496 398 2552 spe,
432 2481 698 2537 eruditos
730 2481 788 2536 in
827 2482 1095 2538 omnibus
1145 2497 1273 2552 qua
1324 2483 1458 2538 fecit
1513 2483 1782 2539 dominus
1829 2484 1919 2538 Je-

269 2585 390 2640 sus,
427 2569 639 2626 direxit
675 2570 802 2626 urbi
855 2571 1197 2627 Mctcusium
1249 2576 1514 2627 sanctum
1563 2571 1914 2628 Clementem

267 2659 542 2715 Romana
589 2659 671 2714 rei
726 2659 976 2731 publica
1030 2659 1352 2730 patritium,
1404 2675 1570 2716 suum
1622 2675 1759 2715 vero
1807 2660 1921 2716 dis-

267 2746 548 2820 cipulum,
589 2752 645 2803 et
697 2753 961 2804 sanctum
1015 2749 1392 2817 Mansuetum,
1447 2747 1642 2804 inclita
1695 2750 1922 2804 Scotto-

274 2851 400 2894 rum
435 2835 714 2908 progenie
745 2839 1109 2906 generatum,
1144 2836 1254 2891 ﬁde
1296 2841 1354 2892 et
1405 2836 1668 2892 doctrina
1723 2836 1924 2908 praci-

273 2940 470 2998 puum,
506 2924 634 2981 urbi
665 2924 1014 2980 Tullensium
1051 2924 1219 2994 (Vita
1239 2923 1494 2995 Mans);
1520 2925 1713 2980 Remis
1747 2925 1922 2980 etiam

272 3013 490 3071 direxit
522 3017 758 3070 sanctos
789 3013 1010 3069 Sixtum
1041 3016 1216 3084 atque
1249 3013 1544 3081 Sinicium,
1591 3013 1924 3069 Catalaunis

275 3107 538 3161 sanctum
569 3101 912 3171 Memmium,
943 3101 1213 3157 Treveris
1234 3117 1485 3173 quoque,
1521 3116 1648 3173 qua
1691 3109 1782 3158 est
1815 3117 1928 3158 me-

2032 1965 2147 2024 gue
2167 1951 2435 2022 adﬁnem
2459 1965 2642 2008 comes
2664 1951 2728 2006 in
2747 1950 3017 2007 omnibus
3023 1951 3182 2023 fuit,
3206 1963 3278 2006 ac
3285 1963 3394 2022 per
3405 1949 3512 2006 hoc
3522 1948 3677 2006 veri-

2031 2040 2212 2096 tatem
2235 2041 2415 2097 totius
2435 2055 2574 2096 mea
2593 2038 2638 2072 ¹⁰
2665 2040 2925 2111 agnocit.

2103 2129 2242 2200 (Fel.
2267 2127 2396 2199 11’.)
2421 2128 2568 2194 Quid
2593 2133 2786 2184 autem
2808 2133 3008 2185 contra
3035 2127 3144 2184 hoc
3177 2127 3542 2185 sentiendum
3574 2127 3670 2198 sit,

2031 2218 2180 2289 quod
2218 2224 2356 2273 sunt
2379 2217 2638 2274 nonnulli
2665 2218 2763 2288 qui
2785 2222 3071 2274 conantur
3104 2223 3393 2286 astruere,
3422 2222 3548 2288 post
3573 2219 3676 2274 Pe-

2027 2310 2182 2362 trum
2205 2305 2532 2376 suscepisse
2559 2305 2756 2361 Linum
2781 2305 3174 2374 gubernacula
3201 2306 3477 2362 Romana
3498 2304 3680 2361 eccle-

2029 2393 2130 2451 sia
2161 2397 2218 2447 et
2254 2393 2388 2447 Lino
2422 2393 2643 2448 Cletu:n
2695 2392 3076 2459 successisse,
3125 2391 3445 2448 videamus.
3525 2390 3678 2448 Dicit

2027 2482 2317 2536 Iohannes
2343 2496 2408 2552 pa
2423 2497 2485 2552 pa
2512 2481 2775 2537 scribens
2801 2481 3090 2535 universis
3112 2479 3404 2550 episcopis
3429 2493 3529 2549 per
3551 2478 3679 2536 Gal-

2031 2568 2164 2624 liam
2189 2573 2248 2622 et
2273 2567 2629 2622 Germaniam
2651 2585 2662 2620 :
2687 2566 3681 2637 SiPelrusprincepsapostolorum

2031 2658 2338 2728 adjutores
2357 2656 2474 2713 sibi
2495 2655 2718 2712 ascirit
2744 2657 2956 2710 Linum
2985 2655 3045 2710 et
3072 2654 3320 2722 Cletum,
3348 2668 3463 2709 non
3485 2654 3681 2711 tamen

2019 2746 2316 2820 potestate
2340 2747 2638 2817 pontiﬁcii
2663 2745 2897 2814 ligandi
2915 2744 3008 2800 cel
3025 2744 3288 2800 solvendi
3311 2757 3577 2800 normam
3595 2744 3681 2801 eis

2034 2835 2311 2898 tradidit,
2344 2836 2449 2892 serl
2473 2835 2794 2890 successori
2823 2848 2926 2890 sna
2971 2832 3280 2902 Clementi,
3326 2834 3433 2904 gui
3487 2832 3682 2889 sedem

2036 2924 2420 2994 apostolicam
2439 2923 2581 2995 post
2607 2937 2737 2980 eum
2785 2923 2840 2978 et
2873 2921 3229 2994 potestatem
3277 2920 3684 2992 pontiﬁcalem

2038 3012 2308 3070 tradente
2333 3013 2452 3070 sibi
2485 3013 2649 3069 beato
2679 3012 2857 3068 Petro
2885 3012 3080 3067 tenere
3103 3011 3470 3082 promeruit;
3499 3011 3686 3068 Linus

2039 3101 2100 3160 et
2137 3102 2338 3160 Uletus
2364 3101 2799 3160 ministrabant
2825 3101 3145 3168 exteriora,
3167 3101 3449 3172 princeps
3487 3100 3686 3156 autem

281 3191 526 3264 tropolis
557 3195 612 3248 et
646 3206 754 3248 una
789 3191 859 3247 de
893 3190 1244 3262 primatibus
1275 3190 1590 3247 Galliarum
1623 3191 1760 3248 etei
1791 3191 1932 3248 vici-
1964 3225 2014 3288 Ο
2041 3191 2439 3263 apostolorum
2469 3191 2684 3248 Petrus
2731 3189 2899 3246 verba
2934 3189 3005 3288 et
3044 3189 3312 3288 orationi.
3349 3187 3682 3288 insistebat.

280 3295 368 3338 na
401 3279 653 3337 Colonia
685 3283 923 3336 sanctos
954 3279 1101 3335 misit
1131 3279 1502 3348 Eucharium,
1530 3279 1820 3336 Valerium
1847 3285 1935 3336 at-

279 3384 391 3443 que
425 3370 764 3426 Maternum.
801 3367 944 3440 (Fel.
986 3367 1098 3440 11.)
1131 3369 1268 3425 Cum
1290 3369 1457 3425 hisrt
1480 3368 1578 3424 alii
1612 3368 1777 3426 multi
1817 3369 1936 3425 fue-

273 3462 434 3528 runt,
468 3457 564 3530 qui
597 3456 995 3514 occidentales
1049 3457 1327 3528 tenebras
1379 3456 1501 3511 veri
1563 3456 1707 3513 solis
1753 3456 1936 3513 clare-

280 3551 478 3604 scente
513 3547 674 3604 radio
706 3547 778 3602 ab
810 3545 1013 3601 eodem
1045 3544 1306 3617 principe
1335 3543 1732 3616 apostolorum
1777 3536 1934 3601 missi

279 3633 672 3707 dispulerant,
695 3639 756 3690 et
779 3649 985 3691 nomen
1013 3633 1248 3704 Christi,
1270 3634 1422 3704 quod
1449 3632 1692 3689 necdum
1721 3633 1774 3689 in
1797 3633 1940 3691 locis

281 3723 399 3782 illis
422 3724 824 3796 splenducrat,
854 3723 964 3779 ﬁde
987 3727 1044 3779 et
1071 3722 1543 3793 magnanimitate
1562 3722 1812 3794 praditi,
1843 3737 1938 3794 po-

281 3812 420 3887 pulo
452 3812 754 3870 incredulo
788 3811 1280 3884 pra-dicaverunt.
1316 3813 1442 3881 Ipse
1462 3811 1655 3868 Roma
1691 3812 1933 3868 verbum

277 3901 380 3958 Dei
413 3901 683 3969 docebat,
717 3905 774 3957 et
811 3915 1035 3957 murum
1066 3899 1432 3956 inﬁdelitatis
1462 3899 1714 3970 impulsu
1750 3915 1938 3956 avan-

278 3990 418 4064 gelii
451 3989 775 4062 quatiebat,
815 3989 1140 4060 turrimque
1173 3987 1534 4044 confusionis
1556 3993 1614 4044 et
1640 3988 1935 4044 idolatria

285 4080 394 4154 pia
409 4078 795 4137 confessionis
809 4081 867 4133 et
893 4076 1264 4134 credulitatis
1287 4075 1598 4146 dejiciebat
1623 4077 1827 4146 ariete,
1854 4076 1933 4132 ibi

283 4183 347 4227 se
381 4183 686 4242 opponens
716 4172 774 4223 et
823 4167 1132 4222 continens
1180 4165 1425 4233 obicem,
1475 4163 1572 4221 ubi
1623 4164 1935 4220 violentior

178 4256 186 4262 ’
284 4258 473 4315 hostis
508 4257 875 4324 incubuerat,
911 4254 1077 4324 cujus
1101 4255 1470 4324 subvertere,
1500 4252 1732 4311 Christo
1763 4251 1932 4324 duce,

283 4347 588 4404 nitebatur
621 4344 1004 4416 tyrannidem.

360 4436 445 4493 Ad
474 4435 618 4491 tanti
644 4434 824 4504 igitur
846 4432 1110 4505 pastoris
1133 4430 1400 4488 solatium
1416 4434 1472 4487 et
1497 4429 1938 4503 pradicationis

289 4530 664 4597 augmentum
697 4521 934 4592 Paulus,
971 4526 1101 4594 post
1137 4520 1318 4578 multa
1351 4519 1592 4589 viarum,
1628 4519 1847 4578 laboris
1876 4524 1934 4576 et

287 4614 497 4671 inedia
528 4611 808 4686 pericula,
841 4611 1074 4667 vinctus
1103 4611 1337 4666 Romam
1370 4608 1624 4666 mittitur
1654 4623 1804 4664 anno
1831 4609 1937 4665 Ne-

287 4702 451 4761 ronis
472 4701 711 4760 casaris
734 4699 1012 4768 secundo,
1047 4699 1138 4756 ab.
1166 4698 1277 4754 inc.
1302 4700 1461 4754 Dom.
1486 4701 1574 4768 61,
1599 4712 1628 4752 a
1665 4697 1936 4768 passione

288 4793 378 4859 28,
406 4787 723 4845 indictione
748 4789 798 4857 4,
825 4785 1056 4844 Silvano
1077 4789 1133 4839 et
1157 4783 1401 4842 Paulino
1431 4783 1789 4854 consulibus,
1825 4798 1938 4840 non

293 4876 451 4953 quod
473 4875 656 4934 Judai
681 4879 737 4932 et
763 4874 1016 4946 gentiles
1037 4875 1116 4930 ita
1139 4873 1454 4944 voluerint,
1481 4872 1583 4928 sed
1618 4873 1750 4943 quia
1783 4871 1941 4929 Chri-

293 4971 445 5036 stus,
463 4969 527 5021 ut
543 4965 694 5021 alter
707 4970 865 5020 esset
881 4963 1051 5020 alteri
1079 4961 1310 5032 solatio,
1338 4962 1416 5016 ita
1443 4961 1856 5032 praordinavit
1883 4965 1940 5017 et

291 5053 494 5112 voluit.
521 5055 620 5110 llis
637 5051 884 5110 tonitrui
911 5051 1045 5108 ﬁliis
1069 5051 1198 5122 quis
1223 5054 1600 5122 repugnaret,
1637 5049 1768 5120 quis
1792 5049 1946 5107 obsi-

294 5147 479 5200 steret
500 5143 524 5198 1
545 5143 751 5212 Symon
775 5145 904 5196 erat
926 5138 1022 5196 ille
1048 5153 1268 5209 magus,
1293 5138 1390 5210 qui
1416 5136 1576 5195 solus
1599 5137 1834 5194 veritati
1858 5153 1946 5195 re-

297 5245 554 5306 pugnare
578 5229 905 5297 videretur,
930 5227 1023 5284 cui
1049 5226 1096 5284 si
1125 5232 1252 5300 post
1277 5225 1634 5297 triumphum
1669 5226 1950 5298 apostoli-

294 5335 426 5380 cum
457 5324 517 5377 et
547 5333 669 5376 sua
693 5315 1042 5387 dejectionis
1063 5318 1123 5372 et
1138 5314 1415 5372 inaudita
1433 5313 1724 5385 superbia
1739 5315 1954 5386 obpro-

2045 3281 2109 3335 Et
2147 3285 2278 3351 post
2308 3294 2490 3350 pauca
2525 3299 2538 3334 :
2588 3281 2802 3336 Linum
2831 3279 2889 3334 et
2925 3277 3155 3334 Cletum
3183 3276 3377 3334 nichil
3403 3289 3690 3347 magnam

2048 3369 2298 3440 legimus
2319 3371 2509 3440 egisse
2526 3383 2600 3425 ex
2609 3367 2952 3440 pontificali
2967 3367 3299 3423 ministerio
3316 3365 3685 3436 potestative,

2045 3458 2150 3515 sed
2177 3457 2468 3528 quantum
2499 3460 2586 3515 eis
2615 3471 2653 3514 a
2677 3456 2840 3512 beato
2863 3455 3040 3512 Petro
3060 3453 3538 3526 praecipiebatur,
3560 3451 3691 3510 tan-

2049 3547 2171 3603 tum
2202 3545 2477 3618 agebant.

2121 3634 2292 3690 Linus
2324 3635 2520 3704 igitur,
2555 3633 2788 3689 natione
2818 3630 3000 3688 Italus
3030 3629 3282 3702 regionis
3307 3628 3550 3699 Tuscia,
3595 3643 3692 3702 pa-

2050 3727 2138 3779 tre
2171 3721 2480 3790 Erculano,
2513 3723 2818 3778 ordinatus
2849 3736 2879 3777 a
2913 3722 3107 3790 Petro,
3139 3718 3288 3776 sedit
3314 3719 3528 3789 Roma,
3562 3717 3691 3790 ipso

2047 3812 2222 3868 Petro
2253 3811 2508 3881 vivente,
2544 3825 2594 3866 a.
2631 3816 2718 3881 11,
2752 3826 2825 3866 m.
2857 3813 2908 3879 3,
2945 3809 3000 3864 b.
3035 3812 3120 3865 12.
3157 3807 3356 3864 Cletus
3377 3806 3572 3876 etiam,
3598 3820 3696 3864 na-

2049 3901 2206 3958 tione
2230 3903 2543 3971 Romanus,
2570 3900 2640 3956 de
2665 3900 2904 3970 regione
2927 3899 3066 3956 Vico
3089 3897 3349 3967 Patricii,
3369 3901 3534 3969 patre
3547 3895 3696 3952 Emi-

2048 3980 2222 4051 liano,
2255 3982 2562 4038 ordinatus
2588 3982 2659 4037 ab
2691 3981 2817 4052 ipso
2849 3982 3045 4049 Petro,
3092 3979 3217 4051 ipso
3255 3977 3489 4034 vivente
3541 3975 3696 4032 sedit

2048 4085 2100 4128 a.
2136 4074 2223 4140 12,
2259 4086 2331 4128 m.
2368 4078 2418 4140 1,
2455 4071 2509 4126 d.
2542 4076 2626 4126 11.
2663 4071 2820 4124 inter
2843 4068 3067 4125 Cletum
3092 4083 3232 4137 ergo
3256 4073 3314 4124 et
3339 4067 3692 4123 Clementem

2047 4163 2447 4230 conputantur
2479 4158 2604 4214 dies
2635 4162 2704 4213 20
2737 4157 2940 4226 (Gesta
2965 4155 3232 4228 pontif.)

2119 4247 2387 4318 Suscepit
2423 4246 2620 4316 igitur,
2657 4249 2718 4300 ut
2751 4245 2972 4301 dictum
3005 4247 3117 4312 est,
3167 4239 3533 4300 sacerdotale
3579 4241 3698 4299 ofﬁ-

2047 4335 2200 4393 cium
2235 4335 2498 4392 Clemens
2532 4333 2745 4390 tertius
2774 4349 2804 4390 a
2838 4335 3014 4388 Pttl'O
3043 4346 3111 4388 eo
3159 4331 3410 4401 vivente,
3461 4330 3694 4388 natione

2047 4425 2364 4493 Romanus,
2391 4425 2462 4479 de
2506 4421 2743 4492 regione
2791 4419 2949 4477 Celio
2981 4423 3197 4488 monte,
3252 4424 3418 4491 patre
3457 4419 3691 4476 Fausto.

2051 4513 2210 4571 Sedit
2241 4513 2406 4570 annis
2443 4515 2525 4581 ll,
2562 4510 2860 4567 mensibus
2905 4514 2958 4578 2,
3006 4507 3214 4565 diebus
3259 4512 3293 4564 2
3340 4505 3384 4540 “
3423 4538 3495 4549 —
3543 4521 3694 4564 anno

2048 4605 2206 4660 Dom.
2245 4602 2356 4658 inc.
2391 4605 2479 4671 70,
2514 4598 2738 4671 imperii
2773 4611 3002 4669 quoque
3047 4595 3296 4653 Neronis
3336 4598 3423 4666 11,
3481 4595 3700 4666 Vespa-

2053 4691 2216 4749 siano
2249 4689 2558 4761 quinquies
2587 4692 2646 4744 et
2666 4687 2791 4743 Tito
2814 4683 3402 4757 quaterconsulibus.
3441 4684 3563 4740 Non
3589 4682 3697 4740 fuit

2049 4795 2123 4837 ex
2146 4785 2282 4837 tunc
2304 4785 2364 4835 et
2385 4793 2536 4835 nunc
2559 4777 2612 4832 in
2637 4775 2790 4832 omni
2811 4775 3194 4831 Romanorum
3219 4771 3562 4844 pontiﬁcum
3603 4785 3700 4828 ca-

2052 4869 2308 4938 thalogo,
2344 4867 2440 4938 qui
2475 4866 2530 4922 in
2562 4865 2680 4921 vita
2713 4878 2816 4921 sua
2848 4862 3054 4933 viginti
3090 4861 3345 4932 quinque
3373 4859 3539 4917 annis
3572 4859 3697 4917 fun-

2051 4962 2184 5015 ctus
2199 4953 2668 5024 sacerdotioipso
2692 4966 2971 5008 annorum
2996 4964 3236 5006 numero
3249 4948 3699 5020 equipararetur

2055 5045 2317 5120 pontiﬁci
2352 5043 2554 5116 primo.
2583 5043 2683 5098 llic
2715 5041 2895 5110 igitur
2921 5041 3129 5096 beatus
3152 5037 3411 5110 pontifex
3435 5036 3594 5093 Petri
3616 5035 3698 5092 in-

2057 5135 2305 5194 stitutus
2334 5131 2635 5202 regimine,
2667 5129 2761 5186 cui
2793 5143 3021 5200 semper
3053 5128 3364 5184 adheserat
3383 5129 3440 5182 et
3465 5124 3593 5196 ejus
3614 5124 3698 5181 in-

2059 5223 2334 5281 dividuus
2357 5234 2552 5277 comes
2576 5221 2785 5289 fuerat,
2815 5223 3120 5290 postquam
3142 5214 3407 5287 Symonis
3429 5212 3579 5284 magi
3602 5213 3701 5270 de-

2060 5313 2367 5370 liramenta
2397 5310 2771 5380 cognoverat,
2801 5310 2860 5362 et
2892 5307 3217 5378 spreverat,
3244 5302 3399 5376 quod
3423 5301 3702 5374 magister

1657 5411 1893 5469 VARUS
1934 5410 2334 5470 LECTIONES.

367 5516 390 5553 '
417 5519 662 5589 septem.
697 5525 848 5572 corr.
883 5514 1157 5584 septenos
1187 5522 1234 5568 e.
1313 5511 1356 5548 ιο
1385 5507 1670 5568 doctrina
1700 5509 1943 5568 excidit.

2088 5509 2128 5546 ιι
2158 5521 2210 5564 a.
2244 5510 2296 5576 9,
2329 5519 2402 5562 ω.
2433 5508 2486 5574 2,
2521 5517 2594 5560 m.
2631 5505 2684 5572 2,
2719 5499 2775 5557 d.
2809 5501 2881 5556 10
2907 5497 2976 5556 in
3000 5495 3070 5555 θ.
3095 5496 3260 5570 pont.

1883 5604 2108 5664 NOTIE.

1883 5607 1930 5664 N
2022 5607 2108 5663 1E.

374 5711 488 5786 (31)
520 5710 604 5768 Cf.
635 5707 825 5766 Vitam
853 5706 946 5764 SS.
981 5702 1250 5765 Eucherii
1279 5701 1495 5762 Valerii
1527 5702 1801 5772 Materni;
1832 5607 2102 5764 ActhSS.
2132 5703 2258 5762 Jan.
2287 5700 2358 5772 ll,
2389 5700 2514 5758 918.
