3922 6450
233 429 309 489 27
1187 434 1556 499 HUGONIS
1596 432 1947 510 ABBATIS
1987 432 2670 498 FLAVINIACENSIS
3553 433 3635 494 28

234 577 377 622 suus
397 563 717 639 inceperat,
739 567 1036 626 destinare
1058 567 1283 627 scilicet
1301 570 1429 627 orbi
1453 569 1699 627 occiduo
1732 584 1879 641 prae-
1906 568 1963 629 A
1993 583 2115 625 rem
2147 568 2420 626 instituit.
2457 566 2599 641 (Fol.
2621 564 2751 639 12’.)
2770 567 2890 623 Non
2915 565 3067 638 quod
3086 565 3204 637 jam
3224 571 3365 625 tunc
3385 565 3637 624 Melden—

238 652 536 711 dicatores
549 656 818 714 veritatis
832 658 1093 728 idoneos,
1113 659 1498 729 quatinuslux
1514 656 1876 731 prmdicatio—

237 741 327 797 nis
369 743 647 812 gentibus
676 746 1036 817 splenderet,
1073 751 1137 804 ut
1169 748 1497 818 perficeret,
1534 746 1881 804 omnimodis

237 833 592 901 procurabat
625 834 719 905 (cf.
756 851 841 907 ep.
877 838 1247 907 Hincmari).
1279 837 1422 909 (Pol.
1462 838 1551 909 12)
1601 836 1744 892 Hinc
1791 841 1882 893 est

237 919 391 988 quod
426 926 693 978 sanctum
724 924 1042 981 Dionisium
1073 925 1382 983 destinavit
1428 925 1740 982 Galliarum
1784 941 1885 998 po-

236 1005 407 1076 pulis,
470 1008 567 1078 qui
617 1011 988 1081 prazdicando
1029 1018 1085 1069 et
1136 1014 1539 1085 praadicationi
1588 1013 1885 1071 miraculis

240 1093 409 1152 ﬁdem
424 1097 617 1155 dando
633 1101 708 1155 Pa
719 1100 1166 1171 risius,Domino
1183 1104 1367 1160 ducen
1380 1109 1451 1174 te,
1464 1105 1728 1175 pervenit
1744 1104 1877 1175 (32),

240 1185 430 1242 socios
454 1187 505 1242 ei
532 1204 700 1257 quam
721 1190 921 1260 pldres
940 1192 1225 1263 adhibuit,
1262 1195 1419 1250 viros
1448 1195 1504 1249 in
1531 1194 1655 1264 lege
1686 1193 1881 1250 divina

239 1275 612 1347 exercitatos,
638 1293 854 1347 genere
881 1281 1125 1350 nobiles,
1153 1297 1417 1338 sermone
1444 1282 1739 1352 facundos,
1769 1282 1881 1339 fide

237 1363 585 1435 praecipuos,
612 1371 671 1421 et
700 1367 885 1435 gratia
909 1369 1006 1423 Dei
1036 1369 1255 1440 plenos.
1287 1372 1367 1426 Ex
1391 1371 1478 1426 his
1511 1371 1618 1428 fuit
1644 1375 1881 1428 sanctus

239 1450 547 1508 Sanctinus
571 1454 590 1523 (
610 1454 713 1510 Vit.
738 1457 1067 1527 Sanctim’),
1094 1458 1470 1515 Mcldensium
1486 1462 1541 1514 et
1562 1459 1883 1515 Virdunen-

238 1538 387 1593 sium
422 1548 623 1611 pastor
657 1545 893 1614 primus,
934 1547 1026 1615 qui
1062 1548 1312 1617 egregia}
1341 1548 1667 1604 nobilitatis
1713 1554 1883 1605 ortus

238 1629 557 1697 natalibus,
593 1646 721 1686 cum
773 1635 1016 1702 praefato
1064 1635 1379 1691 Galliarum
1429 1636 1691 1707 apostolo
1741 1636 1885 1694 fines

240 1715 407 1786 petiit
442 1710 661 1787 Galliae,
698 1721 931 1776 futurus
962 1721 1198 1778 lucerna
1232 1723 1459 1792 fulgens
1511 1724 1562 1779 in
1610 1724 1877 1793 ecclesia,

240 1816 367 1873 quas
402 1819 511 1860 non
543 1808 943 1874 occultaretur
974 1810 1184 1880 modio,
1219 1811 1319 1866 sed
1355 1816 1578 1867 luceret
1614 1813 1882 1869 omnibus

1993 673 2087 715 ses
2112 657 2260 714 viam
2283 656 2553 715 veritatis
2576 658 2991 727 agnoscerent,
3016 654 3113 727 qui
3139 669 3336 712 omnes
3357 656 3639 713 teneban-

1992 751 2090 804 tur
2112 746 2338 803 astricti
2362 746 2586 817 laqueis
2610 744 2919 815 idolatriae,
2946 744 3047 800 sed
3067 750 3131 801 ut
3150 759 3255 816 per
3270 744 3496 802 ﬁdelem
3511 760 3636 802 ser-

1991 850 2123 892 vum
2157 850 2321 892 suum
2352 835 2693 905 dignaretur
2725 832 2844 889 illis
2875 834 3152 889 Dominus
3173 833 3404 905 aperire
3428 838 3636 905 portas

1985 922 2256 994 justitiaa,
2289 938 2433 995 quas
2464 922 2714 993 ingressi
2739 920 3032 978 credendo
3052 921 3242 993 ipsius
3268 920 3633 978 divinitatem

1992 1011 2503 1081 etbumanitatem,
2522 1009 2945 1067 conﬁterentur
2958 1007 3334 1081 nominiejus,
3356 1010 3632 1081 quoniam

1995 1100 2181 1156 bonus
2230 1100 2497 1171 quoniam
2533 1098 2586 1153 in
2620 1097 2894 1155 saeculum
2924 1098 3323 1156 misericordia
3353 1100 3497 1171 ejus.

2065 1191 2282 1246 Beatus
2318 1188 2516 1257 itaque
2549 1186 2855 1243 Sanctinus
2889 1189 3130 1257 paratus
3159 1186 3228 1242 ad
3264 1187 3456 1243 omnia
3507 1202 3637 1261 pro-

1994 1278 2313 1335 Salvatoris
2335 1277 2565 1333 nomine
2586 1275 2944 1344 sustinenda,
2973 1289 3077 1331 nec
3105 1275 3636 1347 reformidansgen—

1990 1366 2182 1424 tilium
2215 1365 2527 1423 furentium
2559 1364 2744 1419 minas
2771 1367 2828 1419 et
2852 1364 3119 1433 verbera,
3146 1364 3387 1420 eandem
3429 1366 3634 1422 urbem

1993 1469 2329 1525 aggressus,
2367 1453 2498 1524 quia
2530 1452 2583 1507 in
2615 1451 2853 1507 Domino
2886 1454 3011 1507 erat
3049 1451 3256 1507 ﬁducia
3290 1452 3432 1524 ejus,
3460 1454 3638 1510 iusta-

1996 1544 2093 1599 bat
2136 1540 2670 1614 praedicationibus,
2728 1540 2954 1609 rigabat
3002 1546 3224 1597 mentes
3275 1540 3633 1600 audientium

1994 1631 2164 1701 aquis
2194 1629 2264 1685 de
2294 1635 2499 1685 ventre
2526 1628 2757 1684 “Iesus
2782 1628 3170 1697 manantibus,
3202 1634 3261 1684 et
3293 1628 3377 1684 sic
3410 1628 3635 1686 instans

1995 1723 2305 1789 oportune,
2334 1716 2685 1787 importune,
2715 1715 2957 1771 docebat
2982 1718 3291 1772 cosJovem
3306 1717 3631 1789 despicere,

1995 1808 2326 1873 Saturnum,
2353 1804 2697 1861 Mercurium
2722 1809 2777 1859 et
2804 1805 3129 1875 Neptunum
3152 1808 3207 1859 et
3232 1805 3420 1860 omnia
3442 1805 3638 1863 demo-

246 1893 698 1965 superimposita
742 1898 1113 1953 candelabro.
1161 1900 1418 1955 Tradidit
1461 1902 1609 1957 enim
1648 1907 1877 1973 patrum
1912 1920 1964 1979 B
1996 1911 2127 1952 num
2153 1910 2262 1950 non
2289 1895 2529 1950 deorum
2555 1897 2830 1965 portenta
2847 1893 3636 1963 abjicere,statuasconfrin-

241 1982 514 2037 memoria
532 1998 660 2038 eum
683 2000 856 2041 unum
875 1987 1049 2042 fuisse
1069 1987 1221 2043 de72
1236 1989 1558 2061 discipulis,
1576 1998 1633 2047 et
1649 1991 1700 2046 in
1717 2007 1880 2047 ccena

240 2067 605 2138 deputatum,
635 2076 693 2127 ut
718 2087 924 2142 aquam
957 2074 1219 2131 lavandis
1247 2078 1497 2148 pedibus
1529 2084 1585 2133 et
1617 2080 1882 2136 manibus

243 2154 661 2227 discipulorum
688 2163 959 2231 preberet
981 2167 1037 2217 et
1056 2163 1293 2220 linteum
1313 2172 1546 2235 pararet
1569 2166 1876 2223 Salvatori.

311 2245 557 2303 Sanctus
589 2248 784 2319 itaque
813 2252 1116 2320 Dyonisius
1148 2256 1207 2307 ut
1238 2255 1394 2308 venit
1448 2255 1725 2325 Parisius,
1776 2270 1880 2327 per

239 2330 502 2390 diversas
524 2329 724 2404 partes
743 2354 880 2393 suos
905 2339 1115 2394 direxit
1146 2341 1332 2397 socios
1356 2343 1424 2397 ad
1452 2342 1619 2399 dolos
1663 2340 1879 2400 diaboli

245 2420 630 2479 destruendos
661 2429 716 2480 et
750 2426 999 2496 p0pulos
1038 2430 1274 2484 Domino
1322 2430 1715 2499 adquirendos
1768 2434 1876 2507 (ep.

241 2509 527 2581 Hirzem.)
556 2513 865 2570 Sanctinus
885 2515 1061 2583 igitur
1084 2515 1213 2586 qnia
1239 2519 1618 2588 praeminebat
1635 2522 1882 2591 pruden-

243 2596 319 2650 tia
336 2599 756 2668 otpudicitia,a
788 2604 1410 2674 beatissimoDyonisio
1443 2607 1701 2679 mlectus,
1729 2624 1883 2665 sum-

242 2697 394 2739 mum
415 2688 638 2757 accepit
660 2690 1075 2760 sacerdotium,
1102 2696 1163 2746 et
1183 2699 1562 2751 consecratus
1584 2695 1639 2750 in
1664 2696 1882 2767 episco-

239 2784 398 2843 pum,
432 2773 717 2833 divinitus
748 2780 1129 2836 constituitur
1160 2779 1216 2835 in
1250 2779 1435 2837 lucem
1470 2783 1701 2856 populis
1744 2800 1881 2855 gen-

238 2860 383 2917 tium
416 2863 559 2933 (Vit.
592 2867 917 2937 Sanctim').

316 2951 415 3007 Cui
446 2953 619 3009 etiam
654 2955 723 3010 ad
753 2956 1024 3012 solatium
1059 2956 1277 3015 laberis
1307 2964 1362 3015 et
1398 2959 1566 3016 officii
1603 2961 1882 3032 prtefatus

243 3038 553 3110 Dyonisius
583 3043 929 3100 Antoninum
963 3044 1123 3100 dedit
1156 3047 1342 3103 virum
1378 3052 1643 3105 sanctum
1677 3055 1733 3105 et
1787 3050 1884 3106 bo-

246 3141 399 3197 num,
436 3128 489 3183 in
523 3144 638 3199 quo
669 3131 990 3188 declaravit
1018 3136 1169 3190 Deus
1202 3135 1405 3205 ingens
1431 3136 1584 3193 beati
1606 3137 1714 3193 viri
1749 3140 1883 3194 San-

242 3215 385 3270 ctini
416 3218 684 3273 meritum
719 3234 823 3290 per
868 3222 1116 3290 egregiae
1147 3226 1200 3278 et
1250 3223 1504 3282 insolitae
1527 3226 1885 3296 operationis
1915 3246 1964 3309 ρ

245 3304 608 3375 miraculum,
639 3312 697 3364 ut
726 3310 947 3379 patebit
975 3311 1029 3366 in
1061 3315 1377 3383 posterum.
1420 3315 1489 3369 Et
1521 3315 1651 3385 quia
1688 3315 1886 3373 decre-

243 3396 409 3448 verat
440 3395 591 3451 Deus
630 3396 939 3455 mirificare
984 3403 1248 3457 sanctum
1295 3415 1483 3472 suum,
1535 3402 1808 3474 dirigitur
1855 3420 1884 3461 a

247 3478 419 3538 beato
444 3483 716 3552 Dyonisio
742 3486 811 3541 Ca
825 3492 1052 3544 rnotuin
1076 3504 1204 3544 cum
1239 3489 1483 3561 praefato
1506 3491 1661 3547 socio
1687 3507 1792 3548 suo
1815 3492 1884 3549 ad

247 3566 686 3628 illuminandum
721 3575 1019 3645 populum,
1056 3576 1151 3645 qui
1186 3578 1427 3633 sedebat
1461 3578 1515 3633 in
1535 3580 1797 3636 tenebris
1828 3586 1885 3637 et

247 3658 451 3714 umbra
483 3661 705 3729 mortis,
741 3663 871 3732 quia
907 3663 957 3719 ei
990 3663 1076 3719 sol
1102 3663 1350 3733 justitiae
1374 3682 1481 3722 non
1506 3666 1754 3738 luxerat,
1792 3684 1890 3725 ne-

248 3759 359 3815 que
381 3746 762 3817 splenduerat
784 3750 835 3805 ei
858 3750 957 3807 lux
980 3752 1266 3809 veritatis.
1296 3753 1419 3819 Quo
1435 3756 1641 3813 beatus
1656 3756 1747 3814 hic
1762 3772 1892 3830 per-

248 3834 504 3906 veniens,
532 3836 765 3894 dolebat
784 3839 1057 3910 populum
1074 3840 1360 3900 idolatriae
1375 3859 1504 3900 esse
1529 3845 1810 3916 deditum,
1831 3850 1887 3902 et

247 3928 508 3980 armatus
539 3925 650 3981 fide
681 3932 895 3984 sanctae
910 3929 1230 3999 Trinitatis,
1252 3937 1668 4006 contempnens
1692 3950 1892 4007 super-

243 4025 484 4069 vacuam
518 4019 737 4070 scctam
769 4017 1091 4089 principum
1125 4023 1299 4077 terrae
1331 4026 1387 4077 et
1432 4022 1616 4079 minas
1664 4037 1888 4093 eorum,

247 4100 1016 4171 praedicabatJesumturbis
1041 4106 1493 4167 incredulorum.
1520 4112 1892 4169 Fundebatur

247 4187 588 4259 praedicatio
609 4192 807 4262 juncta
832 4194 1169 4267 virtutibus,
1186 4202 1241 4253 et
1263 4198 1681 4269 praelustratus
1702 4201 1890 4270 gratia

248 4274 440 4332 divina
462 4278 685 4341 feroces
706 4282 1006 4350 gentilium
1030 4290 1252 4342 mentes
1280 4287 1523 4343 salutari
1547 4288 1895 4346 mitescebat

1993 1999 2150 2053 gero,
2185 1989 2243 2039 et
2274 1983 2405 2053 quia
2441 1983 2495 2037 in
2528 1983 2615 2038 eis
2648 1997 2758 2037 non
2783 1982 2975 2053 aliqua
3001 1982 3293 2054 divinitas,
3322 1982 3425 2038 sed
3446 1985 3636 2041 omnis

1996 2073 2215 2128 inesset
2253 2072 2482 2127 falsitas
2514 2077 2572 2127 et
2606 2071 2926 2128 ludiﬁcatio
2969 2070 3325 2141 demoniaca,
3351 2070 3636 2129 doctrina

1993 2159 2283 2215 evidentis
2307 2159 2521 2215 indicio
2544 2158 2901 2214 declarabat.
2930 2159 3042 2213 Nec
3060 2162 3547 2229 poterantgentes
3561 2159 3636 2216 ad

1992 2247 2095 2303 hcc
2120 2247 2434 2318 quidquam
2458 2246 2883 2316 contradicere,
2909 2261 3039 2303 cum
3065 2247 3635 2305 novitativerborum

1993 2338 2382 2391 attestaretur
2413 2336 2752 2403 magnitudo
2786 2336 3103 2405 signorum,
3139 2340 3198 2391 et
3228 2351 3373 2392 nova
3407 2336 3631 2393 faceret

1992 2424 2088 2493 qui
2120 2438 2268 2480 nova
2301 2423 2669 2495 przedicaret.
2707 2423 2867 2479 Unde
2898 2425 3110 2481 factum
3160 2430 3252 2481 est
3301 2429 3363 2482 ut
3412 2429 3467 2482 et
3520 2423 3636 2496 ipsi

1993 2512 2360 2582 susciperent
2386 2513 2625 2568 verbum
2646 2513 2887 2581 Domini,
2912 2517 2971 2568 et
2995 2517 3284 2583 pastorem
3311 2513 3639 2570 doctorem-

1994 2614 2103 2670 que
2131 2615 2297 2657 suum
2323 2601 2553 2657 beatum
2577 2601 2785 2671 virum,
2810 2616 2976 2672 quem
2994 2601 3304 2672 aliquando
3320 2603 3638 2674 exprobra-

1996 2688 2172 2757 tione,
2210 2688 2483 2745 irrisione
2514 2695 2574 2745 et
2604 2689 2932 2759 adjectione
2965 2689 3201 2760 dignum
3226 2690 3636 2762 judicaverant

1995 2777 2015 2848 (
2037 2778 2130 2833 Vit
2142 2778 2472 2850 Sanctini),
2498 2793 2649 2834 nunc
2675 2782 3095 2835 venerarentur
3108 2782 3163 2834 et
3180 2778 3535 2849 excolerent,
3552 2779 3638 2852 ip-

1994 2865 2120 2921 sius
2152 2866 2417 2922 manibus
2439 2868 2759 2937 gauderent
2786 2867 3072 2939 baptismo
3096 2866 3251 2924 ablui
3276 2871 3331 2924 et
3356 2868 3634 2925 crismate

1996 2960 2199 3012 sancto
2251 2956 2468 3027 inungi.
2517 2957 2945 3015 llumiliabatur
3009 2958 3263 3014 Gallicus
3310 2958 3632 3015 cothurnus

1996 3044 2338 3101 substratus
2355 3045 2541 3102 sancti
2564 3046 2670 3101 viri
2701 3045 2966 3118 pedibus,
2992 3045 3357 3102 etGallorum
3378 3045 3634 3103 cervico-

1996 3132 2144 3189 sitas
2173 3133 2384 3191 divinaa
2416 3134 2631 3191 dudum
2666 3135 2937 3191 veritatis
2968 3135 3166 3203 ignara
3186 3134 3257 3190 ad
3285 3134 3635 3207 baptismum

1994 3230 2054 3280 et
2083 3224 2505 3282 confessionem
2540 3222 2788 3279 nominis
2819 3222 3029 3277 Christi
3079 3222 3379 3279 humiliata
3426 3223 3637 3281 devote

2001 3315 2370 3374 convolabat.
2396 3311 2832 3382 Dejiciebantur
2854 3325 2968 3366 arae
2994 3309 3340 3382 daemonum,
3367 3317 3638 3369 etanovo

1997 3403 2332 3477 adoptionis
2366 3399 2579 3473 p0pulo
2608 3398 2875 3454 aecclesia
2907 3397 3252 3469 aedificatur,
3283 3405 3343 3456 et
3388 3415 3419 3457 a
3466 3402 3636 3458 beato

1998 3492 2270 3550 Sanctino
2300 3490 2354 3545 in
2379 3490 2597 3545 honore
2630 3486 2726 3542 Dei
2770 3490 3170 3543 consecratur.

2069 3579 2436 3637 Domicianus
2458 3578 2596 3631 tunc
2612 3573 2854 3629 Romani
2871 3573 3632 3647 imperiitenebatinsignia,

1999 3669 2249 3727 luxuriae
2272 3664 2527 3731 deditus,
2547 3661 2788 3718 avaritia
2808 3662 3034 3731 anxius,
3053 3677 3230 3733 opere
3244 3663 3517 3732 crudelis,
3535 3663 3629 3735 qui

2002 3757 2363 3827 maiestatem
2390 3750 2746 3823 imperialem
2770 3749 2941 3806 nimia
2956 3750 3308 3808 crudelitate
3322 3750 3632 3823 polluerat.

2002 3847 2109 3914 Qui
2129 3843 2286 3901 velut
2312 3841 2401 3898 leo
2426 3840 2614 3911 inpast
2627 3854 2692 3895 us
2708 3844 3040 3896 sanctorum
3057 3840 3394 3910 sanguinem
3409 3840 3634 3911 sitiens,

2003 3932 2311 3993 secundam
2346 3934 2475 4002 post
2506 3931 2786 3984 Neronem
2821 3928 2875 3983 in
2922 3928 3283 3986 Christianos
3328 3944 3642 4001 persequu-

2004 4023 2215 4079 tionem
2249 4018 2526 4077 excitavit
2559 4016 2680 4087 (fol.
2720 4017 2827 4087 13),
2859 4020 2915 4072 et
2948 4030 3049 4087 per
3084 4022 3148 4073 15
3181 4030 3384 4087 annos,
3429 4017 3642 4088 quibus

2003 4113 2319 4167 Romanum
2354 4106 2659 4177 imperium
2696 4104 2954 4160 indebite
2977 4106 3185 4176 tenuit,
3210 4104 3292 4162 ita
3316 4119 3433 4160 rem
3458 4104 3641 4177 publi-

2004 4214 2127 4257 cam
2158 4196 2407 4266 attrivit,
2445 4198 2504 4262 ut
2539 4192 2734 4251 nullus
2764 4193 2865 4249 illo
2894 4192 3190 4249 crudelior
3237 4193 3292 4248 in
3337 4193 3488 4250 omni
3538 4194 3644 4250 Ro-

2005 4301 2303 4344 manorum
2326 4285 2741 4356 imperatorum
2767 4281 3098 4338 inveniatur
3113 4296 3373 4338 numero.
3394 4282 3476 4339 Ad
3492 4296 3645 4339 com-

252 4361 536 4422 doctrina.
572 4368 919 4441 Factumque
949 4376 1056 4441 est,
1092 4380 1446 4444 cooperante
1468 4375 1519 4431 ei
1553 4376 1746 4433 divina
1779 4379 1897 4434 cle-
1925 4389 1975 4448 ι)
2006 4376 2362 4449 probandam
2389 4386 2524 4442 erga
2549 4371 2786 4428 deorum
2812 4369 3103 4427 culturam
3118 4384 3279 4427 suam
3296 4369 3642 4440 sacrilegam

255 4452 488 4524 mentia,
514 4460 570 4511 ut
589 4457 975 4516 Carnotensos
999 4461 1148 4517 viam
1170 4462 1391 4519 Domini
1416 4470 1818 4537 agnoscerent,
1836 4471 1896 4523 et

2009 4463 2372 4523 devotionem
2396 4466 2444 4517 5.
2473 4475 2622 4517 anno
2647 4457 2806 4529 regni
2824 4458 3203 4528 suitcmplum
3220 4457 3643 4529 sinelignorum

254 4538 385 4597 lene
406 4541 606 4613 jugum
642 4546 861 4602 Domini
891 4549 1175 4619 subjectis
1222 4550 1588 4607 voluntatum
1639 4553 1899 4612 humeris
2009 4552 2387 4611 ammixtione
2418 4549 2773 4617 construxit,
2804 4548 2955 4619 quod
2981 4547 3279 4604 Pantheon
3303 4545 3640 4618 appellavit.

253 4626 407 4685 ferre
436 4644 545 4686 non
578 4631 996 4691 detrectarent.
1032 4637 1195 4703 Quod
1232 4638 1438 4694 beatus
1484 4641 1798 4710 Dyonisius
1842 4659 1899 4700 a-

256 4714 778 4791 nimadvertens,et
791 4724 1040 4793 gratiam
1057 4724 1296 4782 virtutis
1310 4725 1519 4785 divinae
1534 4728 1895 4819 collaudatis,

256 4801 562 4876 ipsumque
594 4807 901 4880 plurimum
938 4812 994 4866 in
1030 4826 1208 4882 opere
1239 4814 1676 4885 praedicationis
1705 4801 1900 4878 valere

251 4891 642 4966 perpendens,
668 4895 1046 4953 Meldensium
1071 4899 1299 4957 civibus
1314 4906 1609 4972 pastorem
1631 4905 1905 4965 etdocto-

1621 5000 1857 5059 VARIE
1899 5002 2299 5062 LECTIONES.

255 5080 299 5116 ι’
328 5084 421 5143 ita
451 5100 509 5156 ιι,
542 5090 734 5144 mente
760 5088 970 5145 Labbe.

2008 4645 2185 4701 Tanta
2219 4640 2412 4698 elatus
2436 4642 2527 4695 est
2561 4636 2857 4708 superbia,
2893 4638 2956 4692 ut
2989 4635 3159 4692 deum
3183 4650 3246 4692 se
3276 4635 3644 4692 etdominum

2012 4729 2295 4804 appellari
2324 4726 2589 4798 jusserit.
2624 4724 2723 4780 Hic
2749 4723 2992 4780 audiens
3013 4724 3120 4795 (ep.
3147 4724 3416 4791 Hirtam.)
3443 4723 3646 4780 famam

2013 4819 2169 4879 beati
2201 4815 2451 4889 Dyonisii
2487 4814 2541 4869 in
2575 4812 2950 4869 destruendis
2982 4811 3156 4868 idolis
3186 4817 3246 4867 et
3297 4810 3525 4884 populis
3574 4809 3647 4867 ad

2016 4908 2309 4965 Christum
2340 4898 2773 4970 convertendis,
2808 4899 3065 4972 lyctores
3100 4900 3155 4956 in
3207 4898 3420 4957 Gallias
3469 4897 3645 4969 misit,

1841 5167 2061 5227 ΝΟΤΕ.

331 5268 449 5357 (32)
470 5269 834 5357 Narrationis
859 5286 1125 5357 magnam
1146 5279 1367 5357 partem
1393 5279 1505 5357 sibi
1529 5279 1815 5357 delibavit
1832 5295 1905 5357 ex
2010 5277 2519 5357 ςςφὶρζᾳίαθγαηρ
2534 5289 2688 5357 pelta
2714 5276 2999 5357 deleto-de
3017 5277 3147 5334 vita
3165 5276 3227 5333 et
3242 5275 3477 5357 actibus
3495 5275 3652 5357 beati

258 5337 548 5420 Hincmari
572 5341 835 5420 epistola
865 5343 933 5420 ad
955 5337 1229 5402 karolum
1264 5348 1674 5420 imperatorem
1710 5364 1757 5405 a.
1792 5354 1895 5407 876
2005 5337 2292 5409 ιςίαγῖσιὶφῖἰ
2320 5337 2561 5420 reperti.
2598 5349 2820 5420 Revera
2855 5348 3221 5420 [lincmarum
3253 5347 3400 5404 tales
3422 5347 3649 5420 litteras

253 5409 464 5491 vel8j7
488 5409 646 5491 data,
670 5412 1046 5491 quaeintegra
1071 5422 1264 5472 exstat
1290 5409 1530 5491 ἱῃᾏριὶε
1552 5420 1644 5475 SS.
1672 5420 1798 5491 Oct,
1826 5422 1890 5491 V,

253 5463 382 5565 sic.
469 5463 1891 5565 episitsignatas“.-aggrediar:Maenaliam

254 5548 535 5617 Sanctini,
571 5564 737 5620 quam
766 5551 885 5677 ἱῶεθ
912 5555 1143 5624 juvenis
1176 5548 1627 5627 descripseraté
1662 5567 1894 5630 quater-

255 5618 553 5677 niunculis
590 5635 738 5677 auos
844 5625 1214 5677 andelmarus
1245 5627 1426 5677 abbas
1469 5630 1525 5677 S-
1561 5629 1883 5677 Sanntini---

255 5618 738 5705 niunculianuos
774 5618 1214 5705 wan'delmarus
1245 5618 1426 5705 abbas
1469 5618 1884 5705 S._Sanct_ini_...

257 5688 326 5746 in
359 5690 479 5748 loco
507 5688 627 5749 sibi
653 5694 955 5753 commisso
980 5694 1157 5753 valde
1176 5697 1461 5757 carm-itas
1488 5700 1549 5758 et
1568 5713 1704 5774 qua
1721 5702 1788 5760 in
1807 5703 1891 5762 iis

2006 5422 2077 5499 ad
2110 5416 3005 5499 Karolumlseripnsissedisertis
3039 5418 3487 5499 verbishprobat.
3522 5416 3645 5499 Elo-

2005 5493 2262 5549 doardus
2291 5491 2344 5545 in
2380 5491 2522 5546 Hist.
2542 5488 2713 5545 'Rem.
2740 5490 2829 5559 lll,
2861 5493 2926 5543 18
2953 5507 2968 5556 ;
2992 5503 3106 5544 non
3125 5488 3450 5545 audiendus
3474 5488 3653 5558 igitur

2002 5571 2094 5620 est
2115 5561 2333 5619 Calmet
2357 5561 2481 5617 Hist
2527 5560 2598 5616 de
2620 5558 2893 5631 Lorraine
2915 5560 2956 5629 Ι,
2983 5575 3038 5631 p.
3065 5563 3152 5630 32,
3178 5560 3276 5631 qui
3306 5573 3406 5616 eas
3439 5572 3648 5630 suppo-

2001 5634 2147 5691 sitas
2178 5646 2311 5690 esse
2342 5636 2561 5689 censet.
2593 5630 2656 5687 K.
