3922 6406
260 423 338 485 29
1511 425 2019 492 CHRONICON.
2050 463 2130 474 —-
2157 429 2314 492 LIB.
2359 430 2406 492 Ι.
3586 430 3664 494 30

260 552 360 626 qui
388 545 519 612 eum
549 553 849 614 inventum
872 560 931 614 et
963 559 1444 632 comprehensum
1475 563 1577 618 aut
1607 561 1781 619 idolis
1821 577 1910 620 sa-
1936 561 1993 622 A
2021 562 2460 623 Brittannicam.
2492 563 2676 622 Gallia
2708 579 2848 622 vero
2878 562 3300 636 Lugdunensis,
3335 563 3512 624 ducta
3561 579 3666 638 per

262 643 529 701 criﬂcare
559 650 858 718 cogerent,
893 651 991 704 aut
1024 649 1269 708 diversis
1299 650 1604 723 suppliciis
1631 651 1907 708 affectum

261 732 622 790 occiderent.
649 735 805 802 Quos
828 735 925 792 ubi
947 739 1152 794 beatus
1169 739 1480 810 Dyonisius
1506 740 1650 796 lines
1665 739 1910 796 Parisio-

263 835 390 879 rum
412 823 883 895 appropinquare
907 829 1213 900 comperit,
1236 829 1570 886 Sanctinum
1595 834 1651 886 et
1671 829 1909 885 Antoni-

263 924 398 966 num
429 911 501 968 ad
533 926 596 968 se
618 915 894 970 accersiri
929 917 1221 973 mandavit
1253 918 1400 988 (Vit.
1445 917 1908 989 Sanetini),qul-

261 997 372 1055 bus
401 999 839 1070 praedicationis
861 1003 1104 1061 tradens
1125 1006 1395 1077 oﬂlcium,
1421 1007 1737 1063 ammonuit
1763 1009 1822 1063 ut
1850 1006 1907 1062 in

260 1085 372 1142 fide
401 1086 550 1144 ﬂrmi
593 1090 1002 1164 persisterent,
1047 1097 1104 1149 et
1161 1097 1222 1150 ut
1278 1096 1621 1166 quantotius
1667 1097 1905 1151 Romam

259 1181 646 1247 properantes
679 1193 708 1234 a
741 1180 995 1250 praesule
1027 1183 1187 1239 sedis
1239 1183 1582 1256 apostolicae
1631 1198 1908 1255 coopera-

261 1267 420 1320 tores
451 1265 614 1322 verbi
647 1270 708 1322 et
737 1269 1011 1326 doctores
1043 1275 1412 1342 expeterent,
1446 1273 1578 1344 quia
1614 1273 1670 1328 in
1714 1286 1906 1328 messe

261 1351 440 1408 multa
475 1353 719 1411 sationis
741 1356 1050 1415 Dominicze
1082 1360 1338 1430 operarii
1375 1360 1652 1432 perpauci
1683 1365 1902 1429 essent,

263 1439 359 1510 qui
384 1453 601 1498 semem
624 1443 788 1499 verbi
810 1445 994 1502 sulcis
1015 1448 1291 1504 mentium
1309 1449 1642 1518 crederent,
1671 1463 1910 1520 praescr-

260 1525 364 1582 tim
397 1542 526 1584 cum
559 1535 614 1586 et
647 1531 899 1603 ipscjam
935 1535 1003 1590 ad
1036 1535 1245 1605 gaudia
1279 1537 1498 1592 Domini
1541 1537 1628 1593 sui
1673 1536 1909 1591 festina-

263 1619 375 1686 ret,
409 1619 466 1672 et
501 1620 826 1676 mercedem
857 1621 1074 1680 laboris
1113 1629 1169 1680 ct
1221 1626 1418 1680 oneris
1457 1642 1486 1682 a
1526 1626 1619 1697 pio
1669 1624 1908 1679 Domino

265 1703 377 1760 sibi
411 1704 537 1761 dari
570 1713 946 1780 prawptaret.

338 1793 750 1853 Consummato
783 1798 966 1868 igitur
999 1816 1101 1872 per
1125 1803 1386 1873 martyrii
1433 1802 1680 1874 palmam
1735 1805 1906 1859 beato

2021 649 2254 722 longum
2287 657 2344 709 et
2379 670 2482 725 per
2513 658 2828 724 augustum
2871 655 3037 724 ﬂexa,
3082 654 3487 726 Aquitanicam
3531 669 3666 726 pro-

2021 740 2268 796 vinciam
2303 743 2672 814 semicingit;
2707 743 2880 800 habet
2911 742 2956 776 ²⁴
2989 744 3061 799 ab
3091 742 3319 799 oriente
3352 742 3661 814 Belgicam,

2019 842 2049 884 a
2081 829 2322 885 meridie
2354 834 2577 902 partem
2613 831 2926 904 provinciae
2947 830 3360 900 Narbonensis,
3387 845 3498 901 qua
3522 833 3664 887 Are-

2019 914 2106 971 las
2130 917 2241 974 sita
2266 924 2375 988 est,
2399 924 2456 974 et
2483 935 2639 976 mare
2663 920 2880 976 Gallico
2897 924 2954 975 et
2976 919 3234 976 Rhodani
3269 919 3482 975 ﬂumen
3515 919 3666 976 acci-

2019 1003 2196 1076 pitur.
2226 1008 2618 1065 Narbonensis
2642 1008 2936 1080 provincia
2958 1007 3004 1040 ³⁵
3027 1006 3197 1064 habet
3225 1009 3298 1064 ab
3321 1007 3547 1064 oriente
3571 1007 3668 1064 Al-

2019 1107 2122 1164 pes
2155 1095 2370 1166 Cotias,
2397 1098 2470 1152 ab
2489 1097 2797 1154 occidente
2819 1097 3188 1169 Ilyspaniam,
3215 1111 3244 1152 a
3270 1095 3452 1152 circio
3488 1096 3664 1167 Aqui-

2015 1189 2252 1260 taniam,
2289 1207 2318 1247 a
2353 1193 2774 1264 septemtrione
2801 1193 3264 1264 Lugdunensem,
3295 1193 3366 1248 ab
3391 1192 3664 1264 aquilone

2019 1277 2258 1334 Galliam
2291 1281 2576 1350 Belgicam
2598 1281 2663 1352 ’°,
2689 1298 2717 1338 a
2743 1282 2984 1338 meridie
3007 1296 3162 1338 mare
3177 1280 3478 1350 Gallicum,
3497 1279 3654 1352 quod

2017 1370 2107 1421 est
2143 1367 2294 1423 inter
2327 1370 2646 1426 Sardiniam
2680 1375 2738 1426 et
2773 1370 2996 1426 insulas
3019 1370 3312 1425 Baleares.
3351 1367 3662 1439 Aquitania

2018 1453 2192 1510 habet
2217 1472 2246 1512 a
2272 1457 2451 1514 circio
2465 1473 2780 1516 occeanum
2809 1461 2902 1529 qui
2928 1459 3309 1529 Aquitanicu’s
3332 1457 3498 1514 sinus
3521 1455 3660 1513 dici-

2018 1545 2116 1597 tur
2141 1545 2248 1604 :ob
2269 1561 2484 1602 occasu
2513 1547 2838 1618 Hispanias,
2863 1563 2892 1602 a
2917 1545 3336 1618 septemtrione
3357 1550 3413 1600 et
3431 1545 3661 1601 oriente

2021 1632 2544 1703 Lugdunensem”,
2571 1637 2640 1692 ab
2663 1651 2804 1692 euro
2835 1640 2892 1692 et
2935 1635 3174 1691 meridie
3218 1635 3656 1690 Narbonensem

2023 1721 2373 1791 provinciam
2400 1725 2702 1794 contingit.
2732 1725 3034 1780 Provineia
3059 1728 3252 1779 autem
3271 1721 3438 1792 juxta
3454 1736 3660 1793 papam

2019 1807 2310 1876 Pelagium
2336 1816 2493 1866 certa
2517 1816 2603 1867 est
2627 1828 2756 1883 quae
2779 1814 2955 1868 habet
2977 1812 3177 1868 decem
3199 1811 3290 1866 vel
3318 1809 3364 1843 ³⁸
3395 1809 3662 1866 undecim

261 1881 555 1954 Dyonisio,
581 1899 633 1940 a.
667 1887 740 1941 ab
765 1885 872 1943 inc.
908 1889 1067 1946 Dom.
1099 1894 1189 1959 97,
1223 1906 1252 1946 a
1289 1893 1558 1962 passione
1585 1898 1775 1950 autem
1817 1896 1904 1962 64,
1939 1915 1990 1974 Β
2020 1896 2294 1952 civitates
2319 1905 2376 1953 et
2401 1916 2573 1956 unum
2599 1881 2812 1971 regem,
2839 1906 2895 1957 et
2916 1901 3160 1956 totidem
3185 1899 3438 1954 minores
3471 1902 3664 1972 potes-

261 1971 456 2028 aetatis
482 1976 676 2030 autem
706 1975 832 2044 ejus
863 1991 1012 2034 anno
1042 1979 1283 2036 circiter
1312 1986 1397 2050 90,
1450 1982 1675 2054 imperii
1723 1981 1910 2038 Domi-

262 2057 414 2115 ciani
443 2062 684 2119 caesaris
704 2063 1010 2135 ingruente
1040 2083 1190 2124 anno
1225 2071 1289 2123 16
1317 2070 1426 2141 (ep.
1463 2071 1748 2141 Hincm.).
1776 2073 1911 2126 San-

261 2147 530 2206 ctinuset
550 2153 872 2212 Antoninus
894 2158 1204 2229 praeceptis
1228 2159 1488 2229 magistri
1505 2162 1912 2232 obtemperan-

262 2239 374 2306 tes,
410 2251 538 2294 cum
573 2244 1044 2313 persequutionis
1075 2247 1332 2318 procella
1366 2249 1685 2306 detonante
1720 2249 1912 2321 predi-

261 2325 452 2382 cando
482 2328 553 2383 de
587 2329 716 2386 loco
739 2331 809 2388 ad
833 2332 1022 2390 locum
1049 2342 1400 2406 cogerentur
1420 2339 1715 2408 secedere,
1739 2354 1911 2394 vene-

262 2417 403 2470 runt
433 2415 490 2471 in
523 2416 666 2474 lines
697 2419 894 2478 Galliae
930 2422 1194 2495 Belgica},
1228 2430 1284 2480 ct
1318 2427 1591 2497 przeduce
1608 2427 1793 2496 gratia
1829 2427 1912 2481 di-

265 2501 418 2575 vina,
455 2520 824 2579 quocumque
874 2512 1206 2584 veniebant,
1261 2515 1473 2571 Christi
1519 2515 1911 2586 loquebantur

267 2594 578 2663 magnalia.
615 2597 842 2666 Belgica
866 2598 910 2633 ³³
939 2606 1132 2657 autem
1187 2603 1365 2658 Gallia
1411 2619 1545 2676 pars
1585 2610 1670 2662 est
1715 2605 1910 2662 Galliae

264 2680 386 2751 (l'ol.
423 2686 519 2738 1fta
548 2685 568 2754 )
595 2685 750 2742 dicta
783 2702 812 2742 a
839 2688 1078 2746 civitate
1111 2707 1239 2762 qua)
1273 2692 1460 2761 Belgis
1502 2692 1739 2764 dicitur,
1783 2710 1912 2764 qua)

267 2773 361 2826 est
389 2772 656 2829 Treveris
680 2775 793 2846 (33)
819 2776 923 2848 [Ct‘.
953 2777 1181 2834 Richer.
1209 2781 1250 2848 1,
1275 2780 1349 2850 1].
1379 2780 1560 2837 Gallia
1585 2797 1915 2838 veroacan-

269 2859 413 2914 dore
447 2861 646 2932 populi
682 2865 973 2934 appellata
999 2873 1111 2936 est,
1144 2868 1273 2937 gala
1307 2869 1348 2902 ¹⁴
1375 2870 1525 2925 enim
1569 2869 1655 2926 lac
1698 2871 1914 2929 dicitur

273 2946 444 3018 [Ῑεςίἀ.
470 2963 554 3004 ET.
577 2950 717 3021 XIV,
744 2953 922 3024 4.25].
951 2955 1174 3012 Montes
1193 2957 1344 3012 enim
1368 2962 1426 3013 et
1471 2958 1628 3027 rigor
1669 2958 1802 3014 coeli
1844 2960 1915 3015 ah

269 3048 338 3092 ea
365 3041 528 3107 parte
552 3037 696 3095 solis
726 3041 994 3097 ardorem
1027 3044 1366 3101 excludunt.
1403 3049 1558 3102 lianc
1589 3046 1660 3102 ab
1692 3047 1916 3103 oriente

271 3122 502 3196 Alpium
530 3125 668 3197 juga
697 3131 958 3199 tuentur,
995 3133 1068 3187 ab
1115 3148 1330 3190 occasu
1363 3135 1630 3192 Oceanus
1671 3135 1914 3192 includit

270 3211 317 3245 "
341 3227 370 3269 a
395 3215 635 3272 meridie
651 3232 880 3288 preteru
889 3223 984 3291 pta
1001 3222 1282 3292 Pyrenaei,
1303 3237 1332 3279 a
1348 3225 1764 3295 septemtrione
1779 3227 1920 3282 Rhe-

271 3301 329 3358 ni
354 3302 568 3360 ﬂuenta
600 3308 657 3360 et
691 3307 1016 3365 Germania.
1038 3310 1215 3380 Cujus
1238 3311 1478 3369 iniciam
1504 3313 1755 3384 Belgica,
1789 3314 1919 3370 ﬂuis

271 3405 413 3447 vero
435 3395 526 3448 est
551 3393 880 3464 Aquitania.
907 3398 1002 3454 Est
1031 3397 1074 3430 ³⁸
1095 3404 1288 3456 autem
1311 3401 1470 3472 regio
1491 3401 1660 3472 gleba
1676 3403 1840 3459 uberi
1861 3409 1922 3459 et

273 3479 555 3552 pabulosa
585 3487 645 3538 et
685 3485 754 3539 ad
802 3500 968 3542 usum
1019 3487 1396 3546 animantium
1439 3495 1595 3562 apta,
1631 3495 1690 3547 ut
1727 3492 1918 3549 ferunt

271 3569 370 3639 qui
395 3569 544 3627 situs
567 3576 856 3630 terrarum
881 3575 1344 3650 descripserunt,
1369 3579 1700 3636 ﬂuminibus
1721 3583 1777 3636 et
1805 3582 1924 3637 fon-

270 3657 434 3716 tibus
458 3659 696 3731 irrigua,
725 3663 960 3734 perfusa
983 3663 1026 3698 ¹⁷
1051 3664 1280 3722 duobus
1304 3667 1528 3738 magnis
1550 3668 1743 3725 ﬂuviis
1775 3670 1922 3725 Rhe-

271 3760 347 3804 no
367 3751 428 3804 et
459 3749 754 3806 Rhodano.
792 3751 1080 3824 Cisalpina
1113 3760 1306 3811 autem
1341 3755 1520 3812 Gallia
1553 3760 1641 3812 est
1681 3756 1835 3814 circa
1877 3755 1921 3790 “

273 3838 473 3911 Alpes,
507 3841 871 3914 transalpina
905 3849 1071 3901 trans
1105 3845 1278 3917 Alpes
1305 3850 1510 3902 contra
1550 3848 1920 3920 septemtrio-

272 3941 424 3999 nem,
459 3928 682 3986 Rhaatia
714 3929 758 3964 1°
782 3931 950 4001 juxta
982 3933 1243 3992 Rhenum
1287 3935 1388 4006 )z’b.
1441 3937 1552 4008 26).
1606 3937 1916 4008 Aquitania

274 4022 467 4074 autem
501 4018 574 4074 ab
617 4018 874 4090 obliquis
912 4022 1080 4092 aquis
1119 4023 1306 4094 Ligeri
1349 4025 1617 4093 ﬂuminis,
1657 4025 1753 4096 qui
1789 4040 1915 4081 eam

270 4119 419 4179 pene
452 4105 506 4162 in
539 4107 737 4163 orbem
767 4107 969 4180 cingit,
1012 4115 1100 4166 est
1149 4111 1436 4183 appellata
1489 4114 1602 4182 (34)
1653 4113 1754 4184 (ib.
1800 4115 1914 4184 27).

275 4191 472 4250 Gallos
504 4194 702 4266 itaque
733 4201 941 4252 natura
973 4198 1196 4255 feroces
1217 4204 1274 4254 et
1307 4198 1352 4231 ²⁰
1373 4199 1632 4256 acriores
1665 4217 1795 4256 esse
1835 4201 1917 4256 in-

270 4282 444 4354 genio
467 4286 672 4340 natura
705 4283 1002 4342 climatum
1037 4286 1194 4357 facit,
1227 4287 1487 4345 Ethicus
1517 4289 1693 4345 situm
1717 4289 1915 4348 Galliae

274 4370 616 4429 describens
664 4377 916 4443 quatuor
965 4373 1094 4444 ejus
1137 4375 1346 4432 asserit
1398 4391 1531 4433 esse
1587 4377 1916 4449 provincias

276 4460 610 4534 [dimices],
644 4461 884 4518 Galliam
920 4463 1207 4535 Belgicam
1231 4469 1289 4520 et
1316 4463 1554 4522 Galliam
1577 4466 1919 4536 Lugdunen-

274 4563 416 4618 sem,
451 4549 883 4606 Narbonensem
919 4565 1150 4622 quoquc
1183 4551 1540 4624 provinciam
1573 4557 1631 4610 et
1681 4554 1919 4624 Aquita-

2020 1987 2176 2039 tates
2202 1987 2308 2042 sub
2329 2002 2408 2056 sc,
2435 1994 2492 2044 et
2519 2004 2692 2045 unum
2723 1988 3262 2060 metropolitanum,
3295 1987 3352 2041 et
3387 1985 3666 2053 suifraga-

2021 2086 2162 2128 neos
2182 2073 2378 2130 decem
2406 2077 2493 2132 vel
2521 2078 2785 2134 undecim
2808 2078 3116 2150 episcOpos
3151 2076 3408 2147 judices;
3433 2074 3500 2130 ad
3527 2087 3665 2144 quo-

2023 2175 2146 2217 rum
2165 2161 2446 2231 judicium
2469 2181 2670 2222 omnes
2690 2167 3097 2238 episcoporum
3121 2169 3180 2220 et
3203 2164 3578 2220 sacerdotum
3597 2175 3664 2217 ac

2023 2252 2325 2308 civitatum
2358 2269 2548 2312 causze
2602 2256 2947 2310 referantur.
3020 2256 3153 2310 Post
3205 2251 3662 2310 destructionem

2023 2355 2254 2412 quoque
2286 2343 2677 2398 Wandalicam
2712 2358 2840 2412 quae
2874 2344 2992 2398 fere
3025 2346 3211 2398 totum
3261 2337 3664 2412 pessumdedit

2022 2429 2346 2485 occidentis
2366 2435 2426 2485 et
2447 2419 3031 2502 orientisimpcrium,
3050 2431 3159 2485 Leo
3176 2444 3317 2500 papa
3336 2427 3665 2500 provincias

2023 2519 2346 2574 distribuit.
2371 2521 2540 2574 Juxta
2563 2519 2868 2574 modernos
2891 2533 3026 2574 vero
3044 2517 3336 2574 Gallorum
3355 2515 3662 2588 provinciae

2023 2612 2157 2662 sunt
2199 2612 2282 2663 17.
2329 2607 2517 2662 Prima
2561 2607 2732 2663 sedes
2771 2607 3083 2662 Galliarum
3129 2604 3530 2675 Lugdunensis
3569 2606 3660 2658 est

2021 2710 2150 2751 cum
2203 2695 2394 2750 tribus
2459 2695 2581 2751 suis
2625 2695 2960 2766 provinciis,
3007 2695 3063 2766 2)
3114 2691 3547 2762 Rotomagensi,
3609 2691 3664 2761 3)

2024 2782 2345 2837 Turonensi
2379 2788 2435 2837 et
2469 2785 2520 2852 4)
2556 2782 2892 2850 Senonensi,
2943 2781 2996 2852 5)
3035 2780 3262 2850 Belgica
3311 2779 3493 2850 prima
3536 2792 3664 2848 quae

2025 2874 2113 2925 est
2137 2870 2408 2935 Treviris,
2433 2871 2488 2942 6)
2517 2870 2738 2938 Belgica
2768 2870 3042 2939 secunda,
3073 2883 3200 2940 quae
3222 2872 3310 2924 est
3336 2866 3590 2936 Rhemis,
3609 2864 3667 2936 ’7)

2027 2958 2326 3014 Germania
2381 2959 2585 3029 prima,
2640 2958 3082 3027 Magontiacum,
3129 2958 3185 3028 8)
3236 2955 3538 3011 Germania
3580 2967 3670 3009 se-

2026 3047 2234 3116 cunda,
2267 3046 2524 3113 Colonia,
2559 3049 2612 3118 9)
2646 3047 2882 3102 Maxima
2919 3050 3334 3118 Sequanorum,
3366 3041 3664 3111 Vesontio,

2029 3136 2117 3205 10)
2150 3135 2324 3206 Alpes
2356 3136 2546 3192 Grata:
2575 3135 2639 3204 ’9,
2671 3135 3032 3206 Darentasia,
3065 3134 3154 3206 11)
3185 3131 3528 3189 Viennensis
3577 3131 3666 3200 1'2)

2029 3223 2422 3279 Narbonensis
2485 3223 2689 3294 prima,
2753 3225 2842 3295 13)
2913 3221 3308 3280 Narbonensis
3389 3218 3666 3289 secunda,

2031 3312 2347 3383 Aquensis,
2370 3313 2458 3384 14)
2481 3313 2785 3383 Aquitania
2812 3313 3015 3384 prima,
3040 3311 3351 3381 Bituriges,
3378 3309 3466 3380 15)
3497 3307 3672 3379 Aqui-

2033 3401 2190 3456 tania
2241 3401 2521 3469 secunda,
2575 3401 2917 3472 Burdegala,
2978 3404 3044 3456 16
3106 3400 3285 3472 Alpes
3349 3397 3666 3465 Maritimaa,

2033 3490 2424 3560 Ebredunum,
2460 3495 2524 3547 17
2574 3493 2788 3545 Novem
2837 3489 3152 3561 Populana,
3199 3487 3379 3544 Auxia
3428 3485 3671 3558 (notitia

2026 3578 2236 3648 prae).
2257 3579 2327 3633 La
2362 3578 2653 3650 provincia
2680 3578 2858 3647 igitur
2884 3577 3128 3648 Belgicae
3153 3575 3353 3648 prima;
3377 3575 3518 3632 urbs
3539 3575 3666 3628 erat

2033 3665 2220 3736 posita
2253 3665 2307 3720 in
2341 3666 2592 3722 contlnio
2615 3667 2901 3723 Neustrize
2923 3671 2980 3721 et
3007 3665 3329 3722 Austrasiae
3351 3663 3669 3720 Virdunum

2032 3755 2280 3825 nomine,
2317 3769 2486 3826 quam
2515 3755 2739 3826 antiqui
2762 3762 2822 3810 et
2845 3756 3016 3811 etiam
3043 3753 3304 3810 moderni
3328 3753 3528 3810 urbem
3550 3749 3672 3807 Cla-

2029 3859 2232 3900 vorum
2269 3849 2707 3901 consueverunt
2737 3843 3055 3916 appellare.
3098 3841 3555 3912 Ethymologiam
3579 3853 3678 3894 au-

2030 3936 2146 3988 tem
2179 3933 2427 3988 nominis
2458 3932 2627 4002 hujus
2661 3935 2814 4004 quod
2845 3935 2934 3989 est
2977 3933 3118 3990 urbs
3169 3931 3496 3999 Clavorum,
3549 3926 3674 3999 ipsa

2028 4020 2196 4077 nobis
2219 4035 2346 4092 quae
2371 4020 2492 4076 sola
2515 4021 2947 4091 praeteritarum
2971 4035 3165 4078 rerum
3182 4020 3353 4076 habet
3371 4015 3676 4074 scientiam

2030 4109 2284 4178 signavit
2307 4109 2646 4179 antiquitas,
2671 4109 2826 4180 quod
2853 4109 3077 4166 scilicet
3101 4110 3176 4166 ob
3199 4109 3254 4164 id
3280 4107 3358 4164 ita
3384 4107 3456 4164 sit
3482 4103 3680 4176 appel‘

2031 4197 2172 4266 lata,
2207 4197 2360 4268 quod
2379 4213 2408 4254 a
2431 4197 2723 4268 lapidibus
2742 4197 3128 4270 praemaximis
3153 4198 3307 4254 ferro
3324 4195 3678 4268 plumboque

2025 4286 2346 4357 compactis
2367 4291 2426 4341 et
2449 4286 2738 4342 consertis
2760 4286 2980 4356 ingenti
3015 4301 3156 4342 cura
3195 4283 3553 4342 ctstudiosit
3584 4295 3682 4337 ex-

2031 4378 2240 4430 tructa.
2279 4375 2393 4430 Cur
2422 4379 2616 4430 autem
2649 4379 2854 4430 vocata
2879 4373 2950 4430 sit
2973 4375 3366 4444 Verodunum,
3395 4387 3526 4430 cum
3557 4371 3685 4428 diu-

2029 4463 2150 4519 tius
2185 4462 2239 4518 in
2265 4462 2580 4534 scripturis
2605 4462 3022 4534 quesissemus,
3054 4463 3162 4519 hoc
3184 4461 3369 4519 solum
3394 4459 3562 4518 nobis
3583 4474 3678 4518 oc-

2031 4566 2270 4610 currere
2292 4551 2501 4622 potuit.
2529 4551 2680 4622 quod
2699 4566 2828 4606 cum
2853 4550 3145 4606 delectum
3165 4549 3405 4606 militem
3431 4563 3535 4620 per
3557 4545 3680 4604 Gal-

274 4636 449 4694 niam.
483 4638 554 4694 Et
586 4637 825 4694 Galliam
852 4621 1085 4711 quidem
1109 4621 1399 4711 Belgicam
1423 4642 1567 4699 dicit
1588 4643 1660 4698 ab
1691 4621 1918 4700 oriente
1948 4621 2000 4680 D
2032 4641 2142 4698 lias
2160 4621 2349 4698 Julius
2365 4621 2586 4711 ageret,
2611 4639 2855 4697 Verolus
2871 4639 3103 4711 quidam
3120 4637 3456 4710 praedictam
3473 4637 3676 4694 urbem

274 4727 492 4783 habere
524 4726 764 4784 limitem
795 4728 978 4784 Rheni
1018 4729 1274 4786 ﬂuminis
1297 4730 1416 4786 et“
1439 4724 1920 4803 Germaniam,'ab

273 4829 419 4872 euro
449 4815 624 4886 Alpes
657 4815 946 4874 Penninas
971 4817 1038 4889 ”,
1065 4833 1095 4874 a
1125 4820 1368 4876 meridie
1399 4820 1758 4892 provinciam
1780 4823 1920 4876 Nar-

277 4904 618 4974 bonensem,
655 4903 728 4960 ab
759 4919 973 4962 occasu
1015 4907 1480 4979 Lugdunensem,
1526 4923 1555 4963 a
1602 4908 1785 4966 circio
1823 4923 1920 4966 oc-

275 5006 520 5051 ceanum
553 4993 1003 5066 Brittannicum,
1041 5009 1071 5051 a
1116 4993 1163 5028 ¹³
1208 4997 1630 5068 septemtrione
1670 4995 1917 5054 insulam

2032 4732 2424 4802 obpugnatam
2459 4729 2515 4784 in
2547 4727 2990 4800 l‘edus.recepit,
3021 4742 3052 4784 a
3078 4741 3192 4798 quo
3212 4731 3272 4782 et
3295 4740 3498 4782 nomen
3523 4739 3679 4782 sum-

2033 4819 2171 4892 psit,
2209 4823 2272 4875 ut
2305 4820 2616 4874 vocaretur
2640 4816 3008 4872 Verodunum
3045 4815 3212 4887 quasi
3234 4813 3673 4884 Verolidunum,

2031 4909 2188 4965 sicut
2215 4911 2272 4963 et
2305 4907 2377 4962 ab
2409 4907 2674 4975 Augusto
2702 4905 2861 4961 Edua
2893 4909 3098 4961 vocata
3159 4908 3252 4960 est
3300 4903 3680 4972 Augustodu-

2028 5011 2185 5053 num.
2211 4995 2422 5050 Postea
2445 5007 2582 5050 vero
2603 5006 2634 5049 ο
2657 4990 2853 5048 littera
2882 4995 3104 5049 mutata
3124 4991 3181 5048 in
3203 5005 3251 5062 θ,
3278 4989 3434 5048 dicta
3455 4993 3543 5046 est
3576 4988 3682 5046 νο·

265 5128 293 5154 ⁸
1637 5119 1873 5177 νΑΒΙιιΕ
1913 5119 2315 5178 LECTIONES.

351 5209 395 5245 ¹³
432 5211 569 5282 Belg

584 5211 726 5291 jgm
749 5209 1010 5291 deletam
1034 5213 1100 5291 ig
1128 5217 1357 5291 σφάξει.Δ
1381 5217 1425 5291 ιθ
1443 5219 1582 5291 jam
1609 5218 1882 5291 deletum.
1919 5216 2308 5291 f'incluqu
2333 5214 2606 5291 (teletam.
2648 5211 2825 5291 ἥβᾳ
2852 5216 3046 5291 autem
3077 5227 3180 5291 reg
3209 5211 3676 5291 deleta._"_perf.

277 5279 557 5356 deletum}
586 5279 614 5356 ξ
636 5279 680 5356 ίξ
707 5281 856 5356 citra
884 5283 970 5356 Is,
1002 5353 1011 5356 Α
1048 5283 1092 5319 ιο
1120 5287 1286 5345 rhaet
1317 5279 1590 5346 delitam.
1671 5289 1717 5324 ’°
1743 5295 1803 5346 et
1834 5288 2048 5346 deleta.
2125 5279 2474 5356 “deletum,
2510 5355 2515 5356 ί
2549 5283 2832 5356 "addito
2857 5285 2900 5340 A
2934 5279 3548 5356 Appenifnascorriﬁl
3568 5297 3681 5356 rau-

277 5354 420 5433 (iter:
497 5352 543 5386 "
573 5351 847 5410 deletum.
925 5353 970 5387 ³⁸
998 5353 1054 5410 h.
1091 5357 1362 5417 deletum.
1444 5359 1487 5395 ³⁸
1519 5376 1625 5433 pro
1656 5361 1930 5418 deletum.
2006 5358 2053 5392 "
2078 5358 2354 5416 deletum.
2430 5354 2476 5388 ³⁷
2503 5355 2546 5410 L
2580 5355 2853 5412 deletum.
2933 5351 3102 5411 "vel
3128 5355 3402 5413 deletam.
3447 5351 3525 5390 ⁷³⁸
3551 5355 3595 5414 ἰ.
3625 5363 3675 5411 θ.

282 5423 490 5482 Graiae.

1875 5525 2098 5583 ΝΟΤᾸΞ.

387 5636 478 5711 33)
499 5649 558 5707 ᾳ.
584 5632 707 5695 0.1'.
734 5644 946 5704 desunt
979 5639 1035 5698 in
1065 5639 1309 5701 Isidoro.

387 5639 478 5711 33)
499 5649 558 5707 ᾳ.
584 5639 707 5695 0.1'.
734 5644 946 5704 desunt
979 5639 1035 5698 in
1065 5639 1309 5701 Isidoro.

355 5639 472 5787 ξεί)
504 5711 644 5782 Quae
672 5719 768 5777 hic
789 5723 847 5776 et
879 5712 1026 5772 intra
1058 5713 1128 5772 de
1159 5712 1468 5787 Aquitania
1509 5710 1785 5784 leguntur
1834 5709 1929 5770 iis-

2037 5638 2168 5710 dem
2199 5636 2400 5710 verbis
2431 5634 2586 5710 apud
2610 5633 2952 5710 Herige_rum
2982 5635 3139 5695 Gest.
3183 5649 3316 5710 epp.
3367 5632 3541 5692 Leod.
3590 5635 3676 5696 41.

2037 5711 2106 5768 ll.
2141 5709 2204 5766 G.
2241 5709 2336 5766 SS.
2369 5705 2767 5765 inveniuntur.
2798 5706 2863 5764 K.
3108 5731 3114 5736 -
3221 5705 3239 5740 ‘-
3263 5705 3278 5710 '
3313 5728 3320 5737 -
