3922 6434
274 404 343 469 81
1230 412 1601 478 HUGONIS
1640 407 1994 475 ABBATIS
2033 406 2714 472 FLAVINIACENSIS
3601 414 3687 475 32

274 536 584 613 redunum,
616 546 680 602 ut
703 544 954 605 testatur
976 546 1330 605 Fortunatus
1353 546 1486 620 (3:5).
1507 545 1915 606 Modernivero
1946 540 2001 603 A
2033 539 2236 599 ﬁcatas
2269 540 2562 614 quondam
2587 546 2644 599 et
2680 539 2806 599 suis
2834 540 3201 615 temporibus
3246 542 3475 604 dirutas
3512 559 3687 620 repa-

277 642 308 686 a
335 630 726 689 viridantibus
749 635 953 705 pratis,
978 634 1070 692 vel
1093 636 1245 707 quod
1273 637 1439 707 quasi
1465 651 1692 709 semper
1707 636 1912 706 vireat,

279 716 483 776 dicunt
515 735 638 777 eam
674 722 1014 794 Virdunum,
1049 725 1210 795 quasi
1242 725 1427 781 viride
1459 725 1695 783 dunum.
1740 727 1853 783 Has
1872 723 1919 756 ³ο

277 814 471 864 autem
503 824 704 867 omnes
732 812 1131 881 conjectiones
1168 815 1429 871 Ethicus
1484 814 1539 870 in
1587 827 1919 885 cosmogra-

279 896 410 969 pbia
443 899 782 971 excludens,
816 901 872 957 in
904 903 1211 960 Itinerario
1244 905 1440 961 mundi
1470 908 1641 961 vocat
1671 919 1796 961 eam
1828 903 1920 958 Vi-

282 986 596 1059 rodunum,
647 991 723 1045 ob
767 990 1022 1048 virorum
1071 993 1305 1049 fortium
1355 993 1698 1051 industriam
1748 991 1918 1063 longe

280 1070 515 1146 lateque
547 1076 923 1134 celebratam.
958 1080 1117 1137 Situs
1140 1082 1303 1137 urbis
1335 1081 1520 1152 ipsius
1549 1081 1671 1153 ipsa
1704 1080 1793 1137 sui
1825 1096 1921 1152 po-

283 1163 500 1221 sitione
533 1166 921 1239 delectabilis,
954 1185 1123 1241 quam
1153 1172 1500 1242 praeterﬂuit
1531 1172 1680 1228 Mosa
1714 1170 1923 1227 ﬂuvius

280 1252 403 1324 ipsa
439 1256 526 1312 sui
564 1257 874 1316 fertilitate
903 1264 961 1315 et
985 1260 1358 1317 viridantium
1389 1264 1683 1331 pratorum
1714 1260 1925 1331 grami-

283 1356 387 1397 nea
426 1343 674 1414 planicie
704 1347 1165 1416 jocundusU'z't.
1190 1349 1519 1419 Sanctim‘).
1561 1349 1712 1404 Gens
1761 1347 1925 1404 urbis

288 1430 475 1500 ipsius
506 1434 706 1503 effera,
732 1435 915 1492 cultui
951 1437 1254 1492 demonum
1297 1437 1514 1506 dedita,
1554 1437 1737 1493 totius
1782 1436 1928 1493 veri'

286 1519 432 1576 tatis
466 1520 686 1589 ignara.
722 1524 927 1580 Nullus
957 1525 1024 1580 ad
1056 1539 1176 1597 eam
1211 1525 1478 1580 veritatis
1527 1541 1716 1596 praeco
1760 1540 1928 1582 vene-

281 1612 395 1677 rat,
446 1623 575 1665 cum
620 1613 798 1667 urbes
849 1614 904 1667 in
951 1614 1202 1669 circuitu
1250 1614 1473 1684 positas
1532 1614 1762 1671 divinus
1811 1615 1925 1685 jam

285 1694 568 1766 Splendor
601 1699 942 1757 irradiassct
974 1702 1214 1773 (fol.13).

354 1784 438 1841 Ad
473 1786 619 1843 bane
653 1804 793 1857 ergo
827 1790 1028 1845 urbem
1067 1806 1195 1846 cum
1233 1792 1394 1847 socio
1428 1792 1776 1862 perveniens
1796 1793 1927 1847 bea—

2030 636 2330 700 raverunt,
2368 634 2567 688 sedem
2601 631 2773 688 habet
2799 630 3201 703 requietionis.
3234 631 3398 699 Quod
3421 634 3686 707 qualiter

2029 718 2100 774 de
2132 719 2255 791 ipso
2277 719 2403 790 ejus
2427 719 2831 777 sacratissimo
2852 734 3100 791 corpore
3122 719 3425 794 acciderit,
3448 738 3580 781 cum
3594 724 3688 781 vi-

2026 805 2239 863 delicet
2286 807 2510 880 prOprii
2558 807 2777 864 laboris
2821 806 2876 863 in
2913 809 3072 879 iurbe
3118 806 3394 866 Meldensi
3438 824 3682 870 cursum

2025 896 2540 966 consummaverit,
2577 910 2826 968 sequens
2848 910 3039 954 sermo
3070 911 3178 954 suo
3211 896 3267 954 in
3318 896 3448 958 loco
3484 898 3686 958 decla-

2028 984 2201 1040 rabit.

2103 1073 2317 1129 Beatus
2349 1071 2546 1143 itaque
2570 1072 2879 1129 Sanetinus
2903 1070 3106 1131 videns
3120 1073 3395 1146 populum
3414 1075 3686 1134 civitatis

2032 1160 2277 1218 multum
2304 1162 2406 1217 sed
2433 1161 2720 1218 idolatriae
2743 1176 2945 1219 errore
2968 1166 3251 1220 caecatum
3276 1163 3399 1235 (fol.
3422 1164 3530 1237 14),
3547 1180 3685 1238 pre-

2033 1248 2237 1306 videns
2268 1250 2442 1306 etiam
2475 1249 2530 1305 in
2563 1250 2771 1321 spiritu
2807 1250 3023 1308 ostium
3055 1266 3323 1321 magnum
3355 1258 3416 1311 et
3437 1254 3686 1312 evidens

2036 1338 2145 1394 sibi
2180 1344 2446 1410 apertum
2478 1338 2533 1394 in
2556 1339 2817 1409 Domino,
2850 1339 3199 1397 deliberavit
3231 1356 3362 1398 cum
3393 1343 3550 1400 socio
3574 1343 3684 1399 ali-

2038 1427 2379 1498 quantulum
2404 1428 2683 1483 remorari
2708 1428 2761 1484 in
2780 1428 2905 1485 loco
2922 1428 3066 1500 ipso.
3093 1430 3212 1485 Non
3229 1434 3353 1486 erat
3370 1430 3477 1489 hoc
3488 1440 3685 1490 trans-

2036 1517 2201 1585 gredi
2228 1524 2514 1588 praecepta
2541 1517 2826 1587 magistri,
2862 1519 2909 1573 si
2943 1522 3001 1573 et
3035 1518 3177 1575 istos
3209 1518 3570 1592 lucrifacere,
3614 1525 3682 1579 et

2039 1605 2308 1661 mandata
2352 1605 2614 1674 magistri
2666 1606 2753 1661 sui
2811 1605 3063 1661 ﬁdeliter
3110 1613 3303 1676 posset
3337 1609 3679 1682 adimplere.

2038 1695 2265 1749 Ponens
2293 1707 2433 1762 ergo
2463 1708 2619 1763 spem
2652 1708 2815 1748 suam
2841 1693 2896 1748 in
2921 1694 3179 1763 Domino,
3215 1699 3273 1751 et
3305 1710 3368 1753 se
3399 1696 3482 1752 illi
3528 1711 3687 1755 com-

2041 1782 2298 1851 mittens,
2332 1782 2510 1837 corde
2539 1780 2797 1836 contrito
2846 1786 2907 1836 et
2951 1781 3254 1838 humiliato
3306 1785 3684 1855 progreditur

278 1874 377 1927 tus
409 1874 719 1931 Sanetinus
744 1876 839 1946 (cf.
864 1878 1106 1935 Ber'tar.
1130 1894 1179 1934 c.
1206 1880 1280 1949 2),
1308 1884 1365 1935 ct
1390 1880 1590 1934 videns
1614 1895 1812 1935 omnes
1841 1880 1920 1934 in-

2104 1871 2111 1925 ι
2146 1869 2441 1941 populum,
2479 1869 2722 1941 replicat
2751 1872 2887 1927 Jesu
2923 1870 3136 1927 Christi
3160 1874 3556 1942 aevangelium.
3582 1875 3687 1931 Mi-

270 1958 608 2017 babitantes
662 1964 951 2021 idolatrite
981 1967 1214 2023 deditos
1243 1973 1300 2022 ct
1354 1969 1574 2038 absque
1610 1969 1721 2023 Deo
1762 1983 1919 2037 vero,

270 2048 427 2103 humi
492 2056 825 2120 prostratus
875 2057 1227 2124 precabatur
1289 2057 1471 2111 Deum
1530 2056 1815 2112 attentius
1864 2061 1925 2112 ut

288 2135 502 2207 populo
526 2138 750 2194 sedenti
786 2141 838 2195 in
875 2142 1109 2210 regione
1135 2144 1353 2199 umbrae
1386 2144 1587 2200 mortis
1616 2144 1807 2200 lumen
1840 2160 1928 2201 os-

285 2226 556 2281 tenderet
589 2228 876 2285 veritatis.
905 2230 949 2284 O
972 2231 1159 2286 oratio
1190 2233 1305 2286 Deo
1334 2237 1498 2301 grata
1534 2237 1591 2288 et
1623 2233 1922 2304 speciosa!

287 2314 583 2382 spceciosa
618 2316 870 2387 inquam,
907 2319 1055 2374 facta
1089 2323 1173 2373 est
1200 2324 1257 2376 et
1288 2321 1485 2376 suavis
1517 2322 1570 2376 in
1607 2329 1925 2393 conspectu

271 2399 477 2469 gloriae
501 2404 707 2458 summi
732 2406 854 2459 Dei.
882 2408 995 2461 Hec
1023 2408 1303 2464 subvecta
1327 2410 1577 2473 geminis
1598 2410 1725 2478 alis,
1751 2409 1927 2466 dilec-

281 2489 465 2545 tionis
500 2491 595 2546 Dei
622 2492 895 2549 videlicet
930 2501 987 2549 et
1024 2496 1290 2565 proximi,
1320 2496 1503 2552 libero
1535 2496 1733 2553 volatu
1765 2498 1925 2553 celos

273 2577 444 2647 petiit
469 2583 527 2634 et
554 2579 605 2634 in
638 2587 954 2652 COllSpBClu
975 2583 1385 2655 Redemptoris
1413 2587 1558 2641 facta
1588 2591 1678 2643 est
1704 2591 1763 2642 ut
1789 2586 1925 2643 thus

272 2667 405 2721 miri
440 2667 659 2725 odoris.
699 2672 779 2724 An
816 2686 923 2724 non
963 2673 1107 2727 facta
1141 2679 1232 2729 cst
1280 2674 1469 2730 fumus
1522 2675 1651 2731 boni
1703 2676 1922 2745 odoris,

270 2766 401 2810 cum
436 2756 506 2811 de
544 2770 711 2813 manu
747 2759 938 2829 angeli
977 2762 1229 2817 tenentis
1262 2762 1622 2819 thuribulum
1650 2764 1924 2820 ascendat

274 2839 470 2901 fumus
502 2849 847 2916 aromatum,
885 2863 1012 2917 quae
1047 2854 1182 2905 sunt
1215 2852 1512 2907 orationes
1550 2854 1928 2908 sanctorum?

269 2931 417 2987 etin
452 2933 786 3005 Apocalipsi
827 2936 1038 3006 viginti
1092 2944 1343 3008 quatuor
1380 2939 1647 2996 seniores
1678 2944 1836 2997 stant
1868 2941 1925 2996 in

270 3026 593 3092 conspectu
627 3023 857 3093 throni,
895 3028 1161 3081 tenentes
1204 3025 1427 3097 phialas
1460 3042 1669 3084 aureas
1728 3029 1925 3100 plenas

268 3106 812 3180 odoramcntorum,
857 3126 985 3183 quae
1036 3118 1173 3169 sunt
1221 3116 1517 3171 orationes
1554 3105 1928 3174 sanctorum?

280 3196 389 3252 Sed
418 3196 533 3268 jam
571 3200 861 3257 orationis
890 3201 1061 3271 hujus
1094 3204 1320 3259 fructus
1353 3204 1673 3263 videamus.

344 3288 466 3343 Jam
501 3288 574 3343 ab
606 3290 873 3346 oratione
908 3296 1152 3360 uterque
1201 3298 1557 3363 surrexerat,
1608 3310 1738 3351 cum
1790 3310 1924 3352 cere

272 3373 474 3430 vident
512 3374 567 3430 in
603 3391 713 3432 una
749 3378 977 3437 arbore.
1014 3394 1142 3449 quae
1175 3380 1351 3437 ramis
1379 3396 1558 3452 opaca
1611 3386 1666 3438 et
1728 3382 1925 3440 altitu-

274 3461 407 3517 dine
443 3478 708 3534 procera,
746 3465 849 3521 sed
883 3466 1143 3524 cultibus
1161 3468 1482 3525 daemonum
1507 3475 1631 3526 erat
1660 3472 1923 3542 profana-

275 3553 355 3620 ta,
394 3551 530 3620 quia
564 3552 840 3609 videlicet
872 3554 949 3609 ibi
999 3555 1252 3624 gentiles
1302 3558 1585 3613 rusticani
1626 3561 1835 3616 Faunis
1865 3561 1923 3616 et

282 3638 504 3708 Satyris
535 3645 666 3696 vota
702 3639 1005 3698 solvebant
1039 3647 1097 3698 et
1148 3658 1310 3699 sacra
1347 3645 1744 3717 celebrabant,
1799 3653 1924 3705 tres

279 3726 622 3783 consedisse
656 3729 977 3799 columbas,
1015 3731 1415 3801 signiﬁcantes
1458 3735 1656 3805 utique
1714 3736 1924 3793 divinae

283 3826 417 3868 esse
448 3812 771 3872 voluntatis
800 3816 928 3887 ipso
962 3818 1016 3873 in
1054 3817 1181 3875 loco
1211 3820 1426 3876 trinum
1458 3826 1514 3877 et
1550 3837 1721 3878 unum
1746 3824 1923 3880 Deum

282 3900 614 3972 praedicari.
666 3904 747 3958 De
804 3905 900 3960 Dei
954 3920 1095 3975 ergo
1146 3906 1233 3963 ﬁsi
1279 3909 1699 3981 misericordia,
1758 3911 1927 3981 cujus

277 3992 444 4045 tanta
478 3988 534 4045 in
569 3990 799 4048 futuros
831 3994 1162 4066 adOptionis
1194 3996 1344 4053 ﬁlios
1384 3999 1779 4068 praevidebant
1831 4002 1926 4057 be-

285 4076 513 4146 neﬁcia,
549 4078 657 4149 ipsi
692 4080 896 4137 intimo
926 4083 1121 4139 cordis
1154 4084 1363 4143 aﬂ‘ectu
1398 4086 1769 4144 multimodas
1796 4104 1925 4159 ege-

275 4168 417 4220 runt
449 4166 695 4237 gratias,
720 4171 778 4224 et
804 4173 863 4226 ut
898 4170 954 4226 in
988 4172 1173 4230 servis
1199 4173 1321 4230 suis
1342 4173 1776 4244 gloriﬁcaretur
1796 4192 1926 4249 pre-

267 4264 335 4307 ce
368 4254 685 4323 poscebant
716 4255 1052 4315 humillima.

252 4380 269 4393 .
345 4341 534 4397 Locus
569 4342 769 4414 igitur,
796 4345 850 4401 in
886 4362 999 4417 quo
1030 4347 1101 4404 ad
1125 4349 1300 4405 Deum
1336 4351 1634 4423 praemissa
1660 4352 1765 4410 fuit
1797 4369 1924 4411 ora-

268 4427 370 4498 tio,
407 4443 571 4486 mons
596 4435 724 4487 erat
747 4432 898 4491 situs
929 4435 998 4491 ad
1024 4438 1562 4508 septemtrionalem
1587 4440 1811 4512 plagam
1835 4454 1924 4499 ur'

273 4516 385 4587 bis,
421 4517 516 4588 qui
548 4519 604 4574 in
631 4534 736 4576 suo
765 4524 1065 4579 cacumine
1095 4538 1167 4581 ex
1196 4530 1335 4581 tunc
1370 4532 1561 4596 gestat
1593 4529 1917 4587 mcclesiam

2040 1962 2244 2014 rantur
2276 1958 2332 2014 in
2365 1972 2433 2013 eo
2464 1958 2748 2014 vilitatem
2781 1958 3035 2028 habitus,
3070 1959 3412 2029 dignitatem
3454 1961 3681 2033 vultus,

2039 2047 2323 2103 sermonis
2357 2045 3153 2116 facundiam,miraculorum
3195 2047 3542 2117 eﬂlcatiam;
3575 2066 3687 2110 nec

2036 2139 2231 2191 tamen
2280 2140 2523 2207 possunt
2576 2135 2799 2203 auiire,
2850 2135 3002 2207 quod
3053 2137 3301 2193 debeant
3372 2138 3686 2198 demonum

2036 2224 2234 2281 cultus
2293 2225 2567 2294 abjicere,
2623 2224 2841 2293 ﬁguras
2877 2224 3116 2280 deorum
3167 2241 3399 2283 suorum
3446 2241 3681 2301 aureas,

2042 2318 2373 2383 argenteas,
2392 2327 2768 2382 marmoreas,
2783 2328 3030 2383 gypseas
3043 2317 3101 2369 et
3121 2313 3343 2383 ligneas
3357 2316 3689 2387 confringe-

2039 2417 2121 2469 re,
2158 2407 2215 2457 et
2250 2417 2383 2458 aras
2413 2403 2779 2458 subvertere.
2835 2400 2975 2467 Quis
3027 2403 3243 2458 referat
3291 2404 3562 2474 quotiens
3608 2407 3684 2462 ab

2042 2490 2160 2545 illis
2216 2505 2407 2557 cesus,
2445 2490 2716 2559 quotiens
2749 2490 3060 2560 injuriatus
3088 2492 3158 2545 ab
3192 2493 3334 2547 urbe
3366 2493 3687 2551 semivivus

2038 2577 2337 2650 projectus
2369 2578 2489 2634 sit?
2519 2578 2685 2635 Solus
2718 2578 2826 2633 hoc
2860 2578 3022 2635 novit
3072 2578 3373 2651 inspector
3421 2581 3685 2640 interno-

2037 2683 2185 2737 rum,
2213 2667 2329 2738 qui,
2366 2668 2497 2738 quia
2533 2667 2641 2724 fuit
2673 2667 2843 2723 testis
2875 2682 3150 2739 penarum
3175 2674 3235 2724 et
3259 2668 3540 2741 laborum,
3569 2671 3689 2729 fac-

2036 2762 2132 2813 tus
2155 2760 2241 2813 cst
2269 2755 2471 2812 militis
2496 2756 2581 2812 sui
2609 2755 2738 2826 pius
2760 2763 3163 2812 remunerator
3185 2762 3245 2812 et
3268 2756 3513 2829 largitor
3532 2774 3683 2831 prae-

2037 2844 2301 2901 miorum.
2341 2846 2681 2914 Augebatur
2719 2849 2911 2900 tamen
2964 2859 3241 2902 numerus
3289 2848 3677 2920 credentium,

2036 2939 2093 2990 et
2128 2934 2197 2989 de
2228 2932 2319 2989 die
2352 2933 2406 2988 in
2434 2933 2583 2989 diem
2618 2933 2842 2988 meritis
2868 2948 3170 2991 servorum
3214 2949 3447 2993 suorum
3488 2936 3681 2994 multi-

2036 3022 2367 3094 plicabatur
2398 3021 2659 3079 aecclcsia
2698 3021 3163 3092 ﬁdelium,error
3208 3024 3512 3093 gentilium
3548 3025 3682 3084 des-

2033 3113 2367 3182 truebatur,
2397 3115 2452 3166 et
2480 3111 2622 3167 ﬁdes
2655 3115 2852 3168 sancta
2880 3111 3095 3182 ubique
3116 3111 3458 3184 docebatur,
3488 3114 3678 3185 gratia

2036 3199 2308 3271 baptismi
2325 3199 2854 3269 condonabatur,et
2870 3199 2923 3254 in
2947 3199 3256 3257 credentes
3279 3200 3528 3273 Spiritus
3551 3216 3687 3260 san-

2035 3288 2115 3344 cti
2143 3288 2455 3344 carismata
2494 3287 3055 3360 multiplicabantur.
3090 3289 3247 3345 Felix
3272 3289 3522 3349 acclesia
3554 3296 3682 3347 tan-

2035 3376 2079 3432 ti
2116 3376 2369 3447 pastoris
2392 3376 2673 3446 rcgimine
2707 3376 2875 3447 digna
2905 3395 2920 3443 ;
2955 3375 3364 3435 illustrabatur
3384 3379 3535 3436 enim
3580 3380 3682 3437 mi-

2035 3464 2253 3521 raculis
2283 3468 2458 3535 atque
2490 3464 2794 3520 doctrinis.
2835 3464 3113 3521 Omnibus
3144 3464 3333 3522 omnia
3358 3466 3545 3524 factus
3565 3472 3675 3539 est,

2039 3558 2099 3609 ut
2121 3567 2320 3609 omns
2347 3551 2722 3609 lucrifaceret
2790 3551 2891 3618 Qui
2923 3553 3032 3609 etsi
3066 3552 3377 3622 injuriatus
3404 3560 3490 3612 est
3544 3555 3679 3614 dum

2036 3641 2388 3713 praedicaret
2423 3640 2739 3709 Christum,
2773 3639 3026 3697 libenter
3058 3641 3348 3699 tolerabat
3378 3641 3537 3700 illata
3567 3644 3677 3701 sibi

2034 3733 2347 3798 tormenta,
2375 3729 2689 3800 obprOpria
2705 3733 2760 3784 et
2788 3727 3098 3785 irrisiones
3114 3729 3418 3800 malorum,
3446 3737 3508 3787 ut
3530 3747 3677 3803 quos

2034 3821 2494 3890 perscquutores
2527 3816 2883 3889 patiebatur,
2916 3817 3066 3874 ﬁlios
3091 3818 3330 3888 faceret,
3355 3822 3413 3876 et
3438 3819 3677 3878 Domino

2036 3905 2308 3961 ιύᾱᾱρνιι
2343 3905 2582 3975 animas,
2612 3920 2757 3976 quas
2780 3905 3046 3963 diabolus
3071 3907 3392 3965 conabatur
3423 3908 3670 3967 auferre.

2106 3994 2495 4065 Cumquejam
2520 3993 2621 4049 Dei
2661 3994 3004 4065 disponente
3044 3994 3351 4052 clementia
3387 3995 3584 4069 plures
3604 4012 3676 4055 ex

2033 4082 2144 4153 his,
2178 4082 2276 4154 qui
2334 4082 2648 4153 aliquando
2683 4082 2911 4138 fuerant
2944 4097 3083 4140 vasa
3123 4082 3225 4140 ira;
3259 4083 3314 4139 in
3351 4084 3670 4157 interitum,

2035 4171 2389 4229 ﬁerentvasa
2409 4170 2827 4227 misericordiae
2843 4185 2944 4243 per
2963 4171 3235 4244 baptismi
3250 4179 3675 4231 sacramentum

2032 4260 2239 4317 videns
2266 4258 2586 4317 mcclesiam
2624 4258 2877 4317 ﬁdelium
2901 4259 2956 4315 in
2987 4275 3056 4317 eo
3090 4275 3239 4331 esse,
3272 4260 3340 4318 ‘ut
3390 4261 3673 4334 proﬁcere

2027 4348 2144 4420 jam
2174 4349 2296 4421 ipsa
2324 4364 2424 4420 per
2447 4348 2650 4405 semeti
2662 4363 2821 4420 psam
2846 4354 3071 4421 posset,
3094 4354 3153 4406 et
3179 4350 3390 4408 timens
3415 4366 3485 4409 ne
3509 4351 3675 4409 siali-

2036 4443 2255 4510 quanto
2280 4438 2504 4495 diutius
2527 4437 2602 4493 ibi
2649 4443 3064 4511 remoraretur,
3111 4438 3387 4510 injunctm
3410 4440 3521 4508 sibi
3543 4442 3676 4499 obe-

2034 4528 2271 4586 dientize
2327 4527 2544 4598 legatio
2585 4529 3317 4598 cassaretur,cont’ortatis
3342 4530 3398 4587 in
3438 4531 3674 4590 Domino

268 4606 676 4678 apostolorum
708 4610 865 4666 Petri
902 4615 958 4667 et
990 4612 1153 4669 Pauli
1187 4615 1414 4671 nomine
1454 4619 1512 4671 et
1565 4619 1788 4675 meritis
1846 4622 1918 4677 ab
1948 4604 2001 4666 Ι)
2034 4616 2336 4685 fratribus,
2354 4621 2592 4672 etsuum
2612 4616 2864 4673 reditum
2882 4618 3169 4675 maturius
3187 4618 3676 4691 promittensaifu-

272 4693 400 4767 ipso
431 4695 559 4752 viro
589 4697 690 4752 Dei
724 4699 1070 4757 dedicatam.
1098 4701 1235 4768 Quae
1260 4706 1628 4762 consecratio
1656 4707 1803 4764 facta
1826 4714 1914 4767 est

266 4796 417 4840 anno
479 4783 765 4865 incarnati
807 4789 979 4844 Verbi
1026 4793 1113 4859 98,
1159 4790 1432 4848 videlicet
1473 4794 1562 4849 13°
1598 4797 1915 4854 Domiciani

265 4871 507 4927 caesaris
539 4885 710 4939 anno,
744 4875 987 4946 Trajano
1016 4877 1236 4948 septies
1274 4884 1331 4935 et
1377 4881 1620 4939 Maximo
1664 4885 1916 4942 consuli-

268 4957 395 5014 bus.
433 4960 493 5014 ln
519 4974 632 5031 qua
663 4961 838 5016 etiam
871 4963 1083 5019 atrium
1124 4966 1441 5039 benedixit,
1475 4974 1533 5025 et
1564 4971 1913 5029 cimiterium

271 5043 660 5104 Virdunensis
686 5048 967 5107 aecclcsire
987 5065 1117 5107 esse
1140 5056 1466 5127 constituit,
1492 5057 1590 5113 ubi
1615 5059 1736 5130 ipse
1759 5061 1915 5117 dom-

268 5147 382 5190 nus
409 5149 541 5190 cum
572 5137 1016 5215 successoribus
1047 5141 1166 5197 suis
1191 5144 1539 5214 praesulibus
1560 5150 1796 5219 sanctis,
1819 5165 1916 5206 ex-

264 5221 459 5292 ceptis
481 5220 592 5291 bis,
627 5223 725 5292 qui
757 5223 865 5281 sibi
897 5226 1123 5285 dicatas
1153 5230 1435 5287 ecclesias
1467 5235 1755 5304 corporali
1785 5237 1915 5294 illu-

273 5310 465 5364 strant
494 5310 826 5383 prementia,
849 5313 941 5372 vel
967 5317 1063 5386 qui
1087 5332 1185 5374 eas
1198 5318 1652 5392 aediﬁcaverunt,
1670 5328 1768 5379 aut
1785 5325 1914 5381 aedi-

2035 4710 2255 4775 turum,
2279 4704 2614 4762 valedicens
2638 4706 2745 4775 eis,
2772 4710 2827 4761 et
2858 4707 3272 4764 commendans
3295 4722 3396 4764 eos
3417 4706 3671 4780 Domino,

2030 4793 2147 4851 illis
2169 4808 2300 4850 eum
2326 4794 2814 4865 persequentibus
2838 4809 2969 4851 cum
2994 4794 3267 4866 lacrimis,
3293 4797 3528 4853 Romam
3545 4812 3675 4870 pro-

2030 4883 2220 4939 fectus
2251 4882 2582 4953 est(Epist.
2669 4884 3011 4940 Hincmari.
3094 4884 3237 4956 (Fol.
3284 4886 3393 4940 14..
3423 4883 3537 4957 )Et
3581 4899 3677 4944 ve-

2028 4971 2258 5028 nientes
2288 4970 2342 5026 in
2378 4970 2957 5041 ltaliam,Antoninus
2976 4971 3164 5029 valida
3186 4973 3346 5030 febre
3364 4978 3678 5047 correptus

2027 5065 2136 5129 est,
2163 5059 2217 5115 in
2242 5058 2409 5129 cujus
2429 5059 2733 5130 obsequiis
2759 5061 2967 5118 beatus
2989 5061 3300 5118 Sanetinus
3324 5076 3428 5133 per
3451 5060 3677 5134 aliquot

2026 5148 2150 5205 dies
2173 5147 2534 5223 immoratus;
2561 5148 2806 5204 consilio
2831 5153 2891 5206 et
2911 5165 3198 5207 consensu
3221 5149 3482 5220 ejusdem
3521 5151 3675 5208 beati

2026 5235 2297 5293 Antonini
2324 5250 2393 5291 ne
2410 5235 2728 5308 praceptio
2755 5238 2907 5294 beati
2923 5238 3179 5310 Dyonisii
3205 5253 3569 5310 quacumque
3584 5255 3676 5298 oc-

2020 5325 2253 5382 casione
2282 5323 2688 5395 impediretur,
2723 5340 3006 5397 peragere
3030 5331 3266 5399 ceptum
3308 5326 3429 5382 iter
3482 5327 3680 5400 dispo-

1628 5453 1863 5512 VARUE
1908 5456 2305 5515 LECTIONES.

329 5532 376 5568 ⁸ο
423 5534 540 5592 Has
556 5566 609 5576 -
631 5535 987 5599 celebratam
1008 5547 1060 5600 2.

1854 5624 2080 5685 NOTJE.

262 5672 379 5747 (εδ)
408 5672 491 5732 lib
516 5675 610 5733 III.
643 5692 694 5735 ο.
729 5682 817 5738 :9.
