3922 6408
173 381 247 443 33

1131 385 1499 452 HUGONIS
1541 384 1891 450 ABBATIS
1934 385 2613 453 FLAVINIACENSIS

3504 390 3579 455 84

172 515 308 573 suit.
335 515 403 571 Et
438 517 802 574 sufﬁcienter
830 519 1055 577 exeniis
1075 524 1135 577 et
1157 521 1636 579 honestislinteis
1658 519 1813 593 prin-
1840 518 1897 578 A
1928 518 2034 576 hoc
2058 520 2263 578 inloco
2296 523 2649 596 scriptorum
2681 524 3382 598 dissonantiam,virtutis
3410 528 3583 600 hujus

172 603 284 676 cipi
319 603 525 661 domus
549 604 871 678 derelictis,
909 608 1078 680 petiit
1111 614 1170 665 et
1202 626 1307 681 per
1340 612 1514 667 Deum
1553 612 1813 666 obtesta-

170 696 268 748 tus
300 696 386 749 est
423 697 506 762 ut,
542 693 587 750 si
614 693 941 752 Antoninus
970 699 1428 769 convalesceret,
1480 698 1687 755 exinde
1732 698 1814 753 illi

172 781 713 839 habundantissime
745 785 1128 858 ministraret,
1162 788 1211 844 si
1240 803 1381 845 vero
1412 787 1529 844 vita
1580 787 1818 844 decede-

173 874 283 941 ret,
317 869 730 928 honestissime
764 873 1043 945 sepeliret
1074 894 1085 930 :
1119 880 1180 932 et
1215 877 1300 933 sic
1348 876 1483 945 iter,
1533 876 1685 946 quod
1727 890 1818 931 ce-

168 963 358 1029 perat,
386 974 666 1031 peragere
695 961 942 1018 studuit.

242 1047 311 1102 Et
338 1063 469 1104 cum
495 1049 611 1119 jam
647 1049 956 1107 Sanctinus
988 1051 1132 1108 fines
1161 1054 1549 1109 Romanorum
1573 1052 1817 1122 contigit

179 1136 465 1193 Antonius
496 1136 614 1193 vita
650 1137 925 1195 decessit.
963 1138 1141 1205 Quem
1178 1141 1448 1213 princeps
1471 1142 1698 1211 domus,
1734 1156 1820 1196 re-

175 1223 356 1279 tentis
387 1225 655 1281 cmnibus
686 1241 814 1297 qua)
848 1226 958 1283 sibi
992 1229 1394 1285 commendata
1422 1230 1477 1284 in
1500 1228 1627 1298 ejus
1653 1231 1821 1285 obse-

173 1311 323 1382 quiis
355 1312 585 1369 fuerant
618 1314 873 1371 catabuli
909 1316 999 1373 sui
1033 1316 1087 1372 in
1114 1333 1231 1387 quo
1261 1317 1527 1374 animalia
1578 1318 1703 1387 ejus
1738 1317 1821 1387 ja-

180 1399 391 1455 cebant
425 1416 565 1458 axes
595 1402 831 1472 levavit,
863 1408 919 1460 et
946 1405 1000 1460 in
1052 1406 1260 1461 fossam
1310 1407 1406 1463 ubi
1450 1412 1713 1462 stercora
1762 1411 1820 1460 et

175 1488 354 1545 urinae
381 1489 713 1548 animalibm
737 1490 1070 1548 defluebant
1093 1508 1223 1549 eum
1250 1495 1517 1566 projeeit,
1552 1498 1609 1549 et
1652 1494 1822 1551 desu-

175 1590 277 1648 per
317 1591 457 1634 axes
513 1580 756 1636 remisit.
806 1581 942 1648 Quae
998 1582 1189 1638 omnia
1247 1583 1456 1639 beatus
1514 1583 1822 1639 Sanctinus

172 1669 436 1739 cumjam
473 1668 753 1726 intrasset
786 1671 929 1728 fines
962 1674 1372 1745 Romanorum,
1412 1690 1513 1745 per
1543 1674 1819 1745 Spiritum

175 1760 434 1813 sanctum
470 1759 765 1831 cognovit,
800 1765 861 1816 et
892 1777 1021 1817 cum
1063 1777 1265 1833 magna
1318 1762 1688 1819 festinatione
1736 1777 1823 1817 re-

1928 622 2119 664 arccm
2165 616 2484 680 teneamus,
2529 620 2587 670 et
2640 628 2749 669 non
2808 615 3025 671 nostris
3049 615 3133 672 fisi
3184 615 3427 686 viribus,
3477 617 3581 674 sed

1927 696 2236 767 scripturae
2265 713 2446 756 sacras
2480 700 2608 755 fulti
2642 702 3110 770 auctoritatibus,
3138 703 3230 759 cui
3256 704 3474 759 veritas
3500 705 3578 760 fa-

1928 790 2080 855 veat,
2119 788 2352 843 Christo
2375 790 2490 843 Deo
2526 788 2816 859 prmduce,
2842 790 3163 847 videamus.
3212 791 3480 861 Legimus
3522 793 3576 847 in

1926 874 2131 944 gestis,
2162 876 2451 933 invenisse
2477 878 2707 933 beatum
2734 880 3067 935 Sanctinum
3095 880 3148 934 in
3174 881 3311 936 sede
3336 882 3573 938 Romani

1931 963 2327 1033 pontiﬁcatus,
2344 981 2471 1021 eum
2489 967 2741 1021 venisset
2758 968 2989 1023 Romam
3011 983 3079 1024 ex
3098 973 3394 1040 praecepto
3420 971 3574 1025 beati

1930 1051 2201 1121 Dyonisii,
2256 1066 2460 1124 papam
2509 1053 2869 1122 Anacletum,
2922 1057 3157 1112 natione
3208 1058 3453 1114 Crecum
3505 1059 3575 1114 de

1932 1137 2192 1194 Athenis.
2226 1140 2318 1194 cui
2349 1147 2515 1197 actus
2546 1146 2604 1197 et
2637 1142 2895 1211 martyrii
2930 1144 3055 1213 ejus
3078 1150 3245 1213 gesta
3278 1144 3566 1202 retulerit.

1931 1224 2093 1290 Quod
2129 1241 2296 1296 quam
2329 1228 2405 1282 sit
2438 1228 2750 1284 absurdem
2781 1229 2948 1285 facile
2982 1230 3332 1303 advertitur,
3367 1233 3416 1289 si
3468 1235 3577 1291 Ro-

1932 1327 2228 1370 manorum
2262 1315 2594 1386 pontiﬁcum
2625 1318 2921 1373 successio
2963 1324 3023 1374 et
3071 1321 3331 1390 martyrii
3392 1321 3576 1393 ipsius

1935 1402 2089 1456 beati
2118 1403 2372 1473 Dyonisii
2402 1405 2683 1461 terminus
2712 1406 3057 1477 inspiciatur
3091 1423 3192 1478 per
3227 1408 3576 1466 indictiones

1931 1494 1989 1544 et
2014 1504 2212 1547 annos.
2240 1493 2463 1548 Prefuit
2487 1494 2636 1548 enim
2655 1494 2821 1564 juxta
2848 1494 3016 1550 fidem
3033 1496 3427 1566 hystoriarum
3446 1498 3578 1553 bea-

1933 1583 2031 1634 tus
2058 1580 2269 1634 Petrus
2305 1581 2431 1636 urbi
2462 1582 2730 1637 Romanae
2763 1597 2812 1637 a.
2847 1587 2935 1652 2‘5,
2972 1598 3042 1638 m.
3077 1587 3130 1653 2,
3162 1584 3216 1640 d.
3248 1590 3301 1654 8,
3357 1584 3410 1639 in
3453 1585 3577 1656 qui-

1935 1666 2063 1735 bus,
2090 1673 2153 1723 ut
2177 1669 2449 1738 superius
2475 1670 2719 1727 relatum
2744 1676 2833 1727 est
2858 1672 2963 1727 sub
2986 1687 3056 1727 eo
3081 1673 3227 1728 rexit
3252 1673 3575 1730 aecclesiam

1934 1754 2126 1824 Linus,
2159 1757 2324 1812 annis
2356 1762 2440 1827 11,
2484 1759 2779 1814 mensibus
2819 1765 2869 1829 3,
2924 1760 3130 1817 diebus
3175 1766 3259 1817 12.
3315 1761 3473 1817 Obiit
3521 1767 3571 1819 9.

173 1857 374 1902 versus
405 1847 475 1902 ad
511 1848 740 1904 domum
769 1848 821 1904 in
856 1864 965 1920 qua
1009 1852 1360 1907 Αηιοηίηιηη
1403 1851 1692 1921 jacemem
1739 1850 1822 1906 di-
1850 1877 1904 1937 Β
1937 1842 2172 1899 Kalend.
2212 1844 2504 1937 Octobris.
2529 1847 2629 1937 Cui
2663 1862 2795 1937 mox
2827 1849 3114 1905 successit
3145 1850 3365 1920 Cletus,
3388 1852 3577 1907 etsub

171 1932 431 2003 miserat,
463 1935 607 1990 ﬂens
638 1940 694 1991 et
729 1936 934 1994 dolens
966 1939 1231 2009 pervenit
1262 1943 1317 1995 et
1356 1940 1677 2011 principem
1723 1939 1822 1994 do-

171 2035 297 2077 mus
327 2021 712 2094 interogavit:
752 2024 861 2083 Ubi
883 2026 987 2096 est,
1015 2027 1306 2098 inquiens;
1336 2028 1669 2086 Antoninus
1684 2028 1823 2101 fra-

170 2114 438 2168 termeus
460 2111 861 2171 larissimus?
891 2115 945 2171 Is
975 2119 1167 2171 autem
1213 2115 1362 2172 fictis
1402 2116 1718 2185 gemitibus
1756 2134 1821 2174 ac

169 2198 440 2269 suspiriis
490 2199 759 2258 simulata
809 2202 1105 2259 mestitia:
1156 2201 1431 2261 Mortuus
1452 2205 1557 2274 est,
1594 2204 1816 2274 inquit:

166 2301 347 2359 quem
379 2287 451 2344 de
467 2288 621 2344 mihi
642 2303 681 2347 a
704 2291 759 2346 te
774 2293 1098 2349 commissis
1116 2291 1531 2350 honestissime
1550 2294 1815 2364 sepelivi.

174 2375 273 2432 Cui
309 2377 659 2434 Sanctinus:
693 2378 995 2450 Mentiris,
1032 2381 1112 2437 ait
1129 2381 1236 2452 ﬁli
1257 2381 1523 2453 diaboli;
1564 2384 1631 2439 in
1676 2384 1822 2439 ster-

165 2465 369 2534 quilin
378 2467 831 2539 iumprojecisti
851 2484 981 2526 eum
996 2471 1190 2526 cirum
1203 2472 1475 2527 sanctum
1492 2474 1552 2527 et
1560 2473 1813 2542 justum.

166 2552 249 2608 Et
268 2567 430 2610 nunc
456 2557 592 2611 aeni
621 2572 846 2614 mecum
867 2558 949 2615 ad
974 2558 1244 2615 eatabuli
1277 2560 1483 2629 locum,
1533 2561 1600 2616 in
1647 2574 1820 2630 quem

156 2641 474 2713 proiecisti
506 2658 655 2700 eum.
682 2646 737 2702 Is
766 2651 957 2702 autem
993 2647 1199 2703 timore
1226 2647 1551 2718 perculsus,
1586 2663 1699 2704 non
1727 2653 1815 2704 est

170 2744 348 2787 ausus
372 2732 548 2787 reniti
575 2734 710 2803 quin
742 2748 873 2790 cum
904 2749 972 2791 eo
994 2735 1220 2791 veniret
1246 2737 1315 2791 ad
1349 2736 1534 2792 locum
1567 2736 1662 2791 ubi
1685 2752 1815 2792 eum

169 2818 518 2889 projecerat.
556 2822 623 2876 Et
658 2821 921 2880 levantes
953 2824 1085 2879 inde
1125 2839 1284 2895 axes,
1328 2824 1638 2881 Sunctinus
1685 2841 1815 2881 cum

170 2903 426 2965 lacrimis
467 2924 611 2966 voce
664 2926 865 2981 magna
917 2911 1188 2969 clamavit
1251 2912 1481 2969 dicens:
1528 2914 1819 2971 Antonine

170 2995 384 3067 frater,
421 2999 489 3054 in
511 3002 746 3057 nomine
778 3001 1003 3057 domini
1024 3003 1214 3060 nostri
1260 3003 1406 3059 Jesu
1453 3002 1685 3059 C'Izristi
1703 3016 1817 3074 pro

168 3084 340 3154 cujus
368 3088 605 3143 nomine
631 3089 690 3144 et
715 3102 910 3145 amore
913 3104 1139 3161 passus
1159 3090 1250 3148 est
1258 3091 1564 3162 gloriosus
1582 3093 1819 3163 martyr

166 3173 517 3245 Dyonz‘sius,
546 3189 745 3249 sun-ge,
788 3178 848 3233 et
879 3170 1273 3251 perﬁciamus
1320 3181 1511 3236 simul
1552 3179 1817 3236 obedien-

170 3260 317 3318 tiam
347 3277 534 3334 quam
590 3266 779 3323 isdem
812 3268 1114 3338 gloriosus
1152 3269 1369 3339 pastor
1419 3270 1481 3325 et
1527 3271 1818 3340 magister

167 3350 367 3408 noster
394 3355 783 3411 communiter
803 3355 974 3413 nobis
993 3359 1288 3428 pracepit.
1323 3359 1390 3412 Et
1424 3358 1617 3413 statim
1644 3359 1819 3413 Anto-

175 3437 344 3497 ninus
377 3447 639 3499 stercore
682 3445 1000 3501 obvolutus
1046 3446 1325 3502 surrexit.
1370 3445 1549 3512 Quem
1611 3447 1817 3502 beatus

173 3526 485 3586 Sanctinus
514 3531 585 3587 de
618 3532 875 3589 eatabuli
910 3534 1064 3589 fossa
1100 3535 1382 3605 extraxit,
1414 3538 1474 3589 et
1496 3533 1817 3605 diligentis-

173 3615 315 3672 sime
348 3617 513 3690 lavit,
549 3626 608 3675 et
639 3620 869 3677 mundis
901 3636 967 3678 ac
997 3623 1259 3678 honestis
1292 3623 1554 3679 vestibus
1604 3624 1811 3680 induit.

170 3705 377 3778 Sicque
406 3707 720 3766 offerentes
750 3711 988 3767 Domino
1021 3712 1370 3768 sacriﬁcium
1424 3712 1632 3783 laudis,
1685 3728 1815 3770 cum

166 3796 287 3849 tota
314 3797 529 3853 mentis
551 3798 872 3855 intentione
897 3805 960 3856 et
980 3799 1346 3857 lacrimarum
1370 3803 1815 3872 eompunctione

166 3885 544 3944 eucharistiae
560 3889 828 3960 corporis
850 3889 1226 3959 etsanguinis
1244 3889 1456 3945 Christi
1477 3891 1813 3961 participati

166 3978 320 4028 sunt.
345 3975 415 4030 Et
441 3976 799 4048 accipientes
822 3978 1013 4034 cibum
1037 3979 1353 4035 confortati
1394 3985 1547 4035 sunt.
1596 3981 1664 4035 Et
1703 3980 1815 4036 iter

166 4067 425 4132 coeptum
458 4066 891 4136 aggredientes,
927 4068 1163 4123 Romam
1199 4068 1517 4123 auxiliante
1575 4069 1814 4124 Domino

164 4158 584 4221 pervenerunt.
609 4154 751 4226 (Fol.
777 4154 891 4227 15.)
913 4157 1153 4225 Jamque
1175 4157 1344 4212 beato
1362 4155 1654 4212 Clemente
1669 4173 1815 4213 mar-

167 4240 319 4308 tyrio
352 4247 660 4311 coronato,
698 4243 752 4297 in
785 4243 986 4299 eadem
1019 4243 1159 4300 sede
1213 4249 1347 4315 post
1390 4243 1729 4301 Anacletum
1769 4244 1814 4279 ³1

165 4334 434 4397 quartum
501 4344 532 4386 a
585 4331 756 4387 beato
797 4333 970 4388 Petro
1028 4332 1353 4389 Evaristum
1407 4338 1811 4390 consecratum

166 4418 499 4486 pontificem
535 4418 904 4492 invenerunt,
940 4420 1033 4478 cui
1065 4436 1168 4492 per
1196 4421 1406 4492 omnia,
1432 4420 1811 4478 sicutbeatus

162 4504 473 4577 Dyonisius
495 4507 778 4581 jusserat,
810 4515 978 4567 actus
1009 4515 1066 4566 et
1098 4511 1360 4581 martyrii
1390 4510 1516 4581 ejus
1546 4511 1809 4568 ordinem

162 4600 569 4654 narraverunt.

230 4685 396 4742 Libet
429 4687 527 4742 hic
556 4686 986 4759 aliquantisper
1018 4688 1317 4745 immorari
1365 4686 1629 4761 partibus
1677 4705 1810 4762 pru-

160 4770 392 4845 dentiJe,
432 4784 603 4847 quam
638 4784 837 4850 patres
884 4777 1067 4835 nostri
1119 4783 1177 4833 et
1231 4778 1525 4849 praecipue
1569 4777 1807 4834 moralis

159 4858 368 4921 doctor
402 4867 747 4925 Ambrosius
778 4867 1061 4925 deﬁniunt
1098 4866 1322 4923 versari
1356 4867 1410 4921 in
1440 4867 1563 4922 veri
1612 4867 1807 4937 cogni-

162 4951 334 5025 tione,
369 4960 430 5011 et
459 4956 721 5013 scientiae
753 4956 1035 5029 plenioris
1061 4956 1443 5032 cupiditatem
1478 4955 1799 5012 infundere.

157 5041 476 5100 Prudentia
527 5045 760 5117 quidem
813 5050 906 5101 est
953 5047 1129 5102 Deum
1176 5046 1327 5102 scire
1375 5046 1552 5101 Deum
1599 5044 1805 5101 timere

156 5130 454 5204 Deumque
486 5135 809 5205 requirere.
837 5135 971 5191 Haec
996 5140 1086 5191 est
1106 5134 1230 5191 veri
1253 5133 1532 5203 cognitio.
1561 5133 1802 5190 Accedit

156 5223 217 5274 et
235 5221 503 5280 scientiae
527 5222 810 5295 plenioris
829 5222 1145 5295 cupiditas,
1171 5224 1339 5293 cujus
1363 5229 1455 5279 est
1487 5221 1801 5279 trimodum

155 5308 558 5382 intelligentia
580 5326 784 5383 genus,
818 5316 881 5368 ut
907 5311 956 5367 si
990 5312 1045 5367 in
1070 5311 1246 5368 dictis
1273 5312 1553 5383 majorum
1578 5310 1801 5380 aliquid

153 5395 516 5457 diversitatis
548 5401 864 5472 inveneris,
891 5400 947 5457 in
983 5401 1104 5457 veri
1132 5400 1585 5470 investigatione
1609 5415 1800 5458 verse-

150 5484 251 5557 ris,
277 5490 342 5543 ut
365 5486 442 5545 sit
469 5487 571 5544 tibi
596 5488 650 5544 in
674 5488 766 5545 his
790 5487 1050 5546 discendi
1073 5491 1132 5544 et
1153 5488 1416 5545 imitandi
1441 5488 1795 5561 reverentia,

148 5587 260 5631 non
300 5575 638 5648 disputandi
682 5576 918 5635 astutia.
973 5578 1091 5636 Nos
1129 5577 1310 5650 igitur
1349 5577 1797 5636 considerantes

1847 3227 1896 3290 C

1933 1933 2109 1988 Petro
2144 1934 2290 1988 rexit
2317 1933 2638 1991 {ecclesiam
2668 1936 2836 1993 annis
2857 1942 2922 1993 12
2946 1951 3141 1993 mense
3167 1943 3215 2007 1,
3239 1938 3446 1995 diebus
3488 1943 3573 2010 11,

1934 2020 2091 2076 Obiit
2123 2024 2174 2077 6.
2211 2021 2331 2078 Kal.
2369 2023 2473 2078 Mai
2499 2023 2701 2094 (Gesta
2720 2027 2873 2096 pont
2901 2025 3091 2095 Rom.)
3122 2028 3269 2083 Ecce
3292 2028 3406 2099 jam
3443 2043 3578 2100 pon~

1930 2108 2192 2165 tilicatus
2214 2111 2373 2166 Petri
2399 2126 2585 2168 annus
2608 2117 2694 2183 23,
2723 2128 2953 2170 menses
2976 2117 3007 2168 4
3029 2120 3089 2169 et
3111 2115 3337 2171 dies23.
3356 2116 3577 2183 Quibus

1933 2196 2139 2253 diebus
2170 2198 2219 2254 si
2250 2199 2644 2270 adjungantur
2670 2202 2807 2258 item
2837 2202 2962 2258 dies
2982 2207 3067 2266 20,
3098 2204 3193 2273 qui
3218 2205 3576 2263 interseruu-

1933 2288 2030 2341 tur
2065 2291 2189 2358 post
2223 2287 2442 2344 obitum
2475 2289 2621 2345 Cleti
2655 2294 2788 2346 ante
2812 2291 3236 2348 ordinationem
3264 2293 3576 2351 Clementis

1933 2373 2076 2430 ﬁunt
2111 2378 2196 2446 43,
2235 2377 2269 2432 i.
2304 2392 2353 2433 e.
2388 2379 2601 2433 mensis
2631 2386 2691 2434 et
2733 2379 2856 2435 dies
2906 2384 2990 2452 13,
3052 2396 3298 2450 quorum
3348 2382 3573 2439 dierum

1931 2461 2138 2519 ultimo
2170 2464 2263 2520 die
2295 2473 2676 2522 consecratus
2706 2471 2796 2521 est
2828 2467 3091 2524 Clemens
3120 2483 3150 2523 a
3180 2470 3374 2524 Petro.
3411 2469 3575 2536 Quod

1931 2558 2121 2606 autem
2146 2552 2284 2608 alibi
2311 2554 2592 2609 scribitur
2634 2556 2897 2611 Clemens
2934 2556 3081 2611 idem
3123 2557 3343 2613 rexisse
3373 2559 3576 2616 {eccle-

1930 2639 2362 2711 siamjannislt,
2396 2642 2700 2707 alibivero
2734 2645 2899 2699 annis
2931 2650 2981 2714 9,
3018 2646 3311 2702 mensibus
3350 2652 3402 2716 2,
3457 2648 3576 2704 dic-

1931 2729 2038 2783 bus
2064 2734 2115 2791 2,
2144 2734 2454 2800 utrumque
2478 2746 2677 2787 verum
2702 2746 2834 2787 esse
2858 2748 2969 2788 non
2993 2734 3329 2806 ambigitur,
3367 2736 3497 2805 quia
3513 2742 3571 2793 et

1930 2818 2037 2872 sub
2067 2818 2239 2874 Petro
2269 2820 2421 2875 sedit
2451 2834 2599 2875 anno
2632 2826 2680 2889 1,
2717 2821 3012 2877 mensibus
3042 2826 3095 2892 8,
3119 2822 3323 2880 diebus
3350 2830 3437 2893 25,
3460 2840 3574 2896 quo

1929 2908 2315 2963 numeroanni
2344 2908 2414 2963 2:5
2446 2909 2798 2978 praesulatus
2830 2910 2988 2965 Petri
3042 2926 3170 2966 cum
3192 2912 3496 2969 mensibus
3513 2917 3573 2969 et

1931 2996 2141 3052 diebus
2174 2996 2534 3066 colliguntur
2562 3000 2751 3054 exacti
2777 3018 2790 3065 ;
2812 3003 2867 3054 et
2899 3005 3028 3070 post
3052 3000 3206 3055 Petri
3231 3002 3453 3057 obitum
3475 3016 3573 3058 an-

1929 3087 2020 3142 nis
2043 3091 2093 3157 9,
2123 3088 2419 3143 mensibus
2443 3092 2495 3158 2,
2521 3090 2727 3145 diebus
2742 3094 2795 3146 2.
2814 3090 2955 3161 (Fol.
2977 3090 3063 3161 15)
3079 3090 3571 3149 SeditAnacletus

1929 3175 2097 3230 annis
2132 3178 2197 3230 14
2229 3176 2528 3232 mensibus
2568 3182 2627 3233 10
2658 3177 2863 3233 diebus
2892 3184 2943 3234 7.
2980 3179 3135 3234 Obiit
3161 3184 3209 3234 3.
3245 3180 3379 3236 Idus
3409 3181 3565 3252 Julii,

1929 3267 1983 3319 et
2021 3265 2278 3319 cessavit
2311 3266 2684 3336 cpisc0patus
2735 3265 2937 3322 diebus
2986 3269 3070 3323 14.
3132 3268 3290 3323 Sedit
3341 3282 3571 3339 quoque

1928 3353 2237 3409 Euaristus
2267 3354 2430 3409 annis
2461 3359 2512 3424 9,
2541 3369 2766 3409 menses
2796 3360 2848 3424 7,
2885 3356 3010 3410 dics
3033 3360 3103 3421 2;
3133 3356 3311 3426 igitur
3341 3358 3572 3431 quando

1927 3442 2140 3498 Petrus
2161 3444 2433 3497 occubuit
2458 3458 2641 3499 annus
2681 3450 2808 3499 erat
2847 3446 3007 3500 Dom.
3045 3445 3261 3501 incarn.
3297 3447 3574 3518 72⁸⁸,ᾳυί-

1928 3530 2246 3601 busjuncti
2278 3537 2309 3588 9
2344 3533 2509 3587 annis
2561 3532 2873 3589 Clementis
2908 3534 3121 3589 faciunt
3166 3539 3252 3591 81.
3287 3536 3386 3591 His
3436 3550 3573 3606 quo-

1930 3632 2041 3688 que
2072 3618 2253 3674 additi
2290 3620 2551 3675 Anacleti
2582 3621 2710 3675 anni
2748 3623 2817 3676 14
2846 3621 2986 3677 ﬁunt
3020 3627 3105 3691 95,
3140 3622 3390 3678 Euaristi
3433 3638 3574 3694 quo-

1929 3721 2039 3776 que
2073 3708 2272 3764 9ﬁunt
2314 3712 2435 3764 104.
2489 3710 2727 3765 Duobus
2774 3724 2916 3779 ergo
2966 3711 3264 3766 mensibus
3314 3712 3472 3767 Petri
3513 3717 3573 3768 et

1927 3796 2136 3853 diebus
2166 3802 2198 3853 8
2227 3798 2411 3853 additi
2442 3803 2476 3854 2
2507 3813 2734 3854 menses
2771 3798 3087 3855 Clementis
3110 3799 3312 3855 etdies
3334 3804 3386 3870 2,
3418 3815 3573 3856 men-

1928 3899 2023 3941 ses
2052 3886 2229 3941 etiam
2266 3887 2525 3943 Anaclcti
2566 3893 2627 3943 10
2654 3892 2712 3942 et
2746 3888 2870 3944 dies
2898 3894 2951 3959 7,
2987 3889 3112 3945 dies
3147 3904 3376 3960 quoque
3402 3889 3571 3945 14in-

1927 3978 2019 4029 tcr
2046 3976 2384 4032 Anacletum
2418 3982 2474 4031 et
2519 3976 2873 4047 Euaristum,
2926 3978 3140 4059 quibus
3194 3979 3570 4050 episcopatus

1926 4065 2198 4134 cessavit,
2231 4079 2335 4121 nec
2367 4080 2479 4120 non
2512 4070 2570 4120 et
2605 4066 2857 4121 Euaristi
2888 4081 3115 4122 menses
3143 4072 3197 4137 7,
3249 4066 3373 4122 dies
3409 4072 3443 4123 2
3493 4068 3571 4124 fa-

1925 4152 2108 4222 ciunt,
2143 4168 2374 4209 menses
2402 4157 2466 4209 19
2491 4158 2550 4209 et
2583 4155 2707 4209 dies
2730 4158 2817 4224 33,
2843 4160 2903 4209 et
2931 4170 3115 4211 annus
3142 4155 3232 4211 hic
3266 4155 3566 4227 inseritur,

1925 4245 1984 4295 et
2015 4240 2096 4295 sic
2131 4241 2274 4297 fiunt
2306 4242 2438 4296 anni
2472 4247 2591 4311 105,
2625 4254 2855 4297 menses
2885 4246 2936 4312 9,
2972 4242 3097 4298 dies
3143 4246 3211 4298 33
3260 4258 3446 4314 usque
3493 4243 3565 4301 ad

1923 4330 2145 4386 obitum
2179 4330 2452 4399 Euaristi,
2485 4331 2582 4401 qui
2614 4335 2701 4386 cst
2732 4333 2782 4385 6.
2820 4330 2941 4386 Kal.
2973 4333 3245 4387 Novemb.
3299 4333 3565 4390 Secundo

1924 4423 2116 4475 autem
2148 4420 2400 4475 Euaristi
2423 4434 2570 4476 anno
2594 4425 2833 4476 sanctus
2854 4419 3161 4490 Dyonisius
3206 4435 3411 4492 passus
3443 4426 3559 4493 est,

1921 4512 1980 4563 et
2013 4512 2181 4563 sexto
2212 4509 2284 4563 ab
2314 4507 2439 4577 ejus
2472 4508 2738 4579 passione
2772 4522 2919 4565 anno
2959 4512 3198 4565 sanctus
3250 4510 3563 4567 Sanctinus

1920 4598 2156 4654 Romam
2189 4598 2369 4667 venit,
2405 4598 2500 4669 qui
2533 4602 2659 4654 erat
2690 4598 2761 4653 ab
2794 4598 2904 4653 inc.
2939 4599 3097 4653 Dom.
3137 4601 3255 4655 103.
3290 4600 3413 4653 Jam
3471 4613 3564 4656 er-

1918 4703 1992 4757 go
2027 4687 2341 4743 Anacletus
2375 4687 2623 4757 obierat,
2653 4685 2769 4755 jam
2802 4686 2976 4741 etiam
3010 4687 3318 4742 Euaristus
3350 4686 3401 4742 ei
3430 4700 3559 4744 suc-

1918 4780 2195 4832 cesserat.
2232 4775 2529 4842 Quomodo
2560 4790 2699 4845 crgo
2730 4775 2949 4831 invenit
2976 4789 3127 4845 eum,
3165 4775 3559 4847 quijamobie-

1918 4865 2044 4919 rat?
2074 4866 2280 4921 Restat
2313 4864 2510 4935 igitur,
2545 4871 2605 4920 ut
2641 4864 2820 4935 priori
2850 4863 3157 4920 sententia;
3210 4863 3354 4921 ﬁdes
3400 4864 3559 4920 adhi-

1918 4954 2145 5026 beatur,
2208 4969 2336 5025 quae
2390 4954 2640 5012 veritate
2708 4954 2975 5024 subnixa,
3048 4968 3159 5009 non
3229 4952 3554 5027 dubitatur,

1917 5046 2068 5116 quod
2099 5060 2228 5102 cum
2263 5046 2341 5101 ita
2374 5058 2502 5101 esse
2532 5058 2828 5101 sacrarum
2877 5043 3298 5116 scripturarum
3355 5040 3558 5101 docea-

1916 5148 2044 5189 mur
2078 5133 2450 5203 auctoritate,
2487 5132 2812 5204 prudentiae
2844 5128 3558 5188 virtutemunitietscien-

1913 5221 2012 5279 tiae
2063 5221 2339 5293 plenioris
2370 5221 2699 5278 doctrinam
2733 5220 2948 5291 nancti,
2981 5225 3282 5275 teneamus
3328 5233 3551 5291 verum,

1915 5309 2068 5380 quod
2101 5324 2208 5366 nos
2241 5309 2460 5369 docuit.
2493 5310 2563 5365 ad
2600 5308 2753 5380 quod
2788 5307 3257 5377 investigandum
3293 5306 3419 5378 ipsa
3451 5321 3558 5366 nos

1911 5396 2197 5455 virtutum
2226 5397 2634 5470 principalium
2665 5397 2851 5469 prima
2891 5395 3169 5453 animavit
3218 5395 3551 5468 prudentia.

1909 5487 2096 5558 Igitur
2179 5488 2488 5546 redeamus
2552 5486 2626 5544 ad
2692 5485 3020 5559 superiora,
3088 5490 3151 5542 et
3236 5484 3370 5557 quia
3457 5499 3557 5543 an-

1909 5591 2043 5635 num
2092 5592 2206 5649 quo
2257 5576 2577 5637 secundum
2638 5575 2810 5633 fidem
2858 5573 3251 5645 hysteriarum
3312 5573 3551 5633 Romam

1521 5672 1760 5733 VARIE
1795 5675 2097 5735 LECTION
2100 5676 2201 5734 ES.

217 5744 320 5817 “q.
346 5759 398 5804 a.
430 5745 486 5803 b.
518 5747 581 5804 P.
615 5746 677 5804 E.
705 5746 1071 5809 inlocormo
1105 5753 1157 5805 2.
