3922 6406
349 319 432 387 85
1635 325 2136 392 CHRONICON.
2174 363 2247 374 —
2277 325 2432 390 LIB.
2480 323 2530 390 Ι.
3697 320 3775 384 36

368 460 588 521 venerii
619 466 906 530 tenemus,
934 473 1102 533 quem
1126 459 1303 518 etiam
1321 457 1460 518 sede
1491 461 1670 517 Roma
1696 461 2006 534 invenerit,
2039 463 2096 524 Α
2125 474 2286 533 spem
2315 465 2520 532 pastor
2548 453 2806 529 eligitur,
2837 468 2870 508 ρ
2889 459 2913 513 ⁸.
2947 462 3007 516 ut
3028 456 3112 514 eis
3132 471 3386 530 praeesse
3409 455 3774 528 dignaretur,

371 556 434 612 ut
464 567 606 624 pace
637 551 886 608 omnium
922 550 1248 621 loquamur,
1287 550 1486 620 paucis
1517 551 1915 622 expediamus.
1973 607 1978 610 ,
2127 556 2426 620 magnates
2460 549 2676 620 quique
2705 552 2766 604 et
2799 547 3006 617 vulgus
3038 547 3431 618 promiscuum
3461 549 3667 616 rogant
3716 552 3777 602 et

442 643 655 697 Beatus
686 639 996 694 Sanctinus
1026 637 1197 709 (Vita
1226 639 1534 710 Sanctini)
1585 639 1720 695 dum
1769 654 2013 710 occupa-
2129 640 2466 710 impetrant.
2501 637 2724 693 Gaudet
2754 641 2921 708 pater
2967 635 3037 692 de
3083 650 3324 692 numero
3373 635 3777 706 centuplicato

370 727 526 784 tione
561 726 788 782 itineris
817 731 876 781 et
907 725 1327 796 praedicatione
1358 726 1737 782 Virdunensis
1769 725 2014 782 novellae
2131 727 2376 782 filiorum
2408 769 2423 796 ,
2460 725 2679 782 letatur
2722 724 2777 780 in
2835 723 3145 780 devotione
3207 723 3443 793 civium,
3502 727 3560 780 et
3623 721 3780 793 quod

371 815 750 888 plantationis
781 819 838 869 et
871 814 1206 869 infirmitate
1245 813 1385 870 socii
1439 814 1529 870 sui
1584 814 2010 884 retardaretur,
2131 819 2448 886 rogabatur
2491 814 2731 887 implere
2777 829 2887 869 non
2937 817 3216 870 moratur.
3263 815 3624 884 Preparatur
3671 827 3784 868 aec-

371 903 702 960 Euaristum
733 916 939 974 papam
971 906 1004 957 9
1031 901 1094 969 ³²,
1123 903 1238 972 jam
1273 917 1422 958 anno
1465 903 1906 973 pontificantem
1933 901 2016 957 in-
2126 905 2301 962 ciesia
2335 902 2751 974 regenerandis
2793 902 2959 958 novis
3009 900 3266 957 fidelium
3309 901 3560 972 populis,
3610 915 3776 970 rege-

369 991 549 1062 venit,
586 1006 616 1047 a
648 1006 762 1062 quo
794 991 970 1047 etiam
1003 1005 1134 1047 cum
1179 990 1379 1046 debito
1431 991 1653 1047 honore
1701 995 2017 1061 suaeeptus
2129 997 2410 1049 nerantur
2442 991 2640 1062 plures
2672 990 2936 1046 manibus
2970 988 3158 1046 sancti
3185 989 3470 1046 antistitis
3493 988 3775 1046 lavachro

370 1086 430 1138 et
462 1081 591 1137 loco
621 1080 882 1136 maxima
917 1079 1316 1136 venerationis
1349 1080 1606 1149 habitus,
1642 1079 1915 1151 replicuit
1941 1079 2018 1135 la-
2130 1082 2391 1140 salutari.
2428 1082 2823 1137 Destruuntur
2853 1079 3067 1150 templa
3100 1078 3406 1135 demonum
3431 1083 3488 1134 et
3506 1077 3778 1148 delubra,

373 1169 536 1227 boris
565 1169 848 1240 assumpti
878 1183 1109 1226 causam
1145 1169 1404 1238 magistri
1439 1169 1528 1224 sui
1565 1169 1716 1224 beati
1763 1167 2016 1238 Dyonisii
2131 1171 2484 1241 dejiciuntur
2525 1169 2700 1238 idola,
2748 1173 2808 1224 et
2859 1168 2991 1240 quia
3037 1168 3220 1239 prima
3264 1183 3375 1224 non
3420 1167 3778 1234 sufficiebat,

371 1273 500 1315 esse
539 1257 954 1321 obedientiam,
993 1257 1044 1312 in
1086 1257 1586 1313 consummatione
1633 1271 1845 1313 cursus
1893 1255 2020 1324 ejus
2131 1275 2276 1316 nova
2306 1259 2614 1316 edificatur
2643 1257 2906 1315 aacclesia
2943 1257 3082 1312 mira
3116 1256 3328 1314 civium
3361 1257 3672 1314 devotione
3721 1262 3782 1312 et

376 1346 726 1403 Gallicanam
761 1345 1085 1402 aecclesiam
1120 1361 1382 1414 magnam
1415 1346 1533 1416 pati
1570 1345 2017 1416 praedicatorum
2131 1348 2415 1404 industria
2440 1362 2550 1418 qua
2592 1347 2919 1403 accelerata
2967 1349 3372 1418 praeparantur
3417 1344 3779 1402 dedicationi

374 1434 696 1506 penuriam,
733 1449 795 1489 se
827 1435 901 1490 ob
949 1433 1055 1490 hoc
1107 1433 1314 1490 missos
1364 1433 1687 1502 advenisse,
1739 1437 1798 1488 ut
1853 1431 2022 1488 verbi
2131 1436 2484 1504 necessaria,
2515 1438 2572 1490 et
2607 1450 2636 1490 a
2668 1436 2838 1490 beato
2873 1433 3146 1505 pontifice
3180 1433 3239 1488 in
3270 1435 3486 1490 honore
3527 1433 3631 1490 Dei
3685 1448 3784 1504 ge-

374 1524 675 1580 ministros
705 1523 934 1594 aliquos
967 1522 1224 1578 mitteret
1266 1522 1569 1578 :ecclcsize.
1625 1524 1756 1578 Ilaec
1814 1521 2021 1590 magis-
2133 1523 2364 1579 nitricis
2392 1528 2450 1578 et
2483 1522 2738 1592 Virginis
2765 1528 3149 1579 consecratus
3175 1537 3224 1578 a.
3263 1523 3426 1578 Dom.
3483 1522 3594 1579 inc.
3652 1523 3778 1591 104,

377 1619 530 1670 trum
564 1612 766 1668 ultima
799 1611 908 1668 sibi
940 1610 1173 1666 dedisse
1207 1611 1500 1679 mandata,
1547 1616 1607 1667 ut
1662 1625 2022 1666 consumma-
2135 1609 2230 1679 qui
2256 1614 2381 1665 erat
2411 1625 2440 1665 a
2465 1609 2730 1681 passione
2766 1609 2920 1664 beati
2954 1609 3206 1679 Dyonisii
3236 1613 3290 1680 7,
3335 1607 3498 1665 Gallo
3545 1612 3602 1665 et
3646 1609 3785 1664 Bra-

376 1701 553 1758 tionis
588 1716 708 1756 suae
741 1701 995 1756 Romano
1027 1699 1282 1764 pontiﬁci
1319 1699 1711 1754 innotesceret
1734 1699 2016 1768 ordinem,
2136 1700 2246 1755 dua
2280 1699 2640 1768 consulibus,
2675 1697 3000 1770 Olimpiade
3027 1703 3150 1768 220,
3184 1703 3245 1754 et
3285 1702 3472 1754 mater
3511 1696 3781 1755 aacclesia

374 1794 431 1846 et
463 1795 524 1848 ut
560 1789 704 1860 ipse,
737 1789 905 1858 cujus
944 1791 1073 1844 erat
1121 1787 1386 1843 ecclesiis
1437 1787 1767 1858 providere,
1821 1801 2023 1858 opera-
2053 1811 2106 1872 Β
2137 1789 2194 1844 in
2225 1804 2334 1858 qua
2366 1788 2436 1844 sit
2469 1789 2639 1844 sedes
2669 1787 3024 1859 episcopalis
3055 1787 3456 1844 constituitur.

376 1879 496 1934 rios
535 1877 815 1946 dirigeret
868 1877 935 1932 ad
986 1875 1365 1932 excolendam
1417 1875 1730 1931 Dominica)
1777 1876 2024 1930 sationis
2208 1877 2305 1933 His
2345 1876 2598 1947 expletis
2646 1876 2867 1948 plebem
2913 1881 3108 1932 monet
3164 1881 3224 1932 et
3269 1875 3614 1945 diligentius
3662 1874 3783 1932 ins-

375 1964 816 2036 agriculturam.
853 1963 1012 2020 Unde
1045 1978 1176 2020 cum
1211 1963 1421 2020 beatus
1465 1964 1725 2034 pontifex
1772 1963 2028 2033 gratula-
2137 1965 2284 2022 truit
2323 1965 2690 2021 documentis
2751 1963 3132 2033 salutaribus,
3187 1963 3424 2020 firmans
3471 1977 3570 2021 eos
3612 1965 3786 2020 bene-

377 2059 542 2110 retur
575 2054 629 2108 in
662 2052 900 2108 Domino
932 2057 990 2108 et
1025 2052 1095 2107 ad
1147 2052 1368 2121 agenda
1425 2069 1551 2122 quae
1609 2054 1920 2124 petebatur
1965 2067 2026 2107 se
2138 2053 2518 2122 dictionibus,
2554 2057 2615 2108 et
2646 2053 2733 2108 sic
2766 2052 2992 2108 Meldim
3025 2053 3395 2122 regreditur;
3436 2053 3530 2108 ubi
3573 2051 3786 2124 praedi-

375 2157 549 2214 supra
604 2157 666 2198 se
726 2142 880 2198 votis
935 2141 1206 2197 omnibus
1271 2142 1638 2209 extenderet,
1692 2154 2028 2210 moramque
2139 2141 2357 2198 cationi
2389 2145 2449 2196 et
2480 2142 2702 2197 sanctis
2731 2141 3010 2212 operibus
3040 2141 3316 2197 insistens
3359 2141 3550 2212 (epist.
3594 2142 3784 2198 Hinc-

377 2230 432 2286 in
468 2229 730 2286 faciendo
768 2229 885 2301 pati
920 2229 1196 2297 nesciret,
1233 2229 1496 2284 decrevit
1529 2235 1719 2284 tamen
1763 2234 2026 2285 sanctum
2134 2231 2346 2302 mari),
2379 2245 2507 2286 cum
2541 2230 2912 2299 cognovisset
2946 2229 3246 2285 imminere
3277 2228 3428 2286 diem
3458 2229 3788 2286 vocationis

375 2319 562 2374 virum
596 2318 932 2388 aliquandiu
967 2332 1162 2374 secum
1195 2317 1450 2372 retinere
1473 2317 1540 2372 ad
1569 2317 2028 2372 consolationem
2141 2335 2280 2388 sua),
2317 2319 2548 2374 litteras
2577 2317 2970 2374 exortatorias
3003 2324 3064 2374 et
3103 2317 3526 2374 consolatorias
3566 2317 3783 2374 direxit

378 2407 468 2464 sui
522 2411 578 2462 et
627 2406 1046 2462 recreationem
1099 2405 1318 2462 laboris
1365 2410 1425 2460 et
1479 2405 1732 2461 itineris.
1795 2405 2030 2476 At'ipse
2142 2405 2276 2462 filiis
2345 2405 2727 2462 Virduuensis
2789 2406 3070 2462 aecclesize
3119 2405 3291 2478 (Vita
3340 2405 3666 2476 Sanctim'),
3729 2405 3786 2462 in

385 2495 588 2568 paucis
621 2493 830 2550 diebus
877 2495 1028 2565 apud
1083 2509 1213 2549 eum
1264 2500 1614 2562 remoratus,
1667 2494 1820 2548 inter
1863 2500 2029 2563 grata
2143 2495 2374 2566 quibus,
2410 2495 2544 2564 quia
2578 2509 2758 2566 prope
2788 2498 2947 2550 esset
2982 2494 3212 2550 vocatio
3243 2494 3369 2564 ejus
3399 2498 3456 2551 et
3489 2493 3642 2566 quod
3672 2509 3792 2550 am-

379 2589 595 2640 mutuze
635 2582 1130 2638 confabulationis
1180 2581 1484 2649 solamina,
1549 2581 1686 2651 quid
1717 2581 1890 2636 etiam
1927 2595 2030 2652 per
2142 2583 2296 2655 plius
2326 2583 2527 2638 faciem
2561 2582 2690 2652 ejus
2716 2598 2828 2638 non
2861 2588 3062 2639 essent
3091 2583 3272 2639 visuri
3301 2582 3592 2654 praedixit,
3633 2588 3696 2639 et
3726 2588 3792 2640 ut

299 2675 302 2678 ’
378 2686 482 2729 eos
515 2672 712 2729 divina
753 2671 940 2742 egerit
981 2670 1192 2742 gratia,
1225 2676 1284 2726 et
1318 2669 1608 2740 quomodo
1648 2669 1875 2725 novella
1911 2669 2033 2724 Vir-
2144 2674 2400 2726 Maurum
2434 2672 2842 2742 presbyterum
2871 2671 3059 2728 virum
3094 2671 3148 2726 in
3191 2671 3302 2727 fide
3340 2671 3690 2728 catholicum
3732 2677 3790 2728 et

379 2761 658 2818 dunensis
681 2761 1058 2817 fructificaret
1079 2759 1366 2829 :eeelesia,
1397 2759 2025 2814 humiliterreferebat.
2145 2760 2568 2829 doctissimum,
2606 2760 2716 2815 sibi
2747 2774 3150 2816 successorem
3183 2759 3464 2829 eligerent
3484 2760 3707 2816 monuit
3729 2764 3788 2816 et

380 2852 542 2908 Unde
595 2849 692 2906 ille
742 2853 858 2908 Deo
911 2863 980 2904 ex
1033 2849 1236 2904 intimo
1285 2849 1484 2904 cordis
1533 2847 1745 2904 affectu
1807 2847 2032 2916 gratias
2145 2849 2446 2920 prmcepit.
2488 2847 2577 2902 llli
2612 2848 2797 2920 primo
2831 2848 2956 2904 viso
2989 2849 3200 2904 nuncio
3231 2863 3362 2905 cum
3397 2847 3613 2906 litteris
3651 2863 3794 2918 gau-

381 2955 581 3011 agens,
618 2940 810 2996 socios
840 2939 890 2994 ei
922 2944 979 2993 et
1023 2942 1442 3008 coeperatores
1493 2937 1653 2993 verbi
1707 2941 1828 2991 tres
1874 2935 2032 2992 viros
2145 2938 2380 3006 debant,
2416 2942 2475 2992 et
2508 2935 2966 2992 consolabantur
2998 2952 3060 2992 se
3092 2941 3290 2994 mutuo
3326 2937 3380 2992 in
3405 2940 3672 3009 respectu
3692 2951 3792 3009 pa-

386 3031 644 3100 probatze
691 3027 1072 3084 auctoritatis
1119 3027 1299 3094 dedit,
1350 3041 1594 3096 quorum
1644 3025 1871 3080 nomina
1921 3025 2032 3081 etsi
2144 3031 2333 3081 terno.
2391 3026 2495 3082 Ubi
2539 3041 2678 3081 vero
2731 3026 2801 3082 de
2843 3025 3096 3097 pastoris
3156 3024 3511 3082 resolutione
3559 3030 3619 3082 et
3684 3040 3788 3082 sua

379 3131 490 3173 non
524 3118 806 3173 habemus
839 3117 894 3170 in
941 3115 1202 3186 scriptis,
1252 3115 1382 3184 quia
1444 3118 1636 3168 tamen
1691 3113 1850 3168 missi
1897 3118 2033 3168 sunt
2067 3161 2114 3222 Ο
2147 3114 2532 3171 destitutione
2565 3116 2711 3170 facta
2746 3121 2834 3171 est
2883 3115 3120 3185 mentio,
3166 3114 3224 3170 fit
3261 3115 3458 3171 statim
3487 3114 3708 3172 clamor
3729 3119 3787 3171 et

379 3220 493 3262 non
525 3208 774 3261 tacetur.
809 3205 1084 3259 Novimus
1120 3208 1308 3258 tamen
1339 3204 1569 3258 beatum
1597 3203 1846 3258 Maurum
1875 3217 2034 3272 pres-
2067 3202 2114 3222 υ
2145 3205 2344 3261 luctus
2374 3204 2648 3260 omnium.
2686 3205 2804 3260 Vox
2835 3209 2959 3260 erat
2993 3219 3103 3260 una
3137 3205 3476 3262 dolentium.
3504 3202 3788 3260 Dolebant

381 3296 671 3368 byterum,
703 3294 801 3364 qui
832 3294 883 3348 ei
915 3293 1203 3350 successit
1231 3292 1282 3346 in
1306 3291 1689 3362 pontificatus
1711 3291 1932 3360 ordine,
1963 3305 2036 3346 ex
2147 3293 2297 3347 enim
2328 3291 2462 3362 quia
2486 3292 2831 3348 amittebant
2849 3299 3072 3364 patrem
3090 3293 3474 3363 karissimum,
3495 3295 3790 3364 pastorem

376 3400 576 3442 eorum
610 3384 858 3452 collegio
889 3387 946 3439 et
982 3397 1225 3437 numero
1262 3381 1454 3438 fuisse.
2151 3380 2537 3448 mitissimum,
2573 3387 2631 3435 et
2689 3381 2740 3436 vi
2767 3381 2989 3437 doloris
3017 3381 3221 3438 attrita
3259 3386 3318 3437 et
3343 3382 3624 3452 depressa
3664 3379 3790 3436 acie

449 3476 674 3530 Interea
711 3471 976 3528 teeclcsia
1014 3470 1293 3538 fidelium,
1329 3485 1456 3540 quae
1494 3473 1622 3545 erat
1647 3468 1800 3539 apud
1835 3468 2039 3523 Virdu-
2149 3471 2362 3525 mentis
2401 3469 2662 3538 cogitare
2693 3471 2786 3524 vix
2819 3474 3109 3541 poterant,
3146 3471 3274 3541 quia
3311 3485 3462 3526 mors
3493 3469 3546 3526 ei
3583 3468 3673 3525 via
3717 3467 3790 3524 ad

375 3578 534 3632 num,
561 3563 866 3618 crescebat
895 3559 1427 3614 etconfortabatur
1451 3559 1830 3612 etdoctorem
1869 3572 2034 3612 suum
2147 3557 2417 3626 patriam,
2453 3558 2551 3614 ubi
2585 3557 2716 3613 finis
2747 3557 3010 3614 laborum
3060 3563 3118 3614 et
3168 3557 3478 3616 retributio
3531 3556 3792 3630 praemio-

381 3651 612 3709 devotis
633 3649 829 3720 etipsa
857 3647 1164 3705 devotione
1189 3647 1492 3717 suspensis
1515 3646 1720 3701 animis
1738 3645 2037 3718 prmstola-
2148 3661 2274 3701 rum
2307 3651 2696 3702 aeternorum:
2735 3647 2886 3702 unde
2926 3648 3014 3704 eis
3055 3652 3215 3704 tanto
3267 3648 3474 3704 melius
3508 3644 3789 3718 opitulari

363 3739 574 3801 batur.
604 3740 726 3793 1am
756 3737 828 3792 ad
861 3751 963 3792 eos
999 3736 1145 3790 fama
1176 3735 1246 3791 de
1279 3735 1732 3792 resuscitatione
1775 3736 2033 3791 defuncti
2149 3739 2203 3790 et
2241 3735 2554 3790 subvenire
2583 3735 2828 3805 valeret,
2865 3741 3080 3806 quanto
3109 3736 3358 3793 vicinius
3385 3737 3521 3806 Deo,
3546 3734 3637 3792 cui
3665 3748 3791 3790 ser-

375 3832 746 3902 pervenerat,
783 3841 909 3896 quae
944 3839 1038 3880 res
1067 3839 1168 3880 eos
1202 3825 1258 3879 in
1293 3824 1403 3881 fide
1437 3825 1535 3879 Dci
1570 3829 1625 3878 et
1668 3839 1865 3879 amore
1921 3840 2034 3880 ma-
2144 3824 2350 3893 vierat,
2386 3823 2440 3878 in
2475 3839 2588 3894 quo
2629 3829 2988 3895 speraverat,
3034 3839 3201 3896 quem
3233 3825 3539 3882 confessus
3570 3824 3785 3892 fuerat,

377 3917 549 3988 gistri
579 3915 982 3971 vehementius
1011 3913 1379 3970 accenderat.
1415 3914 1552 3969 Pius
1587 3929 1816 3984 quoque
1842 3919 2029 3984 pater,
2146 3912 2419 3982 deposito
2450 3914 2716 3984 corporis
2745 3929 2943 3983 onere,
2976 3915 3306 3970 adhereret.
3343 3913 3510 3970 Fides
3550 3911 3786 3985 quidem

381 4006 515 4063 dum
547 4007 970 4060 rememoratur
1003 4018 1316 4074 suspensos
1341 4003 1410 4059 ad
1437 4018 1601 4059 suum
1622 4003 2032 4058 reditumﬁlio-
2144 3999 2283 4056 ilere
2321 4001 2688 4079 prohibebat,
2733 4003 2835 4058 sed
2867 4003 3144 4071 gemitum
3185 4003 3574 4074 extorquebat
3612 4000 3788 4056 affec-

379 4109 507 4151 rum
541 4093 781 4161 animos,
817 4092 1189 4149 Mcldensium
1221 4091 1448 4147 scilicet
1496 4097 1554 4146 et
1577 4090 2028 4146 Virduuensium
2141 4093 2260 4146 tus.
2301 4089 2424 4145 lllic
2457 4105 2598 4160 ergo
2633 4092 2860 4162 positus
2889 4108 2998 4149 nos
3026 4091 3378 4150 humillimos
3409 4105 3611 4148 servos
3642 4105 3787 4148 suos

377 4197 553 4240 -—sex
579 4181 730 4237 enim
755 4179 1019 4251 annijam
1049 4195 1192 4251 pene
1227 4179 1447 4236 evoluti
1489 4183 1658 4234 erant
1695 4193 1723 4234 a
1759 4178 2030 4248 passione
2142 4176 2234 4233 hic
2269 4183 2509 4235 orantes
2537 4181 2832 4251 exaudiat,
2865 4181 3186 4238 azcclesiam
3225 4182 3376 4238 inter
3425 4179 3620 4238 mundi
3659 4184 3787 4237 tur-

379 4270 532 4328 beati
549 4269 877 4342 Dyonisiiet
904 4269 1246 4340 sextusipse
1265 4283 1452 4324 annus
1476 4267 1850 4338 pontificatus
1874 4267 2028 4324 beati
2143 4267 2308 4324 bines
2341 4267 2718 4325 fluctuantem
2751 4270 2860 4326 sibi
2894 4271 3282 4341 commissam,
3315 4286 3421 4328 suo
3459 4269 3660 4328 labore
3709 4270 3783 4328 ad

375 4359 632 4416 Euaristi
667 4358 774 4416 fuit
805 4364 1049 4416 octavus
1068 4389 1154 4428 —,
1179 4355 1589 4412 benedictione
1632 4355 1928 4426 postulata
1969 4359 2026 4412 et
2141 4355 2199 4412 id
2233 4356 2386 4427 quod
2419 4361 2513 4414 est
2543 4364 2880 4428 provectam
2915 4358 3034 4431 (fol.
3074 4360 3184 4431 16),
3221 4351 3385 4430 r'egat
3413 4363 3469 4416 et
3487 4363 3778 4432 protegat,

377 4453 620 4520 accepta
643 4447 766 4520 (fol.
801 4449 906 4520 l6),
933 4447 1162 4504 Meldim
1191 4445 1384 4502 redire
1400 4444 1708 4500 deliberat.
1730 4446 1809 4499 Ne
1835 4450 2026 4501 tamen
2142 4444 2508 4516 filiorumque
2543 4462 2747 4518 preces
2775 4453 2836 4505 et
2866 4447 3138 4506 lacrimas
3168 4448 3264 4506 Dei
3296 4447 3484 4520 patris
3527 4448 3779 4506 omnium

377 4552 560 4594 novos
590 4535 922 4609 adeptionis
949 4535 1100 4590 filios
1126 4549 1271 4604 quos
1293 4531 1522 4589 Christo
1545 4548 1646 4604 per
1668 4547 1874 4603 aquam
1893 4534 2027 4605 bap-
2057 4522 2110 4583 D
2140 4535 2484 4604 conspectui
2513 4535 2739 4592 offerat.
3439 4603 3444 4616 ι

379 4625 634 4682 tismatis
664 4626 907 4682 Virduni
943 4627 1394 4693 regeneraverat
1445 4621 1774 4678 invisitatas
1819 4627 2028 4694 przete-
2213 4623 2450 4693 Legitur
2479 4638 2617 4681 sane
2660 4626 2715 4682 in
2758 4627 3190 4698 antiquioribus
3227 4625 3356 4697 ejus
3401 4625 3584 4697 gestis
3637 4623 3776 4698 (36),

376 4714 654 4786 riret,illo
677 4712 1020 4785 quantotius
1043 4711 1156 4768 iter
1185 4711 1569 4775 accelerat,ut
1601 4710 1914 4766 relictisibi
1940 4727 2029 4766 so-
2141 4713 2294 4783 quod
2329 4727 2459 4768 cum
2493 4712 2695 4770 Meldis
2720 4713 2988 4785 redisset,
3025 4720 3330 4786 tyrannum
3365 4713 3776 4786 increpaverit,

375 4804 504 4875 ciis,
542 4817 688 4874 quos
718 4803 790 4858 ab
829 4801 1153 4872 apostolica
1187 4799 1327 4856 sede
1361 4803 1726 4872 perceperat,
1762 4799 2030 4871 ipseMel-
2141 4801 2294 4872 quod
2329 4815 2424 4858 res
2454 4801 2722 4860 ecclesiae
2753 4803 3111 4876 diripuisset,
3147 4807 3204 4859 et
3250 4804 3326 4860 ob
3385 4802 3441 4858 id
3483 4801 3643 4858 illum
3691 4799 3778 4859 ira

375 4891 492 4948 dim
522 4891 762 4960 rediret,
799 4895 858 4946 et
888 4904 1026 4945 suas
1059 4904 1217 4959 oves,
1255 4889 1466 4959 quibus
1489 4893 1690 4959 pastor
1731 4893 1789 4943 et
1830 4892 2029 4944 rector
2141 4891 2429 4962 praecipiti
2454 4891 2762 4964 fervidum,
2787 4892 2982 4962 gladio
3007 4892 3318 4950 adauctum
3343 4892 3573 4949 beatum
3587 4890 3779 4948 virum

374 4979 688 5036 institutus
711 4979 920 5049 fuerat,
947 4981 1197 5048 regeret.
1223 4978 1478 5048 Cumque
1500 4975 1740 5032 Virduni
1765 4975 2031 5033 advenis—
2141 4977 2276 5033 vita
2308 4979 2707 5037 transmissise
2730 4987 3050 5053 perpetua.
3078 4985 3334 5053 Apparet
3357 4980 3534 5038 etiam
3557 4978 3781 5036 nuncin

373 5074 489 5140 set,
515 5083 546 5126 a
579 5066 862 5124 fratribus
891 5071 1096 5124 devote
1126 5065 1470 5138 suscipitur,
1511 5078 1541 5120 a
1563 5063 1792 5121 civibus
1824 5068 2028 5120 contra
2143 5065 2270 5138 ipso
2297 5067 2406 5122 viri
2440 5067 2761 5128 beatissimi
2791 5069 3005 5142 capite,
3039 5071 3190 5128 sicut
3224 5069 3471 5128 relatum
3485 5072 3575 5126 est
3589 5068 3660 5126 ab
3681 5067 3779 5124 bis

1964 5303 2186 5363 NOTE.

445 5405 561 5479 (36)
595 5405 836 5479 Calmet,
861 5405 1031 5479 Eiet.
1065 5403 1436 5479 deformia:
1461 5401 1504 5473 1,
1522 5417 1585 5479 _p,
1616 5401 1690 5479 372
1715 5400 1788 5479 Ain
1832 5416 2027 5479 mona-
2123 5404 2336 5479 phum,
2369 5410 2482 5479 etc.
2519 5406 2667 5479 Quin
2697 5406 2842 5464 hanc
2873 5407 3060 5466 Vitam
3093 5407 3256 5478 Hugo
3285 5410 3418 5479 ante
3447 5405 3648 5464 oculos
3679 5403 3777 5479 ha-

373 5473 561 5536 stério
591 5477 644 5533 S.
663 5473 872 5551 _Vit_oni
911 5477 1100 5532 Vitam
1125 5473 1386 5551 Sanctini
1401 5473 1540 5551 post
1559 5488 1610 5530 a.
1633 5477 1738 5530 952
1767 5474 2027 5551 conscri-
2123 5473 2352 5551 'buerit,
2399 5478 2497 5533 vix
2525 5473 2782 5551 dubitari
2828 5494 3001 5551 posse
3037 5473 3252 5551 probat
3285 5477 3488 5551 ipsius
3516 5477 3777 5551 narratio

373 5493 561 5536 srerio
591 5493 644 5533 δ.
685 5493 872 5535 mem
919 5493 1100 5532 Vitam
1125 5493 1380 5530 aeneum
1409 5493 1610 5544 posta.
1633 5493 1738 5530 uoz
1767 5493 2027 5530 ροηδεω-
2139 5493 2352 5547 ouem,
2399 5493 2497 5533 le
2525 5493 2782 5534 dubitari
2828 5494 3001 5551 posse
3083 5493 3252 5536 rooat
3285 5493 3471 5550 ipsius
3516 5493 3775 5534 narratio

372 5555 533 5629 ptem
562 5562 630 5629 se
663 5547 1164 5629 legis-ggtegtapr
1193 5544 1485 5629 inpudice
1523 5560 1775 5629 6:80.31}
1805 5546 2027 5629 _insc.r_i-
2136 5563 2266 5629 cu_r_n
2292 5549 2436 5629 Vita?
2457 5549 3004 5629 compendio,_quod
3025 5493 3426 5629 gallic_e__dedi_t
3456 5547 3775 5629 galmetus,

374 5617 478 5694 pte
507 5640 520 5676 :
545 5617 798 5694 Incipit
809 5620 942 5694 Vita
956 5620 1030 5694 ῥ’.
1052 5617 1923 5694 βαηοείπιρνᾴηιὶρρηιιξζῖσίξω

2231 5619 2368 5694 lata,
2405 5621 2476 5675 At
2507 5617 2622 5694 non
2653 5620 2776 5694 haec
2807 5617 3170 5694 'Gesta,,sed
3211 5619 3306 5678 illa
3351 5621 3424 5677 ab
3467 5617 3777 5694 Hincmaro

375 5687 716 5764 ζἰαυοηωῆ.
749 5687 1232 5768 Ροετθιονύοεαλπι
1248 5687 1500 5752 calcatis
1533 5687 1798 5754 autem
1817 5689 2028 5752 Mum-
2135 5690 2470 5767 conscripta
2502 5691 2835 5782 antiquiora
2865 5687 3064 5754 fuisse.
3096 5705 3266 5781 nemo
3293 5705 3413 5752 non
3435 5690 3598 5753 videt

443 5236 490 5272 ³²
534 5237 606 5294 lx
629 5235 748 5309 jam
779 5249 928 5294 anno
958 5212 1038 5295 in.
1057 5236 1176 5296 loco
1201 5246 1342 5294 raso
