  <div class='ocr_page' id='page_1' title='image "/cluster/home/n/w/nwhite01/storage/ocr_20150623/153-154/uc1.31175019678096/610.png"; bbox 0 0 3922 6416; ppageno 0'>
   <div class='ocr_carea' id='block_1_1' title="bbox 292 317 3075 417">
    <p class='ocr_par' dir='ltr' id='par_1_1' title="bbox 292 317 3075 417">
     <span class='ocr_line' id='line_1_1' title="bbox 292 317 3075 417; baseline 0.016 -35"><span class='ocrx_word' id='word_1_1' title='bbox 292 317 370 383; x_wconf 84' lang='lat'><strong>3‘7</strong></span> <span class='ocrx_word' id='word_1_2' title='bbox 1563 340 2065 410; x_wconf 81' lang='lat' dir='ltr'><strong>CHRONICON.</strong></span> <span class='ocrx_word' id='word_1_3' title='bbox 2098 382 2177 396; x_wconf 93' lang='lat'>—</span> <span class='ocrx_word' id='word_1_4' title='bbox 2205 347 2360 416; x_wconf 92' lang='lat' dir='ltr'><strong>LIB.</strong></span> <span class='ocrx_word' id='word_1_5' title='bbox 2406 352 2454 417; x_wconf 93' lang='grc' dir='ltr'><strong>Ι.</strong></span> <span class='ocrx_word' id='word_1_6' title='bbox 3040 364 3075 389; x_wconf 56' lang='grc' dir='ltr'><em>δ</em></span> 
     </span>
    </p>
   </div>
   <div class='ocr_carea' id='block_1_2' title="bbox 3590 380 3675 446">
    <p class='ocr_par' dir='ltr' id='par_1_2' title="bbox 3590 380 3675 446">
     <span class='ocr_line' id='line_1_2' title="bbox 3590 380 3675 446; baseline 0.012 -1"><span class='ocrx_word' id='word_1_7' title='bbox 3590 380 3675 446; x_wconf 84' lang='lat'><strong>38</strong></span> 
     </span>
    </p>
   </div>
   <div class='ocr_carea' id='block_1_3' title="bbox 290 436 3698 573">
    <p class='ocr_par' dir='ltr' id='par_1_3' title="bbox 290 436 3698 573">
     <span class='ocr_line' id='line_1_3' title="bbox 290 436 3698 573; baseline 0.018 -59"><span class='ocrx_word' id='word_1_8' title='bbox 290 454 387 528; x_wconf 85' lang='lat' dir='ltr'><strong>qui</strong></span> <span class='ocrx_word' id='word_1_9' title='bbox 422 436 697 519; x_wconf 78' lang='lat' dir='ltr'><strong>viderunt</strong></span> <span class='ocrx_word' id='word_1_10' title='bbox 751 468 807 522; x_wconf 91' lang='lat' dir='ltr'><strong>et</strong></span> <span class='ocrx_word' id='word_1_11' title='bbox 841 481 972 527; x_wconf 87' lang='lat' dir='ltr'><strong>ossa</strong></span> <span class='ocrx_word' id='word_1_12' title='bbox 1005 468 1130 541; x_wconf 87' lang='lat' dir='ltr'><strong>ejus</strong></span> <span class='ocrx_word' id='word_1_13' title='bbox 1157 474 1521 534; x_wconf 91' lang='lat' dir='ltr'><strong>sanctissima</strong></span> <span class='ocrx_word' id='word_1_14' title='bbox 1551 481 1953 542; x_wconf 86' lang='lat' dir='ltr'><strong>contrectave-</strong></span> <span class='ocrx_word' id='word_1_15' title='bbox 1980 479 2037 541; x_wconf 86' lang='lat' dir='ltr'><strong>A</strong></span> <span class='ocrx_word' id='word_1_16' title='bbox 2067 495 2233 542; x_wconf 79' lang='lat' dir='ltr'><strong>annis</strong></span> <span class='ocrx_word' id='word_1_17' title='bbox 2266 484 2415 545; x_wconf 90' lang='lat' dir='ltr'><strong>intra</strong></span> <span class='ocrx_word' id='word_1_18' title='bbox 2446 498 2611 564; x_wconf 89' lang='lat' dir='ltr'><strong>septa</strong></span> <span class='ocrx_word' id='word_1_19' title='bbox 2642 497 2895 569; x_wconf 84' lang='lat' dir='ltr'><strong>sepulcri</strong></span> <span class='ocrx_word' id='word_1_20' title='bbox 2929 499 3242 565; x_wconf 74' lang='lat' dir='ltr'><strong>thesaurus</strong></span> <span class='ocrx_word' id='word_1_21' title='bbox 3278 509 3520 572; x_wconf 81' lang='lat' dir='ltr'><strong>celestis</strong></span> <span class='ocrx_word' id='word_1_22' title='bbox 3554 515 3698 573; x_wconf 50' lang='lat' dir='ltr'><strong>delia</strong></span> 
     </span>
     <span class='ocr_line' id='line_1_4' title="bbox 290 550 1612 573; baseline 0.004 -4"><span class='ocrx_word' id='word_1_23' title='bbox 290 550 424 573; x_wconf 64' lang='lat'><strong>..._.</strong></span> <span class='ocrx_word' id='word_1_24' title='bbox 482 554 664 573; x_wconf 33' lang='lat' dir='ltr'><strong>MA..-</strong></span> <span class='ocrx_word' id='word_1_25' title='bbox 704 554 784 573; x_wconf 23' lang='lat' dir='ltr'><strong>AL</strong></span> <span class='ocrx_word' id='word_1_26' title='bbox 998 565 1008 573; x_wconf 89' lang='lat'><strong>.</strong></span> <span class='ocrx_word' id='word_1_27' title='bbox 1095 562 1186 573; x_wconf 93' lang='lat'><strong>...</strong></span> <span class='ocrx_word' id='word_1_28' title='bbox 1251 566 1282 573; x_wconf 90' lang='lat'><strong>._</strong></span> <span class='ocrx_word' id='word_1_29' title='bbox 1427 571 1433 573; x_wconf 21' lang='grc' dir='ltr'><em>Α</em></span> <span class='ocrx_word' id='word_1_30' title='bbox 1577 568 1612 573; x_wconf 88' lang='grc'><strong>--</strong></span> 
     </span>
    </p>
   </div>
   <div class='ocr_carea' id='block_1_4' title="bbox 289 550 1951 640">
    <p class='ocr_par' dir='ltr' id='par_1_4' title="bbox 289 550 1951 640">
     <span class='ocr_line' id='line_1_5' title="bbox 289 550 1951 640; baseline 0.016 -40"><span class='ocrx_word' id='word_1_31' title='bbox 289 550 447 640; x_wconf 83' lang='lat' dir='ltr'><strong>runt,</strong></span> <span class='ocrx_word' id='word_1_32' title='bbox 481 554 671 610; x_wconf 82' lang='lat' dir='ltr'><strong>sectio</strong></span> <span class='ocrx_word' id='word_1_33' title='bbox 697 554 876 624; x_wconf 85' lang='lat' dir='ltr'><strong>gladii</strong></span> <span class='ocrx_word' id='word_1_34' title='bbox 904 562 1223 620; x_wconf 89' lang='lat' dir='ltr'><strong>materialis</strong></span> <span class='ocrx_word' id='word_1_35' title='bbox 1250 566 1346 635; x_wconf 90' lang='lat' dir='ltr'><strong>ita,</strong></span> <span class='ocrx_word' id='word_1_36' title='bbox 1378 571 1442 623; x_wconf 90' lang='lat' dir='ltr'><strong>ut</strong></span> <span class='ocrx_word' id='word_1_37' title='bbox 1466 568 1649 625; x_wconf 89' lang='lat' dir='ltr'><strong>media</strong></span> <span class='ocrx_word' id='word_1_38' title='bbox 1674 584 1810 640; x_wconf 90' lang='lat' dir='ltr'><strong>pars</strong></span> <span class='ocrx_word' id='word_1_39' title='bbox 1859 584 1951 628; x_wconf 90' lang='lat' dir='ltr'><strong>ca-</strong></span> 
     </span>
    </p>
   </div>
   <div class='ocr_carea' id='block_1_5' title="bbox 290 635 1947 729">
    <p class='ocr_par' dir='ltr' id='par_1_5' title="bbox 290 635 1947 729">
     <span class='ocr_line' id='line_1_6' title="bbox 290 635 1947 729; baseline 0.014 -38"><span class='ocrx_word' id='word_1_40' title='bbox 290 635 450 708; x_wconf 91' lang='lat' dir='ltr'><strong>pitis,</strong></span> <span class='ocrx_word' id='word_1_41' title='bbox 486 641 605 712; x_wconf 91' lang='lat' dir='ltr'><strong>ipsa</strong></span> <span class='ocrx_word' id='word_1_42' title='bbox 638 644 910 704; x_wconf 73' lang='lat' dir='ltr'><strong>videlicet</strong></span> <span class='ocrx_word' id='word_1_43' title='bbox 947 664 1080 721; x_wconf 91' lang='lat' dir='ltr'><strong>pars</strong></span> <span class='ocrx_word' id='word_1_44' title='bbox 1112 655 1395 727; x_wconf 91' lang='lat' dir='ltr'><strong>anterior,</strong></span> <span class='ocrx_word' id='word_1_45' title='bbox 1461 657 1518 712; x_wconf 90' lang='lat' dir='ltr'><strong>in</strong></span> <span class='ocrx_word' id='word_1_46' title='bbox 1570 635 1688 728; x_wconf 77' lang='lat' dir='ltr'><strong>qua</strong></span> <span class='ocrx_word' id='word_1_47' title='bbox 1738 658 1947 729; x_wconf 72' lang='lat' dir='ltr'><strong>positae</strong></span> 
     </span>
    </p>
   </div>
   <div class='ocr_carea' id='block_1_6' title="bbox 286 729 1943 818">
    <p class='ocr_par' dir='ltr' id='par_1_6' title="bbox 286 729 1943 818">
     <span class='ocr_line' id='line_1_7' title="bbox 286 729 1943 818; baseline 0.013 -39"><span class='ocrx_word' id='word_1_48' title='bbox 286 732 423 781; x_wconf 89' lang='lat' dir='ltr'><strong>sunt</strong></span> <span class='ocrx_word' id='word_1_49' title='bbox 447 729 717 789; x_wconf 69' lang='lat' dir='ltr'><strong>fenestras</strong></span> <span class='ocrx_word' id='word_1_50' title='bbox 740 736 1065 811; x_wconf 92' lang='lat' dir='ltr'><strong>oculorum,</strong></span> <span class='ocrx_word' id='word_1_51' title='bbox 1094 755 1203 798; x_wconf 90' lang='lat' dir='ltr'><strong>non</strong></span> <span class='ocrx_word' id='word_1_52' title='bbox 1238 743 1524 801; x_wconf 78' lang='lat' dir='ltr'><strong>habeatur</strong></span> <span class='ocrx_word' id='word_1_53' title='bbox 1564 761 1694 803; x_wconf 90' lang='lat' dir='ltr'><strong>cum</strong></span> <span class='ocrx_word' id='word_1_54' title='bbox 1714 746 1943 818; x_wconf 86' lang='lat' dir='ltr'><strong>reliquo</strong></span> 
     </span>
    </p>
   </div>
   <div class='ocr_carea' id='block_1_7' title="bbox 288 825 1941 895">
    <p class='ocr_par' dir='ltr' id='par_1_7' title="bbox 288 825 1941 895">
     <span class='ocr_line' id='line_1_8' title="bbox 288 825 1941 895; baseline 0.013 -26"><span class='ocrx_word' id='word_1_55' title='bbox 288 826 557 888; x_wconf 91' lang='lat' dir='ltr'><strong>corpore,</strong></span> <span class='ocrx_word' id='word_1_56' title='bbox 590 826 650 875; x_wconf 93' lang='lat' dir='ltr'><strong>et</strong></span> <span class='ocrx_word' id='word_1_57' title='bbox 680 825 845 892; x_wconf 89' lang='lat' dir='ltr'><strong>quasi</strong></span> <span class='ocrx_word' id='word_1_58' title='bbox 876 825 1073 895; x_wconf 83' lang='lat' dir='ltr'><strong>gladio</strong></span> <span class='ocrx_word' id='word_1_59' title='bbox 1105 836 1266 887; x_wconf 90' lang='lat' dir='ltr'><strong>secta</strong></span> <span class='ocrx_word' id='word_1_60' title='bbox 1322 836 1379 887; x_wconf 91' lang='lat' dir='ltr'><strong>et</strong></span> <span class='ocrx_word' id='word_1_61' title='bbox 1441 833 1628 890; x_wconf 89' lang='lat' dir='ltr'><strong>divisa</strong></span> <span class='ocrx_word' id='word_1_62' title='bbox 1670 836 1941 891; x_wconf 90' lang='lat' dir='ltr'><strong>videatur</strong></span> 
     </span>
    </p>
   </div>
   <div class='ocr_carea' id='block_1_8' title="bbox 290 909 1936 992">
    <p class='ocr_par' dir='ltr' id='par_1_8' title="bbox 290 909 1936 992">
     <span class='ocr_line' id='line_1_9' title="bbox 290 909 1936 992; baseline 0.015 -36"><span class='ocrx_word' id='word_1_63' title='bbox 290 915 427 973; x_wconf 83' lang='lat' dir='ltr'><strong>pars</strong></span> <span class='ocrx_word' id='word_1_64' title='bbox 457 909 752 977; x_wconf 75' lang='lat' dir='ltr'><strong>posterior</strong></span> <span class='ocrx_word' id='word_1_65' title='bbox 783 913 853 968; x_wconf 91' lang='lat' dir='ltr'><strong>ab</strong></span> <span class='ocrx_word' id='word_1_66' title='bbox 887 918 1205 974; x_wconf 79' lang='lat' dir='ltr'><strong>anteriore.</strong></span> <span class='ocrx_word' id='word_1_67' title='bbox 1244 919 1507 985; x_wconf 81' lang='lat' dir='ltr'><strong>Qualiter</strong></span> <span class='ocrx_word' id='word_1_68' title='bbox 1538 937 1677 992; x_wconf 85' lang='lat' dir='ltr'><strong>ergo</strong></span> <span class='ocrx_word' id='word_1_69' title='bbox 1708 939 1936 979; x_wconf 91' lang='lat' dir='ltr'><strong>servum</strong></span> 
     </span>
    </p>
   </div>
   <div class='ocr_carea' id='block_1_9' title="bbox 289 995 1936 1081">
    <p class='ocr_par' dir='ltr' id='par_1_9' title="bbox 289 995 1936 1081">
     <span class='ocr_line' id='line_1_10' title="bbox 289 995 1936 1081; baseline 0.012 -35"><span class='ocrx_word' id='word_1_70' title='bbox 289 1004 458 1048; x_wconf 89' lang='lat' dir='ltr'><strong>suum</strong></span> <span class='ocrx_word' id='word_1_71' title='bbox 489 995 643 1053; x_wconf 91' lang='lat' dir='ltr'><strong>Deus</strong></span> <span class='ocrx_word' id='word_1_72' title='bbox 672 998 743 1054; x_wconf 89' lang='lat' dir='ltr'><strong>ad</strong></span> <span class='ocrx_word' id='word_1_73' title='bbox 778 1015 840 1057; x_wconf 90' lang='lat' dir='ltr'><strong>se</strong></span> <span class='ocrx_word' id='word_1_74' title='bbox 872 1006 1231 1077; x_wconf 85' lang='lat' dir='ltr'><strong>evocaverit,</strong></span> <span class='ocrx_word' id='word_1_75' title='bbox 1282 1008 1403 1079; x_wconf 89' lang='lat' dir='ltr'><strong>ipse</strong></span> <span class='ocrx_word' id='word_1_76' title='bbox 1443 1010 1603 1066; x_wconf 91' lang='lat' dir='ltr'><strong>novit</strong></span> <span class='ocrx_word' id='word_1_77' title='bbox 1648 1012 1744 1081; x_wconf 89' lang='lat' dir='ltr'><strong>qui</strong></span> <span class='ocrx_word' id='word_1_78' title='bbox 1806 1026 1936 1067; x_wconf 89' lang='lat' dir='ltr'><strong>eum</strong></span> 
     </span>
    </p>
   </div>
   <div class='ocr_carea' id='block_1_10' title="bbox 290 1081 1932 1168">
    <p class='ocr_par' dir='ltr' id='par_1_10' title="bbox 290 1081 1932 1168">
     <span class='ocr_line' id='line_1_11' title="bbox 290 1081 1932 1168; baseline 0.013 -34"><span class='ocrx_word' id='word_1_79' title='bbox 290 1081 592 1153; x_wconf 61' lang='lat' dir='ltr'><strong>praeelegit</strong></span> <span class='ocrx_word' id='word_1_80' title='bbox 626 1092 762 1143; x_wconf 88' lang='lat' dir='ltr'><strong>ante</strong></span> <span class='ocrx_word' id='word_1_81' title='bbox 795 1090 1099 1148; x_wconf 67' lang='lat' dir='ltr'><strong>saecularia</strong></span> <span class='ocrx_word' id='word_1_82' title='bbox 1133 1098 1436 1166; x_wconf 86' lang='lat' dir='ltr'><strong>tempora;</strong></span> <span class='ocrx_word' id='word_1_83' title='bbox 1479 1112 1581 1153; x_wconf 90' lang='lat' dir='ltr'><strong>nos</strong></span> <span class='ocrx_word' id='word_1_84' title='bbox 1619 1098 1932 1168; x_wconf 87' lang='lat' dir='ltr'><strong>credimus,</strong></span> 
     </span>
    </p>
   </div>
   <div class='ocr_carea' id='block_1_11' title="bbox 290 1169 1933 1256">
    <p class='ocr_par' dir='ltr' id='par_1_11' title="bbox 290 1169 1933 1256">
     <span class='ocr_line' id='line_1_12' title="bbox 290 1169 1933 1256; baseline 0.013 -33"><span class='ocrx_word' id='word_1_85' title='bbox 290 1169 423 1239; x_wconf 88' lang='lat' dir='ltr'><strong>quia</strong></span> <span class='ocrx_word' id='word_1_86' title='bbox 456 1172 569 1228; x_wconf 91' lang='lat' dir='ltr'><strong>etsi</strong></span> <span class='ocrx_word' id='word_1_87' title='bbox 600 1175 727 1245; x_wconf 91' lang='lat' dir='ltr'><strong>ejus</strong></span> <span class='ocrx_word' id='word_1_88' title='bbox 758 1178 1003 1236; x_wconf 89' lang='lat' dir='ltr'><strong>animam</strong></span> <span class='ocrx_word' id='word_1_89' title='bbox 1037 1180 1267 1251; x_wconf 82' lang='lat' dir='ltr'><strong>gladius</strong></span> <span class='ocrx_word' id='word_1_90' title='bbox 1316 1188 1762 1256; x_wconf 86' lang='lat' dir='ltr'><strong>perscquutoris</strong></span> <span class='ocrx_word' id='word_1_91' title='bbox 1820 1203 1933 1244; x_wconf 90' lang='lat' dir='ltr'><strong>non</strong></span> 
     </span>
    </p>
   </div>
   <div class='ocr_carea' id='block_1_12' title="bbox 289 1257 1932 1347">
    <p class='ocr_par' dir='ltr' id='par_1_12' title="bbox 289 1257 1932 1347">
     <span class='ocr_line' id='line_1_13' title="bbox 289 1257 1932 1347; baseline 0.013 -35"><span class='ocrx_word' id='word_1_92' title='bbox 289 1257 553 1330; x_wconf 85' lang='lat' dir='ltr'><strong>abstulit,</strong></span> <span class='ocrx_word' id='word_1_93' title='bbox 590 1263 835 1333; x_wconf 88' lang='lat' dir='ltr'><strong>palmam</strong></span> <span class='ocrx_word' id='word_1_94' title='bbox 869 1269 1063 1325; x_wconf 88' lang='lat' dir='ltr'><strong>tamen</strong></span> <span class='ocrx_word' id='word_1_95' title='bbox 1099 1273 1363 1342; x_wconf 85' lang='lat' dir='ltr'><strong>martyrii</strong></span> <span class='ocrx_word' id='word_1_96' title='bbox 1399 1289 1508 1330; x_wconf 92' lang='lat' dir='ltr'><strong>non</strong></span> <span class='ocrx_word' id='word_1_97' title='bbox 1539 1276 1755 1345; x_wconf 90' lang='lat' dir='ltr'><strong>amisit,</strong></span> <span class='ocrx_word' id='word_1_98' title='bbox 1799 1278 1932 1347; x_wconf 89' lang='lat' dir='ltr'><strong>quia</strong></span> 
     </span>
    </p>
   </div>
   <div class='ocr_carea' id='block_1_13' title="bbox 289 1348 1937 1436">
    <p class='ocr_par' dir='ltr' id='par_1_13' title="bbox 289 1348 1937 1436">
     <span class='ocr_line' id='line_1_14' title="bbox 289 1348 1937 1436; baseline 0.013 -36"><span class='ocrx_word' id='word_1_99' title='bbox 289 1348 454 1403; x_wconf 86' lang='lat' dir='ltr'><strong>totus</strong></span> <span class='ocrx_word' id='word_1_100' title='bbox 469 1349 601 1406; x_wconf 73' lang='lat' dir='ltr'><strong>vitae</strong></span> <span class='ocrx_word' id='word_1_101' title='bbox 614 1352 738 1422; x_wconf 90' lang='lat' dir='ltr'><strong>ejus</strong></span> <span class='ocrx_word' id='word_1_102' title='bbox 752 1368 1039 1413; x_wconf 87' lang='lat' dir='ltr'><strong>excursus</strong></span> <span class='ocrx_word' id='word_1_103' title='bbox 1047 1358 1204 1428; x_wconf 89' lang='lat' dir='ltr'><strong>jugis</strong></span> <span class='ocrx_word' id='word_1_104' title='bbox 1220 1361 1245 1415; x_wconf 92' lang='lat'><strong>1‘</strong></span> <span class='ocrx_word' id='word_1_105' title='bbox 1246 1361 1471 1434; x_wconf 39' lang='lat' dir='ltr'><strong>uithum</strong></span> <span class='ocrx_word' id='word_1_106' title='bbox 1488 1363 1748 1436; x_wconf 85' lang='lat' dir='ltr'><strong>principe</strong></span> <span class='ocrx_word' id='word_1_107' title='bbox 1774 1380 1937 1420; x_wconf 91' lang='lat' dir='ltr'><strong>mun-</strong></span> 
     </span>
    </p>
   </div>
   <div class='ocr_carea' id='block_1_14' title="bbox 288 1432 708 1497">
    <p class='ocr_par' dir='ltr' id='par_1_14' title="bbox 288 1432 708 1497">
     <span class='ocr_line' id='line_1_15' title="bbox 288 1432 708 1497; baseline 0.021 -9"><span class='ocrx_word' id='word_1_108' title='bbox 288 1432 345 1489; x_wconf 91' lang='lat' dir='ltr'><strong>di</strong></span> <span class='ocrx_word' id='word_1_109' title='bbox 402 1438 708 1497; x_wconf 85' lang='lat' dir='ltr'><strong>conﬁctas.</strong></span> 
     </span>
    </p>
   </div>
   <div class='ocr_carea' id='block_1_15' title="bbox 361 1525 1931 1613">
    <p class='ocr_par' dir='ltr' id='par_1_15' title="bbox 361 1525 1931 1613">
     <span class='ocr_line' id='line_1_16' title="bbox 361 1525 1931 1613; baseline 0.011 -34"><span class='ocrx_word' id='word_1_110' title='bbox 361 1525 577 1583; x_wconf 82' lang='lat' dir='ltr'><strong>Ascivit</strong></span> <span class='ocrx_word' id='word_1_111' title='bbox 610 1534 803 1586; x_wconf 90' lang='lat' dir='ltr'><strong>autem</strong></span> <span class='ocrx_word' id='word_1_112' title='bbox 837 1532 947 1589; x_wconf 88' lang='lat' dir='ltr'><strong>sibi</strong></span> <span class='ocrx_word' id='word_1_113' title='bbox 980 1536 1257 1593; x_wconf 87' lang='lat' dir='ltr'><strong>Dominus</strong></span> <span class='ocrx_word' id='word_1_114' title='bbox 1283 1552 1435 1594; x_wconf 89' lang='lat' dir='ltr'><strong>nunc</strong></span> <span class='ocrx_word' id='word_1_115' title='bbox 1468 1544 1735 1596; x_wconf 89' lang='lat' dir='ltr'><strong>sanctum</strong></span> <span class='ocrx_word' id='word_1_116' title='bbox 1794 1556 1931 1613; x_wconf 91' lang='lat' dir='ltr'><strong>pon-</strong></span> 
     </span>
    </p>
   </div>
   <div class='ocr_carea' id='block_1_16' title="bbox 285 1610 1925 1699">
    <p class='ocr_par' dir='ltr' id='par_1_16' title="bbox 285 1610 1925 1699">
     <span class='ocr_line' id='line_1_17' title="bbox 285 1610 1925 1699; baseline 0.012 -34"><span class='ocrx_word' id='word_1_117' title='bbox 285 1610 503 1669; x_wconf 87' lang='lat' dir='ltr'><strong>tiﬁcem</strong></span> <span class='ocrx_word' id='word_1_118' title='bbox 524 1620 653 1686; x_wconf 87' lang='lat' dir='ltr'><strong>post</strong></span> <span class='ocrx_word' id='word_1_119' title='bbox 677 1620 854 1677; x_wconf 91' lang='lat' dir='ltr'><strong>multa</strong></span> <span class='ocrx_word' id='word_1_120' title='bbox 879 1621 1143 1680; x_wconf 83' lang='lat' dir='ltr'><strong>laborum</strong></span> <span class='ocrx_word' id='word_1_121' title='bbox 1168 1626 1446 1697; x_wconf 91' lang='lat' dir='ltr'><strong>pericula,</strong></span> <span class='ocrx_word' id='word_1_122' title='bbox 1467 1633 1596 1699; x_wconf 89' lang='lat' dir='ltr'><strong>post</strong></span> <span class='ocrx_word' id='word_1_123' title='bbox 1626 1610 1925 1686; x_wconf 82' lang='lat' dir='ltr'><strong>innumera</strong></span> 
     </span>
    </p>
   </div>
   <div class='ocr_carea' id='block_1_17' title="bbox 287 1700 1922 1788">
    <p class='ocr_par' dir='ltr' id='par_1_17' title="bbox 287 1700 1922 1788">
     <span class='ocr_line' id='line_1_18' title="bbox 287 1700 1922 1788; baseline 0.012 -33"><span class='ocrx_word' id='word_1_124' title='bbox 287 1700 570 1760; x_wconf 89' lang='lat' dir='ltr'><strong>bonorum</strong></span> <span class='ocrx_word' id='word_1_125' title='bbox 593 1720 831 1777; x_wconf 91' lang='lat' dir='ltr'><strong>operum</strong></span> <span class='ocrx_word' id='word_1_126' title='bbox 856 1713 1160 1783; x_wconf 87' lang='lat' dir='ltr'><strong>exercitia,</strong></span> <span class='ocrx_word' id='word_1_127' title='bbox 1187 1715 1243 1770; x_wconf 92' lang='lat' dir='ltr'><strong>in</strong></span> <span class='ocrx_word' id='word_1_128' title='bbox 1264 1717 1406 1771; x_wconf 91' lang='lat' dir='ltr'><strong>urbe</strong></span> <span class='ocrx_word' id='word_1_129' title='bbox 1431 1716 1729 1788; x_wconf 84' lang='lat' dir='ltr'><strong>Meldensi,</strong></span> <span class='ocrx_word' id='word_1_130' title='bbox 1757 1718 1922 1775; x_wconf 75' lang='lat' dir='ltr'><strong>5K3].</strong></span> 
     </span>
    </p>
   </div>
   <div class='ocr_carea' id='block_1_18' title="bbox 287 1787 1706 1875">
    <p class='ocr_par' dir='ltr' id='par_1_18' title="bbox 287 1787 1706 1875">
     <span class='ocr_line' id='line_1_19' title="bbox 287 1787 1706 1875; baseline 0.013 -32"><span class='ocrx_word' id='word_1_131' title='bbox 287 1787 579 1863; x_wconf 89' lang='lat' dir='ltr'><strong>Octobris,</strong></span> <span class='ocrx_word' id='word_1_132' title='bbox 615 1804 898 1865; x_wconf 78' lang='lat' dir='ltr'><strong>regnante</strong></span> <span class='ocrx_word' id='word_1_133' title='bbox 926 1802 1103 1857; x_wconf 91' lang='lat' dir='ltr'><strong>terris</strong></span> <span class='ocrx_word' id='word_1_134' title='bbox 1134 1803 1399 1875; x_wconf 90' lang='lat' dir='ltr'><strong>principe</strong></span> <span class='ocrx_word' id='word_1_135' title='bbox 1443 1805 1706 1875; x_wconf 89' lang='lat' dir='ltr'><strong>Trajano.</strong></span> 
     </span>
    </p>
   </div>
   <div class='ocr_carea' id='block_1_19' title="bbox 357 1876 1920 1967">
    <p class='ocr_par' dir='ltr' id='par_1_19' title="bbox 357 1876 1920 1967">
     <span class='ocr_line' id='line_1_20' title="bbox 357 1876 1920 1967; baseline 0.012 -34"><span class='ocrx_word' id='word_1_136' title='bbox 357 1876 519 1944; x_wconf 88' lang='lat' dir='ltr'><strong>Quod</strong></span> <span class='ocrx_word' id='word_1_137' title='bbox 543 1881 588 1937; x_wconf 91' lang='lat' dir='ltr'><strong>si</strong></span> <span class='ocrx_word' id='word_1_138' title='bbox 611 1884 909 1943; x_wconf 89' lang='lat' dir='ltr'><strong>studiosus</strong></span> <span class='ocrx_word' id='word_1_139' title='bbox 932 1887 1119 1945; x_wconf 88' lang='lat' dir='ltr'><strong>lector</strong></span> <span class='ocrx_word' id='word_1_140' title='bbox 1143 1890 1373 1961; x_wconf 90' lang='lat' dir='ltr'><strong>plenius</strong></span> <span class='ocrx_word' id='word_1_141' title='bbox 1403 1895 1567 1964; x_wconf 90' lang='lat' dir='ltr'><strong>cupit</strong></span> <span class='ocrx_word' id='word_1_142' title='bbox 1597 1894 1920 1967; x_wconf 88' lang='lat' dir='ltr'><strong>addiscere,</strong></span> 
     </span>
    </p>
   </div>
   <div class='ocr_carea' id='block_1_20' title="bbox 284 1964 1922 2053">
    <p class='ocr_par' dir='ltr' id='par_1_20' title="bbox 284 1964 1922 2053">
     <span class='ocr_line' id='line_1_21' title="bbox 284 1964 1922 2053; baseline 0.013 -34"><span class='ocrx_word' id='word_1_143' title='bbox 284 1964 575 2041; x_wconf 87' lang='lat' dir='ltr'><strong>advertat,</strong></span> <span class='ocrx_word' id='word_1_144' title='bbox 613 1973 745 2041; x_wconf 89' lang='lat' dir='ltr'><strong>quia</strong></span> <span class='ocrx_word' id='word_1_145' title='bbox 776 1980 869 2030; x_wconf 80' lang='lat'><strong>13°</strong></span> <span class='ocrx_word' id='word_1_146' title='bbox 902 1991 1051 2033; x_wconf 91' lang='lat' dir='ltr'><strong>anno</strong></span> <span class='ocrx_word' id='word_1_147' title='bbox 1088 1978 1312 2050; x_wconf 89' lang='lat' dir='ltr'><strong>imperii</strong></span> <span class='ocrx_word' id='word_1_148' title='bbox 1345 1982 1609 2053; x_wconf 81' lang='lat' dir='ltr'><strong>Neronis,</strong></span> <span class='ocrx_word' id='word_1_149' title='bbox 1632 1997 1746 2053; x_wconf 94' lang='lat' dir='ltr'><strong>quo</strong></span> <span class='ocrx_word' id='word_1_150' title='bbox 1775 1964 1922 2039; x_wconf 89' lang='lat' dir='ltr'><strong>anno</strong></span> 
     </span>
    </p>
   </div>
   <div class='ocr_carea' id='block_1_21' title="bbox 284 2053 1924 2141">
    <p class='ocr_par' dir='ltr' id='par_1_21' title="bbox 284 2053 1924 2141">
     <span class='ocr_line' id='line_1_22' title="bbox 284 2053 1924 2141; baseline 0.012 -33"><span class='ocrx_word' id='word_1_151' title='bbox 284 2053 495 2113; x_wconf 86' lang='lat' dir='ltr'><strong>Petrus</strong></span> <span class='ocrx_word' id='word_1_152' title='bbox 517 2068 573 2114; x_wconf 88' lang='lat' dir='ltr'><strong>et</strong></span> <span class='ocrx_word' id='word_1_153' title='bbox 598 2061 814 2119; x_wconf 91' lang='lat' dir='ltr'><strong>Paulus</strong></span> <span class='ocrx_word' id='word_1_154' title='bbox 830 2063 1092 2134; x_wconf 83' lang='lat' dir='ltr'><strong>gloriose</strong></span> <span class='ocrx_word' id='word_1_155' title='bbox 1113 2070 1538 2139; x_wconf 90' lang='lat' dir='ltr'><strong>occubuerunt,</strong></span> <span class='ocrx_word' id='word_1_156' title='bbox 1567 2070 1663 2141; x_wconf 92' lang='lat' dir='ltr'><strong>qui</strong></span> <span class='ocrx_word' id='word_1_157' title='bbox 1686 2077 1810 2128; x_wconf 92' lang='lat' dir='ltr'><strong>erat</strong></span> <span class='ocrx_word' id='word_1_158' title='bbox 1827 2087 1924 2129; x_wconf 82' lang='lat' dir='ltr'><strong>an-</strong></span> 
     </span>
    </p>
   </div>
   <div class='ocr_carea' id='block_1_22' title="bbox 283 2146 1924 2227">
    <p class='ocr_par' dir='ltr' id='par_1_22' title="bbox 283 2146 1924 2227">
     <span class='ocr_line' id='line_1_23' title="bbox 283 2146 1924 2227; baseline 0.011 -29"><span class='ocrx_word' id='word_1_159' title='bbox 283 2157 393 2200; x_wconf 91' lang='lat' dir='ltr'><strong>nus</strong></span> <span class='ocrx_word' id='word_1_160' title='bbox 423 2146 495 2202; x_wconf 90' lang='lat' dir='ltr'><strong>ab</strong></span> <span class='ocrx_word' id='word_1_161' title='bbox 527 2147 638 2204; x_wconf 91' lang='lat' dir='ltr'><strong>inc.</strong></span> <span class='ocrx_word' id='word_1_162' title='bbox 674 2150 832 2207; x_wconf 91' lang='lat' dir='ltr'><strong>Dom.</strong></span> <span class='ocrx_word' id='word_1_163' title='bbox 866 2158 952 2224; x_wconf 94' lang='lat'><strong>72,</strong></span> <span class='ocrx_word' id='word_1_164' title='bbox 989 2156 1381 2227; x_wconf 86' lang='lat' dir='ltr'><strong>Vespasianus</strong></span> <span class='ocrx_word' id='word_1_165' title='bbox 1413 2173 1442 2214; x_wconf 93' lang='lat' dir='ltr'><strong>a</strong></span> <span class='ocrx_word' id='word_1_166' title='bbox 1474 2160 1695 2215; x_wconf 85' lang='lat' dir='ltr'><strong>Nerone</strong></span> <span class='ocrx_word' id='word_1_167' title='bbox 1730 2160 1784 2214; x_wconf 92' lang='lat' dir='ltr'><strong>in</strong></span> <span class='ocrx_word' id='word_1_168' title='bbox 1829 2162 1924 2216; x_wconf 83' lang='lat' dir='ltr'><strong>Ju-</strong></span> 
     </span>
    </p>
   </div>
   <div class='ocr_carea' id='block_1_23' title="bbox 282 2231 1923 2306">
    <p class='ocr_par' dir='ltr' id='par_1_23' title="bbox 282 2231 1923 2306">
     <span class='ocr_line' id='line_1_24' title="bbox 282 2231 1923 2306; baseline 0.011 -18"><span class='ocrx_word' id='word_1_169' title='bbox 282 2231 448 2290; x_wconf 91' lang='lat' dir='ltr'><strong>deam</strong></span> <span class='ocrx_word' id='word_1_170' title='bbox 473 2250 603 2292; x_wconf 92' lang='lat' dir='ltr'><strong>cum</strong></span> <span class='ocrx_word' id='word_1_171' title='bbox 626 2240 892 2297; x_wconf 87' lang='lat' dir='ltr'><strong>exercitu</strong></span> <span class='ocrx_word' id='word_1_172' title='bbox 919 2244 1132 2301; x_wconf 88' lang='lat' dir='ltr'><strong>missus</strong></span> <span class='ocrx_word' id='word_1_173' title='bbox 1153 2251 1264 2301; x_wconf 90' lang='lat' dir='ltr'><strong>est.</strong></span> <span class='ocrx_word' id='word_1_174' title='bbox 1288 2248 1511 2304; x_wconf 87' lang='lat' dir='ltr'><strong>Mortuo</strong></span> <span class='ocrx_word' id='word_1_175' title='bbox 1529 2252 1721 2305; x_wconf 89' lang='lat' dir='ltr'><strong>autem</strong></span> <span class='ocrx_word' id='word_1_176' title='bbox 1747 2251 1923 2306; x_wconf 85' lang='lat' dir='ltr'><strong>Nero-</strong></span> 
     </span>
    </p>
   </div>
   <div class='ocr_carea' id='block_1_24' title="bbox 281 2327 1923 2405">
    <p class='ocr_par' dir='ltr' id='par_1_24' title="bbox 281 2327 1923 2405">
     <span class='ocr_line' id='line_1_25' title="bbox 281 2327 1923 2405; baseline 0.01 -30"><span class='ocrx_word' id='word_1_177' title='bbox 281 2334 353 2375; x_wconf 91' lang='lat' dir='ltr'><strong>ne</strong></span> <span class='ocrx_word' id='word_1_178' title='bbox 377 2336 526 2378; x_wconf 90' lang='lat' dir='ltr'><strong>anno</strong></span> <span class='ocrx_word' id='word_1_179' title='bbox 545 2327 813 2396; x_wconf 89' lang='lat' dir='ltr'><strong>sequenti</strong></span> <span class='ocrx_word' id='word_1_180' title='bbox 840 2334 1147 2401; x_wconf 89' lang='lat' dir='ltr'><strong>antequam</strong></span> <span class='ocrx_word' id='word_1_181' title='bbox 1176 2332 1567 2405; x_wconf 86' lang='lat' dir='ltr'><strong>Vespasianus</strong></span> <span class='ocrx_word' id='word_1_182' title='bbox 1583 2337 1818 2393; x_wconf 87' lang='lat' dir='ltr'><strong>Romam</strong></span> <span class='ocrx_word' id='word_1_183' title='bbox 1835 2350 1923 2391; x_wconf 92' lang='lat' dir='ltr'><strong>re-</strong></span> 
     </span>
    </p>
   </div>
   <div class='ocr_carea' id='block_1_25' title="bbox 280 2406 2005 2491">
    <p class='ocr_par' dir='ltr' id='par_1_25' title="bbox 280 2406 2005 2491">
     <span class='ocr_line' id='line_1_26' title="bbox 280 2406 2005 2491; baseline 0.011 -29"><span class='ocrx_word' id='word_1_184' title='bbox 280 2406 456 2480; x_wconf 88' lang='lat' dir='ltr'><strong>diret,</strong></span> <span class='ocrx_word' id='word_1_185' title='bbox 490 2411 688 2484; x_wconf 86' lang='lat' dir='ltr'><strong>Galba,</strong></span> <span class='ocrx_word' id='word_1_186' title='bbox 724 2415 874 2471; x_wconf 88' lang='lat' dir='ltr'><strong>Otho</strong></span> <span class='ocrx_word' id='word_1_187' title='bbox 906 2423 964 2473; x_wconf 86' lang='lat' dir='ltr'><strong>et</strong></span> <span class='ocrx_word' id='word_1_188' title='bbox 990 2418 1260 2477; x_wconf 88' lang='lat' dir='ltr'><strong>Vitellius</strong></span> <span class='ocrx_word' id='word_1_189' title='bbox 1292 2428 1682 2491; x_wconf 84' lang='lat' dir='ltr'><strong>regnaverunt</strong></span> <span class='ocrx_word' id='word_1_190' title='bbox 1712 2439 1860 2480; x_wconf 92' lang='lat' dir='ltr'><strong>anno</strong></span> <span class='ocrx_word' id='word_1_191' title='bbox 1890 2429 1914 2480; x_wconf 93' lang='lat'><strong>1</strong></span> <span class='ocrx_word' id='word_1_192' title='bbox 2000 2470 2005 2473; x_wconf 44' lang='grc' dir='ltr'><strong>λ</strong></span> 
     </span>
    </p>
   </div>
   <div class='ocr_carea' id='block_1_26' title="bbox 277 2498 1922 2581">
    <p class='ocr_par' dir='ltr' id='par_1_26' title="bbox 277 2498 1922 2581">
     <span class='ocr_line' id='line_1_27' title="bbox 277 2498 1922 2581; baseline 0.01 -30"><span class='ocrx_word' id='word_1_193' title='bbox 277 2498 336 2551; x_wconf 93' lang='lat' dir='ltr'><strong>et</strong></span> <span class='ocrx_word' id='word_1_194' title='bbox 372 2498 668 2557; x_wconf 88' lang='lat' dir='ltr'><strong>mensibus</strong></span> <span class='ocrx_word' id='word_1_195' title='bbox 698 2505 748 2557; x_wconf 88' lang='lat'><strong>6.</strong></span> <span class='ocrx_word' id='word_1_196' title='bbox 782 2503 1178 2576; x_wconf 89' lang='lat' dir='ltr'><strong>Vespasianus</strong></span> <span class='ocrx_word' id='word_1_197' title='bbox 1211 2524 1352 2580; x_wconf 89' lang='lat' dir='ltr'><strong>ergo</strong></span> <span class='ocrx_word' id='word_1_198' title='bbox 1371 2510 1523 2581; x_wconf 80' lang='lat' dir='ltr'><strong>apud</strong></span> <span class='ocrx_word' id='word_1_199' title='bbox 1545 2511 1786 2567; x_wconf 84' lang='lat' dir='ltr'><strong>Judeam</strong></span> <span class='ocrx_word' id='word_1_200' title='bbox 1822 2512 1922 2566; x_wconf 90' lang='lat' dir='ltr'><strong>im-</strong></span> 
     </span>
    </p>
   </div>
   <div class='ocr_carea' id='block_1_27' title="bbox 279 2597 1919 2677">
    <p class='ocr_par' dir='ltr' id='par_1_27' title="bbox 279 2597 1919 2677">
     <span class='ocr_line' id='line_1_28' title="bbox 279 2597 1919 2677; baseline 0.01 -29"><span class='ocrx_word' id='word_1_201' title='bbox 279 2599 515 2664; x_wconf 90' lang='lat' dir='ltr'><strong>perator</strong></span> <span class='ocrx_word' id='word_1_202' title='bbox 528 2597 859 2668; x_wconf 90' lang='lat' dir='ltr'><strong>appellatus</strong></span> <span class='ocrx_word' id='word_1_203' title='bbox 873 2607 985 2673; x_wconf 91' lang='lat' dir='ltr'><strong>est,</strong></span> <span class='ocrx_word' id='word_1_204' title='bbox 1002 2604 1098 2673; x_wconf 90' lang='lat' dir='ltr'><strong>qui</strong></span> <span class='ocrx_word' id='word_1_205' title='bbox 1113 2610 1169 2660; x_wconf 91' lang='lat' dir='ltr'><strong>et</strong></span> <span class='ocrx_word' id='word_1_206' title='bbox 1195 2606 1542 2677; x_wconf 86' lang='lat' dir='ltr'><strong>Capitolium</strong></span> <span class='ocrx_word' id='word_1_207' title='bbox 1557 2608 1870 2665; x_wconf 65' lang='lat' dir='ltr'><strong>aediﬁcavit</strong></span> <span class='ocrx_word' id='word_1_208' title='bbox 1905 2627 1919 2677; x_wconf 93' lang='lat'><strong>;</strong></span> 
     </span>
    </p>
   </div>
   <div class='ocr_carea' id='block_1_28' title="bbox 272 2680 1917 2770">
    <p class='ocr_par' dir='ltr' id='par_1_28' title="bbox 272 2680 1917 2770">
     <span class='ocr_line' id='line_1_29' title="bbox 272 2680 1917 2770; baseline 0.009 -33"><span class='ocrx_word' id='word_1_209' title='bbox 272 2680 502 2753; x_wconf 78' lang='lat' dir='ltr'><strong>&quot;cujus</strong></span> <span class='ocrx_word' id='word_1_210' title='bbox 515 2687 770 2743; x_wconf 88' lang='lat' dir='ltr'><strong>secundo</strong></span> <span class='ocrx_word' id='word_1_211' title='bbox 784 2703 933 2746; x_wconf 91' lang='lat' dir='ltr'><strong>anno</strong></span> <span class='ocrx_word' id='word_1_212' title='bbox 953 2692 1266 2750; x_wconf 81' lang='lat' dir='ltr'><strong>Judeorum</strong></span> <span class='ocrx_word' id='word_1_213' title='bbox 1291 2710 1530 2764; x_wconf 86' lang='lat' dir='ltr'><strong>regnum</strong></span> <span class='ocrx_word' id='word_1_214' title='bbox 1560 2696 1784 2753; x_wconf 90' lang='lat' dir='ltr'><strong>ﬁnitum</strong></span> <span class='ocrx_word' id='word_1_215' title='bbox 1809 2703 1917 2770; x_wconf 89' lang='lat' dir='ltr'><strong>est,</strong></span> 
     </span>
    </p>
   </div>
   <div class='ocr_carea' id='block_1_29' title="bbox 277 2781 1921 2863">
    <p class='ocr_par' dir='ltr' id='par_1_29' title="bbox 277 2781 1921 2863">
     <span class='ocr_line' id='line_1_30' title="bbox 277 2781 1921 2863; baseline 0.011 -29"><span class='ocrx_word' id='word_1_216' title='bbox 277 2793 455 2850; x_wconf 91' lang='lat' dir='ltr'><strong>quum</strong></span> <span class='ocrx_word' id='word_1_217' title='bbox 489 2796 518 2838; x_wconf 91' lang='lat' dir='ltr'><strong>a</strong></span> <span class='ocrx_word' id='word_1_218' title='bbox 549 2781 732 2854; x_wconf 91' lang='lat' dir='ltr'><strong>prima</strong></span> <span class='ocrx_word' id='word_1_219' title='bbox 784 2785 1172 2846; x_wconf 70' lang='lat' dir='ltr'><strong>aediﬁcatione</strong></span> <span class='ocrx_word' id='word_1_220' title='bbox 1218 2793 1417 2863; x_wconf 89' lang='lat' dir='ltr'><strong>templi</strong></span> <span class='ocrx_word' id='word_1_221' title='bbox 1460 2793 1567 2849; x_wconf 90' lang='lat' dir='ltr'><strong>sub</strong></span> <span class='ocrx_word' id='word_1_222' title='bbox 1618 2793 1921 2851; x_wconf 90' lang='lat' dir='ltr'><strong>Salamone</strong></span> 
     </span>
    </p>
   </div>
   <div class='ocr_carea' id='block_1_30' title="bbox 279 2870 1919 2954">
    <p class='ocr_par' dir='ltr' id='par_1_30' title="bbox 279 2870 1919 2954">
     <span class='ocr_line' id='line_1_31' title="bbox 279 2870 1919 2954; baseline 0.012 -32"><span class='ocrx_word' id='word_1_223' title='bbox 279 2882 462 2939; x_wconf 88' lang='lat' dir='ltr'><strong>usque</strong></span> <span class='ocrx_word' id='word_1_224' title='bbox 485 2870 555 2926; x_wconf 92' lang='lat' dir='ltr'><strong>ad</strong></span> <span class='ocrx_word' id='word_1_225' title='bbox 582 2871 843 2929; x_wconf 90' lang='lat' dir='ltr'><strong>ultimam</strong></span> <span class='ocrx_word' id='word_1_226' title='bbox 867 2875 992 2945; x_wconf 84' lang='lat' dir='ltr'><strong>ejus</strong></span> <span class='ocrx_word' id='word_1_227' title='bbox 1010 2878 1235 2934; x_wconf 88' lang='lat' dir='ltr'><strong>ruinam</strong></span> <span class='ocrx_word' id='word_1_228' title='bbox 1258 2882 1368 2936; x_wconf 91' lang='lat' dir='ltr'><strong>sub</strong></span> <span class='ocrx_word' id='word_1_229' title='bbox 1402 2881 1529 2952; x_wconf 92' lang='lat' dir='ltr'><strong>ipso</strong></span> <span class='ocrx_word' id='word_1_230' title='bbox 1560 2882 1919 2954; x_wconf 86' lang='lat' dir='ltr'><strong>Vespasiano</strong></span> 
     </span>
    </p>
   </div>
   <div class='ocr_carea' id='block_1_31' title="bbox 275 2963 1920 3073">
    <p class='ocr_par' dir='ltr' id='par_1_31' title="bbox 275 2963 1920 3073">
     <span class='ocr_line' id='line_1_32' title="bbox 275 2963 1920 3073; baseline 0.011 -53"><span class='ocrx_word' id='word_1_231' title='bbox 275 2963 779 3036; x_wconf 85' lang='lat' dir='ltr'><strong>colliganturanni</strong></span> <span class='ocrx_word' id='word_1_232' title='bbox 800 2976 953 3030; x_wconf 92' lang='lat'><strong>1202.</strong></span> <span class='ocrx_word' id='word_1_233' title='bbox 976 2973 1264 3049; x_wconf 60' lang='lat' dir='ltr'><strong>[Remum]</strong></span> <span class='ocrx_word' id='word_1_234' title='bbox 1284 2977 1565 3047; x_wconf 82' lang='lat' dir='ltr'><strong>Regnavit</strong></span> <span class='ocrx_word' id='word_1_235' title='bbox 1594 2979 1920 3073; x_wconf 55' lang='lat' dir='ltr'><strong>igiturVes:</strong></span> 
     </span>
    </p>
   </div>
   <div class='ocr_carea' id='block_1_32' title="bbox 273 3054 1915 3130">
    <p class='ocr_par' dir='ltr' id='par_1_32' title="bbox 273 3054 1915 3130">
     <span class='ocr_line' id='line_1_33' title="bbox 273 3054 1915 3130; baseline 0.01 -21"><span class='ocrx_word' id='word_1_236' title='bbox 273 3054 549 3124; x_wconf 86' lang='lat' dir='ltr'><strong>pasianus</strong></span> <span class='ocrx_word' id='word_1_237' title='bbox 570 3072 622 3113; x_wconf 91' lang='lat' dir='ltr'><strong>a.</strong></span> <span class='ocrx_word' id='word_1_238' title='bbox 649 3063 701 3129; x_wconf 88' lang='lat'><strong>9,</strong></span> <span class='ocrx_word' id='word_1_239' title='bbox 729 3075 800 3116; x_wconf 81' lang='lat' dir='ltr'><strong>In.</strong></span> <span class='ocrx_word' id='word_1_240' title='bbox 829 3066 916 3130; x_wconf 93' lang='lat'><strong>11,</strong></span> <span class='ocrx_word' id='word_1_241' title='bbox 942 3063 996 3119; x_wconf 92' lang='lat' dir='ltr'><strong>d.</strong></span> <span class='ocrx_word' id='word_1_242' title='bbox 1025 3069 1110 3118; x_wconf 90' lang='lat'><strong>22.</strong></span> <span class='ocrx_word' id='word_1_243' title='bbox 1135 3066 1236 3120; x_wconf 79' lang='lat' dir='ltr'><strong>[iis</strong></span> <span class='ocrx_word' id='word_1_244' title='bbox 1285 3071 1343 3121; x_wconf 92' lang='lat'><strong>11</strong></span> <span class='ocrx_word' id='word_1_245' title='bbox 1383 3067 1681 3124; x_wconf 87' lang='lat' dir='ltr'><strong>mensibus</strong></span> <span class='ocrx_word' id='word_1_246' title='bbox 1730 3060 1915 3125; x_wconf 76' lang='lat' dir='ltr'><strong>additi</strong></span> 
     </span>
    </p>
   </div>
   <div class='ocr_carea' id='block_1_33' title="bbox 266 3151 1995 3244">
    <p class='ocr_par' dir='ltr' id='par_1_33' title="bbox 266 3151 1995 3244">
     <span class='ocr_line' id='line_1_34' title="bbox 266 3151 1995 3244; baseline 0.01 -39"><span class='ocrx_word' id='word_1_247' title='bbox 266 3153 301 3206; x_wconf 90' lang='lat'><strong>7</strong></span> <span class='ocrx_word' id='word_1_248' title='bbox 334 3151 576 3210; x_wconf 89' lang='lat' dir='ltr'><strong>Neronis</strong></span> <span class='ocrx_word' id='word_1_249' title='bbox 604 3154 748 3212; x_wconf 89' lang='lat' dir='ltr'><strong>ﬁunt</strong></span> <span class='ocrx_word' id='word_1_250' title='bbox 782 3163 865 3227; x_wconf 88' lang='grc'><strong>19,</strong></span> <span class='ocrx_word' id='word_1_251' title='bbox 909 3164 967 3215; x_wconf 91' lang='lat' dir='ltr'><strong>et</strong></span> <span class='ocrx_word' id='word_1_252' title='bbox 1016 3160 1107 3216; x_wconf 90' lang='lat' dir='ltr'><strong>his</strong></span> <span class='ocrx_word' id='word_1_253' title='bbox 1155 3166 1226 3217; x_wconf 89' lang='lat'><strong>22</strong></span> <span class='ocrx_word' id='word_1_254' title='bbox 1274 3160 1479 3219; x_wconf 89' lang='lat' dir='ltr'><strong>diebus</strong></span> <span class='ocrx_word' id='word_1_255' title='bbox 1518 3164 1700 3220; x_wconf 88' lang='lat' dir='ltr'><strong>additi</strong></span> <span class='ocrx_word' id='word_1_256' title='bbox 1753 3165 1911 3223; x_wconf 92' lang='lat' dir='ltr'><strong>illius</strong></span> <span class='ocrx_word' id='word_1_257' title='bbox 1943 3178 1995 3244; x_wconf 74' lang='grc' dir='ltr'><em>α</em></span> 
     </span>
    </p>
   </div>
   <div class='ocr_carea' id='block_1_34' title="bbox 266 3237 1905 3327">
    <p class='ocr_par' dir='ltr' id='par_1_34' title="bbox 266 3237 1905 3327">
     <span class='ocr_line' id='line_1_35' title="bbox 266 3237 1905 3327; baseline 0.012 -34"><span class='ocrx_word' id='word_1_258' title='bbox 266 3242 336 3295; x_wconf 88' lang='grc'><strong>28</strong></span> <span class='ocrx_word' id='word_1_259' title='bbox 368 3237 510 3297; x_wconf 90' lang='lat' dir='ltr'><strong>ﬁunt</strong></span> <span class='ocrx_word' id='word_1_260' title='bbox 540 3248 609 3299; x_wconf 87' lang='grc'>50</span> <span class='ocrx_word' id='word_1_261' title='bbox 640 3243 766 3300; x_wconf 92' lang='lat' dir='ltr'><strong>dies</strong></span> <span class='ocrx_word' id='word_1_262' title='bbox 801 3246 836 3300; x_wconf 93' lang='lat' dir='ltr'><strong>i.</strong></span> <span class='ocrx_word' id='word_1_263' title='bbox 871 3260 921 3302; x_wconf 94' lang='lat' dir='ltr'><strong>e.</strong></span> <span class='ocrx_word' id='word_1_264' title='bbox 960 3263 1146 3305; x_wconf 91' lang='lat' dir='ltr'><strong>annus</strong></span> <span class='ocrx_word' id='word_1_265' title='bbox 1176 3254 1233 3304; x_wconf 91' lang='lat' dir='ltr'><strong>et</strong></span> <span class='ocrx_word' id='word_1_266' title='bbox 1267 3257 1299 3307; x_wconf 91' lang='lat'><strong>7</strong></span> <span class='ocrx_word' id='word_1_267' title='bbox 1328 3266 1557 3309; x_wconf 87' lang='lat' dir='ltr'><strong>menses</strong></span> <span class='ocrx_word' id='word_1_268' title='bbox 1587 3257 1645 3308; x_wconf 93' lang='lat' dir='ltr'><strong>et</strong></span> <span class='ocrx_word' id='word_1_269' title='bbox 1665 3254 1732 3309; x_wconf 92' lang='lat' dir='ltr'><strong>2O</strong></span> <span class='ocrx_word' id='word_1_270' title='bbox 1758 3254 1905 3327; x_wconf 92' lang='lat' dir='ltr'><strong>dies,</strong></span> 
     </span>
    </p>
   </div>
   <div class='ocr_carea' id='block_1_35' title="bbox 265 3327 1910 3411">
    <p class='ocr_par' dir='ltr' id='par_1_35' title="bbox 265 3327 1910 3411">
     <span class='ocr_line' id='line_1_36' title="bbox 265 3327 1910 3411; baseline 0.01 -29"><span class='ocrx_word' id='word_1_271' title='bbox 265 3327 363 3397; x_wconf 92' lang='lat' dir='ltr'><strong>qui</strong></span> <span class='ocrx_word' id='word_1_272' title='bbox 386 3343 570 3386; x_wconf 89' lang='lat' dir='ltr'><strong>annus</strong></span> <span class='ocrx_word' id='word_1_273' title='bbox 588 3332 695 3388; x_wconf 89' lang='lat' dir='ltr'><strong>hoc</strong></span> <span class='ocrx_word' id='word_1_274' title='bbox 721 3333 774 3388; x_wconf 94' lang='lat' dir='ltr'><strong>in</strong></span> <span class='ocrx_word' id='word_1_275' title='bbox 800 3334 927 3391; x_wconf 92' lang='lat' dir='ltr'><strong>loco</strong></span> <span class='ocrx_word' id='word_1_276' title='bbox 949 3336 1248 3411; x_wconf 88' lang='lat' dir='ltr'><strong>inseritur.</strong></span> <span class='ocrx_word' id='word_1_277' title='bbox 1276 3339 1438 3395; x_wconf 89' lang='lat' dir='ltr'><strong>Titus</strong></span> <span class='ocrx_word' id='word_1_278' title='bbox 1455 3355 1684 3411; x_wconf 91' lang='lat' dir='ltr'><strong>quoque</strong></span> <span class='ocrx_word' id='word_1_279' title='bbox 1708 3357 1910 3411; x_wconf 87' lang='lat' dir='ltr'><strong>regna-</strong></span> 
     </span>
    </p>
   </div>
   <div class='ocr_carea' id='block_1_36' title="bbox 264 3416 1909 3498">
    <p class='ocr_par' dir='ltr' id='par_1_36' title="bbox 264 3416 1909 3498">
     <span class='ocr_line' id='line_1_37' title="bbox 264 3416 1909 3498; baseline 0.012 -28"><span class='ocrx_word' id='word_1_280' title='bbox 264 3416 349 3471; x_wconf 90' lang='lat' dir='ltr'><strong>vit</strong></span> <span class='ocrx_word' id='word_1_281' title='bbox 380 3432 427 3473; x_wconf 93' lang='lat' dir='ltr'><strong>a.</strong></span> <span class='ocrx_word' id='word_1_282' title='bbox 463 3424 516 3490; x_wconf 91' lang='lat'><strong>2,</strong></span> <span class='ocrx_word' id='word_1_283' title='bbox 550 3436 624 3476; x_wconf 93' lang='lat' dir='ltr'><strong>m.</strong></span> <span class='ocrx_word' id='word_1_284' title='bbox 657 3427 707 3478; x_wconf 88' lang='lat'><strong>2.</strong></span> <span class='ocrx_word' id='word_1_285' title='bbox 741 3423 1109 3481; x_wconf 91' lang='lat' dir='ltr'><strong>Domicianus</strong></span> <span class='ocrx_word' id='word_1_286' title='bbox 1140 3441 1190 3481; x_wconf 88' lang='lat' dir='ltr'><strong>a.</strong></span> <span class='ocrx_word' id='word_1_287' title='bbox 1227 3432 1312 3498; x_wconf 90' lang='grc'><strong>15,</strong></span> <span class='ocrx_word' id='word_1_288' title='bbox 1376 3444 1450 3483; x_wconf 92' lang='lat' dir='ltr'><strong>m.</strong></span> <span class='ocrx_word' id='word_1_289' title='bbox 1486 3435 1535 3485; x_wconf 90' lang='grc'>5.</span> <span class='ocrx_word' id='word_1_290' title='bbox 1590 3430 1691 3487; x_wconf 87' lang='lat' dir='ltr'><strong>His</strong></span> <span class='ocrx_word' id='word_1_291' title='bbox 1740 3437 1771 3486; x_wconf 90' lang='grc'><strong>5</strong></span> <span class='ocrx_word' id='word_1_292' title='bbox 1812 3432 1909 3488; x_wconf 88' lang='lat' dir='ltr'><strong>ad-</strong></span> 
     </span>
    </p>
   </div>
   <div class='ocr_carea' id='block_1_37' title="bbox 265 3504 1906 3592">
    <p class='ocr_par' dir='ltr' id='par_1_37' title="bbox 265 3504 1906 3592">
     <span class='ocr_line' id='line_1_38' title="bbox 265 3504 1906 3592; baseline 0.011 -33"><span class='ocrx_word' id='word_1_293' title='bbox 265 3504 471 3563; x_wconf 87' lang='lat' dir='ltr'><strong>damus</strong></span> <span class='ocrx_word' id='word_1_294' title='bbox 495 3513 527 3564; x_wconf 92' lang='lat'><strong>7</strong></span> <span class='ocrx_word' id='word_1_295' title='bbox 550 3523 777 3566; x_wconf 89' lang='lat' dir='ltr'><strong>menses</strong></span> <span class='ocrx_word' id='word_1_296' title='bbox 812 3512 1176 3585; x_wconf 78' lang='lat' dir='ltr'><strong>VeSpasiani,</strong></span> <span class='ocrx_word' id='word_1_297' title='bbox 1209 3516 1538 3587; x_wconf 86' lang='lat' dir='ltr'><strong>completur</strong></span> <span class='ocrx_word' id='word_1_298' title='bbox 1561 3533 1765 3589; x_wconf 90' lang='lat' dir='ltr'><strong>annus,</strong></span> <span class='ocrx_word' id='word_1_299' title='bbox 1810 3522 1906 3592; x_wconf 89' lang='lat' dir='ltr'><strong>qui</strong></span> 
     </span>
    </p>
   </div>
   <div class='ocr_carea' id='block_1_38' title="bbox 266 3592 1903 3677">
    <p class='ocr_par' dir='ltr' id='par_1_38' title="bbox 266 3592 1903 3677">
     <span class='ocr_line' id='line_1_39' title="bbox 266 3592 1903 3677; baseline 0.011 -30"><span class='ocrx_word' id='word_1_300' title='bbox 266 3592 360 3648; x_wconf 89' lang='lat' dir='ltr'><strong>hic</strong></span> <span class='ocrx_word' id='word_1_301' title='bbox 392 3594 692 3654; x_wconf 82' lang='lat' dir='ltr'><strong>inseritur.</strong></span> <span class='ocrx_word' id='word_1_302' title='bbox 728 3600 868 3655; x_wconf 90' lang='lat' dir='ltr'><strong>Post</strong></span> <span class='ocrx_word' id='word_1_303' title='bbox 897 3601 1293 3658; x_wconf 88' lang='lat' dir='ltr'><strong>Domicianum</strong></span> <span class='ocrx_word' id='word_1_304' title='bbox 1326 3605 1508 3660; x_wconf 75' lang='lat' dir='ltr'><strong>Nerva</strong></span> <span class='ocrx_word' id='word_1_305' title='bbox 1545 3607 1826 3677; x_wconf 86' lang='lat' dir='ltr'><strong>regnavit,</strong></span> <span class='ocrx_word' id='word_1_306' title='bbox 1853 3625 1903 3666; x_wconf 93' lang='lat' dir='ltr'><strong>a.</strong></span> 
     </span>
    </p>
   </div>
   <div class='ocr_carea' id='block_1_39' title="bbox 267 3685 1908 3762">
    <p class='ocr_par' dir='ltr' id='par_1_39' title="bbox 267 3685 1908 3762">
     <span class='ocr_line' id='line_1_40' title="bbox 267 3685 1908 3762; baseline 0.01 -26"><span class='ocrx_word' id='word_1_307' title='bbox 267 3686 320 3750; x_wconf 92' lang='lat'><strong>1,</strong></span> <span class='ocrx_word' id='word_1_308' title='bbox 354 3697 428 3737; x_wconf 90' lang='lat' dir='ltr'><strong>m.</strong></span> <span class='ocrx_word' id='word_1_309' title='bbox 462 3685 513 3753; x_wconf 77' lang='grc'>4,</span> <span class='ocrx_word' id='word_1_310' title='bbox 549 3685 604 3741; x_wconf 89' lang='lat' dir='ltr'><strong>d.</strong></span> <span class='ocrx_word' id='word_1_311' title='bbox 638 3689 688 3741; x_wconf 91' lang='lat'><strong>8.</strong></span> <span class='ocrx_word' id='word_1_312' title='bbox 723 3688 833 3742; x_wconf 84' lang='lat' dir='ltr'><strong>Sex</strong></span> <span class='ocrx_word' id='word_1_313' title='bbox 865 3687 1043 3757; x_wconf 85' lang='lat' dir='ltr'><strong>igitur</strong></span> <span class='ocrx_word' id='word_1_314' title='bbox 1074 3691 1372 3747; x_wconf 86' lang='lat' dir='ltr'><strong>mensibus</strong></span> <span class='ocrx_word' id='word_1_315' title='bbox 1402 3693 1666 3762; x_wconf 88' lang='lat' dir='ltr'><strong>Othonis,</strong></span> <span class='ocrx_word' id='word_1_316' title='bbox 1714 3695 1908 3754; x_wconf 63' lang='lat' dir='ltr'><strong>Galbae</strong></span> 
     </span>
    </p>
   </div>
   <div class='ocr_carea' id='block_1_40' title="bbox 265 3770 1910 3851">
    <p class='ocr_par' dir='ltr' id='par_1_40' title="bbox 265 3770 1910 3851">
     <span class='ocr_line' id='line_1_41' title="bbox 265 3770 1910 3851; baseline 0.009 -26"><span class='ocrx_word' id='word_1_317' title='bbox 265 3773 327 3825; x_wconf 91' lang='lat' dir='ltr'><strong>et</strong></span> <span class='ocrx_word' id='word_1_318' title='bbox 354 3770 572 3826; x_wconf 89' lang='lat' dir='ltr'><strong>Vitellii</strong></span> <span class='ocrx_word' id='word_1_319' title='bbox 606 3772 655 3828; x_wconf 91' lang='lat' dir='ltr'><strong>si</strong></span> <span class='ocrx_word' id='word_1_320' title='bbox 689 3772 1086 3831; x_wconf 88' lang='lat' dir='ltr'><strong>addiderimus</strong></span> <span class='ocrx_word' id='word_1_321' title='bbox 1116 3777 1224 3831; x_wconf 85' lang='lat' dir='ltr'><strong>Titi</strong></span> <span class='ocrx_word' id='word_1_322' title='bbox 1259 3779 1425 3849; x_wconf 83' lang='lat' dir='ltr'><strong>duos,</strong></span> <span class='ocrx_word' id='word_1_323' title='bbox 1463 3782 1664 3836; x_wconf 60' lang='lat' dir='ltr'><strong>Nerva</strong></span> <span class='ocrx_word' id='word_1_324' title='bbox 1688 3783 1910 3851; x_wconf 48' lang='lat' dir='ltr'><strong>Leom-</strong></span> 
     </span>
    </p>
   </div>
   <div class='ocr_carea' id='block_1_41' title="bbox 265 3858 1909 3940">
    <p class='ocr_par' dir='ltr' id='par_1_41' title="bbox 265 3858 1909 3940">
     <span class='ocr_line' id='line_1_42' title="bbox 265 3858 1909 3940; baseline 0.009 -28"><span class='ocrx_word' id='word_1_325' title='bbox 265 3858 463 3930; x_wconf 88' lang='lat' dir='ltr'><strong>pletur</strong></span> <span class='ocrx_word' id='word_1_326' title='bbox 492 3874 696 3931; x_wconf 92' lang='lat' dir='ltr'><strong>annus,</strong></span> <span class='ocrx_word' id='word_1_327' title='bbox 730 3868 790 3918; x_wconf 90' lang='lat' dir='ltr'><strong>et</strong></span> <span class='ocrx_word' id='word_1_328' title='bbox 821 3862 913 3917; x_wconf 89' lang='lat' dir='ltr'><strong>hic</strong></span> <span class='ocrx_word' id='word_1_329' title='bbox 936 3863 1238 3921; x_wconf 88' lang='lat' dir='ltr'><strong>inseritur.</strong></span> <span class='ocrx_word' id='word_1_330' title='bbox 1265 3868 1401 3921; x_wconf 88' lang='lat' dir='ltr'><strong>Post</strong></span> <span class='ocrx_word' id='word_1_331' title='bbox 1428 3869 1672 3924; x_wconf 82' lang='lat' dir='ltr'><strong>Nervam</strong></span> <span class='ocrx_word' id='word_1_332' title='bbox 1705 3885 1909 3940; x_wconf 90' lang='lat' dir='ltr'><strong>regna-</strong></span> 
     </span>
    </p>
   </div>
   <div class='ocr_carea' id='block_1_42' title="bbox 264 3944 1907 4025">
    <p class='ocr_par' dir='ltr' id='par_1_42' title="bbox 264 3944 1907 4025">
     <span class='ocr_line' id='line_1_43' title="bbox 264 3944 1907 4025; baseline 0.009 -23"><span class='ocrx_word' id='word_1_333' title='bbox 264 3946 349 4002; x_wconf 91' lang='lat' dir='ltr'><strong>vit</strong></span> <span class='ocrx_word' id='word_1_334' title='bbox 380 3947 659 4017; x_wconf 87' lang='lat' dir='ltr'><strong>Trajanus</strong></span> <span class='ocrx_word' id='word_1_335' title='bbox 691 3944 863 4021; x_wconf 35' lang='lat' dir='ltr'><strong>a.’19,</strong></span> <span class='ocrx_word' id='word_1_336' title='bbox 899 3967 973 4007; x_wconf 91' lang='lat' dir='ltr'><strong>m.</strong></span> <span class='ocrx_word' id='word_1_337' title='bbox 1010 3956 1061 4021; x_wconf 86' lang='lat'><strong>6,</strong></span> <span class='ocrx_word' id='word_1_338' title='bbox 1096 3954 1149 4008; x_wconf 80' lang='lat' dir='ltr'><strong>cl.</strong></span> <span class='ocrx_word' id='word_1_339' title='bbox 1192 3959 1250 4008; x_wconf 80' lang='grc'><strong>15</strong></span> <span class='ocrx_word' id='word_1_340' title='bbox 1300 3956 1470 4025; x_wconf 87' lang='lat' dir='ltr'><strong>cujus</strong></span> <span class='ocrx_word' id='word_1_341' title='bbox 1521 3971 1550 4011; x_wconf 93' lang='lat' dir='ltr'><strong>a</strong></span> <span class='ocrx_word' id='word_1_342' title='bbox 1601 3963 1661 4013; x_wconf 86' lang='lat'><strong>2°</strong></span> <span class='ocrx_word' id='word_1_343' title='bbox 1700 3959 1907 4017; x_wconf 90' lang='lat' dir='ltr'><strong>beatus</strong></span> 
     </span>
    </p>
   </div>
   <div class='ocr_carea' id='block_1_43' title="bbox 264 4032 1902 4110">
    <p class='ocr_par' dir='ltr' id='par_1_43' title="bbox 264 4032 1902 4110">
     <span class='ocr_line' id='line_1_44' title="bbox 264 4032 1902 4110; baseline 0.01 -24"><span class='ocrx_word' id='word_1_344' title='bbox 264 4032 573 4090; x_wconf 88' lang='lat' dir='ltr'><strong>Sanctinus</strong></span> <span class='ocrx_word' id='word_1_345' title='bbox 597 4035 866 4105; x_wconf 89' lang='lat' dir='ltr'><strong>migravit</strong></span> <span class='ocrx_word' id='word_1_346' title='bbox 891 4040 962 4093; x_wconf 89' lang='lat' dir='ltr'><strong>ad</strong></span> <span class='ocrx_word' id='word_1_347' title='bbox 986 4039 1307 4110; x_wconf 90' lang='lat' dir='ltr'><strong>Dominum,</strong></span> <span class='ocrx_word' id='word_1_348' title='bbox 1330 4056 1480 4097; x_wconf 89' lang='lat' dir='ltr'><strong>anno</strong></span> <span class='ocrx_word' id='word_1_349' title='bbox 1503 4044 1575 4098; x_wconf 89' lang='lat' dir='ltr'><strong>ab</strong></span> <span class='ocrx_word' id='word_1_350' title='bbox 1610 4043 1717 4100; x_wconf 88' lang='lat' dir='ltr'><strong>inc.</strong></span> <span class='ocrx_word' id='word_1_351' title='bbox 1744 4047 1902 4102; x_wconf 91' lang='lat' dir='ltr'><strong>Dom.</strong></span> 
     </span>
    </p>
   </div>
   <div class='ocr_carea' id='block_1_44' title="bbox 263 4123 1902 4205">
    <p class='ocr_par' dir='ltr' id='par_1_44' title="bbox 263 4123 1902 4205">
     <span class='ocr_line' id='line_1_45' title="bbox 263 4123 1902 4205; baseline 0.008 -28"><span class='ocrx_word' id='word_1_352' title='bbox 263 4126 383 4191; x_wconf 88' lang='grc'>105,</span> <span class='ocrx_word' id='word_1_353' title='bbox 419 4138 492 4178; x_wconf 91' lang='lat' dir='ltr'><strong>m.</strong></span> <span class='ocrx_word' id='word_1_354' title='bbox 530 4129 617 4194; x_wconf 88' lang='lat'><strong>10,</strong></span> <span class='ocrx_word' id='word_1_355' title='bbox 648 4123 703 4180; x_wconf 86' lang='lat' dir='ltr'><strong>d.</strong></span> <span class='ocrx_word' id='word_1_356' title='bbox 741 4128 825 4194; x_wconf 90' lang='lat'><strong>18,</strong></span> <span class='ocrx_word' id='word_1_357' title='bbox 860 4126 1132 4183; x_wconf 80' lang='lat' dir='ltr'><strong>Africano</strong></span> <span class='ocrx_word' id='word_1_358' title='bbox 1165 4129 1513 4199; x_wconf 87' lang='lat' dir='ltr'><strong>etCrispino</strong></span> <span class='ocrx_word' id='word_1_359' title='bbox 1540 4133 1902 4205; x_wconf 89' lang='lat' dir='ltr'><strong>consulibus,</strong></span> 
     </span>
    </p>
   </div>
   <div class='ocr_carea' id='block_1_45' title="bbox 260 4211 1906 4291">
    <p class='ocr_par' dir='ltr' id='par_1_45' title="bbox 260 4211 1906 4291">
     <span class='ocr_line' id='line_1_46' title="bbox 260 4211 1906 4291; baseline 0.008 -26"><span class='ocrx_word' id='word_1_360' title='bbox 260 4223 291 4265; x_wconf 92' lang='lat' dir='ltr'><strong>a</strong></span> <span class='ocrx_word' id='word_1_361' title='bbox 320 4211 593 4281; x_wconf 89' lang='lat' dir='ltr'><strong>passione</strong></span> <span class='ocrx_word' id='word_1_362' title='bbox 626 4213 780 4267; x_wconf 89' lang='lat' dir='ltr'><strong>beati</strong></span> <span class='ocrx_word' id='word_1_363' title='bbox 813 4214 1065 4284; x_wconf 90' lang='lat' dir='ltr'><strong>Dyonisii</strong></span> <span class='ocrx_word' id='word_1_364' title='bbox 1096 4230 1146 4270; x_wconf 94' lang='lat' dir='ltr'><strong>a.</strong></span> <span class='ocrx_word' id='word_1_365' title='bbox 1173 4222 1224 4285; x_wconf 91' lang='lat'><strong>8,</strong></span> <span class='ocrx_word' id='word_1_366' title='bbox 1246 4218 1655 4287; x_wconf 87' lang='lat' dir='ltr'><strong>pontiﬁcatum</strong></span> <span class='ocrx_word' id='word_1_367' title='bbox 1676 4235 1704 4276; x_wconf 90' lang='lat' dir='ltr'><strong>a</strong></span> <span class='ocrx_word' id='word_1_368' title='bbox 1729 4226 1906 4291; x_wconf 88' lang='lat' dir='ltr'><strong>gente</strong></span> 
     </span>
    </p>
   </div>
   <div class='ocr_carea' id='block_1_46' title="bbox 257 4297 1903 4380">
    <p class='ocr_par' dir='ltr' id='par_1_46' title="bbox 257 4297 1903 4380">
     <span class='ocr_line' id='line_1_47' title="bbox 257 4297 1903 4380; baseline 0.008 -27"><span class='ocrx_word' id='word_1_369' title='bbox 257 4297 532 4356; x_wconf 73' lang='lat' dir='ltr'><strong>Romanu:</strong></span> <span class='ocrx_word' id='word_1_370' title='bbox 562 4300 843 4358; x_wconf 63' lang='lat' dir='ltr'><strong>mcclesizc</strong></span> <span class='ocrx_word' id='word_1_371' title='bbox 872 4318 1021 4374; x_wconf 90' lang='lat' dir='ltr'><strong>papa</strong></span> <span class='ocrx_word' id='word_1_372' title='bbox 1052 4304 1323 4360; x_wconf 86' lang='lat' dir='ltr'><strong>Euaristo</strong></span> <span class='ocrx_word' id='word_1_373' title='bbox 1354 4320 1404 4361; x_wconf 89' lang='lat' dir='ltr'><strong>a.</strong></span> <span class='ocrx_word' id='word_1_374' title='bbox 1460 4311 1513 4377; x_wconf 90' lang='lat'><strong>9,</strong></span> <span class='ocrx_word' id='word_1_375' title='bbox 1547 4308 1903 4380; x_wconf 89' lang='lat' dir='ltr'><strong>interposito</strong></span> 
     </span>
    </p>
   </div>
   <div class='ocr_carea' id='block_1_47' title="bbox 259 4390 1904 4471">
    <p class='ocr_par' dir='ltr' id='par_1_47' title="bbox 259 4390 1904 4471">
     <span class='ocr_line' id='line_1_48' title="bbox 259 4390 1904 4471; baseline 0.009 -29"><span class='ocrx_word' id='word_1_376' title='bbox 259 4391 451 4444; x_wconf 89' lang='lat' dir='ltr'><strong>tamen</strong></span> <span class='ocrx_word' id='word_1_377' title='bbox 475 4403 625 4446; x_wconf 93' lang='lat' dir='ltr'><strong>anno</strong></span> <span class='ocrx_word' id='word_1_378' title='bbox 654 4390 776 4462; x_wconf 88' lang='lat' dir='ltr'><strong>illo,</strong></span> <span class='ocrx_word' id='word_1_379' title='bbox 803 4393 900 4462; x_wconf 90' lang='lat' dir='ltr'><strong>qui</strong></span> <span class='ocrx_word' id='word_1_380' title='bbox 926 4393 997 4448; x_wconf 93' lang='lat' dir='ltr'><strong>de</strong></span> <span class='ocrx_word' id='word_1_381' title='bbox 1018 4393 1436 4465; x_wconf 87' lang='lat' dir='ltr'><strong>supputatione</strong></span> <span class='ocrx_word' id='word_1_382' title='bbox 1460 4398 1741 4454; x_wconf 86' lang='lat' dir='ltr'><strong>mensium</strong></span> <span class='ocrx_word' id='word_1_383' title='bbox 1773 4414 1904 4471; x_wconf 84' lang='lat' dir='ltr'><strong>pro-</strong></span> 
     </span>
    </p>
   </div>
   <div class='ocr_carea' id='block_1_48' title="bbox 253 4476 1899 4558">
    <p class='ocr_par' dir='ltr' id='par_1_48' title="bbox 253 4476 1899 4558">
     <span class='ocr_line' id='line_1_49' title="bbox 253 4476 1899 4558; baseline 0.008 -26"><span class='ocrx_word' id='word_1_384' title='bbox 253 4476 439 4548; x_wconf 77' lang='lat' dir='ltr'><strong>cedit,</strong></span> <span class='ocrx_word' id='word_1_385' title='bbox 470 4483 536 4534; x_wconf 92' lang='lat' dir='ltr'><strong>ut</strong></span> <span class='ocrx_word' id='word_1_386' title='bbox 566 4493 845 4537; x_wconf 90' lang='lat' dir='ltr'><strong>numerus</strong></span> <span class='ocrx_word' id='word_1_387' title='bbox 878 4496 1160 4539; x_wconf 89' lang='lat' dir='ltr'><strong>annorum</strong></span> <span class='ocrx_word' id='word_1_388' title='bbox 1193 4485 1613 4555; x_wconf 88' lang='lat' dir='ltr'><strong>pontiﬁcalium</strong></span> <span class='ocrx_word' id='word_1_389' title='bbox 1636 4490 1899 4558; x_wconf 82' lang='lat' dir='ltr'><strong>perfecte</strong></span> 
     </span>
    </p>
   </div>
   <div class='ocr_carea' id='block_1_49' title="bbox 253 4569 1901 4645">
    <p class='ocr_par' dir='ltr' id='par_1_49' title="bbox 253 4569 1901 4645">
     <span class='ocr_line' id='line_1_50' title="bbox 253 4569 1901 4645; baseline 0.008 -25"><span class='ocrx_word' id='word_1_390' title='bbox 253 4570 548 4637; x_wconf 89' lang='lat' dir='ltr'><strong>servetur,</strong></span> <span class='ocrx_word' id='word_1_391' title='bbox 585 4572 643 4622; x_wconf 91' lang='lat' dir='ltr'><strong>et</strong></span> <span class='ocrx_word' id='word_1_392' title='bbox 672 4569 745 4625; x_wconf 89' lang='lat' dir='ltr'><strong>ab</strong></span> <span class='ocrx_word' id='word_1_393' title='bbox 772 4570 940 4625; x_wconf 92' lang='lat' dir='ltr'><strong>obitu</strong></span> <span class='ocrx_word' id='word_1_394' title='bbox 972 4571 1127 4627; x_wconf 90' lang='lat' dir='ltr'><strong>beati</strong></span> <span class='ocrx_word' id='word_1_395' title='bbox 1163 4572 1420 4629; x_wconf 89' lang='lat' dir='ltr'><strong>Sanctini</strong></span> <span class='ocrx_word' id='word_1_396' title='bbox 1465 4588 1649 4645; x_wconf 92' lang='lat' dir='ltr'><strong>usque</strong></span> <span class='ocrx_word' id='word_1_397' title='bbox 1699 4576 1767 4631; x_wconf 88' lang='lat' dir='ltr'><strong>ad</strong></span> <span class='ocrx_word' id='word_1_398' title='bbox 1799 4578 1901 4633; x_wconf 92' lang='lat' dir='ltr'><strong>ob-</strong></span> 
     </span>
    </p>
   </div>
   <div class='ocr_carea' id='block_1_50' title="bbox 254 4652 1897 4735">
    <p class='ocr_par' dir='ltr' id='par_1_50' title="bbox 254 4652 1897 4735">
     <span class='ocr_line' id='line_1_51' title="bbox 254 4652 1897 4735; baseline 0.01 -28"><span class='ocrx_word' id='word_1_399' title='bbox 254 4652 400 4710; x_wconf 90' lang='lat' dir='ltr'><strong>itum</strong></span> <span class='ocrx_word' id='word_1_400' title='bbox 433 4655 708 4729; x_wconf 87' lang='lat' dir='ltr'><strong>Euaristi,</strong></span> <span class='ocrx_word' id='word_1_401' title='bbox 743 4658 841 4729; x_wconf 93' lang='lat' dir='ltr'><strong>qui</strong></span> <span class='ocrx_word' id='word_1_402' title='bbox 874 4659 1024 4715; x_wconf 92' lang='lat' dir='ltr'><strong>obiit</strong></span> <span class='ocrx_word' id='word_1_403' title='bbox 1053 4665 1104 4717; x_wconf 88' lang='lat'><strong>6.</strong></span> <span class='ocrx_word' id='word_1_404' title='bbox 1137 4661 1260 4717; x_wconf 86' lang='lat' dir='ltr'><strong>Kal.</strong></span> <span class='ocrx_word' id='word_1_405' title='bbox 1308 4663 1673 4735; x_wconf 87' lang='lat' dir='ltr'><strong>Novembris,</strong></span> <span class='ocrx_word' id='word_1_406' title='bbox 1710 4680 1897 4723; x_wconf 89' lang='lat' dir='ltr'><strong>annus</strong></span> 
     </span>
    </p>
   </div>
   <div class='ocr_carea' id='block_1_51' title="bbox 251 4747 1285 4828">
    <p class='ocr_par' dir='ltr' id='par_1_51' title="bbox 251 4747 1285 4828">
     <span class='ocr_line' id='line_1_52' title="bbox 251 4747 1285 4828; baseline 0.011 -24"><span class='ocrx_word' id='word_1_407' title='bbox 251 4747 484 4822; x_wconf 86' lang='lat' dir='ltr'><strong>integer</strong></span> <span class='ocrx_word' id='word_1_408' title='bbox 512 4758 573 4809; x_wconf 89' lang='lat' dir='ltr'><strong>et</strong></span> <span class='ocrx_word' id='word_1_409' title='bbox 600 4754 726 4811; x_wconf 89' lang='lat' dir='ltr'><strong>dies</strong></span> <span class='ocrx_word' id='word_1_410' title='bbox 758 4762 822 4812; x_wconf 94' lang='lat'><strong>17</strong></span> <span class='ocrx_word' id='word_1_411' title='bbox 852 4761 1285 4828; x_wconf 88' lang='lat' dir='ltr'><strong>computentur.</strong></span> 
     </span>
    </p>
   </div>
   <div class='ocr_carea' id='block_1_52' title="bbox 1928 4535 1983 4596">
    <p class='ocr_par' dir='ltr' id='par_1_52' title="bbox 1928 4535 1983 4596">
     <span class='ocr_line' id='line_1_53' title="bbox 1928 4535 1983 4596; baseline 0 0"><span class='ocrx_word' id='word_1_412' title='bbox 1928 4535 1983 4596; x_wconf 95' lang='lat' dir='ltr'><strong>D</strong></span> 
     </span>
    </p>
   </div>
   <div class='ocr_carea' id='block_1_53' title="bbox 2067 574 3698 669">
    <p class='ocr_par' dir='ltr' id='par_1_53' title="bbox 2067 574 3698 669">
     <span class='ocr_line' id='line_1_54' title="bbox 2067 574 3698 669; baseline 0.023 -42"><span class='ocrx_word' id='word_1_413' title='bbox 2067 574 2195 630; x_wconf 91' lang='lat' dir='ltr'><strong>tuit.</strong></span> <span class='ocrx_word' id='word_1_414' title='bbox 2233 578 2550 639; x_wconf 89' lang='lat' dir='ltr'><strong>Novissime</strong></span> <span class='ocrx_word' id='word_1_415' title='bbox 2577 584 2768 642; x_wconf 90' lang='lat' dir='ltr'><strong>divina</strong></span> <span class='ocrx_word' id='word_1_416' title='bbox 2803 591 3159 650; x_wconf 91' lang='lat' dir='ltr'><strong>revelatione</strong></span> <span class='ocrx_word' id='word_1_417' title='bbox 3191 605 3487 669; x_wconf 91' lang='lat' dir='ltr'><strong>repertum</strong></span> <span class='ocrx_word' id='word_1_418' title='bbox 3506 610 3562 660; x_wconf 92' lang='lat' dir='ltr'><strong>ct</strong></span> <span class='ocrx_word' id='word_1_419' title='bbox 3582 607 3698 665; x_wconf 89' lang='lat' dir='ltr'><strong>ele-</strong></span> 
     </span>
    </p>
   </div>
   <div class='ocr_carea' id='block_1_54' title="bbox 2061 667 3695 767">
    <p class='ocr_par' dir='ltr' id='par_1_54' title="bbox 2061 667 3695 767">
     <span class='ocr_line' id='line_1_55' title="bbox 2061 667 3695 767; baseline 0.022 -51"><span class='ocrx_word' id='word_1_420' title='bbox 2061 667 2255 767; x_wconf 70' lang='lat' dir='ltr'><strong>vatum</strong></span> <span class='ocrx_word' id='word_1_421' title='bbox 2290 668 2431 724; x_wconf 90' lang='lat' dir='ltr'><strong>mira</strong></span> <span class='ocrx_word' id='word_1_422' title='bbox 2461 671 2822 731; x_wconf 87' lang='lat' dir='ltr'><strong>exultatione</strong></span> <span class='ocrx_word' id='word_1_423' title='bbox 2844 680 3055 737; x_wconf 91' lang='lat' dir='ltr'><strong>civium</strong></span> <span class='ocrx_word' id='word_1_424' title='bbox 3079 688 3135 738; x_wconf 91' lang='lat' dir='ltr'><strong>et</strong></span> <span class='ocrx_word' id='word_1_425' title='bbox 3158 667 3572 750; x_wconf 84' lang='lat' dir='ltr'><strong>conﬂuentium</strong></span> <span class='ocrx_word' id='word_1_426' title='bbox 3600 712 3695 767; x_wconf 92' lang='lat' dir='ltr'><strong>po-</strong></span> 
     </span>
    </p>
   </div>
   <div class='ocr_carea' id='block_1_55' title="bbox 2059 749 3698 852">
    <p class='ocr_par' dir='ltr' id='par_1_55' title="bbox 2059 749 3698 852">
     <span class='ocr_line' id='line_1_56' title="bbox 2059 749 3698 852; baseline 0.023 -48"><span class='ocrx_word' id='word_1_427' title='bbox 2059 749 2343 852; x_wconf 73' lang='lat' dir='ltr'><strong>pulorum,</strong></span> <span class='ocrx_word' id='word_1_428' title='bbox 2377 761 2830 820; x_wconf 88' lang='lat' dir='ltr'><strong>sacratissimum</strong></span> <span class='ocrx_word' id='word_1_429' title='bbox 2863 782 3079 840; x_wconf 91' lang='lat' dir='ltr'><strong>corpus</strong></span> <span class='ocrx_word' id='word_1_430' title='bbox 3114 772 3239 842; x_wconf 91' lang='lat' dir='ltr'><strong>ejus</strong></span> <span class='ocrx_word' id='word_1_431' title='bbox 3282 778 3350 832; x_wconf 90' lang='lat' dir='ltr'><strong>ad</strong></span> <span class='ocrx_word' id='word_1_432' title='bbox 3374 749 3698 852; x_wconf 66' lang='lat' dir='ltr'><strong>prapician-</strong></span> 
     </span>
    </p>
   </div>
   <div class='ocr_carea' id='block_1_56' title="bbox 2055 836 3696 931">
    <p class='ocr_par' dir='ltr' id='par_1_56' title="bbox 2055 836 3696 931">
     <span class='ocr_line' id='line_1_57' title="bbox 2055 836 3696 931; baseline 0.024 -40"><span class='ocrx_word' id='word_1_433' title='bbox 2055 836 2186 893; x_wconf 91' lang='lat' dir='ltr'><strong>dum</strong></span> <span class='ocrx_word' id='word_1_434' title='bbox 2218 843 2392 899; x_wconf 89' lang='lat' dir='ltr'><strong>Deum</strong></span> <span class='ocrx_word' id='word_1_435' title='bbox 2424 847 2654 906; x_wconf 90' lang='lat' dir='ltr'><strong>miseris</strong></span> <span class='ocrx_word' id='word_1_436' title='bbox 2688 836 3032 913; x_wconf 82' lang='lat' dir='ltr'><strong>mortalibus</strong></span> <span class='ocrx_word' id='word_1_437' title='bbox 3063 836 3237 931; x_wconf 82' lang='lat' dir='ltr'><strong>super</strong></span> <span class='ocrx_word' id='word_1_438' title='bbox 3264 836 3524 925; x_wconf 45' lang='lat' dir='ltr'><strong>altalrei&#39;n</strong></span> <span class='ocrx_word' id='word_1_439' title='bbox 3548 873 3696 929; x_wconf 91' lang='lat' dir='ltr'><strong>cele-</strong></span> 
     </span>
    </p>
   </div>
   <div class='ocr_carea' id='block_1_57' title="bbox 2052 926 3691 1026">
    <p class='ocr_par' dir='ltr' id='par_1_57' title="bbox 2052 926 3691 1026">
     <span class='ocr_line' id='line_1_58' title="bbox 2052 926 3691 1026; baseline 0.02 -43"><span class='ocrx_word' id='word_1_440' title='bbox 2052 926 2128 983; x_wconf 87' lang='lat' dir='ltr'><strong>sti</strong></span> <span class='ocrx_word' id='word_1_441' title='bbox 2160 930 2577 1026; x_wconf 83' lang='lat' dir='ltr'><strong>propiciatorio</strong></span> <span class='ocrx_word' id='word_1_442' title='bbox 2608 939 2680 994; x_wconf 89' lang='lat' dir='ltr'><strong>ab</strong></span> <span class='ocrx_word' id='word_1_443' title='bbox 2711 942 3006 1014; x_wconf 90' lang='lat' dir='ltr'><strong>episcopis</strong></span> <span class='ocrx_word' id='word_1_444' title='bbox 3026 926 3339 1009; x_wconf 82' lang='lat' dir='ltr'><strong>honoriﬁce</strong></span> <span class='ocrx_word' id='word_1_445' title='bbox 3371 926 3691 1026; x_wconf 80' lang='lat' dir='ltr'><strong>repositum</strong></span> 
     </span>
    </p>
   </div>
   <div class='ocr_carea' id='block_1_58' title="bbox 2049 1017 3690 1102">
    <p class='ocr_par' dir='ltr' id='par_1_58' title="bbox 2049 1017 3690 1102">
     <span class='ocr_line' id='line_1_59' title="bbox 2049 1017 3690 1102; baseline 0.021 -35"><span class='ocrx_word' id='word_1_446' title='bbox 2049 1019 2161 1084; x_wconf 90' lang='lat' dir='ltr'><strong>est,</strong></span> <span class='ocrx_word' id='word_1_447' title='bbox 2198 1017 2294 1071; x_wconf 90' lang='lat' dir='ltr'><strong>ubi</strong></span> <span class='ocrx_word' id='word_1_448' title='bbox 2328 1034 2431 1089; x_wconf 90' lang='lat' dir='ltr'><strong>per</strong></span> <span class='ocrx_word' id='word_1_449' title='bbox 2452 1027 2892 1085; x_wconf 89' lang='lat' dir='ltr'><strong>succedentium</strong></span> <span class='ocrx_word' id='word_1_450' title='bbox 2939 1047 3221 1093; x_wconf 90' lang='lat' dir='ltr'><strong>annorum</strong></span> <span class='ocrx_word' id='word_1_451' title='bbox 3271 1017 3561 1100; x_wconf 78' lang='lat' dir='ltr'><strong>volumina</strong></span> <span class='ocrx_word' id='word_1_452' title='bbox 3618 1048 3690 1102; x_wconf 90' lang='lat' dir='ltr'><strong>ab</strong></span> 
     </span>
    </p>
   </div>
   <div class='ocr_carea' id='block_1_59' title="bbox 2048 1106 3677 1205">
    <p class='ocr_par' dir='ltr' id='par_1_59' title="bbox 2048 1106 3677 1205">
     <span class='ocr_line' id='line_1_60' title="bbox 2048 1106 3677 1205; baseline 0.021 -49"><span class='ocrx_word' id='word_1_453' title='bbox 2048 1106 2496 1167; x_wconf 87' lang='lat' dir='ltr'><strong>excubitoribus</strong></span> <span class='ocrx_word' id='word_1_454' title='bbox 2538 1113 2849 1184; x_wconf 85' lang='lat' dir='ltr'><strong>diligenter</strong></span> <span class='ocrx_word' id='word_1_455' title='bbox 2889 1130 3183 1181; x_wconf 90' lang='lat' dir='ltr'><strong>servatum</strong></span> <span class='ocrx_word' id='word_1_456' title='bbox 3222 1130 3278 1182; x_wconf 87' lang='lat' dir='ltr'><strong>et</strong></span> <span class='ocrx_word' id='word_1_457' title='bbox 3337 1131 3677 1205; x_wconf 87' lang='lat' dir='ltr'><strong>honoriﬁce,</strong></span> 
     </span>
    </p>
   </div>
   <div class='ocr_carea' id='block_1_60' title="bbox 2048 1195 3685 1293">
    <p class='ocr_par' dir='ltr' id='par_1_60' title="bbox 2048 1195 3685 1293">
     <span class='ocr_line' id='line_1_61' title="bbox 2048 1195 3685 1293; baseline 0.021 -48"><span class='ocrx_word' id='word_1_458' title='bbox 2048 1195 2371 1293; x_wconf 80' lang='lat' dir='ltr'><strong>permansit</strong></span> <span class='ocrx_word' id='word_1_459' title='bbox 2406 1214 2588 1269; x_wconf 91' lang='lat' dir='ltr'><strong>usque</strong></span> <span class='ocrx_word' id='word_1_460' title='bbox 2617 1204 2687 1257; x_wconf 88' lang='lat' dir='ltr'><strong>ad</strong></span> <span class='ocrx_word' id='word_1_461' title='bbox 2713 1211 2972 1278; x_wconf 85' lang='lat' dir='ltr'><strong>tempora</strong></span> <span class='ocrx_word' id='word_1_462' title='bbox 2998 1211 3264 1270; x_wconf 86' lang='lat' dir='ltr'><strong>Ludovici</strong></span> <span class='ocrx_word' id='word_1_463' title='bbox 3291 1195 3685 1293; x_wconf 72' lang='lat' dir='ltr'><strong>imperatoris,</strong></span> 
     </span>
    </p>
   </div>
   <div class='ocr_carea' id='block_1_61' title="bbox 2046 1278 3682 1369">
    <p class='ocr_par' dir='ltr' id='par_1_61' title="bbox 2046 1278 3682 1369">
     <span class='ocr_line' id='line_1_62' title="bbox 2046 1278 3682 1369; baseline 0.021 -36"><span class='ocrx_word' id='word_1_464' title='bbox 2046 1278 2261 1338; x_wconf 90' lang='lat' dir='ltr'><strong>Lotarii</strong></span> <span class='ocrx_word' id='word_1_465' title='bbox 2295 1300 2458 1356; x_wconf 77' lang='lat' dir='ltr'><strong>aeque</strong></span> <span class='ocrx_word' id='word_1_466' title='bbox 2493 1288 2863 1360; x_wconf 89' lang='lat' dir='ltr'><strong>imperatoris</strong></span> <span class='ocrx_word' id='word_1_467' title='bbox 2896 1297 3017 1369; x_wconf 90' lang='lat' dir='ltr'><strong>ﬁlii,</strong></span> <span class='ocrx_word' id='word_1_468' title='bbox 3060 1302 3177 1357; x_wconf 92' lang='lat' dir='ltr'><strong>Deo</strong></span> <span class='ocrx_word' id='word_1_469' title='bbox 3216 1278 3478 1363; x_wconf 73' lang='lat' dir='ltr'><strong>sanctum</strong></span> <span class='ocrx_word' id='word_1_470' title='bbox 3516 1278 3682 1367; x_wconf 77' lang='lat' dir='ltr'><strong>suum</strong></span> 
     </span>
    </p>
   </div>
   <div class='ocr_carea' id='block_1_62' title="bbox 2046 1368 3680 1455">
    <p class='ocr_par' dir='ltr' id='par_1_62' title="bbox 2046 1368 3680 1455">
     <span class='ocr_line' id='line_1_63' title="bbox 2046 1368 3680 1455; baseline 0.021 -34"><span class='ocrx_word' id='word_1_471' title='bbox 2046 1368 2393 1428; x_wconf 90' lang='lat' dir='ltr'><strong>miriﬁcante</strong></span> <span class='ocrx_word' id='word_1_472' title='bbox 2453 1376 2638 1446; x_wconf 89' lang='lat' dir='ltr'><strong>signis</strong></span> <span class='ocrx_word' id='word_1_473' title='bbox 2685 1385 2743 1434; x_wconf 93' lang='lat' dir='ltr'><strong>et</strong></span> <span class='ocrx_word' id='word_1_474' title='bbox 2794 1386 3075 1455; x_wconf 84' lang='lat' dir='ltr'><strong>prodigiis</strong></span> <span class='ocrx_word' id='word_1_475' title='bbox 3138 1389 3680 1455; x_wconf 89' lang='lat' dir='ltr'><strong>innumerabilibus.</strong></span> 
     </span>
    </p>
   </div>
   <div class='ocr_carea' id='block_1_63' title="bbox 2043 1455 3685 1554">
    <p class='ocr_par' dir='ltr' id='par_1_63' title="bbox 2043 1455 3685 1554">
     <span class='ocr_line' id='line_1_64' title="bbox 2043 1455 3685 1554; baseline 0.019 -44"><span class='ocrx_word' id='word_1_476' title='bbox 2043 1455 2183 1554; x_wconf 61' lang='lat' dir='ltr'><strong>Post</strong></span> <span class='ocrx_word' id='word_1_477' title='bbox 2214 1458 2339 1531; x_wconf 92' lang='lat' dir='ltr'><strong>hec,</strong></span> <span class='ocrx_word' id='word_1_478' title='bbox 2376 1464 2508 1533; x_wconf 90' lang='lat' dir='ltr'><strong>quia</strong></span> <span class='ocrx_word' id='word_1_479' title='bbox 2543 1466 2626 1521; x_wconf 91' lang='lat' dir='ltr'><strong>sic</strong></span> <span class='ocrx_word' id='word_1_480' title='bbox 2658 1469 2810 1525; x_wconf 91' lang='lat' dir='ltr'><strong>Deus</strong></span> <span class='ocrx_word' id='word_1_481' title='bbox 2843 1472 3045 1543; x_wconf 85' lang='lat' dir='ltr'><strong>voluit,</strong></span> <span class='ocrx_word' id='word_1_482' title='bbox 3081 1478 3431 1536; x_wconf 90' lang='lat' dir='ltr'><strong>translatum</strong></span> <span class='ocrx_word' id='word_1_483' title='bbox 3472 1488 3582 1554; x_wconf 90' lang='lat' dir='ltr'><strong>est,</strong></span> <span class='ocrx_word' id='word_1_484' title='bbox 3625 1490 3685 1540; x_wconf 93' lang='lat' dir='ltr'><strong>et</strong></span> 
     </span>
    </p>
   </div>
   <div class='ocr_carea' id='block_1_64' title="bbox 2043 1542 3683 1642">
    <p class='ocr_par' dir='ltr' id='par_1_64' title="bbox 2043 1542 3683 1642">
     <span class='ocr_line' id='line_1_65' title="bbox 2043 1542 3683 1642; baseline 0.02 -45"><span class='ocrx_word' id='word_1_485' title='bbox 2043 1542 2284 1603; x_wconf 88' lang='lat' dir='ltr'><strong>Virduni</strong></span> <span class='ocrx_word' id='word_1_486' title='bbox 2344 1552 2398 1605; x_wconf 90' lang='lat' dir='ltr'><strong>in</strong></span> <span class='ocrx_word' id='word_1_487' title='bbox 2440 1554 2703 1611; x_wconf 72' lang='lat' dir='ltr'><strong>aecclesia</strong></span> <span class='ocrx_word' id='word_1_488' title='bbox 2758 1563 2944 1616; x_wconf 89' lang='lat' dir='ltr'><strong>sancti</strong></span> <span class='ocrx_word' id='word_1_489' title='bbox 3003 1542 3154 1634; x_wconf 91' lang='lat' dir='ltr'><strong>petri</strong></span> <span class='ocrx_word' id='word_1_490' title='bbox 3216 1567 3487 1642; x_wconf 92' lang='lat' dir='ltr'><strong>locatum,</strong></span> <span class='ocrx_word' id='word_1_491' title='bbox 3528 1542 3589 1628; x_wconf 76' lang='lat' dir='ltr'><strong>et</strong></span> <span class='ocrx_word' id='word_1_492' title='bbox 3627 1574 3683 1630; x_wconf 92' lang='lat' dir='ltr'><strong>in</strong></span> 
     </span>
    </p>
   </div>
   <div class='ocr_carea' id='block_1_65' title="bbox 2043 1636 3673 1730">
    <p class='ocr_par' dir='ltr' id='par_1_65' title="bbox 2043 1636 3673 1730">
     <span class='ocr_line' id='line_1_66' title="bbox 2043 1636 3673 1730; baseline 0.019 -41"><span class='ocrx_word' id='word_1_493' title='bbox 2043 1636 2257 1693; x_wconf 88' lang='lat' dir='ltr'><strong>scrinio</strong></span> <span class='ocrx_word' id='word_1_494' title='bbox 2288 1646 2565 1710; x_wconf 89' lang='lat' dir='ltr'><strong>argenteo</strong></span> <span class='ocrx_word' id='word_1_495' title='bbox 2602 1650 2987 1721; x_wconf 89' lang='lat' dir='ltr'><strong>reconditum,</strong></span> <span class='ocrx_word' id='word_1_496' title='bbox 3039 1654 3135 1710; x_wconf 93' lang='lat' dir='ltr'><strong>uhi</strong></span> <span class='ocrx_word' id='word_1_497' title='bbox 3169 1658 3394 1715; x_wconf 90' lang='lat' dir='ltr'><strong>meritis</strong></span> <span class='ocrx_word' id='word_1_498' title='bbox 3453 1636 3579 1730; x_wconf 84' lang='lat' dir='ltr'><strong>ejus</strong></span> <span class='ocrx_word' id='word_1_499' title='bbox 3616 1668 3673 1719; x_wconf 87' lang='lat' dir='ltr'><strong>et</strong></span> 
     </span>
    </p>
   </div>
   <div class='ocr_carea' id='block_1_66' title="bbox 2042 1727 3684 1817">
    <p class='ocr_par' dir='ltr' id='par_1_66' title="bbox 2042 1727 3684 1817">
     <span class='ocr_line' id='line_1_67' title="bbox 2042 1727 3684 1817; baseline 0.018 -39"><span class='ocrx_word' id='word_1_500' title='bbox 2042 1727 2317 1796; x_wconf 87' lang='lat' dir='ltr'><strong>precibus</strong></span> <span class='ocrx_word' id='word_1_501' title='bbox 2346 1732 2668 1788; x_wconf 82' lang='lat' dir='ltr'><strong>exuberant</strong></span> <span class='ocrx_word' id='word_1_502' title='bbox 2706 1736 2985 1795; x_wconf 86' lang='lat' dir='ltr'><strong>beneﬁcia</strong></span> <span class='ocrx_word' id='word_1_503' title='bbox 3018 1741 3210 1800; x_wconf 80' lang='lat' dir='ltr'><strong>divina</strong></span> <span class='ocrx_word' id='word_1_504' title='bbox 3253 1759 3439 1817; x_wconf 90' lang='lat' dir='ltr'><strong>usque</strong></span> <span class='ocrx_word' id='word_1_505' title='bbox 3485 1727 3541 1805; x_wconf 86' lang='lat' dir='ltr'><strong>in</strong></span> <span class='ocrx_word' id='word_1_506' title='bbox 3583 1751 3684 1809; x_wconf 91' lang='lat' dir='ltr'><strong>bo-</strong></span> 
     </span>
    </p>
   </div>
   <div class='ocr_carea' id='block_1_67' title="bbox 1952 1813 3682 1909">
    <p class='ocr_par' dir='ltr' id='par_1_67' title="bbox 1952 1813 3682 1909">
     <span class='ocr_line' id='line_1_68' title="bbox 1952 1813 3682 1909; baseline 0.017 -43"><span class='ocrx_word' id='word_1_507' title='bbox 1952 1824 2011 1889; x_wconf 78' lang='grc' dir='ltr'>Β</span> <span class='ocrx_word' id='word_1_508' title='bbox 2042 1813 2306 1871; x_wconf 88' lang='lat' dir='ltr'><strong>diernum</strong></span> <span class='ocrx_word' id='word_1_509' title='bbox 2340 1818 2511 1909; x_wconf 70' lang='lat' dir='ltr'><strong>diem,</strong></span> <span class='ocrx_word' id='word_1_510' title='bbox 2546 1828 2849 1891; x_wconf 88' lang='lat' dir='ltr'><strong>prestante</strong></span> <span class='ocrx_word' id='word_1_511' title='bbox 2889 1829 3023 1884; x_wconf 87' lang='lat' dir='ltr'><strong>Jesu</strong></span> <span class='ocrx_word' id='word_1_512' title='bbox 3069 1831 3281 1889; x_wconf 85' lang='lat' dir='ltr'><strong>Christi</strong></span> <span class='ocrx_word' id='word_1_513' title='bbox 3330 1813 3541 1909; x_wconf 80' lang='lat' dir='ltr'><strong>gratia,</strong></span> <span class='ocrx_word' id='word_1_514' title='bbox 3589 1842 3682 1898; x_wconf 91' lang='lat' dir='ltr'><strong>cui</strong></span> 
     </span>
    </p>
   </div>
   <div class='ocr_carea' id='block_1_68' title="bbox 2036 1904 3570 1981">
    <p class='ocr_par' dir='ltr' id='par_1_68' title="bbox 2036 1904 3570 1981">
     <span class='ocr_line' id='line_1_69' title="bbox 2036 1904 3570 1981; baseline 0.017 -25"><span class='ocrx_word' id='word_1_515' title='bbox 2036 1909 2129 1958; x_wconf 89' lang='lat' dir='ltr'><strong>est</strong></span> <span class='ocrx_word' id='word_1_516' title='bbox 2161 1904 2346 1960; x_wconf 91' lang='lat' dir='ltr'><strong>honor</strong></span> <span class='ocrx_word' id='word_1_517' title='bbox 2376 1912 2435 1961; x_wconf 92' lang='lat' dir='ltr'><strong>et</strong></span> <span class='ocrx_word' id='word_1_518' title='bbox 2462 1908 2646 1977; x_wconf 88' lang='lat' dir='ltr'><strong>gloria</strong></span> <span class='ocrx_word' id='word_1_519' title='bbox 2683 1910 2736 1966; x_wconf 93' lang='lat' dir='ltr'><strong>in</strong></span> <span class='ocrx_word' id='word_1_520' title='bbox 2767 1913 2979 1970; x_wconf 64' lang='lat' dir='ltr'><strong>saacula</strong></span> <span class='ocrx_word' id='word_1_521' title='bbox 3008 1904 3353 1977; x_wconf 64' lang='lat' dir='ltr'><strong>saeculorum</strong></span> <span class='ocrx_word' id='word_1_522' title='bbox 3387 1904 3570 1981; x_wconf 83' lang='lat' dir='ltr'><strong>amen.</strong></span> 
     </span>
    </p>
   </div>
   <div class='ocr_carea' id='block_1_69' title="bbox 2105 1991 3676 2071">
    <p class='ocr_par' dir='ltr' id='par_1_69' title="bbox 2105 1991 3676 2071">
     <span class='ocr_line' id='line_1_70' title="bbox 2105 1991 3676 2071; baseline 0.017 -27"><span class='ocrx_word' id='word_1_523' title='bbox 2105 1991 2276 2046; x_wconf 84' lang='lat' dir='ltr'><strong>Rexit</strong></span> <span class='ocrx_word' id='word_1_524' title='bbox 2333 1998 2537 2050; x_wconf 86' lang='lat' dir='ltr'><strong>autem</strong></span> <span class='ocrx_word' id='word_1_525' title='bbox 2584 2003 2711 2068; x_wconf 91' lang='lat' dir='ltr'><strong>post</strong></span> <span class='ocrx_word' id='word_1_526' title='bbox 2769 2014 2898 2056; x_wconf 91' lang='lat' dir='ltr'><strong>eum</strong></span> <span class='ocrx_word' id='word_1_527' title='bbox 2950 2004 3299 2063; x_wconf 88' lang='lat' dir='ltr'><strong>Meldensem</strong></span> <span class='ocrx_word' id='word_1_528' title='bbox 3351 2012 3676 2071; x_wconf 69' lang='lat' dir='ltr'><strong>aecclesiam</strong></span> 
     </span>
    </p>
   </div>
   <div class='ocr_carea' id='block_1_70' title="bbox 2035 2079 3675 2168">
    <p class='ocr_par' dir='ltr' id='par_1_70' title="bbox 2035 2079 3675 2168">
     <span class='ocr_line' id='line_1_71' title="bbox 2035 2079 3675 2168; baseline 0.016 -33"><span class='ocrx_word' id='word_1_529' title='bbox 2035 2079 2244 2136; x_wconf 91' lang='lat' dir='ltr'><strong>beatus</strong></span> <span class='ocrx_word' id='word_1_530' title='bbox 2275 2084 2601 2140; x_wconf 87' lang='lat' dir='ltr'><strong>Antoninus</strong></span> <span class='ocrx_word' id='word_1_531' title='bbox 2644 2089 2808 2144; x_wconf 91' lang='lat' dir='ltr'><strong>annis</strong></span> <span class='ocrx_word' id='word_1_532' title='bbox 2854 2091 3071 2163; x_wconf 90' lang='lat' dir='ltr'><strong>multis,</strong></span> <span class='ocrx_word' id='word_1_533' title='bbox 3124 2101 3183 2150; x_wconf 90' lang='lat' dir='ltr'><strong>et</strong></span> <span class='ocrx_word' id='word_1_534' title='bbox 3228 2097 3341 2168; x_wconf 88' lang='lat' dir='ltr'><strong>piis</strong></span> <span class='ocrx_word' id='word_1_535' title='bbox 3390 2100 3675 2161; x_wconf 91' lang='lat' dir='ltr'><strong>virtutum</strong></span> 
     </span>
    </p>
   </div>
   <div class='ocr_carea' id='block_1_71' title="bbox 2034 2168 3676 2250">
    <p class='ocr_par' dir='ltr' id='par_1_71' title="bbox 2034 2168 3676 2250">
     <span class='ocr_line' id='line_1_72' title="bbox 2034 2168 3676 2250; baseline 0.016 -27"><span class='ocrx_word' id='word_1_536' title='bbox 2034 2168 2310 2238; x_wconf 87' lang='lat' dir='ltr'><strong>operibus</strong></span> <span class='ocrx_word' id='word_1_537' title='bbox 2341 2171 2586 2241; x_wconf 88' lang='lat' dir='ltr'><strong>insignis</strong></span> <span class='ocrx_word' id='word_1_538' title='bbox 2610 2175 2882 2245; x_wconf 88' lang='lat' dir='ltr'><strong>migravit</strong></span> <span class='ocrx_word' id='word_1_539' title='bbox 2912 2180 2980 2235; x_wconf 93' lang='lat' dir='ltr'><strong>ad</strong></span> <span class='ocrx_word' id='word_1_540' title='bbox 3003 2183 3299 2242; x_wconf 91' lang='lat' dir='ltr'><strong>Dominum</strong></span> <span class='ocrx_word' id='word_1_541' title='bbox 3321 2192 3371 2243; x_wconf 91' lang='lat'><strong>2.</strong></span> <span class='ocrx_word' id='word_1_542' title='bbox 3392 2188 3676 2250; x_wconf 85' lang='lat' dir='ltr'><strong>Kalendas</strong></span> 
     </span>
    </p>
   </div>
   <div class='ocr_carea' id='block_1_72' title="bbox 2035 2257 3673 2350">
    <p class='ocr_par' dir='ltr' id='par_1_72' title="bbox 2035 2257 3673 2350">
     <span class='ocr_line' id='line_1_73' title="bbox 2035 2257 3673 2350; baseline 0.015 -38"><span class='ocrx_word' id='word_1_543' title='bbox 2035 2257 2305 2315; x_wconf 85' lang='lat' dir='ltr'><strong>Octobris</strong></span> <span class='ocrx_word' id='word_1_544' title='bbox 2334 2261 2441 2332; x_wconf 73' lang='lat' dir='ltr'><strong>(ep.</strong></span> <span class='ocrx_word' id='word_1_545' title='bbox 2477 2264 2744 2331; x_wconf 73' lang='lat' dir='ltr'><strong>Hinc-nt.)</strong></span> <span class='ocrx_word' id='word_1_546' title='bbox 2779 2274 3092 2337; x_wconf 63' lang='lat' dir='ltr'><strong>praestante</strong></span> <span class='ocrx_word' id='word_1_547' title='bbox 3122 2272 3259 2329; x_wconf 84' lang='lat' dir='ltr'><strong>Jcsu</strong></span> <span class='ocrx_word' id='word_1_548' title='bbox 3294 2275 3509 2333; x_wconf 89' lang='lat' dir='ltr'><strong>Christi</strong></span> <span class='ocrx_word' id='word_1_549' title='bbox 3543 2293 3673 2350; x_wconf 90' lang='lat' dir='ltr'><strong>gra-</strong></span> 
     </span>
    </p>
   </div>
   <div class='ocr_carea' id='block_1_73' title="bbox 2034 2346 3407 2421">
    <p class='ocr_par' dir='ltr' id='par_1_73' title="bbox 2034 2346 3407 2421">
     <span class='ocr_line' id='line_1_74' title="bbox 2034 2346 3407 2421; baseline 0.015 -20"><span class='ocrx_word' id='word_1_550' title='bbox 2034 2346 2113 2403; x_wconf 91' lang='lat' dir='ltr'><strong>tia</strong></span> <span class='ocrx_word' id='word_1_551' title='bbox 2144 2348 2235 2404; x_wconf 92' lang='lat' dir='ltr'><strong>cui</strong></span> <span class='ocrx_word' id='word_1_552' title='bbox 2266 2356 2358 2405; x_wconf 92' lang='lat' dir='ltr'><strong>est</strong></span> <span class='ocrx_word' id='word_1_553' title='bbox 2387 2351 2573 2407; x_wconf 90' lang='lat' dir='ltr'><strong>honor</strong></span> <span class='ocrx_word' id='word_1_554' title='bbox 2601 2358 2660 2407; x_wconf 91' lang='lat' dir='ltr'><strong>et</strong></span> <span class='ocrx_word' id='word_1_555' title='bbox 2690 2354 2876 2421; x_wconf 87' lang='lat' dir='ltr'><strong>gloria</strong></span> <span class='ocrx_word' id='word_1_556' title='bbox 2910 2356 2964 2412; x_wconf 90' lang='lat' dir='ltr'><strong>in</strong></span> <span class='ocrx_word' id='word_1_557' title='bbox 2998 2359 3191 2416; x_wconf 90' lang='lat' dir='ltr'><strong>secula</strong></span> <span class='ocrx_word' id='word_1_558' title='bbox 3227 2376 3407 2421; x_wconf 88' lang='lat' dir='ltr'><strong>amen.</strong></span> 
     </span>
    </p>
   </div>
   <div class='ocr_carea' id='block_1_74' title="bbox 2102 2436 3673 2528">
    <p class='ocr_par' dir='ltr' id='par_1_74' title="bbox 2102 2436 3673 2528">
     <span class='ocr_line' id='line_1_75' title="bbox 2102 2436 3673 2528; baseline 0.015 -38"><span class='ocrx_word' id='word_1_559' title='bbox 2102 2436 2438 2494; x_wconf 89' lang='lat' dir='ltr'><strong>Domiciano</strong></span> <span class='ocrx_word' id='word_1_560' title='bbox 2473 2439 2652 2510; x_wconf 88' lang='lat' dir='ltr'><strong>igitur</strong></span> <span class='ocrx_word' id='word_1_561' title='bbox 2677 2442 2959 2515; x_wconf 79' lang='lat' dir='ltr'><strong>defuncto</strong></span> <span class='ocrx_word' id='word_1_562' title='bbox 2980 2448 3164 2504; x_wconf 90' lang='lat' dir='ltr'><strong>Nerva</strong></span> <span class='ocrx_word' id='word_1_563' title='bbox 3199 2453 3458 2524; x_wconf 90' lang='lat' dir='ltr'><strong>suscepit</strong></span> <span class='ocrx_word' id='word_1_564' title='bbox 3495 2455 3673 2528; x_wconf 88' lang='lat' dir='ltr'><strong>impe-</strong></span> 
     </span>
    </p>
   </div>
   <div class='ocr_carea' id='block_1_75' title="bbox 2034 2525 3672 2618">
    <p class='ocr_par' dir='ltr' id='par_1_75' title="bbox 2034 2525 3672 2618">
     <span class='ocr_line' id='line_1_76' title="bbox 2034 2525 3672 2618; baseline 0.014 -37"><span class='ocrx_word' id='word_1_565' title='bbox 2034 2525 2182 2582; x_wconf 91' lang='lat' dir='ltr'><strong>rium</strong></span> <span class='ocrx_word' id='word_1_566' title='bbox 2206 2541 2356 2582; x_wconf 91' lang='lat' dir='ltr'><strong>anno</strong></span> <span class='ocrx_word' id='word_1_567' title='bbox 2390 2533 2413 2582; x_wconf 89' lang='lat'><strong>1</strong></span> <span class='ocrx_word' id='word_1_568' title='bbox 2442 2534 2499 2583; x_wconf 90' lang='lat' dir='ltr'><strong>et</strong></span> <span class='ocrx_word' id='word_1_569' title='bbox 2533 2532 2831 2587; x_wconf 89' lang='lat' dir='ltr'><strong>mensibus</strong></span> <span class='ocrx_word' id='word_1_570' title='bbox 2855 2537 2919 2600; x_wconf 84' lang='grc'><strong>4;</strong></span> <span class='ocrx_word' id='word_1_571' title='bbox 2946 2535 3056 2590; x_wconf 89' lang='lat' dir='ltr'><strong>sub</strong></span> <span class='ocrx_word' id='word_1_572' title='bbox 3085 2550 3198 2606; x_wconf 89' lang='lat' dir='ltr'><strong>quo</strong></span> <span class='ocrx_word' id='word_1_573' title='bbox 3221 2540 3512 2600; x_wconf 74' lang='lat' dir='ltr'><strong>Iohannes</strong></span> <span class='ocrx_word' id='word_1_574' title='bbox 3535 2525 3672 2618; x_wconf 81' lang='lat' dir='ltr'><strong>apo-</strong></span> 
     </span>
    </p>
   </div>
   <div class='ocr_carea' id='block_1_76' title="bbox 2034 2615 3280 2701">
    <p class='ocr_par' dir='ltr' id='par_1_76' title="bbox 2034 2615 3280 2701">
     <span class='ocr_line' id='line_1_77' title="bbox 2034 2615 3280 2701; baseline 0.007 -30"><span class='ocrx_word' id='word_1_575' title='bbox 2034 2615 2223 2673; x_wconf 90' lang='lat' dir='ltr'><strong>stolus</strong></span> <span class='ocrx_word' id='word_1_576' title='bbox 2254 2623 2562 2675; x_wconf 66' lang='lat' dir='ltr'><strong>revocatur</strong></span> <span class='ocrx_word' id='word_1_577' title='bbox 2592 2620 2662 2674; x_wconf 88' lang='lat' dir='ltr'><strong>ab</strong></span> <span class='ocrx_word' id='word_1_578' title='bbox 2693 2622 2888 2677; x_wconf 82' lang='lat' dir='ltr'><strong>exilio.</strong></span> <span class='ocrx_word' id='word_1_579' title='bbox 3268 2693 3280 2701; x_wconf 35' lang='grc' dir='ltr'><strong><em>ο</em></strong></span> 
     </span>
    </p>
   </div>
   <div class='ocr_carea' id='block_1_77' title="bbox 2106 2706 3670 2785">
    <p class='ocr_par' dir='ltr' id='par_1_77' title="bbox 2106 2706 3670 2785">
     <span class='ocr_line' id='line_1_78' title="bbox 2106 2706 3670 2785; baseline 0.013 -24"><span class='ocrx_word' id='word_1_580' title='bbox 2106 2706 2206 2762; x_wconf 93' lang='lat' dir='ltr'><strong>Cui</strong></span> <span class='ocrx_word' id='word_1_581' title='bbox 2237 2709 2517 2765; x_wconf 90' lang='lat' dir='ltr'><strong>successit</strong></span> <span class='ocrx_word' id='word_1_582' title='bbox 2548 2710 2857 2779; x_wconf 88' lang='lat' dir='ltr'><strong>Trajanus;</strong></span> <span class='ocrx_word' id='word_1_583' title='bbox 2883 2714 2992 2770; x_wconf 91' lang='lat' dir='ltr'><strong>sub</strong></span> <span class='ocrx_word' id='word_1_584' title='bbox 3026 2730 3138 2785; x_wconf 91' lang='lat' dir='ltr'><strong>quo</strong></span> <span class='ocrx_word' id='word_1_585' title='bbox 3165 2718 3474 2778; x_wconf 88' lang='lat' dir='ltr'><strong>Zacharias</strong></span> <span class='ocrx_word' id='word_1_586' title='bbox 3503 2723 3670 2781; x_wconf 86' lang='lat' dir='ltr'><strong>Vien-</strong></span> 
     </span>
    </p>
   </div>
   <div class='ocr_carea' id='block_1_78' title="bbox 2033 2797 3663 2875">
    <p class='ocr_par' dir='ltr' id='par_1_78' title="bbox 2033 2797 3663 2875">
     <span class='ocr_line' id='line_1_79' title="bbox 2033 2797 3663 2875; baseline 0.012 -25"><span class='ocrx_word' id='word_1_587' title='bbox 2033 2797 2230 2851; x_wconf 92' lang='lat' dir='ltr'><strong>nensis</strong></span> <span class='ocrx_word' id='word_1_588' title='bbox 2285 2798 2568 2855; x_wconf 65' lang='lat' dir='ltr'><strong>aecclesiaa</strong></span> <span class='ocrx_word' id='word_1_589' title='bbox 2641 2800 2950 2872; x_wconf 83' lang='lat' dir='ltr'><strong>episcOpus</strong></span> <span class='ocrx_word' id='word_1_590' title='bbox 3005 2807 3282 2875; x_wconf 88' lang='lat' dir='ltr'><strong>martyrio</strong></span> <span class='ocrx_word' id='word_1_591' title='bbox 3331 2817 3663 2868; x_wconf 90' lang='lat' dir='ltr'><strong>coronatur.</strong></span> 
     </span>
    </p>
   </div>
   <div class='ocr_carea' id='block_1_79' title="bbox 2031 2887 3669 2969">
    <p class='ocr_par' dir='ltr' id='par_1_79' title="bbox 2031 2887 3669 2969">
     <span class='ocr_line' id='line_1_80' title="bbox 2031 2887 3669 2969; baseline 0.009 -28"><span class='ocrx_word' id='word_1_592' title='bbox 2031 2887 2167 2943; x_wconf 91' lang='lat' dir='ltr'><strong>Nam</strong></span> <span class='ocrx_word' id='word_1_593' title='bbox 2201 2887 2421 2959; x_wconf 90' lang='lat' dir='ltr'><strong>primus</strong></span> <span class='ocrx_word' id='word_1_594' title='bbox 2451 2890 2749 2958; x_wconf 90' lang='lat' dir='ltr'><strong>Crescens,</strong></span> <span class='ocrx_word' id='word_1_595' title='bbox 2777 2892 3067 2947; x_wconf 89' lang='lat' dir='ltr'><strong>secundus</strong></span> <span class='ocrx_word' id='word_1_596' title='bbox 3109 2894 3388 2952; x_wconf 85' lang='lat' dir='ltr'><strong>Martinus</strong></span> <span class='ocrx_word' id='word_1_597' title='bbox 3439 2906 3669 2969; x_wconf 89' lang='lat' dir='ltr'><strong>aposto-</strong></span> 
     </span>
    </p>
   </div>
   <div class='ocr_carea' id='block_1_80' title="bbox 2031 2973 3670 3057">
    <p class='ocr_par' dir='ltr' id='par_1_80' title="bbox 2031 2973 3670 3057">
     <span class='ocr_line' id='line_1_81' title="bbox 2031 2973 3670 3057; baseline 0.01 -28"><span class='ocrx_word' id='word_1_598' title='bbox 2031 2973 2217 3031; x_wconf 90' lang='lat' dir='ltr'><strong>lorum</strong></span> <span class='ocrx_word' id='word_1_599' title='bbox 2248 2976 2515 3047; x_wconf 91' lang='lat' dir='ltr'><strong>discipuli</strong></span> <span class='ocrx_word' id='word_1_600' title='bbox 2556 2977 2784 3032; x_wconf 70' lang='lat' dir='ltr'><strong>Viennze</strong></span> <span class='ocrx_word' id='word_1_601' title='bbox 2824 2979 3122 3035; x_wconf 89' lang='lat' dir='ltr'><strong>sederunt.</strong></span> <span class='ocrx_word' id='word_1_602' title='bbox 3153 2983 3436 3052; x_wconf 86' lang='lat' dir='ltr'><strong>Regnavit</strong></span> <span class='ocrx_word' id='word_1_603' title='bbox 3479 2987 3670 3057; x_wconf 84' lang='lat' dir='ltr'><strong>Traja-</strong></span> 
     </span>
    </p>
   </div>
   <div class='ocr_carea' id='block_1_81' title="bbox 2029 3066 3670 3133">
    <p class='ocr_par' dir='ltr' id='par_1_81' title="bbox 2029 3066 3670 3133">
     <span class='ocr_line' id='line_1_82' title="bbox 2029 3066 3670 3133; baseline 0.009 -15"><span class='ocrx_word' id='word_1_604' title='bbox 2029 3079 2137 3121; x_wconf 91' lang='lat' dir='ltr'><strong>nus</strong></span> <span class='ocrx_word' id='word_1_605' title='bbox 2164 3080 2214 3120; x_wconf 90' lang='lat' dir='ltr'><strong>a.</strong></span> <span class='ocrx_word' id='word_1_606' title='bbox 2247 3071 2330 3122; x_wconf 86' lang='lat'><strong>18.</strong></span> <span class='ocrx_word' id='word_1_607' title='bbox 2367 3081 2439 3120; x_wconf 77' lang='lat' dir='ltr'><strong>in.</strong></span> <span class='ocrx_word' id='word_1_608' title='bbox 2474 3070 2524 3121; x_wconf 92' lang='lat'><strong>6.</strong></span> <span class='ocrx_word' id='word_1_609' title='bbox 2562 3066 2615 3121; x_wconf 92' lang='lat' dir='ltr'><strong>d.</strong></span> <span class='ocrx_word' id='word_1_610' title='bbox 2661 3070 2735 3119; x_wconf 69' lang='lat' dir='ltr'><strong>lii.</strong></span> <span class='ocrx_word' id='word_1_611' title='bbox 2770 3066 2922 3123; x_wconf 89' lang='lat' dir='ltr'><strong>IIis6</strong></span> <span class='ocrx_word' id='word_1_612' title='bbox 2951 3070 3247 3126; x_wconf 90' lang='lat' dir='ltr'><strong>mensibus</strong></span> <span class='ocrx_word' id='word_1_613' title='bbox 3287 3072 3333 3127; x_wconf 90' lang='lat' dir='ltr'><strong>si</strong></span> <span class='ocrx_word' id='word_1_614' title='bbox 3379 3073 3670 3133; x_wconf 89' lang='lat' dir='ltr'><strong>addideri-</strong></span> 
     </span>
    </p>
   </div>
   <div class='ocr_carea' id='block_1_82' title="bbox 2026 3152 3667 3233">
    <p class='ocr_par' dir='ltr' id='par_1_82' title="bbox 2026 3152 3667 3233">
     <span class='ocr_line' id='line_1_83' title="bbox 2026 3152 3667 3233; baseline 0.008 -27"><span class='ocrx_word' id='word_1_615' title='bbox 2026 3165 2155 3207; x_wconf 90' lang='lat' dir='ltr'><strong>mus</strong></span> <span class='ocrx_word' id='word_1_616' title='bbox 2184 3152 2307 3208; x_wconf 91' lang='lat' dir='ltr'><strong>dies</strong></span> <span class='ocrx_word' id='word_1_617' title='bbox 2337 3156 2424 3223; x_wconf 86' lang='lat'><strong>28,</strong></span> <span class='ocrx_word' id='word_1_618' title='bbox 2460 3153 2556 3223; x_wconf 90' lang='lat' dir='ltr'><strong>qui</strong></span> <span class='ocrx_word' id='word_1_619' title='bbox 2589 3168 2763 3224; x_wconf 84' lang='lat' dir='ltr'><strong>supra</strong></span> <span class='ocrx_word' id='word_1_620' title='bbox 2798 3163 3220 3229; x_wconf 89' lang='lat' dir='ltr'><strong>remanserunt,</strong></span> <span class='ocrx_word' id='word_1_621' title='bbox 3257 3164 3313 3215; x_wconf 91' lang='lat' dir='ltr'><strong>et</strong></span> <span class='ocrx_word' id='word_1_622' title='bbox 3349 3167 3413 3216; x_wconf 84' lang='grc'><strong>15</strong></span> <span class='ocrx_word' id='word_1_623' title='bbox 3440 3163 3667 3233; x_wconf 90' lang='lat' dir='ltr'><strong>Trajani</strong></span> 
     </span>
    </p>
   </div>
   <div class='ocr_carea' id='block_1_83' title="bbox 2023 3240 3667 3323">
    <p class='ocr_par' dir='ltr' id='par_1_83' title="bbox 2023 3240 3667 3323">
     <span class='ocr_line' id='line_1_84' title="bbox 2023 3240 3667 3323; baseline 0.009 -29"><span class='ocrx_word' id='word_1_624' title='bbox 2023 3240 2258 3296; x_wconf 69' lang='lat' dir='ltr'><strong>ﬁunt43.</strong></span> <span class='ocrx_word' id='word_1_625' title='bbox 2295 3243 2434 3296; x_wconf 89' lang='lat' dir='ltr'><strong>Post</strong></span> <span class='ocrx_word' id='word_1_626' title='bbox 2474 3242 2805 3297; x_wconf 88' lang='lat' dir='ltr'><strong>Zachariam</strong></span> <span class='ocrx_word' id='word_1_627' title='bbox 2837 3245 3021 3301; x_wconf 80' lang='lat' dir='ltr'><strong>Verus</strong></span> <span class='ocrx_word' id='word_1_628' title='bbox 3068 3246 3477 3306; x_wconf 87' lang='lat' dir='ltr'><strong>Viennensium</strong></span> <span class='ocrx_word' id='word_1_629' title='bbox 3517 3252 3667 3323; x_wconf 90' lang='lat' dir='ltr'><strong>epis-</strong></span> 
     </span>
    </p>
   </div>
   <div class='ocr_carea' id='block_1_84' title="bbox 2018 3329 3665 3411">
    <p class='ocr_par' dir='ltr' id='par_1_84' title="bbox 2018 3329 3665 3411">
     <span class='ocr_line' id='line_1_85' title="bbox 2018 3329 3665 3411; baseline 0.005 -25"><span class='ocrx_word' id='word_1_630' title='bbox 2018 3343 2200 3400; x_wconf 92' lang='lat' dir='ltr'><strong>copus</strong></span> <span class='ocrx_word' id='word_1_631' title='bbox 2235 3329 2447 3386; x_wconf 81' lang='lat' dir='ltr'><strong>ﬂoruit.</strong></span> <span class='ocrx_word' id='word_1_632' title='bbox 2485 3331 2657 3401; x_wconf 89' lang='lat' dir='ltr'><strong>Cujus</strong></span> <span class='ocrx_word' id='word_1_633' title='bbox 2687 3332 2847 3400; x_wconf 83' lang='lat' dir='ltr'><strong>regni</strong></span> <span class='ocrx_word' id='word_1_634' title='bbox 2877 3348 2926 3388; x_wconf 90' lang='lat' dir='ltr'><strong>a.</strong></span> <span class='ocrx_word' id='word_1_635' title='bbox 2959 3336 3014 3387; x_wconf 85' lang='lat'><strong>3°</strong></span> <span class='ocrx_word' id='word_1_636' title='bbox 3048 3342 3385 3407; x_wconf 91' lang='lat' dir='ltr'><strong>assumptus</strong></span> <span class='ocrx_word' id='word_1_637' title='bbox 3422 3346 3509 3394; x_wconf 86' lang='lat' dir='ltr'><strong>est</strong></span> <span class='ocrx_word' id='word_1_638' title='bbox 3542 3339 3665 3411; x_wconf 91' lang='lat' dir='ltr'><strong>ipse</strong></span> 
     </span>
    </p>
   </div>
   <div class='ocr_carea' id='block_1_85' title="bbox 2020 3417 3661 3507">
    <p class='ocr_par' dir='ltr' id='par_1_85' title="bbox 2020 3417 3661 3507">
     <span class='ocr_line' id='line_1_86' title="bbox 2020 3417 3661 3507; baseline 0.006 -34"><span class='ocrx_word' id='word_1_639' title='bbox 2020 3418 2227 3475; x_wconf 89' lang='lat' dir='ltr'><strong>beatus</strong></span> <span class='ocrx_word' id='word_1_640' title='bbox 2260 3417 2566 3489; x_wconf 88' lang='lat' dir='ltr'><strong>apostolus</strong></span> <span class='ocrx_word' id='word_1_641' title='bbox 2588 3434 2736 3474; x_wconf 90' lang='lat' dir='ltr'><strong>anno</strong></span> <span class='ocrx_word' id='word_1_642' title='bbox 2757 3424 2889 3490; x_wconf 89' lang='lat' dir='ltr'><strong>post</strong></span> <span class='ocrx_word' id='word_1_643' title='bbox 2916 3422 3244 3491; x_wconf 87' lang='lat' dir='ltr'><strong>passionem</strong></span> <span class='ocrx_word' id='word_1_644' title='bbox 3284 3426 3507 3481; x_wconf 92' lang='lat' dir='ltr'><strong>Domini</strong></span> <span class='ocrx_word' id='word_1_645' title='bbox 3548 3432 3661 3507; x_wconf 67' lang='lat'><strong>68°,</strong></span> 
     </span>
    </p>
   </div>
   <div class='ocr_carea' id='block_1_86' title="bbox 2020 3509 3668 3582">
    <p class='ocr_par' dir='ltr' id='par_1_86' title="bbox 2020 3509 3668 3582">
     <span class='ocr_line' id='line_1_87' title="bbox 2020 3509 3668 3582; baseline 0.004 -19"><span class='ocrx_word' id='word_1_646' title='bbox 2020 3509 2233 3579; x_wconf 58' lang='lat' dir='ltr'><strong>indta,</strong></span> <span class='ocrx_word' id='word_1_647' title='bbox 2266 3514 2471 3580; x_wconf 89' lang='lat' dir='ltr'><strong>epacta</strong></span> <span class='ocrx_word' id='word_1_648' title='bbox 2504 3513 2564 3573; x_wconf 89' lang='lat'><strong>6;</strong></span> <span class='ocrx_word' id='word_1_649' title='bbox 2598 3515 2652 3564; x_wconf 92' lang='lat' dir='ltr'><strong>et</strong></span> <span class='ocrx_word' id='word_1_650' title='bbox 2682 3518 2850 3564; x_wconf 83' lang='lat' dir='ltr'><strong>sexto</strong></span> <span class='ocrx_word' id='word_1_651' title='bbox 2880 3510 3007 3579; x_wconf 90' lang='lat' dir='ltr'><strong>ejus</strong></span> <span class='ocrx_word' id='word_1_652' title='bbox 3023 3514 3540 3582; x_wconf 84' lang='lat' dir='ltr'><strong>annom&#39;gravitad</strong></span> <span class='ocrx_word' id='word_1_653' title='bbox 3558 3518 3668 3572; x_wconf 91' lang='lat' dir='ltr'><strong>Do-</strong></span> 
     </span>
    </p>
   </div>
   <div class='ocr_carea' id='block_1_87' title="bbox 2020 3598 3661 3671">
    <p class='ocr_par' dir='ltr' id='par_1_87' title="bbox 2020 3598 3661 3671">
     <span class='ocr_line' id='line_1_88' title="bbox 2020 3598 3661 3671; baseline 0.004 -16"><span class='ocrx_word' id='word_1_654' title='bbox 2020 3598 2234 3655; x_wconf 88' lang='lat' dir='ltr'><strong>minum</strong></span> <span class='ocrx_word' id='word_1_655' title='bbox 2278 3599 2485 3653; x_wconf 90' lang='lat' dir='ltr'><strong>beatus</strong></span> <span class='ocrx_word' id='word_1_656' title='bbox 2531 3598 2840 3653; x_wconf 88' lang='lat' dir='ltr'><strong>Sanctinus</strong></span> <span class='ocrx_word' id='word_1_657' title='bbox 2886 3604 2967 3667; x_wconf 91' lang='lat' dir='ltr'><strong>,et</strong></span> <span class='ocrx_word' id='word_1_658' title='bbox 3022 3602 3286 3671; x_wconf 88' lang='lat' dir='ltr'><strong>suscepit</strong></span> <span class='ocrx_word' id='word_1_659' title='bbox 3333 3603 3661 3662; x_wconf 63' lang='lat' dir='ltr'><strong>mcclesiam</strong></span> 
     </span>
    </p>
   </div>
   <div class='ocr_carea' id='block_1_88' title="bbox 2022 3685 3658 3757">
    <p class='ocr_par' dir='ltr' id='par_1_88' title="bbox 2022 3685 3658 3757">
     <span class='ocr_line' id='line_1_89' title="bbox 2022 3685 3658 3757; baseline 0.004 -14"><span class='ocrx_word' id='word_1_660' title='bbox 2022 3685 2333 3757; x_wconf 88' lang='lat' dir='ltr'><strong>regendam</strong></span> <span class='ocrx_word' id='word_1_661' title='bbox 2363 3687 2595 3742; x_wconf 87' lang='lat' dir='ltr'><strong>Maurus</strong></span> <span class='ocrx_word' id='word_1_662' title='bbox 2628 3687 2952 3757; x_wconf 78' lang='lat' dir='ltr'><strong>presbyter,</strong></span> <span class='ocrx_word' id='word_1_663' title='bbox 2991 3688 3078 3742; x_wconf 90' lang='lat' dir='ltr'><strong>vir</strong></span> <span class='ocrx_word' id='word_1_664' title='bbox 3120 3687 3380 3745; x_wconf 63' lang='lat' dir='ltr'><strong>honestae</strong></span> <span class='ocrx_word' id='word_1_665' title='bbox 3422 3692 3557 3749; x_wconf 83' lang='lat' dir='ltr'><strong>vitae</strong></span> <span class='ocrx_word' id='word_1_666' title='bbox 3601 3697 3658 3748; x_wconf 90' lang='lat' dir='ltr'><strong>et</strong></span> 
     </span>
    </p>
   </div>
   <div class='ocr_carea' id='block_1_89' title="bbox 2024 3773 3664 3847">
    <p class='ocr_par' dir='ltr' id='par_1_89' title="bbox 2024 3773 3664 3847">
     <span class='ocr_line' id='line_1_90' title="bbox 2024 3773 3664 3847; baseline 0.004 -17"><span class='ocrx_word' id='word_1_667' title='bbox 2024 3791 2127 3847; x_wconf 92' lang='lat' dir='ltr'><strong>per</strong></span> <span class='ocrx_word' id='word_1_668' title='bbox 2145 3779 2350 3831; x_wconf 87' lang='lat' dir='ltr'><strong>cuncta</strong></span> <span class='ocrx_word' id='word_1_669' title='bbox 2368 3773 2693 3830; x_wconf 85' lang='lat' dir='ltr'><strong>laudabilis.</strong></span> <span class='ocrx_word' id='word_1_670' title='bbox 2710 3774 2905 3845; x_wconf 66' lang='lat' dir='ltr'><strong>[unum]</strong></span> <span class='ocrx_word' id='word_1_671' title='bbox 2923 3776 3163 3845; x_wconf 87' lang='lat' dir='ltr'><strong>&#39;I‘rajano</strong></span> <span class='ocrx_word' id='word_1_672' title='bbox 3178 3776 3459 3835; x_wconf 88' lang='lat' dir='ltr'><strong>adversus</strong></span> <span class='ocrx_word' id='word_1_673' title='bbox 3475 3780 3664 3838; x_wconf 79' lang='lat' dir='ltr'><strong>Chris-</strong></span> 
     </span>
    </p>
   </div>
   <div class='ocr_carea' id='block_1_90' title="bbox 2024 3862 3664 3942">
    <p class='ocr_par' dir='ltr' id='par_1_90' title="bbox 2024 3862 3664 3942">
     <span class='ocr_line' id='line_1_91' title="bbox 2024 3862 3664 3942; baseline 0.004 -23"><span class='ocrx_word' id='word_1_674' title='bbox 2024 3864 2215 3920; x_wconf 85' lang='lat' dir='ltr'><strong>tianos</strong></span> <span class='ocrx_word' id='word_1_675' title='bbox 2239 3862 2657 3935; x_wconf 87' lang='lat' dir='ltr'><strong>perscquution</strong></span> <span class='ocrx_word' id='word_1_676' title='bbox 2701 3869 3054 3933; x_wconf 88' lang='lat' dir='ltr'><strong>mmovente,</strong></span> <span class='ocrx_word' id='word_1_677' title='bbox 3083 3865 3664 3942; x_wconf 86' lang='lat' dir='ltr'><strong>Symeonllierosoly-</strong></span> 
     </span>
    </p>
   </div>
   <div class='ocr_carea' id='block_1_91' title="bbox 2025 3952 3661 4022">
    <p class='ocr_par' dir='ltr' id='par_1_91' title="bbox 2025 3952 3661 4022">
     <span class='ocr_line' id='line_1_92' title="bbox 2025 3952 3661 4022; baseline 0.004 -16"><span class='ocrx_word' id='word_1_678' title='bbox 2025 3968 2249 4008; x_wconf 85' lang='lat' dir='ltr'><strong>morum</strong></span> <span class='ocrx_word' id='word_1_679' title='bbox 2275 3953 2555 4022; x_wconf 90' lang='lat' dir='ltr'><strong>epicopus</strong></span> <span class='ocrx_word' id='word_1_680' title='bbox 2574 3952 3227 4021; x_wconf 89' lang='lat' dir='ltr'><strong>cruciﬁgitur,lgnatius</strong></span> <span class='ocrx_word' id='word_1_681' title='bbox 3253 3954 3459 4010; x_wconf 93' lang='lat' dir='ltr'><strong>bestiis</strong></span> <span class='ocrx_word' id='word_1_682' title='bbox 3480 3958 3661 4013; x_wconf 90' lang='lat' dir='ltr'><strong>tradi-</strong></span> 
     </span>
    </p>
   </div>
   <div class='ocr_carea' id='block_1_92' title="bbox 2024 4040 3656 4116">
    <p class='ocr_par' dir='ltr' id='par_1_92' title="bbox 2024 4040 3656 4116">
     <span class='ocr_line' id='line_1_93' title="bbox 2024 4040 3656 4116; baseline 0.003 -18"><span class='ocrx_word' id='word_1_683' title='bbox 2024 4049 2140 4111; x_wconf 90' lang='lat' dir='ltr'><strong>tur,</strong></span> <span class='ocrx_word' id='word_1_684' title='bbox 2176 4042 2501 4097; x_wconf 82' lang='lat' dir='ltr'><strong>Alexandcr</strong></span> <span class='ocrx_word' id='word_1_685' title='bbox 2532 4056 2679 4112; x_wconf 87' lang='lat' dir='ltr'><strong>papa</strong></span> <span class='ocrx_word' id='word_1_686' title='bbox 2698 4044 2830 4112; x_wconf 86' lang='lat' dir='ltr'><strong>post</strong></span> <span class='ocrx_word' id='word_1_687' title='bbox 2860 4040 3330 4098; x_wconf 88' lang='lat' dir='ltr'><strong>administratum</strong></span> <span class='ocrx_word' id='word_1_688' title='bbox 3374 4057 3421 4099; x_wconf 89' lang='lat' dir='ltr'><strong>a.</strong></span> <span class='ocrx_word' id='word_1_689' title='bbox 3460 4050 3544 4116; x_wconf 92' lang='lat'><strong>11,</strong></span> <span class='ocrx_word' id='word_1_690' title='bbox 3582 4061 3656 4103; x_wconf 93' lang='lat' dir='ltr'><strong>m.</strong></span> 
     </span>
    </p>
   </div>
   <div class='ocr_carea' id='block_1_93' title="bbox 2022 4129 3662 4202">
    <p class='ocr_par' dir='ltr' id='par_1_93' title="bbox 2022 4129 3662 4202">
     <span class='ocr_line' id='line_1_94' title="bbox 2022 4129 3662 4202; baseline 0.003 -18"><span class='ocrx_word' id='word_1_691' title='bbox 2022 4135 2074 4200; x_wconf 90' lang='lat'><strong>7,</strong></span> <span class='ocrx_word' id='word_1_692' title='bbox 2110 4129 2163 4183; x_wconf 88' lang='lat' dir='ltr'><strong>d.</strong></span> <span class='ocrx_word' id='word_1_693' title='bbox 2199 4133 2231 4183; x_wconf 88' lang='lat'><strong>2</strong></span> <span class='ocrx_word' id='word_1_694' title='bbox 2261 4129 2661 4199; x_wconf 88' lang='lat' dir='ltr'><strong>pontiﬁcatum</strong></span> <span class='ocrx_word' id='word_1_695' title='bbox 2705 4130 2984 4198; x_wconf 81' lang='lat' dir='ltr'><strong>martyrio</strong></span> <span class='ocrx_word' id='word_1_696' title='bbox 3024 4137 3341 4186; x_wconf 87' lang='lat' dir='ltr'><strong>coronatur</strong></span> <span class='ocrx_word' id='word_1_697' title='bbox 3384 4133 3493 4187; x_wconf 90' lang='lat' dir='ltr'><strong>sub</strong></span> <span class='ocrx_word' id='word_1_698' title='bbox 3519 4135 3662 4202; x_wconf 66' lang='grc' dir='ltr'><strong>,Τίνε-</strong></span> 
     </span>
    </p>
   </div>
   <div class='ocr_carea' id='block_1_94' title="bbox 2014 4216 3655 4289">
    <p class='ocr_par' dir='ltr' id='par_1_94' title="bbox 2014 4216 3655 4289">
     <span class='ocr_line' id='line_1_95' title="bbox 2014 4216 3655 4289; baseline 0.004 -18"><span class='ocrx_word' id='word_1_699' title='bbox 2014 4216 2153 4286; x_wconf 90' lang='lat' dir='ltr'><strong>jano</strong></span> <span class='ocrx_word' id='word_1_700' title='bbox 2187 4222 2235 4271; x_wconf 83' lang='grc'>5.</span> <span class='ocrx_word' id='word_1_701' title='bbox 2273 4219 2413 4272; x_wconf 90' lang='lat' dir='ltr'><strong>Non.</strong></span> <span class='ocrx_word' id='word_1_702' title='bbox 2442 4217 2546 4271; x_wconf 86' lang='lat' dir='ltr'><strong>Mai</strong></span> <span class='ocrx_word' id='word_1_703' title='bbox 2573 4217 2775 4287; x_wconf 76' lang='lat' dir='ltr'><strong>(Gesta</strong></span> <span class='ocrx_word' id='word_1_704' title='bbox 2794 4217 2949 4287; x_wconf 74' lang='lat' dir='ltr'><strong>pont</strong></span> <span class='ocrx_word' id='word_1_705' title='bbox 2972 4218 3183 4289; x_wconf 63' lang='lat' dir='ltr'><strong>120m).</strong></span> <span class='ocrx_word' id='word_1_706' title='bbox 3216 4220 3317 4274; x_wconf 88' lang='lat' dir='ltr'><strong>Hic</strong></span> <span class='ocrx_word' id='word_1_707' title='bbox 3349 4221 3655 4278; x_wconf 91' lang='lat' dir='ltr'><strong>constituit</strong></span> 
     </span>
    </p>
   </div>
   <div class='ocr_carea' id='block_1_95' title="bbox 2020 4305 3651 4376">
    <p class='ocr_par' dir='ltr' id='par_1_95' title="bbox 2020 4305 3651 4376">
     <span class='ocr_line' id='line_1_96' title="bbox 2020 4305 3651 4376; baseline 0.005 -15"><span class='ocrx_word' id='word_1_708' title='bbox 2020 4310 2082 4362; x_wconf 89' lang='lat' dir='ltr'><strong>ut</strong></span> <span class='ocrx_word' id='word_1_709' title='bbox 2125 4320 2269 4376; x_wconf 87' lang='lat' dir='ltr'><strong>aqua</strong></span> <span class='ocrx_word' id='word_1_710' title='bbox 2311 4306 2636 4375; x_wconf 90' lang='lat' dir='ltr'><strong>sparsionis</strong></span> <span class='ocrx_word' id='word_1_711' title='bbox 2675 4321 2805 4361; x_wconf 93' lang='lat' dir='ltr'><strong>cum</strong></span> <span class='ocrx_word' id='word_1_712' title='bbox 2845 4305 2966 4361; x_wconf 92' lang='lat' dir='ltr'><strong>sale</strong></span> <span class='ocrx_word' id='word_1_713' title='bbox 3014 4305 3296 4362; x_wconf 88' lang='lat' dir='ltr'><strong>benedici.</strong></span> <span class='ocrx_word' id='word_1_714' title='bbox 3343 4308 3480 4365; x_wconf 85' lang='lat' dir='ltr'><strong>Post</strong></span> <span class='ocrx_word' id='word_1_715' title='bbox 3521 4326 3651 4368; x_wconf 89' lang='lat' dir='ltr'><strong>eum</strong></span> 
     </span>
    </p>
   </div>
   <div class='ocr_carea' id='block_1_96' title="bbox 2018 4395 3651 4467">
    <p class='ocr_par' dir='ltr' id='par_1_96' title="bbox 2018 4395 3651 4467">
     <span class='ocr_line' id='line_1_97' title="bbox 2018 4395 3651 4467; baseline 0.005 -16"><span class='ocrx_word' id='word_1_716' title='bbox 2018 4396 2172 4451; x_wconf 91' lang='lat' dir='ltr'><strong>sedit</strong></span> <span class='ocrx_word' id='word_1_717' title='bbox 2202 4396 2437 4467; x_wconf 82' lang='lat' dir='ltr'><strong>Xystus,</strong></span> <span class='ocrx_word' id='word_1_718' title='bbox 2464 4395 2696 4451; x_wconf 89' lang='lat' dir='ltr'><strong>natione</strong></span> <span class='ocrx_word' id='word_1_719' title='bbox 2725 4396 3038 4466; x_wconf 89' lang='lat' dir='ltr'><strong>Romanus,</strong></span> <span class='ocrx_word' id='word_1_720' title='bbox 3072 4409 3145 4450; x_wconf 86' lang='lat' dir='ltr'><strong>cx</strong></span> <span class='ocrx_word' id='word_1_721' title='bbox 3174 4397 3418 4457; x_wconf 88' lang='lat' dir='ltr'><strong>Pastore</strong></span> <span class='ocrx_word' id='word_1_722' title='bbox 3459 4401 3529 4456; x_wconf 91' lang='lat' dir='ltr'><strong>de</strong></span> <span class='ocrx_word' id='word_1_723' title='bbox 3564 4416 3651 4458; x_wconf 91' lang='lat' dir='ltr'><strong>re-</strong></span> 
     </span>
    </p>
   </div>
   <div class='ocr_carea' id='block_1_97' title="bbox 2013 4484 3646 4557">
    <p class='ocr_par' dir='ltr' id='par_1_97' title="bbox 2013 4484 3646 4557">
     <span class='ocr_line' id='line_1_98' title="bbox 2013 4484 3646 4557; baseline 0.007 -19"><span class='ocrx_word' id='word_1_724' title='bbox 2013 4484 2182 4554; x_wconf 90' lang='lat' dir='ltr'><strong>gione</strong></span> <span class='ocrx_word' id='word_1_725' title='bbox 2223 4485 2323 4541; x_wconf 86' lang='lat' dir='ltr'><strong>Via</strong></span> <span class='ocrx_word' id='word_1_726' title='bbox 2348 4486 2504 4557; x_wconf 90' lang='lat' dir='ltr'><strong>Lata,</strong></span> <span class='ocrx_word' id='word_1_727' title='bbox 2538 4501 2588 4542; x_wconf 92' lang='lat' dir='ltr'><strong>a.</strong></span> <span class='ocrx_word' id='word_1_728' title='bbox 2624 4490 2706 4539; x_wconf 88' lang='lat'><strong>10.</strong></span> <span class='ocrx_word' id='word_1_729' title='bbox 2726 4484 2996 4554; x_wconf 85' lang='lat' dir='ltr'><strong>n1.2,d.1.</strong></span> <span class='ocrx_word' id='word_1_730' title='bbox 3020 4484 3193 4557; x_wconf 80' lang='lat' dir='ltr'><strong>[ADO.]</strong></span> <span class='ocrx_word' id='word_1_731' title='bbox 3223 4488 3646 4550; x_wconf 86' lang='lat' dir='ltr'><strong>Hicconstituit</strong></span> 
     </span>
    </p>
   </div>
   <div class='ocr_carea' id='block_1_98' title="bbox 2015 4575 3650 4644">
    <p class='ocr_par' dir='ltr' id='par_1_98' title="bbox 2015 4575 3650 4644">
     <span class='ocr_line' id='line_1_99' title="bbox 2015 4575 3650 4644; baseline 0.004 -12"><span class='ocrx_word' id='word_1_732' title='bbox 2015 4581 2079 4632; x_wconf 90' lang='lat' dir='ltr'><strong>ut</strong></span> <span class='ocrx_word' id='word_1_733' title='bbox 2128 4575 2451 4631; x_wconf 91' lang='lat' dir='ltr'><strong>ministeria</strong></span> <span class='ocrx_word' id='word_1_734' title='bbox 2511 4578 2741 4631; x_wconf 89' lang='lat' dir='ltr'><strong>sacrata</strong></span> <span class='ocrx_word' id='word_1_735' title='bbox 2800 4590 2911 4630; x_wconf 92' lang='lat' dir='ltr'><strong>non</strong></span> <span class='ocrx_word' id='word_1_736' title='bbox 2978 4578 3367 4644; x_wconf 87' lang='lat' dir='ltr'><strong>tangerentur</strong></span> <span class='ocrx_word' id='word_1_737' title='bbox 3440 4580 3550 4636; x_wconf 90' lang='lat' dir='ltr'><strong>nisi</strong></span> <span class='ocrx_word' id='word_1_738' title='bbox 3618 4598 3650 4639; x_wconf 93' lang='lat' dir='ltr'><strong>a</strong></span> 
     </span>
    </p>
   </div>
   <div class='ocr_carea' id='block_1_99' title="bbox 2010 4664 3643 4738">
    <p class='ocr_par' dir='ltr' id='par_1_99' title="bbox 2010 4664 3643 4738">
     <span class='ocr_line' id='line_1_100' title="bbox 2010 4664 3643 4738; baseline 0.004 -17"><span class='ocrx_word' id='word_1_739' title='bbox 2010 4665 2316 4721; x_wconf 89' lang='lat' dir='ltr'><strong>ministris.</strong></span> <span class='ocrx_word' id='word_1_740' title='bbox 2359 4667 2561 4722; x_wconf 88' lang='lat' dir='ltr'><strong>Justus</strong></span> <span class='ocrx_word' id='word_1_741' title='bbox 2599 4664 2941 4721; x_wconf 89' lang='lat' dir='ltr'><strong>Viennensis</strong></span> <span class='ocrx_word' id='word_1_742' title='bbox 2988 4665 3299 4738; x_wconf 84' lang='lat' dir='ltr'><strong>episcopus</strong></span> <span class='ocrx_word' id='word_1_743' title='bbox 3334 4667 3533 4725; x_wconf 83' lang='lat' dir='ltr'><strong>ﬂoruit</strong></span> <span class='ocrx_word' id='word_1_744' title='bbox 3580 4667 3643 4727; x_wconf 81' lang='grc'><strong>³⁸.</strong></span> 
     </span>
    </p>
   </div>
   <div class='ocr_carea' id='block_1_100' title="bbox 2079 4756 3649 4827">
    <p class='ocr_par' dir='ltr' id='par_1_100' title="bbox 2079 4756 3649 4827">
     <span class='ocr_line' id='line_1_101' title="bbox 2079 4756 3649 4827; baseline 0.003 -16"><span class='ocrx_word' id='word_1_745' title='bbox 2079 4758 2243 4813; x_wconf 85' lang='lat' dir='ltr'><strong>Anno</strong></span> <span class='ocrx_word' id='word_1_746' title='bbox 2276 4772 2507 4827; x_wconf 91' lang='lat' dir='ltr'><strong>quoque</strong></span> <span class='ocrx_word' id='word_1_747' title='bbox 2536 4757 2608 4811; x_wconf 89' lang='lat' dir='ltr'><strong>ab</strong></span> <span class='ocrx_word' id='word_1_748' title='bbox 2641 4756 2751 4811; x_wconf 91' lang='lat' dir='ltr'><strong>inc.</strong></span> <span class='ocrx_word' id='word_1_749' title='bbox 2790 4757 2947 4811; x_wconf 90' lang='lat' dir='ltr'><strong>Dom.</strong></span> <span class='ocrx_word' id='word_1_750' title='bbox 2984 4761 3104 4812; x_wconf 88' lang='lat'><strong>121.</strong></span> <span class='ocrx_word' id='word_1_751' title='bbox 3138 4758 3405 4827; x_wconf 86' lang='lat' dir='ltr'><strong>regnavit</strong></span> <span class='ocrx_word' id='word_1_752' title='bbox 3443 4759 3649 4817; x_wconf 82' lang='lat' dir='ltr'><strong>Adria-</strong></span> 
     </span>
    </p>
   </div>
   <div class='ocr_carea' id='block_1_101' title="bbox 2004 4844 3649 4920">
    <p class='ocr_par' dir='ltr' id='par_1_101' title="bbox 2004 4844 3649 4920">
     <span class='ocr_line' id='line_1_102' title="bbox 2004 4844 3649 4920; baseline 0.002 -18"><span class='ocrx_word' id='word_1_753' title='bbox 2004 4862 2134 4919; x_wconf 90' lang='lat' dir='ltr'><strong>nus,</strong></span> <span class='ocrx_word' id='word_1_754' title='bbox 2166 4846 2535 4903; x_wconf 72' lang='lat' dir='ltr'><strong>consobrinze</strong></span> <span class='ocrx_word' id='word_1_755' title='bbox 2561 4844 2787 4915; x_wconf 85' lang='lat' dir='ltr'><strong>Trajani</strong></span> <span class='ocrx_word' id='word_1_756' title='bbox 2820 4844 2992 4901; x_wconf 89' lang='lat' dir='ltr'><strong>ﬁlius.</strong></span> <span class='ocrx_word' id='word_1_757' title='bbox 3031 4846 3216 4918; x_wconf 66' lang='lat'><strong>[32011,</strong></span> <span class='ocrx_word' id='word_1_758' title='bbox 3261 4848 3518 4920; x_wconf 52' lang='lat' dir='ltr'><strong>menon]</strong></span> <span class='ocrx_word' id='word_1_759' title='bbox 3546 4849 3649 4907; x_wconf 85' lang='lat' dir='ltr'><strong>Hic</strong></span> 
     </span>
    </p>
   </div>
   <div class='ocr_carea' id='block_1_102' title="bbox 2003 4934 3646 5009">
    <p class='ocr_par' dir='ltr' id='par_1_102' title="bbox 2003 4934 3646 5009">
     <span class='ocr_line' id='line_1_103' title="bbox 2003 4934 3646 5009; baseline 0 -15"><span class='ocrx_word' id='word_1_760' title='bbox 2003 4938 2060 4994; x_wconf 86' lang='lat'><strong>9°</strong></span> <span class='ocrx_word' id='word_1_761' title='bbox 2100 4937 2327 5009; x_wconf 88' lang='lat' dir='ltr'><strong>imperii</strong></span> <span class='ocrx_word' id='word_1_762' title='bbox 2385 4936 2475 4992; x_wconf 91' lang='lat' dir='ltr'><strong>sui</strong></span> <span class='ocrx_word' id='word_1_763' title='bbox 2523 4949 2673 4991; x_wconf 90' lang='lat' dir='ltr'><strong>anno</strong></span> <span class='ocrx_word' id='word_1_764' title='bbox 2724 4935 3177 5007; x_wconf 88' lang='lat' dir='ltr'><strong>persequutione</strong></span> <span class='ocrx_word' id='word_1_765' title='bbox 3219 4934 3432 5007; x_wconf 84' lang='lat' dir='ltr'><strong>laxata,</strong></span> <span class='ocrx_word' id='word_1_766' title='bbox 3476 4941 3646 5009; x_wconf 90' lang='lat' dir='ltr'><strong>pater</strong></span> 
     </span>
    </p>
   </div>
   <div class='ocr_carea' id='block_1_103' title="bbox 2002 5024 3650 5125">
    <p class='ocr_par' dir='ltr' id='par_1_103' title="bbox 2002 5024 3650 5125">
     <span class='ocr_line' id='line_1_104' title="bbox 2002 5024 3650 5125; baseline -0.002 -39"><span class='ocrx_word' id='word_1_767' title='bbox 2002 5028 2208 5103; x_wconf 66' lang='lat' dir='ltr'><strong>patriae</strong></span> <span class='ocrx_word' id='word_1_768' title='bbox 2241 5025 2592 5098; x_wconf 89' lang='lat' dir='ltr'><strong>appellatur,</strong></span> <span class='ocrx_word' id='word_1_769' title='bbox 2625 5029 2684 5081; x_wconf 89' lang='lat' dir='ltr'><strong>et</strong></span> <span class='ocrx_word' id='word_1_770' title='bbox 2717 5039 2864 5081; x_wconf 84' lang='lat' dir='ltr'><strong>uxor</strong></span> <span class='ocrx_word' id='word_1_771' title='bbox 2887 5024 3014 5094; x_wconf 91' lang='lat' dir='ltr'><strong>ejus</strong></span> <span class='ocrx_word' id='word_1_772' title='bbox 3045 5028 3320 5124; x_wconf 75' lang='lat' dir='ltr'><strong>augusta.</strong></span> <span class='ocrx_word' id='word_1_773' title='bbox 3365 5026 3650 5125; x_wconf 81' lang='lat' dir='ltr'><strong>Regnavit</strong></span> 
     </span>
    </p>
   </div>
   <div class='ocr_carea' id='block_1_104' title="bbox 246 5109 3646 5215">
    <p class='ocr_par' dir='ltr' id='par_1_104' title="bbox 246 5109 3646 5215">
     <span class='ocr_line' id='line_1_105' title="bbox 246 5109 3646 5215; baseline 0.002 -50"><span class='ocrx_word' id='word_1_774' title='bbox 246 5109 347 5182; x_wconf 92' lang='lat' dir='ltr'><strong>qui</strong></span> <span class='ocrx_word' id='word_1_775' title='bbox 370 5111 422 5168; x_wconf 93' lang='lat' dir='ltr'><strong>ei</strong></span> <span class='ocrx_word' id='word_1_776' title='bbox 447 5111 502 5169; x_wconf 91' lang='lat' dir='ltr'><strong>in</strong></span> <span class='ocrx_word' id='word_1_777' title='bbox 517 5112 859 5185; x_wconf 88' lang='lat' dir='ltr'><strong>episcopatu</strong></span> <span class='ocrx_word' id='word_1_778' title='bbox 874 5124 1265 5189; x_wconf 89' lang='lat' dir='ltr'><strong>successerat,</strong></span> <span class='ocrx_word' id='word_1_779' title='bbox 1297 5116 1595 5192; x_wconf 89' lang='lat' dir='ltr'><strong>ampliata,</strong></span> <span class='ocrx_word' id='word_1_780' title='bbox 1618 5124 1892 5193; x_wconf 83' lang='lat' dir='ltr'><strong>atquein-</strong></span> <span class='ocrx_word' id='word_1_781' title='bbox 2002 5135 2052 5176; x_wconf 90' lang='lat' dir='ltr'><strong>a.</strong></span> <span class='ocrx_word' id='word_1_782' title='bbox 2090 5124 2180 5189; x_wconf 89' lang='lat'><strong>21,</strong></span> <span class='ocrx_word' id='word_1_783' title='bbox 2211 5116 2668 5215; x_wconf 60' lang='lat' dir='ltr'><strong>Thelesphorus,</strong></span> <span class='ocrx_word' id='word_1_784' title='bbox 2698 5114 3269 5215; x_wconf 32' lang='lat' dir='ltr'><strong>Grecuspatio‘ne‘ex</strong></span> <span class='ocrx_word' id='word_1_785' title='bbox 3285 5115 3646 5215; x_wconf 34' lang='lat' dir='ltr'><strong>anachori‘ta,</strong></span> 
     </span>
    </p>
   </div>
   <div class='ocr_carea' id='block_1_105' title="bbox 240 5198 3647 5282">
    <p class='ocr_par' dir='ltr' id='par_1_105' title="bbox 240 5198 3647 5282">
     <span class='ocr_line' id='line_1_106' title="bbox 240 5198 3647 5282; baseline 0.002 -27"><span class='ocrx_word' id='word_1_786' title='bbox 240 5198 463 5258; x_wconf 89' lang='lat' dir='ltr'><strong>honore</strong></span> <span class='ocrx_word' id='word_1_787' title='bbox 492 5201 678 5275; x_wconf 87' lang='lat' dir='ltr'><strong>ipsius</strong></span> <span class='ocrx_word' id='word_1_788' title='bbox 709 5204 976 5276; x_wconf 87' lang='lat' dir='ltr'><strong>magistri</strong></span> <span class='ocrx_word' id='word_1_789' title='bbox 1008 5205 1099 5263; x_wconf 91' lang='lat' dir='ltr'><strong>sui</strong></span> <span class='ocrx_word' id='word_1_790' title='bbox 1125 5204 1393 5265; x_wconf 88' lang='lat' dir='ltr'><strong>dedicata</strong></span> <span class='ocrx_word' id='word_1_791' title='bbox 1411 5212 1524 5282; x_wconf 91' lang='lat' dir='ltr'><strong>est,</strong></span> <span class='ocrx_word' id='word_1_792' title='bbox 1561 5210 1660 5268; x_wconf 92' lang='lat' dir='ltr'><strong>ubi</strong></span> <span class='ocrx_word' id='word_1_793' title='bbox 1685 5214 1885 5270; x_wconf 90' lang='lat' dir='ltr'><strong>multis</strong></span> <span class='ocrx_word' id='word_1_794' title='bbox 1999 5233 2049 5274; x_wconf 91' lang='lat' dir='ltr'><strong>a.</strong></span> <span class='ocrx_word' id='word_1_795' title='bbox 2069 5219 2127 5271; x_wconf 87' lang='lat'><strong>11</strong></span> <span class='ocrx_word' id='word_1_796' title='bbox 2149 5228 2220 5268; x_wconf 91' lang='lat' dir='ltr'><strong>m.</strong></span> <span class='ocrx_word' id='word_1_797' title='bbox 2248 5213 2300 5282; x_wconf 90' lang='lat'><strong>3,</strong></span> <span class='ocrx_word' id='word_1_798' title='bbox 2327 5208 2381 5265; x_wconf 89' lang='lat' dir='ltr'><strong>d.</strong></span> <span class='ocrx_word' id='word_1_799' title='bbox 2408 5211 2469 5264; x_wconf 86' lang='lat' dir='ltr'><strong>2t</strong></span> <span class='ocrx_word' id='word_1_800' title='bbox 2499 5203 2883 5276; x_wconf 72' lang='lat' dir='ltr'><strong>(Geslapont.</strong></span> <span class='ocrx_word' id='word_1_801' title='bbox 2910 5203 3123 5277; x_wconf 70' lang='lat' dir='ltr'><strong>Rom).</strong></span> <span class='ocrx_word' id='word_1_802' title='bbox 3151 5203 3327 5261; x_wconf 85' lang='lat' dir='ltr'><strong>Duxit</strong></span> <span class='ocrx_word' id='word_1_803' title='bbox 3346 5201 3393 5237; x_wconf 86' lang='grc'>³⁸</span> <span class='ocrx_word' id='word_1_804' title='bbox 3415 5203 3647 5262; x_wconf 91' lang='lat' dir='ltr'><strong>illustre</strong></span> 
     </span>
    </p>
   </div>
   <div class='ocr_carea' id='block_1_106' title="bbox 1610 5327 2295 5389">
    <p class='ocr_par' dir='ltr' id='par_1_106' title="bbox 1610 5327 2295 5389">
     <span class='ocr_line' id='line_1_107' title="bbox 1610 5327 2295 5389; baseline -0.004 -6"><span class='ocrx_word' id='word_1_805' title='bbox 1610 5329 1848 5386; x_wconf 66' lang='lat' dir='ltr'><strong>VARI/1‘3</strong></span> <span class='ocrx_word' id='word_1_806' title='bbox 1892 5327 2295 5389; x_wconf 86' lang='lat' dir='ltr'><strong>LECTIONES.</strong></span> 
     </span>
    </p>
   </div>
   <div class='ocr_carea' id='block_1_107' title="bbox 229 5428 3646 5520">
    <p class='ocr_par' dir='ltr' id='par_1_107' title="bbox 229 5428 3646 5520">
     <span class='ocr_line' id='line_1_108' title="bbox 229 5428 3646 5520; baseline 0.007 -34"><span class='ocrx_word' id='word_1_807' title='bbox 229 5428 278 5465; x_wconf 79' lang='grc'>³³</span> <span class='ocrx_word' id='word_1_808' title='bbox 302 5430 659 5520; x_wconf 63' lang='lat' dir='ltr'><strong>Vespasiano</strong></span> <span class='ocrx_word' id='word_1_809' title='bbox 814 5435 1035 5520; x_wconf 37' lang='lat' dir='ltr'><strong>etﬁ&#39;l‘ito.</strong></span> <span class='ocrx_word' id='word_1_810' title='bbox 1054 5436 1116 5518; x_wconf 76' lang='lat' dir='ltr'><strong>V.</strong></span> <span class='ocrx_word' id='word_1_811' title='bbox 1140 5437 1484 5520; x_wconf 57' lang='lat' dir='ltr'><strong>consulibus</strong></span> <span class='ocrx_word' id='word_1_812' title='bbox 1514 5440 1694 5520; x_wconf 74' lang='lat' dir='ltr'><strong>Judea</strong></span> <span class='ocrx_word' id='word_1_813' title='bbox 1725 5445 2192 5520; x_wconf 73' lang='lat' dir='ltr'><strong>subvertiturin</strong></span> <span class='ocrx_word' id='word_1_814' title='bbox 2220 5440 2499 5520; x_wconf 57' lang='lat' dir='ltr'><strong>margine</strong></span> <span class='ocrx_word' id='word_1_815' title='bbox 2528 5450 2573 5493; x_wconf 80' lang='grc' dir='ltr'><strong>ο.</strong></span> <span class='ocrx_word' id='word_1_816' title='bbox 2610 5434 2655 5468; x_wconf 79' lang='grc'><strong>³⁸</strong></span> <span class='ocrx_word' id='word_1_817' title='bbox 2683 5433 2782 5491; x_wconf 76' lang='lat' dir='ltr'><strong>hic</strong></span> <span class='ocrx_word' id='word_1_818' title='bbox 2807 5435 2875 5520; x_wconf 66' lang='grc' dir='ltr'><strong>ξζι</strong></span> <span class='ocrx_word' id='word_1_819' title='bbox 2902 5434 3197 5520; x_wconf 61' lang='grc' dir='ltr'><strong>υιςιῆθέπρ,</strong></span> <span class='ocrx_word' id='word_1_820' title='bbox 3221 5434 3444 5520; x_wconf 59' lang='lat' dir='ltr'><strong>1995M</strong></span> <span class='ocrx_word' id='word_1_821' title='bbox 3472 5458 3493 5494; x_wconf 86' lang='lat'><strong>-‘</strong></span> <span class='ocrx_word' id='word_1_822' title='bbox 3515 5438 3646 5520; x_wconf 58' lang='grc' dir='ltr'><strong>,ῥη-</strong></span> 
     </span>
    </p>
   </div>
   <div class='ocr_carea' id='block_1_108' title="bbox 230 5504 3643 5639">
    <p class='ocr_par' dir='ltr' id='par_1_108' title="bbox 230 5504 3643 5639">
     <span class='ocr_line' id='line_1_109' title="bbox 230 5504 3643 5610; baseline 0.001 -50"><span class='ocrx_word' id='word_1_823' title='bbox 230 5517 307 5560; x_wconf 90' lang='lat' dir='ltr'><strong>no</strong></span> <span class='ocrx_word' id='word_1_824' title='bbox 337 5504 842 5562; x_wconf 48' lang='lat' dir='ltr'><strong>ab’incarnatione</strong></span> <span class='ocrx_word' id='word_1_825' title='bbox 874 5508 1099 5563; x_wconf 77' lang='lat' dir='ltr'><strong>Domini</strong></span> <span class='ocrx_word' id='word_1_826' title='bbox 1131 5512 1251 5564; x_wconf 89' lang='lat'><strong>167.</strong></span> <span class='ocrx_word' id='word_1_827' title='bbox 1287 5509 1498 5568; x_wconf 90' lang='lat' dir='ltr'><strong>Lucius</strong></span> <span class='ocrx_word' id='word_1_828' title='bbox 1529 5527 1631 5571; x_wconf 84' lang='lat' dir='ltr'><strong>rex</strong></span> <span class='ocrx_word' id='word_1_829' title='bbox 1663 5516 2008 5575; x_wconf 65' lang='lat' dir='ltr'><strong>Brittannire</strong></span> <span class='ocrx_word' id='word_1_830' title='bbox 2040 5516 2215 5596; x_wconf 82' lang='lat' dir='ltr'><strong>missa</strong></span> <span class='ocrx_word' id='word_1_831' title='bbox 2252 5504 2547 5582; x_wconf 77' lang='lat' dir='ltr'><strong>legatione</strong></span> <span class='ocrx_word' id='word_1_832' title='bbox 2576 5522 2606 5563; x_wconf 91' lang='lat' dir='ltr'><strong>a</strong></span> <span class='ocrx_word' id='word_1_833' title='bbox 2637 5520 2782 5578; x_wconf 88' lang='lat' dir='ltr'><strong>papa</strong></span> <span class='ocrx_word' id='word_1_834' title='bbox 2811 5504 3083 5589; x_wconf 75' lang='lat' dir='ltr'><strong>Euaristo</strong></span> <span class='ocrx_word' id='word_1_835' title='bbox 3102 5510 3159 5561; x_wconf 90' lang='lat' dir='ltr'><strong>et</strong></span> <span class='ocrx_word' id='word_1_836' title='bbox 3183 5505 3643 5610; x_wconf 35' lang='lat' dir='ltr'><strong>imperatéoribus</strong></span> 
     </span>
     <span class='ocr_line' id='line_1_110' title="bbox 230 5574 3639 5639; baseline 0.002 -7"><span class='ocrx_word' id='word_1_837' title='bbox 230 5574 506 5632; x_wconf 83' lang='lat' dir='ltr'><strong>Romanis</strong></span> <span class='ocrx_word' id='word_1_838' title='bbox 537 5575 709 5633; x_wconf 89' lang='lat' dir='ltr'><strong>ﬁdem</strong></span> <span class='ocrx_word' id='word_1_839' title='bbox 740 5577 953 5636; x_wconf 89' lang='lat' dir='ltr'><strong>Christi</strong></span> <span class='ocrx_word' id='word_1_840' title='bbox 984 5579 1265 5639; x_wconf 83' lang='lat' dir='ltr'><strong>suscepit.</strong></span> <span class='ocrx_word' id='word_1_841' title='bbox 1299 5596 1431 5639; x_wconf 91' lang='lat' dir='ltr'><strong>cum</strong></span> <span class='ocrx_word' id='word_1_842' title='bbox 1461 5585 1729 5639; x_wconf 87' lang='lat' dir='ltr'><strong>omnibus</strong></span> <span class='ocrx_word' id='word_1_843' title='bbox 1760 5588 1984 5639; x_wconf 68' lang='lat' dir='ltr'><strong>regulis</strong></span> <span class='ocrx_word' id='word_1_844' title='bbox 2008 5591 2207 5639; x_wconf 69' lang='lat' dir='ltr'><strong>aeutis</strong></span> <span class='ocrx_word' id='word_1_845' title='bbox 2236 5598 2378 5639; x_wconf 64' lang='lat' dir='ltr'><strong>suae.</strong></span> <span class='ocrx_word' id='word_1_846' title='bbox 2412 5579 2457 5614; x_wconf 80' lang='grc'><strong>³³</strong></span> <span class='ocrx_word' id='word_1_847' title='bbox 2481 5577 2979 5639; x_wconf 77' lang='lat' dir='ltr'><strong>Justus—ﬂoruit</strong></span> <span class='ocrx_word' id='word_1_848' title='bbox 2999 5591 3374 5639; x_wconf 76' lang='lat' dir='ltr'><strong>mmamme.</strong></span> <span class='ocrx_word' id='word_1_849' title='bbox 3464 5579 3639 5639; x_wconf 72' lang='lat' dir='ltr'><strong>Duxnt</strong></span> 
     </span>
    </p>
   </div>
   <div class='ocr_carea' id='block_1_109' title="bbox 229 5574 3253 5719">
    <p class='ocr_par' dir='ltr' id='par_1_109' title="bbox 229 5574 3253 5719">
     <span class='ocr_line' id='line_1_111' title="bbox 230 5574 3253 5705; baseline 0.002 -74"><span class='ocrx_word' id='word_1_850' title='bbox 230 5574 511 5705; x_wconf 51' lang='lat' dir='ltr'><strong>Romani:</strong></span> <span class='ocrx_word' id='word_1_851' title='bbox 537 5575 709 5633; x_wconf 90' lang='lat' dir='ltr'><strong>ﬁdem</strong></span> <span class='ocrx_word' id='word_1_852' title='bbox 740 5577 953 5636; x_wconf 89' lang='lat' dir='ltr'><strong>Christi</strong></span> <span class='ocrx_word' id='word_1_853' title='bbox 984 5579 1265 5651; x_wconf 88' lang='lat' dir='ltr'><strong>suscepit.</strong></span> <span class='ocrx_word' id='word_1_854' title='bbox 1299 5596 1431 5640; x_wconf 91' lang='lat' dir='ltr'><strong>cum</strong></span> <span class='ocrx_word' id='word_1_855' title='bbox 1461 5585 1729 5644; x_wconf 90' lang='lat' dir='ltr'><strong>omnibus</strong></span> <span class='ocrx_word' id='word_1_856' title='bbox 1759 5574 2207 5661; x_wconf 81' lang='lat' dir='ltr'><strong>regulisgentis</strong></span> <span class='ocrx_word' id='word_1_857' title='bbox 2236 5574 2378 5642; x_wconf 66' lang='lat' dir='ltr'><strong>suae.</strong></span> <span class='ocrx_word' id='word_1_858' title='bbox 2412 5579 2457 5614; x_wconf 80' lang='grc'><strong>³³</strong></span> <span class='ocrx_word' id='word_1_859' title='bbox 2481 5574 2979 5639; x_wconf 62' lang='grc' dir='ltr'><strong>Ιιιθιιὶδὲ-ιιοτιιίι</strong></span> <span class='ocrx_word' id='word_1_860' title='bbox 2999 5578 3253 5652; x_wconf 64' lang='lat' dir='ltr'><strong>inmani</strong></span> 
     </span>
     <span class='ocr_line' id='line_1_112' title="bbox 229 5660 790 5719; baseline 0.005 -18"><span class='ocrx_word' id='word_1_861' title='bbox 229 5677 301 5687; x_wconf 94' lang='lat'>—</span> <span class='ocrx_word' id='word_1_862' title='bbox 364 5660 455 5703; x_wconf 91' lang='lat' dir='ltr'><strong>an.</strong></span> <span class='ocrx_word' id='word_1_863' title='bbox 514 5661 555 5704; x_wconf 75' lang='grc' dir='ltr'><em>π</em></span> <span class='ocrx_word' id='word_1_864' title='bbox 576 5661 790 5719; x_wconf 56' lang='lat' dir='ltr'><strong>marg;</strong></span> 
     </span>
    </p>
   </div>
   <div class='ocr_carea' id='block_1_110' title="bbox 326 4838 1895 4917">
    <p class='ocr_par' dir='ltr' id='par_1_110' title="bbox 326 4838 1895 4917">
     <span class='ocr_line' id='line_1_113' title="bbox 326 4838 1895 4917; baseline 0.01 -21"><span class='ocrx_word' id='word_1_865' title='bbox 326 4838 602 4913; x_wconf 90' lang='lat' dir='ltr'><strong>Sepultus</strong></span> <span class='ocrx_word' id='word_1_866' title='bbox 625 4850 715 4901; x_wconf 90' lang='lat' dir='ltr'><strong>est</strong></span> <span class='ocrx_word' id='word_1_867' title='bbox 738 4859 877 4901; x_wconf 91' lang='lat' dir='ltr'><strong>sane</strong></span> <span class='ocrx_word' id='word_1_868' title='bbox 901 4842 1191 4917; x_wconf 87' lang='lat' dir='ltr'><strong>condigne</strong></span> <span class='ocrx_word' id='word_1_869' title='bbox 1214 4848 1435 4906; x_wconf 87' lang='lat' dir='ltr'><strong>honore</strong></span> <span class='ocrx_word' id='word_1_870' title='bbox 1452 4848 1707 4908; x_wconf 91' lang='lat' dir='ltr'><strong>ﬁdelium</strong></span> <span class='ocrx_word' id='word_1_871' title='bbox 1731 4852 1785 4908; x_wconf 93' lang='lat' dir='ltr'><strong>in</strong></span> <span class='ocrx_word' id='word_1_872' title='bbox 1801 4868 1895 4910; x_wconf 91' lang='lat' dir='ltr'><strong>ec-</strong></span> 
     </span>
    </p>
   </div>
   <div class='ocr_carea' id='block_1_111' title="bbox 247 4928 1894 5010">
    <p class='ocr_par' dir='ltr' id='par_1_111' title="bbox 247 4928 1894 5010">
     <span class='ocr_line' id='line_1_114' title="bbox 247 4928 1894 5010; baseline 0.007 -23"><span class='ocrx_word' id='word_1_873' title='bbox 247 4928 428 4987; x_wconf 89' lang='lat' dir='ltr'><strong>clesia</strong></span> <span class='ocrx_word' id='word_1_874' title='bbox 460 4932 647 4988; x_wconf 90' lang='lat' dir='ltr'><strong>sancti</strong></span> <span class='ocrx_word' id='word_1_875' title='bbox 675 4934 835 4989; x_wconf 90' lang='lat' dir='ltr'><strong>Petri</strong></span> <span class='ocrx_word' id='word_1_876' title='bbox 869 4934 992 5005; x_wconf 89' lang='lat' dir='ltr'><strong>(t&#39;ol.</strong></span> <span class='ocrx_word' id='word_1_877' title='bbox 1028 4938 1116 5008; x_wconf 90' lang='lat'><strong>17)</strong></span> <span class='ocrx_word' id='word_1_878' title='bbox 1151 4952 1322 5008; x_wconf 90' lang='lat' dir='ltr'><strong>quam</strong></span> <span class='ocrx_word' id='word_1_879' title='bbox 1348 4939 1470 5010; x_wconf 92' lang='lat' dir='ltr'><strong>ipse</strong></span> <span class='ocrx_word' id='word_1_880' title='bbox 1493 4954 1524 4995; x_wconf 91' lang='lat' dir='ltr'><strong>a</strong></span> <span class='ocrx_word' id='word_1_881' title='bbox 1558 4940 1894 5000; x_wconf 84' lang='lat' dir='ltr'><strong>fundamen-</strong></span> 
     </span>
    </p>
   </div>
   <div class='ocr_carea' id='block_1_112' title="bbox 247 5019 1885 5106">
    <p class='ocr_par' dir='ltr' id='par_1_112' title="bbox 247 5019 1885 5106">
     <span class='ocr_line' id='line_1_115' title="bbox 247 5019 1885 5106; baseline 0.009 -31"><span class='ocrx_word' id='word_1_882' title='bbox 247 5019 331 5077; x_wconf 88' lang='lat' dir='ltr'><strong>tis</strong></span> <span class='ocrx_word' id='word_1_883' title='bbox 363 5021 760 5088; x_wconf 88' lang='lat' dir='ltr'><strong>ediﬁcaverat,</strong></span> <span class='ocrx_word' id='word_1_884' title='bbox 796 5039 925 5095; x_wconf 64' lang='lat' dir='ltr'><strong>quas</strong></span> <span class='ocrx_word' id='word_1_885' title='bbox 955 5025 1187 5096; x_wconf 88' lang='lat' dir='ltr'><strong>quidem</strong></span> <span class='ocrx_word' id='word_1_886' title='bbox 1215 5041 1245 5082; x_wconf 90' lang='lat' dir='ltr'><strong>a</strong></span> <span class='ocrx_word' id='word_1_887' title='bbox 1279 5036 1480 5085; x_wconf 75' lang='lat' dir='ltr'><strong>sancto</strong></span> <span class='ocrx_word' id='word_1_888' title='bbox 1509 5032 1799 5089; x_wconf 82' lang='lat' dir='ltr'><strong>Antonino</strong></span> <span class='ocrx_word' id='word_1_889' title='bbox 1821 5032 1885 5106; x_wconf 85' lang='grc'><strong>³⁴,</strong></span> 
     </span>
    </p>
   </div>
  </div>
