3922 6412
322 374 399 436 39
1280 378 1567 441 HUGON
1572 380 1646 440 IS
1687 373 2043 439 ABBATIS
2088 372 2764 439 FLAVINIACENSIS
3478 367 3485 373 ’
3658 376 3747 438 40

326 508 669 580 martyrium
703 511 844 566 Non.
877 512 1000 565 Jan.
1039 509 1140 566 Hic
1170 510 1477 567 constituit
1515 519 1576 567 ut
1620 517 1653 567 7
1701 508 1972 566 ebdoma-
2000 505 2056 567 A
2088 520 2287 562 manos
2309 506 2635 577 largissime
2661 510 2935 567 refecerit
2956 518 3014 570 et
3050 516 3341 573 barbaros
3371 515 3599 572 crebris
3634 515 3755 572 ful-

327 596 418 653 dis
447 604 582 654 ante
625 599 836 671 pascha
865 598 1147 669 jejunium
1179 599 1513 655 celebretur
1543 598 1663 669 (fol.
1701 596 1806 668 17’)
1835 602 1893 652 et
1916 596 1972 651 in

327 690 498 743 nocte
520 687 735 742 natalis
758 687 980 742 Domini
1004 687 1199 743 missae
1222 686 1599 745 celebrentur
1614 691 1670 742 et
1689 686 1977 746 Gloriam

329 776 579 834 excelsis
606 777 727 833 Deo
759 781 1092 833 caneretur.
1131 774 1287 832 Obiit
1314 781 1363 831 3.
1394 777 1528 833 Idus
1548 777 1760 832 Januar
1782 773 1845 830 ³⁷.
1873 773 1974 830 Cui

331 867 620 923 successit
651 866 866 935 Yginus
898 868 1137 922 natione
1168 867 1385 923 Grecus
1417 882 1485 922 ex
1518 865 1881 938 phylosopho
1905 864 1975 919 de

2088 595 2303 651 minum
2337 596 2552 653 ictibus
2584 599 2827 656 territos
2859 600 2914 656 in
2948 602 3138 673 fugam
3171 603 3545 661 converterit.
3586 602 3745 669 Quo-

2089 698 2213 739 rum
2248 688 2411 753 terga
2442 685 2739 757 cedentes,
2776 688 3135 748 incruentam
3170 692 3471 750 victoriam
3506 692 3744 764 potenti

2089 772 2303 828 Christi
2336 788 2601 830 meruere
2635 776 2871 833 auxilio.
2908 780 3024 835 Sub
3060 795 3173 851 quo
3223 783 3537 854 Hyrenaeus
3595 781 3747 850 Lug-

2089 860 2365 917 dunensis
2388 863 2702 934 episc0pus
2724 865 2936 922 claruit
2960 873 3019 923 et
3035 868 3345 940 Dionysius
3369 869 3739 927 Viennensis.

331 956 595 1026 Athenis,
629 955 783 1010 sedit
814 970 866 1011 a.
900 958 950 1026 4,
987 972 1059 1011 m.
1096 960 1148 1025 3,
1184 956 1238 1012 d.
1270 958 1321 1011 8.
1359 957 1459 1011 llic
1490 955 1710 1011 clerum
1749 968 1977 1026 compo-
2086 949 2223 1004 Post
2259 964 2425 1019 quem
2459 952 2722 1020 regnavit
2762 954 2964 1011 Helius
3004 957 3279 1014 Pertinax
3327 957 3624 1014 mensibus
3685 960 3739 1012 6.

330 1044 450 1101 suit
484 1049 543 1099 et
591 1043 895 1101 distribuit
942 1045 1162 1114 gradus
1209 1043 1669 1101 ecclesiasticos.
1720 1042 1877 1099 Obiit
1922 1046 1971 1097 3.

329 1134 464 1190 Idus
494 1134 710 1189 Januar
740 1131 803 1188 ³⁸.

401 1224 566 1277 Anno
597 1223 669 1278 ab
702 1222 814 1278 inc.
851 1222 1010 1278 Dom.
1051 1225 1154 1277 142
1187 1221 1403 1292 [BEDA].
1429 1220 1753 1276 Antoninus
1776 1232 1978 1288 cogno-

335 1315 529 1366 mento
559 1310 697 1367 Pius
730 1326 859 1366 cum
896 1309 1029 1366 ﬁliis
1058 1309 1294 1366 Aurelio
1326 1316 1384 1364 et
1422 1308 1593 1365 Lucio
1626 1308 1892 1377 regnavit
1923 1322 1972 1362 a.

330 1404 420 1463 22,
456 1414 527 1454 m.
564 1403 612 1455 4.
649 1400 804 1467 Pius,
837 1399 1069 1455 natione
1103 1398 1301 1467 italus,
1339 1413 1411 1452 ex
1441 1405 1606 1468 patrc
1637 1396 1863 1465 Ruﬁno,
1893 1395 1975 1450 fra

330 1494 422 1544 ter
436 1488 718 1557 Pastoris,
738 1487 807 1543 de
821 1488 1060 1543 civitate
1079 1486 1340 1557 Aquileia
1358 1487 1730 1558 (Gestapoat.
1762 1484 1974 1555 Rom),

333 1576 480 1634 sedit
520 1583 649 1648 post
680 1577 920 1647 Yginum
948 1591 999 1632 a.
1037 1581 1123 1645 19,
1161 1591 1234 1630 m.
1269 1577 1320 1645 4,
1356 1577 1410 1631 (1.
1445 1579 1495 1630 3.
1532 1574 1687 1629 Obiit
1738 1579 1787 1630 5.
1842 1573 1979 1629 Idus

324 1665 468 1722 Julii
499 1664 545 1699 ³ο
574 1667 694 1735 Hic,
731 1665 936 1735 angelo
962 1669 1251 1733 monente,
1278 1663 1538 1734 precepit
1564 1662 1861 1717 Dominico
1886 1660 1978 1716 die

335 1755 547 1826 pascha
567 1754 875 1810 celebrari.
903 1756 1061 1808 Inter
1083 1752 1243 1808 Pium
1268 1757 1327 1807 et
1350 1752 1653 1806 Anicetum
1669 1750 1723 1805 d.
1740 1755 1828 1806 29.
1850 1750 1980 1806 Ani-

334 1848 522 1914 cetus,
560 1843 793 1899 natione
818 1844 1015 1913 Syrus,
1042 1846 1207 1912 patre
1225 1841 1505 1909 Johanne,
1533 1841 1602 1895 de
1626 1840 1765 1895 Vico
1790 1832 2063 1925 Emisa‘B

332 1931 399 2003 ‘°,
434 1946 483 1987 a.
518 1937 604 2001 11,
638 1947 709 1986 m.
747 1934 798 2000 4,
830 1931 884 1986 d.
923 1935 953 1986 3
994 1930 1210 2002 [Bson].
1248 1929 1404 1984 Obiit
1445 1927 1560 1984 Kal.
1599 1928 1705 1983 Mai
1745 1926 1808 1981 ‘1.
1864 1928 1979 1983 Sub

338 2035 451 2091 quo
480 2019 820 2090 Policarpus
851 2020 1088 2074 Romam
1129 2018 1387 2087 veniens,
1441 2016 1655 2073 multos
1704 2017 1776 2073 ab
1819 2018 1982 2073 here-

339 2108 452 2165 tica
486 2108 616 2165 labe
648 2108 936 2164 Valentini
968 2113 1026 2163 et
1057 2107 1338 2163 Cerdonis
1370 2105 1700 2175 castigavit.

409 2198 571 2252 Anno
600 2197 672 2252 ab
705 2196 817 2251 inc.
851 2197 1010 2251 Dom.
1048 2198 1169 2250 164.
1199 2196 1424 2250 Marcus
1450 2194 1774 2250 Antoninus
1795 2193 1982 2250 Verus

338 2299 467 2341 cum
499 2284 679 2339 fratre
714 2283 950 2340 Aurelio
988 2284 1302 2339 Commodo
1334 2283 1598 2352 regnavit
1632 2296 1679 2337 a.
1714 2288 1801 2353 29,
1830 2297 1901 2337 m.
1932 2287 1978 2339 1.

340 2375 578 2430 Fotinus
612 2373 1014 2443 Lugdunensis
1034 2378 1091 2428 et
1115 2375 1317 2429 Justus
1340 2372 1684 2427 Viennensis
1704 2370 1982 2442 martyrio

338 2466 695 2518 coronantur
724 2460 786 2514 ⁴².
822 2459 1179 2530 Polycarpns
1209 2459 1486 2530 martyrio
1509 2465 1847 2515 coronatur.
1882 2459 1985 2513 Ve-

340 2565 403 2605 ro
434 2552 642 2620 quater
672 2552 731 2603 et
763 2548 1058 2615 Quadrato
1091 2548 1423 2618 Aproniano
1453 2553 1512 2603 et
1553 2546 1730 2603 Paulo
1776 2561 1985 2602 consu-

339 2637 494 2693 libus
527 2638 635 2693 sub
672 2642 752 2691 An
780 2643 930 2692 ceto.
969 2634 1173 2707 (Gesta
1194 2637 1386 2707 pont.)
1422 2639 1482 2691 In
1527 2636 1707 2691 Gallia
1755 2650 1985 2706 quoque

338 2726 505 2783 multi
532 2739 637 2797 pro
662 2725 894 2781 Christo
919 2724 1093 2780 occisi
1118 2729 1272 2780 sunt.
1302 2726 1580 2781 Anicetus
1608 2738 1751 2795 papa
1768 2724 1986 2778 consti-

341 2815 450 2872 tuit
485 2820 541 2871 ut
577 2815 829 2871 clericus
861 2830 1083 2870 comam
1119 2830 1230 2870 non
1266 2816 1538 2871 nutriret.
1568 2815 1724 2869 Obiit
1748 2820 1832 2868 11.
1860 2812 1980 2868 Kal.

337 2904 474 2961 Julii
505 2903 569 2959 ⁸³.
603 2905 759 2959 Inter
789 2905 1092 2959 Anicetum
1126 2908 1181 2958 et
1218 2903 1524 2959 Sotherum
1557 2903 1609 2958 (1.
1638 2907 1723 2957 21.
1753 2903 1982 2972 Sother,

341 2994 575 3049 natione
608 2996 952 3065 Campanus,
984 3008 1057 3048 ex
1092 2998 1257 3063 patre
1282 2992 1624 3056 Concordio,
1652 2993 1721 3047 de
1745 2992 1985 3047 civitate

341 3083 573 3152 Fundis,
610 3097 758 3138 anno
789 3084 861 3138 ab
895 3083 1008 3138 inc.
1045 3083 1204 3136 Dom.
1244 3086 1363 3150 168,
1400 3081 1568 3136 Marci
1594 3080 1862 3136 Antonini
1889 3080 1987 3135 Ve-

344 3170 393 3225 ri
422 3178 483 3225 et
517 3171 737 3227 Aurelii
769 3170 1062 3225 Commodi
1094 3174 1145 3224 9.
1180 3170 1436 3240 suscepit
1469 3168 1860 3239 gubernacula
1886 3170 1988 3223 Ro-

2091 1036 2213 1103 Quo
2246 1038 2522 1095 defuncto
2554 1042 2815 1110 regnavit
2851 1042 3102 1101 Severus
3141 1060 3292 1102 anno
3321 1047 3393 1102 ab
3426 1047 3535 1102 inc.
3569 1046 3740 1101 Dom.

2092 1129 2210 1181 198.
2245 1128 2507 1196 regnavit
2539 1143 2588 1184 a.
2626 1133 2712 1185 18.
2748 1131 2967 1202 Victor,
3003 1133 3237 1189 natione
3255 1135 3410 1204 Afer,
3438 1139 3603 1206 patre
3638 1134 3745 1189 Fe-

2090 1211 2223 1283 lice,
2263 1216 2413 1270 sedit
2447 1232 2497 1272 a.
2534 1222 2620 1289 12,
2646 1234 2718 1274 m.
2740 1225 2792 1290 2,
2820 1222 2876 1277 (1.
2906 1225 2972 1277 10
2994 1220 3374 1293 (Gestapont.
3403 1221 3614 1292 Rom).
3636 1220 3743 1278 llic

2090 1303 2421 1374 constituit,
2452 1304 2601 1361 sicut
2625 1311 2686 1362 et
2708 1308 2864 1378 Pius,
2891 1314 2950 1364 ut
2978 1311 3193 1380 pascha
3218 1310 3310 1366 die
3333 1309 3627 1367 Dominico
3646 1324 3745 1367 ce-

2090 1388 2422 1447 lebraretur
2454 1408 2504 1449 a.
2541 1396 2624 1449 14.
2664 1394 2797 1451 luna
2830 1397 2999 1467 primi
3036 1398 3253 1455 mensis
3296 1412 3482 1471 [81118
3529 1399 3603 1457 ad
3647 1404 3743 1457 21.

2090 1478 2349 1548 ejusdem
2380 1481 2616 1538 mensis.
2649 1483 2803 1539 Obiit
2838 1490 2887 1540 5.
2919 1485 3039 1541 Kal.
3077 1486 3219 1556 Aug.

2162 1569 2325 1624 Anno
2382 1570 2454 1624 ab
2513 1570 2623 1625 inc.
2686 1572 2847 1627 Dom.
2879 1577 3001 1629 206.
3057 1574 3437 1646 Zepberinus,
3498 1576 3744 1633 natione

2090 1654 2402 1725 Romanus,
2439 1663 2607 1728 patre
2640 1660 2928 1732 Abundio,
2961 1660 3116 1718 sedit
3144 1677 3195 1718 a.
3241 1667 3329 1734 18,
3363 1677 3435 1719 m.
3472 1667 3524 1735 6,
3560 1663 3620 1721 d.
3650 1668 3740 1721 10.

2094 1742 2249 1799 Obiit
2268 1750 2319 1799 7.
2347 1744 2467 1802 Kal.
2514 1746 2672 1818 Sept.

2165 1835 2327 1888 Anno
2357 1834 2429 1889 ab
2462 1834 2572 1892 inc.
2605 1836 2764 1915 Dom.
2798 1842 2903 1893 216
2937 1837 3154 1911 [BEDA].
3196 1839 3522 1898 Antoninus
3571 1840 3750 1897 Cara-

2093 1922 2242 1980 calla
2263 1925 2526 1993 regnavit
2549 1940 2598 1981 a.
2619 1931 2670 1982 7.
2698 1928 2833 1982 Post
2860 1926 3011 1983 hunc
3036 1928 3324 1985 Macrinus
3355 1943 3404 1984 a.
3442 1934 3492 1999 1,
3521 1934 3582 1985 et
3614 1934 3744 2001 post

2094 2024 2223 2066 eum
2255 2012 2481 2069 Marcus
2512 2013 2786 2072 Aurelius
2807 2015 3125 2087 imperator
3146 2031 3176 2073 a
3207 2020 3256 2073 4.
3290 2017 3602 2074 Anno‘7ab
3625 2018 3742 2076 inc.

2093 2099 2254 2155 Dom.
2284 2105 2407 2172 2b2,
2434 2102 2628 2159 Severi
2656 2119 2706 2159 a.
2738 2106 2789 2175 4,
2818 2106 3121 2175 questione
3150 2106 3346 2162 habita
3376 2106 3447 2163 de
3470 2107 3747 2163 observa-

2096 2190 2255 2245 tione
2279 2193 2510 2261 pasehaa
2530 2192 2726 2248 Victor
2754 2194 3045 2249 Romanus
3078 2209 3245 2266 papa,
3279 2195 3589 2252 Narcissus
3624 2196 3749 2251 Ihe-

2096 2277 2406 2350 rosolimm,
2442 2279 2765 2337 Policrates
2795 2282 3201 2353 Ephesiorum,
3256 2285 3554 2354 Hyreneus
3603 2284 3750 2354 Lug-

2096 2365 2677 2425 dunensiumlitteris
2696 2369 3009 2427 ediderunt
3038 2370 3290 2442 qualiter
3323 2372 3554 2444 pascha
3592 2378 3749 2430 esset
3828 2432 3839 2440 ,

2096 2457 2547 2514 observandum.

2169 2549 2331 2600 Anno
2362 2547 2433 2601 ab
2466 2546 2574 2602 inc.
2609 2548 2769 2603 Dom.
2819 2552 2941 2603 210.
2995 2548 3102 2604 sub
3147 2549 3358 2605 Severo
3406 2550 3749 2620 martyrium

2098 2632 2251 2689 beati
2285 2635 2528 2705 llyrenei
2562 2650 2691 2690 cum
2725 2635 2902 2691 socis
2931 2642 3123 2692 actum
3157 2641 3243 2692 est
3285 2636 3522 2707 (fol.18).

2169 2725 2330 2777 Anno
2363 2724 2434 2777 ab
2467 2724 2574 2778 inc.
2608 2724 2766 2778 Dom.
2803 2728 2927 2794 221,
2964 2730 3019 2779 ἰο
3072 2739 3221 2780 anno
3276 2726 3446 2781 Marci
3501 2725 3745 2795 Aurelii,

2098 2810 2381 2880 Calixtus,
2406 2811 2639 2867 natione
2658 2813 2967 2882 Romanus,
2996 2818 3159 2884 patre
3189 2813 3466 2883 Domicio,
3501 2813 3571 2869 de
3604 2814 3749 2871 urbe

2096 2900 2537 2970 Ravennatium,
2571 2900 2723 2955 sedit
2753 2914 2803 2955 a.
2841 2906 2893 2970 b',
2927 2915 2998 2954 m.
3035 2906 3085 2971 2,
3122 2902 3176 2956 (1.
3212 2907 3276 2956 10
3325 2901 3527 2972 (Gesta
3574 2905 3744 2975 pom.

2096 2989 2309 3060 Rom).
2330 2989 2548 3043 Corona
2561 2995 2651 3043 tus
2666 2994 2755 3044 est
2775 2988 3050 3058 martyrio
3065 2990 3173 3045 sub
3189 2990 3513 3048 Alexandro
3525 2997 3580 3048 2.
3611 2993 3749 3049 Idus

2098 3078 2391 3147 Octobris,
2414 3078 2476 3131 3°
2501 3077 2813 3134 Alexandri
2842 3094 3011 3134 anno.
3047 3078 3173 3135 Cui.
3195 3081 3450 3137 uccessit
3481 3083 3749 3139 Urbanus

2098 3168 2330 3221 natione
2365 3169 2707 3237 Campanus,
2746 3174 2910 3238 patre
2938 3169 3239 3225 Pontiano.
3290 3169 3448 3227 Sedit
3478 3186 3527 3226 a.
3569 3175 3622 3240 7,
3670 3186 3743 3226 m.

340 3274 524 3316 mana
555 3260 845 3329 ccclesize,
882 3259 1037 3314 sedit
1072 3273 1120 3313 a.
1158 3263 1208 3327 9,
1245 3274 1316 3312 m.
1352 3220 1404 3327 "r1,
1567 3264 1652 3314 21.
1706 3259 1804 3313 llic
1853 3274 1988 3314 con-
2017 3220 2066 3282 Ο
2099 3261 2183 3326 10,
2220 3257 2273 3311 (1.
2309 3260 2406 3322 20;
2440 3220 2587 3312 obiit
2614 3262 2663 3313 9.
2695 3220 2820 3312 ,K'al.
2853 3258 3006 3313 Junii
3038 3257 3100 3314 ‘8.
3138 3261 3295 3315 Inter
3339 3220 3628 3317 Urbanum
3689 3267 3749 3317 et

341 3349 533 3405 stituit
568 3357 629 3406 ut
658 3350 813 3407 nulla
851 3348 1129 3404 monacha
1166 3346 1376 3418 pallam
1407 3353 1692 3404 sacratam
1720 3352 1985 3417 tangeret

338 3452 444 3494 nec
472 3439 769 3496 incensum
792 3439 847 3493 in
872 3436 1117 3493 ecclesia
1147 3442 1412 3506 poneret.
1435 3437 1590 3492 Obiit
1616 3442 1698 3492 10.
1722 3436 1839 3491 Kal.
1859 3436 1981 3491 Mai.

335 3528 571 3585 “Inter
603 3531 909 3585 Sotherum
942 3534 1000 3581 et
1040 3526 1413 3581 Eleutherum
1463 3526 1517 3581 (1.
1571 3532 1657 3583 21.
1704 3529 1866 3582 Anno
1916 3526 1986 3581 ab

338 3615 453 3673 inc.
489 3619 651 3672 Dom.
690 3622 812 3671 177.
848 3614 1214 3683 Eleutherus,
1252 3614 1483 3670 natione
1528 3616 1765 3686 Grecus,
1822 3620 1986 3686 patre

340 3705 627 3775 Abundio,
664 3706 734 3760 de
765 3704 982 3774 oppido
1016 3703 1300 3773 Nicopoli,
1332 3704 1477 3758 sedit
1513 3719 1562 3759 a.
1597 3710 1681 3773 15,
1719 3720 1789 3759 m.
1826 3709 1877 3774 3,
1925 3705 1979 3759 (1.

338 3800 388 3854 2.
418 3795 522 3850 Hic
544 3792 855 3849 constituit
886 3796 946 3847 ut
968 3790 1123 3846 nulla
1148 3807 1279 3847 esca
1302 3808 1331 3846 a
1357 3792 1984 3863 Christianisrepudia-

342 3889 509 3939 retur
533 3896 662 3952 quae
687 3880 1055 3936 rationabilis
1078 3885 1135 3934 et
1160 3880 1405 3936 humana
1425 3887 1515 3936 est
1543 3901 1556 3949 ;
1577 3881 1646 3936 ad
1671 3897 1839 3951 quem
1860 3882 1985 3939 mis-

340 3986 403 4029 sa
437 3970 688 4042 epistola
722 3968 931 4024 Lucius
960 3968 1269 4024 Britanniae
1300 3984 1402 4024 rex
1431 3975 1492 4025 ut
1518 3970 1884 4026 Christianus
1905 3972 1984 4026 ef-

342 4060 618 4116 ﬁceretur
650 4058 947 4129 impetrat.
986 4057 1146 4112 Obiit
1176 4064 1206 4112 7
1238 4058 1359 4112 Kal.
1394 4058 1547 4112 Junii
1586 4058 1649 4113 ‘5.
1701 4059 1984 4115 Defuncto

340 4148 655 4205 Commodo
718 4148 899 4202 fratre
975 4146 1304 4202 Antoninus
1369 4147 1742 4203 Commodum
1802 4148 1983 4204 ﬁlium

340 4252 508 4295 suum
530 4239 863 4292 consortem
886 4236 1046 4305 regni
1072 4235 1230 4305 facit,
1261 4235 1357 4304 qui
1383 4236 1651 4304 regnavit
1681 4243 1807 4306 post
1834 4252 1985 4292 mor-

339 4330 457 4383 tem
488 4325 676 4398 pat:is
704 4324 871 4381 annis
905 4330 990 4379 15.
1017 4325 1194 4393 Cujus
1214 4324 1259 4356 ‘°
1290 4332 1552 4394 tempore
1572 4326 1985 4382 Marcomanni-

339 4429 471 4472 cum
504 4414 719 4471 bellum
741 4413 840 4469 Dei
861 4417 1051 4469 actum
1076 4418 1166 4467 est
1188 4412 1574 4483 providentia.
1595 4414 1733 4469 Nam
1755 4431 1884 4471 cum
1901 4417 1983 4472 in-

335 4503 739 4563 surrexissent
757 4502 813 4557 in
831 4503 1118 4558 Romanos
1140 4506 1346 4570 gentes
1370 4501 1634 4560 barbarae
1660 4503 1985 4562 innumera-

2097 3345 2439 3400 Pontianum
2472 3345 2525 3400 (1.
2564 3350 2649 3400 3).
2685 3346 3026 3417 Pontianus,
3062 3349 3295 3403 natione
3312 3349 3619 3418 Romanus,
3658 3364 3752 3421 pa-

2095 3438 2186 3489 tre
2218 3434 2550 3505 Calpurnio,
2588 3434 2737 3490 sedit
2772 3450 2823 3490 a.
2859 3440 2912 3506 9,
2946 3451 3018 3490 m.
3056 3439 3105 3506 5,
3142 3436 3196 3493 d.
3238 3442 3287 3492 2.
3338 3437 3657 3494 Pontianus
3703 3436 3749 3470 "

2096 3524 2203 3579 sub
2237 3523 2539 3578 Maximino
2570 3523 2823 3579 fustibus
2856 3539 3030 3580 cesus
3059 3524 3330 3581 occubuit
3364 3529 3413 3580 3:
3447 3524 3566 3580 Kal.
3604 3526 3742 3583 Nov.

2094 3613 2379 3667 Defuncto
2417 3613 2673 3683 Aurelio,
2734 3628 2883 3668 anno
2930 3616 3085 3669 Dom.
3137 3613 3247 3671 inc.
3302 3617 3405 3672 228
3454 3615 3744 3671 successit

2094 3701 2422 3757 Alexander
2456 3702 2685 3773 [BEDA];
2720 3703 2980 3773 regnavit
3015 3718 3065 3759 a.
3088 3707 3168 3758 13.
3206 3704 3363 3759 lnter
3404 3702 3746 3761 Pontianum

2092 3795 2152 3847 et
2173 3794 2488 3848 Antherum
2512 3790 2673 3863 (1.,10.

2166 3880 2403 3937 Anno"o
2462 3880 2689 3952 imperii
2746 3880 3060 3937 Alexandri
3114 3887 3229 3951 13°,
3286 3881 3357 3937 ab
3412 3880 3523 3937 inc.
3581 3880 3743 3936 Dom.

2091 3976 2216 4042 236,
2251 3970 2569 4026 indictione
2609 3975 2687 4040 15,
2722 3976 2927 4040 epacta
2962 3977 3013 4041 9,
3054 3985 3323 4027 concurr.
3378 3973 3429 4040 6,
3487 3970 3747 4027 secundo

2094 4076 2243 4117 anno
2274 4059 2648 4130 pontiﬁcatus
2676 4060 2939 4115 Pontiani
2991 4074 3175 4131 papae,
3228 4058 3589 4115 celebratum
3651 4064 3747 4115 est

2093 4150 2304 4220 pascha
2324 4149 2568 4219 primum
2585 4148 2737 4204 sicut
2753 4149 3031 4204 hactenus
3046 4153 3355 4205 servatura
3377 4147 3561 4203 nobis.
3604 4147 3745 4203 Nam

2094 4253 2279 4308 usque
2314 4237 2384 4292 ad
2418 4237 2475 4293 id
2508 4243 2739 4307 tempus
2768 4237 3195 4293 observabatur
3224 4237 3280 4293 in
3326 4238 3411 4292 14.
3465 4235 3598 4293 luna
3658 4250 3747 4292 se-

2092 4328 2346 4384 cundum
2381 4340 2596 4381 morem
2626 4325 2958 4381 Judeorum.

2168 4419 2330 4472 Anno
2364 4415 2435 4471 ab
2468 4414 2577 4471 inc.
2615 4415 2774 4470 Dom.
2808 4417 2931 4471 241.
2977 4413 3283 4471 ordinatus
3335 4416 3426 4470 est
3469 4418 3553 4470 11.
3615 4413 3737 4470 Kal.

2095 4504 2428 4561 Decembris
2448 4504 2762 4574 Antherus,
2780 4504 3015 4561 natione
3031 4505 3269 4573 Grecus,
3286 4508 3454 4575 patre
3478 4502 3739 4560 Romulo.

335 4593 438 4651 bili
465 4591 863 4660 multitudine,
886 4589 941 4645 id
968 4593 1057 4644 est
1081 4589 1488 4660 Marcomanni,
1517 4591 1984 4663 Quadi,Wanda-
2012 4579 2067 4640 D
2096 4594 2258 4650 Sedit
2292 4609 2363 4649 m.
2403 4599 2454 4664 1,
2491 4593 2545 4650 (1.
2584 4599 2687 4660 17;
2718 4593 2863 4649 obiit
2897 4592 2941 4625 δι
2971 4596 3021 4649 4.
3075 4593 3217 4649 Non.
3255 4593 3489 4654 Januar.
3538 4592 3746 4663 (Gesta

337 4680 400 4749 li,
437 4682 738 4753 Sarmatae,
772 4680 944 4736 Suevi
977 4686 1033 4735 et
1077 4680 1264 4734 omnis
1306 4694 1451 4750 pene
1490 4682 1813 4754 Germania,
1845 4685 1981 4740 etin
2082 4684 2252 4755 pont.
2315 4683 2507 4753 Rom.)
2564 4684 2704 4739 Post
2771 4680 3164 4738 Alexandrum
3237 4681 3575 4737 Maximinus
3654 4694 3745 4736 re-

337 4770 674 4839 Quadorum
707 4783 895 4839 usque
922 4767 1066 4823 ﬁnes
1086 4780 1434 4838 progressus
1451 4770 1746 4828 Romanus
1764 4774 1985 4829 exerci-

335 4865 432 4918 tus
463 4863 706 4932 pr0pter
736 4872 1017 4928 aquarum
1038 4859 1337 4928 penuriam
1361 4862 1599 4930 gravius
1636 4862 1769 4917 sitis
1812 4877 1982 4932 quam

334 4948 524 5005 hostis
554 4947 882 5005 sustineret
914 4947 1236 5018 periculum
1262 4949 1330 5006 ad
1356 4950 1781 5007 invocationem
1806 4954 1985 5008 nomi-

335 5037 426 5095 nis
460 5036 699 5107 Christi,
734 5050 904 5107 quam
933 5037 1128 5094 subito
1158 5038 1374 5094 milites
1398 5053 1603 5108 magna
1648 5040 1777 5096 ﬁdei
1820 5054 1985 5099 cons-

338 5127 525 5184 tantia
556 5128 843 5198 fecerunt,
876 5129 1037 5185 tanta
1069 5127 1156 5185 vis
1181 5127 1510 5201 pluviarum
1534 5129 1751 5202 erupit,
1783 5135 1848 5187 ut
1875 5133 1984 5189 Ro-

2093 4786 2274 4842 gnare
2302 4785 2475 4828 orsus
2506 4770 2726 4843 [Bene],
2764 4770 3231 4844 persecutionem
3265 4769 3443 4827 movit
3474 4768 3530 4826 in
3582 4768 3743 4825 Chri-

2064 4858 2336 4926 "stianos,
2359 4875 2390 4916 a
2415 4876 2527 4931 quo
2553 4859 2869 4916 Pontianus
2884 4866 2942 4916 et
2959 4861 3253 4916 Antherus
3266 4857 3543 4931 martyrio
3574 4872 3744 4914 coro-

2093 4953 2339 5017 nantur;
2372 4949 2755 5020 regnavitque
2786 4949 3128 5005 Maximinus
3160 4964 3209 5005 a.
3247 4952 3298 5020 3,
3352 4953 3409 5005 et
3440 4952 3566 5022 post
3607 4961 3741 5004 eum

2094 5040 2418 5097 Gordianus
2439 5053 2489 5095 a.
2513 5043 2563 5095 6.
2589 5040 2701 5096 Sub
2724 5038 2767 5072 "
2791 5038 3079 5095 Gordiano
3101 5037 3431 5095 Florentius
3461 5038 3744 5095 Viennen-

2093 5133 2176 5191 sis
2196 5130 2510 5203 episcopus
2523 5128 2757 5187 claruit.
2783 5130 2927 5186 Post
2946 5142 3117 5202 quem
3146 5128 3413 5201 regnavit
3440 5126 3744 5202 Philippus

1713 5272 1946 5330 νΑΡιιΕ
1990 5274 2388 5334 LECTIONES.

338 5383 382 5417 ³⁷
411 5383 516 5462 Ob.
551 5387 604 5439 3.
629 5383 730 5462 id:
748 5387 879 5462 Jan.
912 5385 980 5462 in
1002 5398 1205 5462 marg.
1240 5381 1286 5416 ³³
1317 5384 1423 5439 Ob.
1461 5389 1512 5462 3,
1546 5386 1629 5462 id.
1659 5387 1789 5462 Jan.
1823 5388 1891 5445 in
1918 5391 2137 5462 margi.
2173 5388 2219 5424 '9
2247 5390 2352 5447 Ob.
2413 5393 2463 5445 5.
2524 5388 2606 5444 1d.
2666 5386 2924 5462 JuliiAin
2975 5400 3167 5462 marg,
3205 5384 3541 5462 _‘°___i_nvisa
3586 5398 3738 5444 corr.

292 5496 301 5507 ,
336 5456 514 5532 emisa
540 5454 803 5532 e._“__0b.
833 5454 962 5532 _1§a_l.
1002 5454 1229 5532 Manta
1249 5456 1513 5532 marg."
1546 5456 1786 5532 Fotinus
1816 5491 1885 5501 —
1921 5454 2280 5520 coronantur
2336 5462 2403 5517 in
2454 5473 2647 5532 marg.
2709 5458 2755 5492 ⁴³
2803 5459 2913 5532 Ob.
2978 5463 3061 5517 11.
3108 5454 3243 5516 'Kal.
3296 5456 3738 5532 Jlii_z:n__marg.

333 5526 378 5560 “
411 5527 515 5604 Ob.
549 5530 636 5583 10.
674 5526 775 5604 Kal
830 5527 956 5604 Mai.
991 5530 1061 5583 in
1085 5539 1280 5604 marg.
1310 5526 1358 5604 f5
1386 5527 1494 5604 9b.
1527 5533 1580 5604 7.
1614 5530 1733 5604 Kal,
1765 5532 1920 5591 Junii
1952 5536 2021 5592 in
2045 5548 2237 5604 marg.
2271 5532 2316 5565 ‘°
2376 5531 2553 5604 Cujus
2579 5526 2649 5571 '—
2678 5531 2896 5604 auxilio
2926 5532 2994 5588 in
3021 5532 3297 5604 margiae
3323 5528 3462 5588 add.
3497 5526 3543 5563 ⁸⁷
3573 5526 3742 5604 Anno

333 5629 400 5676 -τ-
430 5597 864 5676 observandum
891 5598 966 5676 ia
985 5597 1357 5676 marg.__add._
1379 5597 1425 5632 ⁸⁸
1455 5615 1508 5656 o.
1542 5603 1575 5656 4
1605 5602 1756 5676 9ε11ἐ
1786 5604 1826 5676 1.
1858 5606 1926 5661 in
1950 5620 2142 5676 marg.
2174 5597 2222 5639 ῖθ
2247 5597 2567 5661 Pontianus
2594 5634 2665 5645 —
2690 5602 2830 5660 Nov.
2860 5603 2930 5662 in
2970 5597 3173 5676 marg:
3231 5602 3277 5637 ⁸ο
3322 5604 3488 5659 Anno
3532 5631 3603 5642 -
3645 5602 3744 5659 Ju-

335 5672 578 5733 deorum
606 5670 677 5731 in
698 5681 892 5743 marg.
926 5667 970 5704 ⁸⁸
996 5683 1048 5726 o.
1080 5667 1132 5729 4;
1166 5671 1230 5728 Ν.
1260 5670 1302 5728 l.
1332 5670 1401 5730 in
1422 5684 1615 5744 marg.
1646 5672 1691 5707 ⁶²
1723 5672 1841 5731 Sub
1869 5667 2159 5736 —clartiit
2185 5677 2255 5737 in
2298 5688 2492 5748 marg.
