3922 6408
109 463 185 523 41
1376 440 1795 510 CHRONICO

1970 481 1986 492 -
2014 443 2172 509 LIB.
2207 448 2253 509 Ι.
3444 448 3523 510 42

114 612 252 652 cum
277 594 397 651 tilio
426 590 711 665 Pbylippo
752 604 802 644 a.
837 586 1026 659 [Anc],
1080 585 1181 640 Hic
1232 580 1454 665 primus
1513 580 1767 665 omnium
1796 580 1853 640 Α
1884 578 2262 653 (Gestapont.
2292 584 2478 652 Rom).
2504 581 2605 638 llic
2635 582 2943 639 constituit
2967 588 3028 640 ut
3057 586 3092 637 2
3113 584 3431 655 presbiteri
3463 591 3522 640 et

117 659 543 748 imperatorum
584 659 946 727 christianus
970 667 1098 735 fuit,
1132 668 1189 720 et
1209 669 1239 720 3
1262 662 1389 733 ejus
1415 676 1564 718 anno
1589 659 1771 716 mille-

120 765 306 822 simus
335 776 519 819 annus
545 762 736 817 Romze
769 758 933 815 urbis
961 756 1233 827 expletus
1256 758 1365 810 est.
1401 751 1563 808 Unde
1604 764 1769 810 coro-

120 856 262 909 nata
289 852 436 908 urbe
457 863 586 907 cum
621 845 1096 918 sollempnizaret
1119 841 1371 915 populus
1390 842 1682 898 Romanus
1711 845 1769 896 et

121 940 411 999 sacrificia
435 938 787 1007 celebraret,
824 935 1144 1006 imperator
1170 947 1302 989 cum
1333 931 1452 987 lilio
1501 936 1559 986 ct
1592 946 1772 987 coevo

123 1030 238 1087 sibi
289 1028 498 1085 Pontio
526 1026 698 1099 (Acta
728 1023 979 1093 Pontii?,
1017 1021 1198 1078 nobili
1232 1026 1287 1076 et
1335 1021 1584 1090 ingenuo
1619 1021 1769 1089 viro,

126 1118 365 1176 occulte
396 1120 589 1174 tamen
608 1112 949 1182 christiano,
978 1111 1336 1183 procedebat
1364 1109 1433 1164 ad
1466 1109 1767 1180 templum.

129 1208 243 1263 Sed
278 1222 309 1263 a
341 1207 513 1262 beato
530 1203 737 1261 Pontio
761 1205 1074 1259 revocatus
1094 1203 1150 1255 et
1168 1197 1456 1255 doctrinis
1504 1197 1774 1253 ecclesia-

128 1296 302 1352 sticis
329 1295 605 1363 imbutus,
643 1291 977 1363 baptizatus
994 1292 1081 1345 est
1109 1301 1241 1343 cum
1267 1285 1403 1343 ﬁlio.
1439 1285 1545 1353 Qui
1569 1286 1774 1342 beatus

128 1385 376 1442 Pontius
404 1382 478 1440 ob
511 1383 619 1438 hoc
655 1381 789 1452 quia
820 1379 1110 1435 Romanos
1144 1375 1775 1448 impcratoresChristo

126 1474 377 1531 credere
407 1472 627 1542 docuit,
646 1468 909 1540 martyrii
941 1482 1214 1525 coronam
1240 1466 1522 1537 suscepit,
1550 1466 1775 1535 Corpus

127 1566 258 1634 ejus
288 1562 643 1619 translatum
678 1558 998 1631 postlonga
1028 1563 1292 1629 tempora
1317 1570 1468 1611 nunc
1491 1555 1776 1623 condigne

130 1651 458 1724 requiescit
489 1655 546 1706 et
575 1652 890 1706 veneratur
922 1648 977 1703 in
1004 1646 1357 1703 monasterio
1408 1644 1559 1715 quod
1583 1646 1778 1700 Tome-

130 1745 252 1800 rias
281 1742 519 1798 dicitur.
554 1738 857 1810 Philippus
884 1735 929 1769 ⁸³
953 1737 1271 1809 imperator
1303 1735 1357 1790 in
1396 1734 1486 1790 die
1528 1734 1775 1806 paschae,

131 1833 304 1889 idest
330 1832 387 1886 in
413 1830 596 1902 ipsius
629 1827 863 1899 vigiliis,
886 1842 1014 1884 cum
1040 1826 1319 1883 voluisset
1342 1824 1777 1881 communicare

1883 675 1913 726 3
1948 670 2176 726 diaconi
2199 671 2538 743 episcopum
2572 672 2628 727 in
2650 671 2802 727 omni
2835 670 2964 727 loco
2994 687 3103 729 non
3153 673 3523 729 desererent.

1886 758 2041 814 Obiit
2075 763 2125 814 3.
2162 760 2305 815 Non.
2338 760 2549 829 Martii,
2570 760 2838 831 sepultus
2866 766 2918 817 8.
2955 761 3075 816 Kal.
3113 760 3269 833 Sept.
3301 761 3520 834 [Bson].

1881 849 2043 904 Inter
2074 849 2311 905 Lucium
2336 855 2391 906 et
2419 849 2772 921 Stephanum
2806 850 2861 906 d.
2896 853 2985 905 25.
3020 848 3217 906 Gallus
3251 866 3381 907 cum
3406 849 3523 906 lilio

1884 937 2202 994 Volusiano
2237 938 2498 1007 regnavit
2523 953 2574 994 a.
2600 944 2653 1009 2,
2672 954 2744 994 m.
2780 941 2831 994 4.
2858 939 3186 1011 Stephanus
3209 940 3520 1009 Romanus,

1892 1031 2057 1098 patre
2079 1026 2267 1097 Jobio,
2300 1042 2351 1082 a.
2376 1030 2435 1095 6,
2458 1043 2529 1083 m.
2565 1032 2618 1097 6,
2650 1026 2706 1083 d.
2728 1032 2782 1084 2.
2821 1026 2922 1083 Hic
2972 1027 3281 1084 constituit
3334 1033 3397 1083 ut
3438 1042 3525 1084 sa-

1882 1116 2155 1172 cerdotes
2178 1121 2237 1171 et
2258 1116 2448 1172 levitas
2481 1122 2677 1173 vestes
2692 1132 2888 1173 sacras
2903 1117 2957 1172 in
2977 1116 3272 1172 cotidiano
3290 1132 3393 1174 usu
3413 1131 3523 1172 non

1883 1206 2164 1261 haberent
2201 1206 2406 1277 (Gesta
2414 1207 2581 1277 poet.
2610 1206 2799 1278 Rom).
2824 1206 3162 1263 Decollatus
3185 1211 3273 1262 est
3298 1208 3407 1262 sub
3422 1206 3525 1261 Va-

1886 1293 2107 1350 leriano
2138 1298 2195 1349 et
2226 1292 2485 1350 Gallieno
2516 1296 2566 1350 4.
2596 1296 2735 1351 Νοη.
2756 1297 2907 1366 Aug.
2944 1300 3001 1350 et
3026 1295 3282 1352 cessavit
3298 1295 3523 1366 episco-

1887 1386 2058 1453 patus
2089 1383 2143 1438 (Ι.
2176 1386 2263 1438 22.
2596 1446 2611 1457 ⁸

1958 1473 2120 1527 Αηηο
2152 1472 2263 1528 inc.
2288 1474 2448 1527 Dom.
2481 1476 2604 1528 261.
2640 1478 3033 1543 regnaverunt
3086 1471 3432 1529 Valerianus
3464 1479 3523 1526 et

1888 1559 2162 1617 Calienus
2200 1576 2251 1616 a.
2302 1566 2368 1617 15
2421 1560 2618 1633 [Bson]
2670 1560 3014 1618 Valerianus
3067 1561 3120 1616 in
3169 1560 3527 1618 christianos

1890 1650 2344 1720 persequutione
2367 1645 2656 1706 commota
2690 1650 2885 1706 statim
2916 1648 2961 1682 ⁸⁷
2984 1665 3013 1705 a
3064 1652 3280 1721 Sapore
3329 1650 3530 1705 Persa-

1891 1753 2013 1793 rum
2039 1753 2177 1808 rege
2208 1739 2446 1810 capitur
2477 1739 2597 1811 (fol.
2661 1740 2767 1810 18).
2831 1743 2887 1794 et
2922 1738 3238 1795 luminibus
3284 1738 3529 1794 orbatus

1894 1828 2107 1882 misera
2133 1828 2421 1883 servitute
2452 1827 2818 1884 consenescit
2845 1827 3069 1900 [Ana];
3104 1828 3182 1882 ita
3216 1831 3280 1884 ut
3329 1828 3529 1900 Sapori

131 1920 422 1978 misteriis
454 1935 484 1976 a
517 1917 766 1974 Fabiano
796 1932 942 1989 papa
965 1916 1063 1987 qui
1089 1914 1489 1987 pontiﬁcatum
1510 1927 1780 1985 suscepc-
1808 1938 1863 1998 Β
1892 1932 2105 1987 equum
2136 1917 2477 1973 ascendenti
2509 1916 2746 1973 dorsum
2811 1932 2915 1990 pro
2973 1916 3232 1972 scabello
3274 1922 3527 1988 pararet,

130 2016 225 2067 rat
260 2024 412 2066 anno
444 2009 594 2064 dom.
614 2008 831 2064 incarn.
859 2009 980 2076 241,
1002 2019 1116 2061 non
1141 2005 1305 2076 prius
1328 2008 1417 2059 est
1436 2003 1774 2076 permissus,

134 2099 247 2156 nisi
262 2098 653 2155 conﬁteretur
672 2097 909 2167 peccata
933 2109 1036 2152 sua
1068 2099 1126 2150 et
1151 2094 1305 2149 inter
1321 2092 1649 2165 penitentes
1666 2096 1781 2147 sta-

135 2194 248 2259 ret,
285 2192 345 2243 et
372 2202 475 2259 per
497 2185 877 2259 penitentiam
893 2183 1099 2256 culpas
1122 2198 1250 2254 quae
1269 2182 1339 2238 de
1354 2196 1422 2237 eo
1440 2181 1687 2253 plurime
1705 2180 1781 2236 fe-

137 2280 424 2334 rebantur
446 2275 718 2333 dilueret.
758 2276 829 2329 At
861 2274 960 2329 ille
992 2273 1147 2344 quod
1181 2290 1210 2329 a
1244 2270 1549 2328 sacerdote
1597 2272 1781 2325 fuerat

136 2368 491 2438 imperatum
515 2364 770 2421 libenter
802 2363 1081 2435 suscepit,
1132 2362 1387 2418 divinum
1448 2365 1665 2416 metum
1728 2364 1784 2414 et

138 2456 312 2512 fidem
348 2453 649 2524 religionis
683 2451 1075 2524 plenissmam
1095 2452 1273 2507 rebus
1289 2453 1344 2504 et
1379 2448 1658 2521 operibus
1675 2447 1784 2504 sibi

140 2545 337 2600 inesse
372 2542 778 2613 comprobans.
800 2538 980 2609 Hujus
1014 2539 1313 2596 humilitas
1364 2542 1529 2593 tanto
1562 2537 1790 2593 morda-

141 2633 269 2689 cius
297 2636 593 2689 tumorem
645 2644 843 2702 regum
876 2633 1215 2685 nostrorum
1261 2627 1515 2699 impetit,
1572 2631 1790 2697 quanto

146 2720 493 2791 religiosius
528 2720 625 2775 ille
645 2719 699 2774 in
731 2725 845 2775 tam
861 2722 1066 2775 tenera
1089 2716 1131 2749 ⁵⁸
1163 2716 1598 2773 christianitatc
1632 2715 1793 2785 peni-

146 2812 395 2867 tentiam
417 2808 462 2842 “
498 2808 850 2880 susceperit,
886 2821 1055 2877 quam
1087 2803 1241 2860 “isti
1275 2805 1328 2860 in
1364 2808 1590 2860 matura
1611 2803 1795 2859 eccle-

148 2901 233 2955 sia
266 2899 310 2931 "
342 2903 400 2955 et
434 2897 478 2931 “
513 2913 616 2970 per
646 2896 689 2929 “
721 2898 919 2952 orbem
945 2895 986 2927 ⁸⁸
1026 2894 1265 2951 dilatata
1301 2910 1405 2950 nec
1430 2893 1629 2950 audire
1660 2908 1796 2949 con-

148 2989 435 3045 sentiunt.

225 3080 390 3135 Anno
414 3078 525 3134 inc.
553 3078 710 3132 Dom.
736 3081 839 3131 257
870 3074 1081 3130 Decius
1130 3072 1431 3145 imperium
1479 3070 1794 3143 assumpsit

155 3168 310 3239 quod
335 3165 530 3224 tenuit
562 3181 613 3222 a.
664 3170 712 3235 1,
768 3180 839 3220 in.
874 3168 905 3219 3
959 3163 1179 3234 [Bsn.\;
1230 3160 1469 3232 Rscmo]
1526 3161 1625 3217 His
1670 3159 1715 3191 “
1767 3163 1796 3214 3

155 3256 455 3313 mensibus
485 3254 643 3311 Decii
670 3253 817 3310 adde
842 3251 1113 3309 Antonini
1157 3251 1240 3306 Pii
1284 3256 1336 3321 3,
1390 3250 1559 3306 Marci
1623 3252 1799 3304 Anto-

155 3346 273 3402 nini
308 3352 360 3417 1,
386 3344 535 3403 Helii
567 3343 894 3399 Pertinacis
915 3341 1036 3411 6,ﬁt
1070 3355 1256 3397 annus
1277 3340 1372 3411 qui
1412 3338 1504 3394 hic
1539 3339 1795 3410 ponitur.

155 3435 459 3505 Remanet,
496 3448 568 3489 m.
605 3436 629 3489 1
667 3437 726 3488 et
758 3432 811 3487 d.
840 3436 907 3488 28
932 3429 1297 3502 supranotati
1336 3429 1594 3484 Anthero
1653 3443 1799 3501 papa

159 3524 442 3595 martyrio
474 3524 774 3589 coronato,
824 3519 1112 3577 Fabianus
1162 3517 1505 3587 succedens,
1564 3518 1800 3573 natione

156 3613 477 3682 Romanus,
511 3612 683 3666 Patre
708 3610 883 3665 Fabio
916 3609 1068 3665 sedit
1105 3622 1153 3664 a.
1192 3612 1278 3679 13,
1331 3622 1403 3663 m.
1472 3610 1553 3662 11.
1598 3604 1803 3675 (Gesta

146 3702 311 3773 perat.
345 3700 539 3771 Rom).
578 3701 735 3755 Inter
766 3699 1088 3755 Antlierum
1120 3702 1178 3752 et
1229 3696 1539 3752 Fabianum
1591 3695 1647 3751 d.
1712 3699 1797 3753 13.

161 3791 370 3848 Decius
392 3788 575 3845 multa
600 3791 938 3845 sanctorum
972 3785 1126 3841 milia
1178 3784 1493 3841 interfecit.
1552 3784 1804 3841 Fabiano

162 3896 310 3953 papa
333 3881 448 3939 sub
477 3878 653 3935 Decio
686 3878 967 3948 martyrio
988 3881 1269 3933 coronato
1291 3879 1369 3932 13.
1404 3874 1524 3931 Kal.
1555 3876 1806 3932 Februa-

164 3971 234 4027 rii
263 3970 521 4029 cessavit
550 3968 928 4040 episcopatus
947 3965 1003 4023 d.
1027 3970 1080 4022 7.

238 4063 401 4117 Anno
435 4059 588 4116 dom.
625 4056 738 4113 inc.
775 4060 899 4128 254,
928 4059 1326 4127 quotempore
1349 4054 1564 4112 claruit
1587 4055 1805 4126 Lupici-

172 4164 278 4207 nus
305 4147 678 4217 Viennensis,
712 4145 974 4204 succedit
1009 4144 1312 4202 Cornelius
1340 4145 1575 4200 natione
1606 4145 1811 4200 Roma-

170 4253 298 4313 nus,
331 4242 502 4313 patre
524 4238 781 4294 Romano
806 4233 994 4309 [Ano].
1031 4233 1191 4290 Sedit
1226 4247 1275 4290 a.
1312 4240 1361 4306 5,
1385 4235 1439 4289 d.
1478 4238 1527 4289 3.
1565 4234 1811 4290 Corona-

173 4333 267 4385 tus
295 4326 342 4362 “
370 4333 461 4386 est
487 4328 598 4385 sub
629 4325 821 4382 Decio.
858 4324 961 4380 Hic
986 4330 1226 4394 rogatus
1257 4339 1287 4379 a
1347 4323 1558 4380 Lucina
1594 4323 1809 4380 levavit

175 4433 423 4491 corpora
446 4421 785 4475 sanctorum
817 4412 1213 4486 apostolorum
1250 4432 1263 4481 ;
1291 4418 1349 4470 et
1382 4413 1546 4469 Pauli
1580 4413 1812 4484 quidem

176 4508 264 4563 via
288 4508 547 4579 Ostensi,
596 4505 692 4562 ubi
748 4501 1079 4560 decollatus
1129 4507 1238 4573 est,
1294 4503 1486 4574 posuit
1540 4508 1625 4559 18.
1689 4501 1807 4557 Kal.

178 4596 469 4655 Octobris.
507 4597 665 4651 Inter
697 4591 1024 4651 Cornelium
1048 4596 1108 4648 et
1131 4592 1368 4649 Lucium
1400 4590 1455 4648 d.
1490 4595 1576 4647 35.
1637 4592 1814 4663 Cujus

181 4692 443 4759 tempore
465 4684 724 4742 surrexit
746 4683 974 4739 heresis
1008 4681 1460 4738 Novatianorum
1501 4698 1531 4739 a
1565 4682 1814 4753 quodam

180 4776 400 4833 Novato
418 4776 621 4849 quiex.
668 4819 681 4831 .
727 4817 740 4830 .
788 4817 801 4830 .
853 4771 1203 4830 .eeclesiam
1234 4771 1608 4829 ordiuacione
1637 4773 1818 4829 Nova-

184 4866 321 4925 tiani
353 4868 582 4925 etDeus
615 4863 944 4922 Cornelium
993 4862 1334 4919 intronizari
1394 4861 1703 4933 voluisset,
1746 4864 1818 4920 ab

183 4955 426 5016 ecclesia
458 4954 707 5014 recessit
734 4958 793 5010 et
844 4951 1098 5009 heresim
1142 4952 1232 5009 sui
1290 4952 1537 5008 nominis
1583 4952 1815 5009 statuit.

186 5047 439 5105 Pmerat
463 5054 601 5104 tunc
624 5036 958 5114 Carthagini
991 5042 1313 5115 Cyprianus
1355 5045 1575 5114 martyr
1606 5042 1821 5114 primas

190 5136 415 5196 Atl‘ricae
447 5137 546 5211 qui
572 5134 862 5208 superfuit
887 5131 1155 5190 Cornelio
1203 5148 1386 5204 usque
1433 5132 1505 5189 ad
1557 5138 1820 5205 tempora

190 5223 379 5283 domui
410 5227 567 5286 Lucii
589 5241 778 5298 papae,
803 5228 861 5280 et
893 5226 1207 5280 coronatus
1230 5224 1316 5278 est
1348 5224 1550 5279 eodem
1584 5222 1676 5278 die
1709 5238 1822 5292 quo

191 5313 489 5373 Cornelius
516 5313 926 5389 persecutione
955 5310 1247 5368 Valeriani
1280 5311 1558 5383 martyrio
1601 5310 1665 5368 “.
1722 5312 1825 5368 Lu-

188 5401 312 5459 cius
340 5405 651 5477 Romanus,
687 5410 852 5477 patre
871 5400 1135 5472 Porllrio,
1168 5403 1325 5459 sedit
1355 5418 1405 5459 a.
1443 5409 1494 5475 3,
1531 5421 1602 5462 in.
1638 5409 1669 5460 3
1712 5408 1744 5464 d
1770 5408 1820 5464 3.

1893 2008 2055 2063 Unde
2092 2006 2338 2063 territus
2361 2005 2635 2062 Calienus
2678 2020 2877 2077 pacem
2929 2004 3204 2061 ecclesiis
3252 2004 3525 2059 reddidit.

1920 2098 2118 2151 Bsnal.

1920 2098 2118 2151 Bsna.

1895 2096 1914 2167 Ι
1968 2095 2148 2240 Αηιξο.
2177 2185 2287 2241 inc.
2314 2186 2624 2241 Dom.‘276.
2652 2184 2927 2240 Claudius
2967 2184 3227 2254 regnavit
3263 2198 3295 2239 a
3347 2188 3395 2253 1,
3460 2200 3531 2237 m.

1895 2272 2251 2345 9.[Rscmo].
2287 2274 2387 2329 His
2412 2271 2457 2306 ⁵⁸
2488 2278 2521 2329 9
2554 2272 3014 2329 mensibusadde
3046 2274 3079 2327 4
3110 2271 3431 2342 Volusiani,
3472 2271 3531 2326 ﬁt

1898 2376 2084 2419 annus
2105 2363 2202 2433 qui
2226 2363 2319 2418 hic
2354 2368 2717 2432 numeratur,
2780 2366 2840 2417 et
2892 2365 3145 2418 remanet
3208 2377 3280 2417 m.
3334 2367 3382 2417 1.
3437 2361 3537 2416 Cui
3645 2401 3649 2405 .

1900 2452 2189 2509 successit
2222 2452 2572 2509 Aurelianus
2604 2467 2655 2508 a.
2691 2458 2742 2522 ὅ,
2794 2466 2866 2507 m.
2934 2456 2984 2506 :5.
3030 2451 3132 2507 Hic
3188 2450 3544 2506 christianos

1902 2541 2299 2613 persequitur.
2337 2542 2455 2598 Sub
2478 2543 2588 2597 hoc
2614 2556 2826 2613 passus
2855 2544 2945 2596 est
2977 2539 3268 2609 Benignus
3319 2544 3539 2609 martyr

1900 2646 2032 2687 cum
2066 2631 2255 2688 sociis.
2291 2630 2414 2696 Quo
2445 2635 2679 2686 mortuo
2708 2630 2943 2686 Tacitus
2982 2632 3185 2699 regnat
3255 2642 3487 2683 menses
3512 2637 3543 2681 (λ

1905 2721 2081 2792 [ΒευΑ
2116 2738 2132 2787 ;
2165 2718 2427 2789 Rsamo].
2460 2720 2560 2775 His
2580 2718 2626 2752 ⁵³
2656 2719 2831 2775 etiam
2864 2718 3014 2774 adde
3043 2722 3076 2774 6
3134 2716 3455 2786 Aureliani,
3481 2718 3541 2770 lit

1906 2822 2111 2878 annus,
2145 2813 2443 2864 remanent
2476 2812 2546 2864 88
2578 2806 2985 2863 diesFloriani.
3008 2806 3108 2862 His
3132 2805 3309 2875 junge
3340 2803 3547 2862 28dics

1908 2896 2004 2967 qui
2029 2912 2205 2968 supra
2241 2900 2665 2966 remanserunt,
2702 2896 2848 2952 ﬁunt
2879 2895 2999 2967 108,
3051 2909 3282 2951 menses
3317 2898 3349 2947 3
3382 2898 3441 2948 et
3486 2900 3548 2949 18

1908 2986 2051 3042 dies.
2076 2986 2235 3042 Adde
2261 2986 2593 3058 superﬂuos
2614 2991 2648 3042 2
2668 3000 2913 3056 menses,
2943 2986 3089 3040 ﬁunt
3112 3000 3183 3040 m.
3220 2988 3251 3038 tt
3281 2988 3341 3038 et
3370 2982 3424 3036 d.
3459 2986 3543 3038 is.

1908 3077 1973 3130 Et
2022 3080 2151 3146 post
2184 3091 2314 3132 eum
2357 3076 2658 3133 Florianus
2701 3075 2825 3131 dies
2856 3073 3163 3145 88[Βεω];
3202 3077 3333 3145 post
3379 3088 3548 3143 quem

1911 3166 2174 3236 regnavit
2199 3165 2427 3222 Probus
2448 3180 2496 3221 a.
2518 3170 2568 3237 5,
2596 3181 2667 3220 m.
2690 3167 2740 3221 6.
2778 3165 2879 3220 His
2912 3163 2957 3197 ⁶⁰
2991 3163 3140 3220 adde
3186 3167 3219 3218 6
3273 3162 3454 3218 Taciti
3493 3169 3549 3215 «ιτ.

1910 3261 1939 3311 5
1974 3255 2349 3326 supradictas
2381 3253 2666 3327 [Haemo],
2702 3254 2765 3309 ﬁt
2805 3268 3011 3324 annus,
3071 3256 3372 3309 remanent
3398 3266 3551 3306 men-

1910 3360 2003 3403 SBS
2023 3352 2074 3402 3.
2176 3396 2191 3406 .

1983 3438 2147 3492 Anno
2178 3436 2251 3492 ab
2283 3435 2394 3491 inc.
2421 3436 2578 3490 Dom.
2614 3437 2738 3504 264,
2756 3433 3045 3489 Valeriani
3078 3437 3135 3489 et
3156 3432 3376 3488 Calieni
3407 3446 3458 3487 a.
3500 3437 3552 3502 3,

1913 3539 2029 3595 quo
2057 3522 2101 3557 ⁶¹
2133 3530 2397 3596 tempore
2430 3522 3069 3595 Simplidesepiscopus
3086 3521 3557 3577 Viennensiscla-

1915 3613 2033 3670 ruit
2065 3612 2231 3685 [A00]
2266 3614 2478 3684 Xystus
2531 3614 2855 3682 Crecus,ex
2870 3610 3230 3684 phylosopho
3250 3610 3559 3666 ordinatus

1915 3706 2003 3759 11.
2030 3701 2151 3758 Kal.
2187 3703 2332 3772 Aug,
2371 3705 2433 3758 A.
2468 3706 2519 3772 1,
2553 3716 2629 3757 m.
2665 3703 2751 3771 11,
2778 3700 2834 3756 d.
2859 3705 2909 3757 5.
2943 3702 3159 3757 Passus
3181 3702 3269 3756 est
3310 3700 3420 3756 sub
3455 3700 3559 3753 Va-

1919 3792 2143 3847 leriano
2166 3796 2219 3849 8.
2248 3792 2385 3847 ldus
2412 3795 2660 3860 August.
2699 3790 2901 3862 (Gesta
2926 3790 3096 3862 poni.
3123 3791 3339 3861 Rom).
3399 3790 3559 3845 Inter

1918 3882 2157 3953 Xystum
2189 3885 2248 3936 et
2273 3881 2606 3951 Dionysium
2639 3881 2694 3936 d.
2732 3885 2780 3936 5.
2807 3879 2873 3936 “.
2907 3879 3216 3950 Dionysius
3245 3894 3317 3935 ex
3368 3895 3562 3934 mona-

1918 3972 2214 4041 choeujus
2236 3970 2675 4040 generationem
2701 3969 2965 4027 invenire
2981 3985 3089 4026 non
3131 3970 3316 4042 potui,
3350 3968 3502 4024 sedit
3529 3990 3557 4023 η

1920 4065 1972 4130 0,
2007 4076 2081 4116 m.
2115 4064 2170 4130 2,
2194 4059 2249 4115 d.
2287 4063 2337 4115 4.
2372 4060 2658 4129 Regnavit
2689 4059 2871 4115 Carus
2896 4075 3026 4115 cum
3051 4057 3189 4115 ﬁliis
3237 4059 3446 4114 Carino
3504 4066 3562 4114 et

1925 4147 2273 4206 Numeriano
2305 4163 2355 4203 a.
2386 4152 2437 4203 2.
2466 4147 2567 4204 Cui
2591 4147 2883 4204 successit
2907 4146 3301 4205 Diocletianus
3330 4151 3564 4203 annoab

1924 4238 2035 4294 inc.
2059 4239 2217 4292 Dom.
2253 4235 2620 4306 2901830A];
2665 4236 2931 4305 regnavit
2961 4251 3012 4292 a.
3073 4240 3160 4293 20.
3209 4252 3338 4293 cum
3396 4238 3566 4291 Maxi-

1927 4327 2117 4383 miano
2130 4332 2189 4381 et
2212 4325 2577 4394 Constantio,
2595 4328 2655 4380 et
2675 4329 2804 4396 post
2824 4329 3069 4382 mortem
3096 4326 3442 4382 Diocletiani
3459 4328 3567 4382 Ma-

1927 4417 2217 4474 ximianus
2236 4431 2368 4473 cum
2399 4415 2634 4471 Severo.
2671 4415 2901 4471 Galerio
2921 4421 2981 4471 et
3012 4415 3316 4472 Maximino
3344 4416 3563 4488 [ΒευΑ].

1929 4506 2237 4578 Dionysius
2268 4519 2415 4577 papa
2433 4504 2774 4576 parrochias
2796 4507 2854 4561 et
2870 4504 3132 4562 dioceses
3161 4505 3565 4576 constituit,et

1928 4597 2297 4670 presbyteris
2326 4595 2611 4652 ecclesias
2642 4594 2802 4651 dedit
2836 4593 3222 4669 (Gestapont.
3257 4596 3567 4667 Rom.)Cui

1930 4686 2217 4745 successit
2251 4684 2411 4742 Felix
2441 4686 2756 4756 Romanus,
2780 4688 2945 4756 patre
2977 4685 3316 4743 Constantio
3349 4686 3500 4744 sedit
3516 4703 3566 4744 a.

1930 4780 1985 4849 4,
2017 4792 2091 4833 in.
2116 4781 2168 4846 3,
2203 4776 2258 4832 d.
2298 4779 2346 4831 1.
2383 4774 2541 4831 Obiit
2574 4779 2626 4831 3.
2652 4773 2775 4831 Kal.
2832 4776 2961 4831 Jun.
3026 4775 3343 4833 Constituit
3393 4790 3573 4848 supra

1932 4866 2243 4925 memorias
2276 4868 2596 4936 martyrum
2629 4865 2840 4921 missas
2861 4864 3169 4923 celebrari.
3236 4864 3576 4923 Euticianus

1932 4959 2173 5027 Tuscus,
2210 4958 2378 5028 patre
2409 4953 2647 5023 Marino,
2682 4955 2753 5009 de
2773 4954 3015 5010 civitate
3039 4954 3233 5026 Lunis,
3259 4954 3416 5011 sedit
3442 4969 3495 5012 a.
3520 4960 3571 5027 1,

1934 5062 2008 5118 m,
2045 5052 2096 5117 1,
2129 5045 2185 5101 d.
2223 5048 2273 5100 1.
2308 5044 2426 5099 Sub
2456 5041 2502 5075 ⁸³
2532 5040 2844 5099 Aureliano
2886 5043 2979 5100 hic
3028 5044 3307 5116 martyrio
3334 5058 3576 5101 corona-

1932 5142 2033 5193 tus
2063 5140 2114 5193 8.
2158 5133 2261 5191 Kal
2293 5134 2438 5203 Aug.
2476 5133 2532 5189 in
2562 5131 2852 5189 cimiterio
2883 5133 3091 5190 Calixti
3138 5133 3446 5207 sepelitur,
3480 5137 3577 5206 qui

1935 5225 2108 5283 etiam
2137 5225 2267 5298 ipse
2295 5226 2401 5279 362
2433 5226 2722 5294 martyres
2742 5237 3029 5280 manusua
3056 5223 3350 5297 sepelivit,
3383 5232 3443 5281 et
3456 5239 3580 5283 ces-

1938 5317 2086 5373 savit
2115 5315 2498 5387 episcopatus
2528 5313 2654 5370 dies
2669 5317 2721 5369 8.
2745 5314 3060 5371 Constituit
3085 5329 3261 5387 super
3279 5316 3465 5373 altare
3485 5319 3582 5374 be-

1939 5406 2128 5467 nedici
2163 5406 2360 5475 fruges
2391 5404 2537 5459 fabm
2576 5408 2633 5460 et
2696 5418 2840 5460 uvae.
2885 5405 3057 5461 Caius
3088 5406 3370 5481 Dalmata,
3415 5416 3582 5483 patre

1543 5535 1632 5589 VA
1642 5537 1777 5593 RI/E
1820 5536 2216 5594 LECTIONES.

659 5646 1530 5751 —vc|p;npnrﬁbipsnjiznmaz;g;
1579 5648 1719 5707 “ea
1738 5655 2080 5751 corzjgctglra
2118 5651 2470 5751 supple‘tum.
2524 5647 2568 5681 δι
2616 5648 2713 5703 His
2736 5683 2809 5751 ἦ-
2843 5654 3225 5751 'spprangtati
3274 5655 3337 5739 ξη
3389 5667 3581 5726 marg.

197 5719 239 5751 "
282 5716 606 5778 Coronatus
636 5749 707 5760 —
730 5716 1021 5788 Valeriani
1054 5718 1121 5773 in
1148 5731 1342 5788 marg.

508 5891 767 5952 PATROL.
800 5882 1012 5949 CLIV.

1349 5789 1380 5799 ,Δ
1432 5717 1613 5799 ficos:
1668 5717 2067 5799 erasaﬁfﬂllis
2185 5717 2257 5778 ῐιῐ.
2312 5728 2355 5799 1-
2397 5719 2804 5799 ἐφι-υιαγιᾳηξν-
2841 5717 3129 5799 llis'_—_d.
3167 5731 3233 5782 18
3272 5728 3338 5783 in
3389 5717 3582 5795 marg.

193 5790 237 5822 °°
270 5792 366 5848 His
396 5825 463 5833 —
487 5797 517 5847 3
555 5793 622 5849 in
649 5801 840 5859 marg.
875 5786 920 5820 ⁶¹
949 5788 1146 5853 Quo—
1177 5786 1387 5843 claruit
1424 5790 1489 5845 in
1535 5807 1728 5865 marg.
1798 5796 1842 5827 ⁸⁵³
1874 5797 2058 5850 XXXV
2136 5807 2285 5849 corr.
2312 5792 2355 5847 V
2383 5792 2581 5848 (mica.
2636 5786 2681 5823 “
2709 5793 2826 5847 Sub
2855 5824 2922 5833 --ο
2944 5797 2975 5841 8
3018 5795 3079 5849 in
3136 5799 3426 5865 margine.
3519 5788 3524 5795 ’

2661 5790 2681 5822 ³
2709 5793 2826 5847 Sub
2855 5824 2922 5833 —--
2944 5797 2975 5841 8
3018 5795 3079 5849 in
3136 5799 3426 5866 margine.

3315 5897 3351 5935 φ
