3922 6414
400 475 477 536 43
1358 470 1726 533 HUGONIS
1770 468 2122 532 ABBATIS
2165 469 2848 534 FLAVINIACENSIS
2924 524 2929 531 .
3734 479 3800 541 44

401 609 561 681 Gaio,
595 623 668 666 ex
699 622 911 678 genere
943 605 1286 663 Diocletiani
1310 621 1360 662 a.
1396 611 1481 676 11,
1519 621 1597 660 in.
1641 608 1692 674 4,
1729 603 1781 659 d.
1820 604 2044 659 12Mar-
2074 605 2125 663 A
2159 603 2385 674 potitus
2418 618 2521 676 per
2550 604 2833 666 vexillum
2869 613 3088 663 sancta
3122 607 3326 688 Crucis
3364 609 3578 668 celitus
3605 611 3693 668 illi
3718 629 3802 671 os-

398 699 552 771 tyrio
575 701 891 754 coronatus
923 699 1013 751 est
1045 698 1129 752 11.
1168 693 1433 750 Kal.Mai.
1478 694 1657 763 Hujus
1680 691 2044 764 temporibus

398 786 581 856 viguit
599 790 837 841 sanctus
854 783 1254 840 Sebastianus.
1276 785 1434 838 Inter
1454 782 1652 838 Gaium
1678 785 1736 837 et
1764 780 2045 837 Marcelli-

402 891 535 932 num
556 874 680 931 dies
714 878 796 930 11.
828 872 1201 929 Marcellinus
1254 872 1572 939 Romanus,
1622 872 1795 925 Patre
1854 869 2045 938 Preje-

400 969 496 1020 cto
522 962 567 995 ⁸⁸
601 977 651 1018 a.
685 967 738 1033 9,
774 976 846 1017 m.
884 966 933 1031 4,
971 961 1025 1016 d.
1066 966 1149 1015 17.
1178 962 1336 1015 Inter
1371 958 1765 1015 Marcellinum
1815 964 1874 1013 et
1906 958 2046 1012 Mar-

399 1051 610 1108 cellum
636 1051 761 1107 dies
782 1056 867 1107 25.
896 1048 1201 1106 Marcellus
1218 1048 1533 1118 Romanus,
1557 1051 1720 1118 patre
1737 1046 2046 1103 Benedicto

401 1142 471 1196 de
494 1140 594 1196 Via
632 1140 788 1209 Lata,
825 1154 874 1194 a.
916 1143 966 1193 6.
1005 1154 1077 1194 m.
1112 1143 1164 1207 7,
1200 1138 1255 1193 d.
1287 1142 1373 1192 25.
1427 1135 1822 1191 Diocletianus
1873 1136 2048 1205 impe-

403 1236 564 1284 rator
594 1228 666 1285 ad
690 1228 1051 1284 consortium
1087 1226 1312 1297 imperii
1359 1225 1765 1280 Maximianum
1816 1223 2043 1289 ascivit,

402 1318 697 1374 Valerium
722 1322 781 1373 et
816 1316 1218 1372 Constantium
1250 1329 1487 1370 cesares
1505 1314 1660 1369 fecit.
1687 1313 1787 1368 Hie
1813 1311 2043 1368 adorari

402 1423 464 1462 se
492 1407 667 1476 jussit
693 1411 755 1463 ut
771 1407 948 1462 Deum
978 1402 1264 1477 [Hrenox].
1289 1402 1665 1458 Constantius
1689 1415 1858 1458 cesar
1877 1400 2042 1470 juxta

402 1495 689 1564 Lingonas
721 1499 791 1551 60
819 1494 974 1550 milia
1002 1493 1450 1549 Alemannorum
1485 1492 1581 1561 qui
1614 1490 2041 1547 rebellaverant

401 1584 715 1640 interfecit.
749 1585 912 1638 Anno
934 1586 1000 1639 18
1015 1581 1174 1652 regni
1191 1580 1533 1637 Diocletiani
1556 1578 2046 1651 persequutiono-

399 1688 469 1729 va
499 1673 679 1744 cepit,
713 1677 772 1728 et
804 1685 1001 1727 mense
1035 1671 1238 1726 Martio
1268 1671 1322 1725 in
1348 1670 1554 1725 diebus
1609 1668 1838 1739 pascha
1888 1667 2043 1739 quod

402 1761 508 1817 fuit
540 1767 589 1816 ὅ.
619 1761 738 1816 Kal.
792 1760 1012 1831 Aprilis
1058 1760 1347 1814 universa.
1404 1758 1671 1813 ecclesia
1745 1758 2043 1813 subversa

404 1854 559 1905 sunt.
582 1848 870 1904 Vieesimo
894 1851 1107 1916 autem,
1130 1847 1187 1901 id
1210 1846 1523 1901 estultimo
1562 1859 1710 1901 anno
1744 1844 2042 1914 regni,qui

2165 694 2413 762 tensum,
2446 695 2689 749 matrem
2721 709 2885 751 suam
2915 694 3068 752 misit
3111 694 3511 755 Hierosolimis
3544 700 3619 755 ad
3682 717 3802 772 pcr-

2169 779 2513 849 quirendum
2546 781 2761 852 lignum
2794 784 3167 854 dominicum,
3204 784 3356 855 quod
3392 787 3802 844 ctiaminvenit

2156 872 2213 922 et
2247 869 2334 925 sic
2352 871 2540 926 secari
2574 871 2706 927 fecit
2743 887 2846 944 per
2876 872 3150 943 medium,
3184 878 3250 929 ut
3297 879 3354 929 et
3414 891 3654 932 crucem
3707 878 3797 933 de-

2159 957 2422 1014 ferretad
2440 959 2641 1030 lilium,
2665 965 2969 1017 ctcrucem
2996 960 3409 1032 Hierosolymis
3438 972 3798 1035 reservaret,

2158 1046 2406 1117 sapienti
2440 1063 2543 1105 usa
2575 1048 2846 1119 concilio,
2878 1054 2940 1105 ut
2965 1050 3060 1105 ubi
3096 1051 3285 1107 fuerat
3312 1054 3591 1111 membris
3625 1055 3803 1111 domi-

2157 1135 2302 1191 nicis
2326 1141 2522 1208 aptata
2539 1153 2642 1208 per
2665 1136 3039 1209 supplicium,
3067 1138 3186 1195 illic
3202 1139 3531 1209 glorificata
3558 1157 3803 1200 venera-

2158 1227 2372 1280 retura
2407 1226 2655 1297 pepulis.
2716 1226 3064 1283 Melchiades
3096 1229 3231 1284 Afer
3280 1230 3432 1286 sedit
3455 1232 3655 1289 Roma
3710 1244 3802 1288 an-

2156 1314 2245 1369 nis
2273 1318 2305 1371 4
2335 1315 2541 1385 (Gesta
2575 1317 2741 1389 pont.
2768 1317 2961 1387 Rom.)
2996 1334 3010 1383 ;
3046 1332 3158 1388 quo
3186 1315 3230 1349 ⁸³
3260 1322 3522 1390 tempore
3579 1320 3801 1379 claruit

2156 1403 2493 1461 Paschalius
2522 1405 2867 1462 Viennensis
2898 1406 3227 1478 episcopus.
3260 1408 3361 1464 Hie
3394 1409 3798 1466 constituitut

2155 1492 2351 1550 nullus
2383 1494 2474 1549 die
2503 1494 2794 1551 dominico
2817 1502 2917 1551 aut
2949 1501 2998 1552 δ.
3036 1496 3179 1552 feria
3204 1497 3514 1568 jejunaret.
3552 1498 3720 1555 Obiit
3742 1504 3787 1553 3.

2158 1582 2293 1638 [dus
2323 1582 2657 1639 Decembris
2687 1587 2742 1639 et
2768 1585 3018 1639 cessavit
3043 1585 3420 1655 episcopatus
3437 1586 3563 1642 dies
3601 1591 3694 1644 17.

2230 1672 2394 1727 Anno
2427 1671 2578 1727 dom.
2616 1671 2728 1727 inc.
2765 1675 2884 1728 315.
2923 1671 3205 1729 Silvester
3262 1673 3575 1744 Romanus,
3632 1679 3801 1746 patre

2157 1759 2383 1829 Ruﬁno,
2436 1760 2659 1815 sedita.
2724 1762 2813 1830 22,
2848 1775 2920 1816 m.
2958 1766 3042 1831 10,
3107 1761 3159 1817 d.
3210 1766 3293 1815 11.
3326 1762 3427 1818 Hic
3483 1762 3797 1820 constituit

2159 1849 2372 1904 crisma
2387 1850 2616 1919 confici,
2633 1857 2689 1905 et
2709 1850 3065 1922 baptizatum
3078 1849 3431 1920 confirmari,
3449 1850 3798 1908 dalmaticas

402 1943 530 1993 erat
564 1936 778 1992 tertius
800 1949 984 1991 annus
1002 1934 1562 2006 persequutionisab
1586 1933 1694 1989 inc.
1730 1933 1890 1988 Dom.
1916 1934 2042 1999 310)
2071 1957 2129 2018 Β
2165 1938 2429 2009 precepit
2466 1938 2624 1994 indui
2662 1942 2718 1994 et
2762 1938 3112 1995 sacrificium
3143 1954 3332 2011 panno
3364 1939 3516 1996 lineo
3556 1940 3798 1998 involvi.

404 2025 804 2081 Diocletianus
837 2032 897 2079 et
955 2023 1329 2078 Maximianus
1371 2022 1676 2077 Mediolani
1728 2035 2042 2092 purpuram

405 2115 823 2185 deposuerunt.
898 2111 1294 2168 Diocletianus
1348 2110 1615 2165 moritur.
1670 2107 2045 2165 Maximianus

403 2202 557 2271 apud
590 2201 899 2257 Massiliam
950 2200 1197 2270 fugiens,
1235 2200 1366 2255 dum
1391 2214 1609 2268 genero
1654 2214 1758 2255 suo
1807 2197 2046 2253 insidias

408 2296 594 2363 parat,
613 2290 1270 2361 strangulatusinteriit.
1293 2289 1668 2344 Constantius
1681 2302 1867 2357 cesar,
1886 2286 2047 2363 Clau-

406 2361 484 2436 dii
518 2380 890 2451 imperatoris
914 2394 1092 2449 nepos
1122 2394 1195 2433 ex
1228 2377 1365 2447 lilia,
1431 2381 1596 2448 pater
1659 2361 2044 2444 Constantini,

404 2470 587 2525 tertio
619 2485 769 2526 anno
804 2469 1277 2541 persequutionis
1305 2467 1472 2535 obiit,
1497 2468 1588 2523 vir
1607 2482 1847 2523 summa
1866 2466 2048 2521 civili-

405 2560 545 2614 tatis
567 2565 629 2613 et
660 2556 1361 2628 mansuetudinismsnA].
1384 2557 1451 2611 Et
1466 2556 1846 2611 Maximianus
1877 2563 1937 2610 et
1953 2556 2047 2610 Se-

404 2663 581 2704 verus
594 2662 846 2704 casares
870 2647 1005 2703 facti
1020 2651 1174 2702 sunt.
1194 2646 1293 2717 (fol
1309 2646 1416 2716 19).
1443 2645 1819 2701 Maximianus
1842 2649 2044 2714 stupra

406 2751 509 2794 sua
574 2737 1025 2793 Christianorum
1088 2733 1647 2807 persequutionibus
1698 2733 2042 2789 accumulat.

406 2828 581 2898 Cepta
609 2825 789 2882 semel
822 2823 1487 2896 persequutioefl‘erbuit
1522 2837 1707 2891 usque
1740 2822 1809 2877 ad
1833 2828 1886 2876 7.
1907 2822 2046 2876 Con-

403 2914 643 2970 stantini
661 2913 944 2986 principis
960 2913 1299 2979 annum;ita
1318 2911 1465 2965 infra
1494 2924 1668 2966 unum
1684 2923 1939 2965 mensem
1980 2914 2045 2966 17

401 3002 556 3058 milia
590 3008 909 3073 martyrum
944 3000 1101 3072 passi
1133 3000 1530 3055 inveniuntur.
1740 3010 1743 3011 '

473 3094 634 3146 Anno
667 3092 737 3146 ab
768 3090 877 3145 inc.
916 3090 1200 3144 Dom.310
1228 3087 1438 3157 (Gesta
1458 3088 1614 3158 pont
1661 3089 1875 3159 Rom),
1905 3089 2046 3143 Con-

404 3179 720 3249 stantinus,
754 3177 1074 3234 Constantii
1099 3192 1169 3231 ex
1200 3176 1415 3232 Helena
1466 3173 1639 3244 ﬁlius,
1675 3175 1732 3231 in
1759 3176 2044 3232 Brittania

404 3271 724 3341 imperator
754 3272 989 3323 creatus
1011 3273 1059 3323 5.
1096 3267 1239 3322 Νοη.
1279 3265 1403 3333 Mai,
1448 3265 1710 3335 regnavit
1743 3279 1792 3321 a.
1828 3270 1914 3333 30,
1968 3281 2040 3321 m.
2075 3309 2126 3372 Ο

403 3364 486 3415 10.
524 3358 624 3414 llis
646 3357 793 3413 adde
827 3363 857 3413 3
890 3372 1117 3413 menses
1141 3355 1235 3427 qui
1289 3369 1464 3426 supra
1498 3358 1925 3419 remanserunt,
1983 3355 2047 3410 fit

402 3463 610 3518 annus,
648 3450 905 3503 remanet
932 3447 1149 3502 mensis
1180 3443 1386 3518 [Rea].
1415 3445 1530 3500 Sub
1556 3444 1662 3499 hoc
1687 3444 1741 3498 S.
1780 3444 2048 3514 Agricius

400 3538 705 3593 confessor
733 3540 789 3591 et
824 3535 1137 3606 cpiscopus
1168 3532 1531 3589 Trevirensis
1598 3532 1832 3600 claruit,
1877 3532 2046 3602 cujus

403 3640 707 3682 successor
722 3624 829 3680 fuit
850 3624 905 3677 S.
924 3623 1267 3678 Maximinus
1281 3621 1487 3691 (Gesta
1489 3622 1656 3692 pom.
1680 3621 1893 3691 Rom).
1910 3622 2047 3677 Post

405 3713 759 3783 Marcellum,
776 3713 961 3784 primo
974 3727 1123 3767 anno
1140 3710 2049 3779 Constantini,EusebiusGrecus

403 3818 477 3858 ex
507 3802 734 3858 medico
759 3801 913 3857 sedit
930 3800 1126 3855 Romae
1148 3799 1450 3853 mensibus
1471 3803 1522 3853 7.
1547 3798 1663 3853 Sub
1687 3798 1794 3853 hoc
1813 3799 2047 3854 inventa

405 3896 499 3947 cst
529 3906 675 3947 crux
704 3889 951 3945 Domini.
988 3888 1145 3943 Obiit
1177 3892 1227 3942 ti.
1276 3888 1416 3942 Non.
1464 3887 1615 3957 Oet.,
1661 3892 1721 3942 et
1790 3888 2045 3943 cessavit

401 3980 783 4052 epi:copatus
807 3975 1216 4048 dl087[BEDA].
1258 3975 1760 4031 lnterMai-cellum
1794 3982 1851 4032 et
1876 3977 2051 4032 Euse-

409 4070 563 4125 bium
596 4069 719 4124 dies
741 4072 832 4123 20.
867 4067 1087 4133 Quarto
1109 4080 1257 4121 anno
1296 4064 1769 4136 persequutionis
1826 4066 2051 4120 Maxen-

404 4159 544 4229 tius,
599 4157 854 4213 llerculii
890 4155 1215 4210 Maximiani
1272 4154 1443 4224 ﬁlius,
1520 4154 1712 4210 Roma
1765 4159 2051 4223 angustus

402 4247 737 4320 appellatus
768 4250 885 4301 est.
908 4247 1118 4300 Contra
1148 4258 1315 4315 quem
1341 4243 1617 4314 pugnavit
1637 4243 2052 4298 Constantinus

407 4341 459 4392 6.
494 4336 723 4407 imperii
757 4336 846 4392 sui
872 4349 1041 4404 anno,
1075 4338 1132 4389 et
1165 4333 1319 4404 apud
1350 4333 1584 4388 Romam
1626 4332 1935 4387 interfecto
1957 4346 2048 4401 eo,

410 4425 611 4481 urbem
638 4424 882 4496 recepit.
904 4423 1137 4492 Helena,
1166 4426 1354 4477 mater
1372 4420 1756 4490 Constantini,
1781 4422 2052 4477 christia-

405 4515 666 4585 nissima,
712 4513 893 4570 ﬁlium
910 4511 1378 4585 proﬁciscentem
1399 4510 1466 4565 ad
1487 4510 1700 4565 bellum
1728 4525 2052 4580 prosequu-

406 4612 486 4675 ta,
548 4604 619 4660 de
657 4604 900 4661 civitate
938 4601 1309 4658 Trevirorum
1382 4614 1514 4655 cum
1566 4598 1749 4655 multo
1770 4599 2050 4655 comitatu

2159 2028 2422 2083 Secundo
2456 2026 2634 2097 igitur
2662 2043 2811 2084 anno
2836 2034 3144 2099 postquam
3180 2029 3595 2085 Constantinus
3629 2044 3797 2101 supe-

2160 2119 2288 2171 rato
2319 2115 2606 2172 Maxentio
2638 2120 2903 2188 tyranno,
2964 2116 3289 2172 Maximiani
3343 2116 3595 2173 Herculii
3664 2117 3799 2188 filio,

2162 2205 2370 2260 Urbem
2395 2204 2637 2276 recepit,
2666 2206 3137 2277 persequutionis
3163 2220 3312 2261 anno
3352 2210 3439 2275 10,
3491 2221 3594 2278 per
3627 2205 3802 2263 Silve-

2160 2294 2269 2348 stri
2287 2309 2448 2365 papa
2464 2292 2922 2365 predicationem
2940 2295 3009 2350 ad
3038 2294 3206 2350 fidem
3242 2295 3456 2352 Christi
3482 2309 3803 2351 conversus

2159 2385 2271 2452 est,
2296 2382 2507 2437 etfecit
2537 2382 2754 2453 Roma,
2788 2383 2885 2438 ubi
2944 2382 3279 2455 baptizatus
3324 2388 3436 2453 est,
3489 2382 3795 2440 basilicam

2161 2470 2315 2525 beati
2345 2471 2625 2526 Johannis
2657 2472 2931 2542 baptista
2954 2486 3082 2543 qua
3102 2472 3433 2544 appellatur
3472 2471 3801 2528 Constanti-

2160 2558 2327 2613 niana
2353 2558 2572 2630 [Bson].
2600 2560 2718 2616 Hoc
2736 2557 2780 2591 ⁸⁸
2802 2563 2893 2615 est
2952 2559 3332 2632 privelegium
3367 2575 3479 2632 quo
3518 2558 3802 2616 Silvester

2162 2648 2655 2719 papainterventu
2698 2648 2929 2705 Helena
2953 2654 3219 2718 augusta
3251 2665 3355 2721 per
3379 2648 3680 2720 Agricium
3714 2662 3803 2720 pa-

2159 2737 2472 2793 triarcham
2503 2738 2902 2794 Trevirensem
2922 2738 3130 2794 ditavit
3162 2737 3491 2809 ecclesiam,
3510 2738 3670 2809 quod
3702 2740 3802 2793 Vo-

2160 2826 2425 2882 lusianus
2442 2827 2923 2898 archiepiscopus
2957 2827 3203 2883 rescribi
3228 2827 3405 2897 jussit
3435 2830 3573 2899 (37):
3601 2827 3799 2884 «Sicut

2161 2917 2215 2971 in
2245 2916 2577 2986 gentilitate
2600 2917 2834 2988 propria
2864 2917 3103 2984 virtute,
3136 2917 3352 2971 sortire
3385 2922 3441 2972 et
3502 2932 3659 2973 nunc
3674 2918 3797 2972 Tre-

2159 3005 2267 3060 viri
2300 3004 2517 3075 primas
2547 3006 2761 3073 ‘super
2793 3002 2986 3058 Gallos
3013 3002 3375 3074 spiritualem
3410 3006 3797 3061 etGermanos

2158 3092 2506 3164 prioratum,
2541 3105 2709 3162 quem
2740 3091 2853 3145 tibi
2887 3105 3005 3162 pra
3021 3091 3289 3147 omnibus
3313 3090 3516 3147 harum
3541 3093 3798 3162 gentium

2157 3181 2453 3254 episcopis
2477 3180 2532 3234 in
2550 3178 2860 3251 primitivis
2872 3178 3205 3235 christiana
3232 3177 3532 3249 religionis
3546 3182 3799 3238 doctori-

2158 3271 2268 3325 bus
2288 3267 2838 3338 scilicetEuchario,
2855 3268 3085 3324 Valerio
3108 3273 3167 3323 et
3196 3269 3475 3339 Materno,
3503 3260 3609 3340 pl—r
3632 3271 3800 3327 bacu-

2159 3359 2275 3414 lum
2292 3372 2459 3413 suum
2492 3359 2666 3429 caput
2709 3357 2976 3413 ecclesia
3017 3358 3230 3413 Petrus
3268 3356 3543 3427 signavit'
3585 3360 3798 3415 haben-

2159 3448 2316 3517 dum,
2338 3460 2498 3503 suam
2515 3445 2938 3516 quodammodo
2954 3445 3220 3502 minuens
3238 3446 3605 3517 dignitatem,
3638 3452 3706 3503 ut
3752 3451 3805 3500 te

2162 3531 2504 3608 participem
2538 3536 2775 3591 faceret.
2821 3534 3242 3605 Quomodoego
3260 3535 3543 3591 Silvester
3589 3550 3799 3592 servus

2160 3624 2286 3695 ejus
2300 3624 2785 3694 successioneque
2800 3624 3071 3694 indignus
3084 3638 3186 3696 per
3218 3624 3616 3681 Patriarcham
3633 3623 3797 3693 Agri-

2160 3713 2311 3770 cium
2329 3727 2618 3769 renovans
2633 3711 2935 3783 confirmo,
2957 3712 3028 3766 ad
3044 3713 3323 3769 honorem
3352 3712 3595 3767 domina
3637 3710 3801 3767 Hele-

2162 3817 2247 3859 na
2263 3805 2525 3872 augusta
2540 3802 2798 3872 ejusdem
2814 3801 3157 3872 metropolis
3172 3800 3476 3870 indigena,
3494 3814 3665 3870 quam
3681 3800 3803 3871 ipsa

2164 3891 2302 3947 felix
2334 3905 2437 3962 per
2466 3878 2794 3961 apostolum
2831 3891 3102 3946 Mathiam
3127 3905 3155 3946 a
3205 3890 3400 3947 Judaa
3457 3887 3801 3945 translatum

2160 3980 2495 4050 ceterisque
2528 3979 2794 4049 reliquiis
2826 3979 3050 4034 Domini
3087 3978 3388 4048 magniﬁce
3419 3977 3629 4033 ditavit
3677 3992 3802 4048 spe-

2162 4067 2514 4137 cialiterque
2547 4066 2835 4138 provexit.
2864 4066 3048 4135 Hujus
3080 4065 3372 4137 privilegii
3418 4064 3564 4120 cleri
3614 4063 3799 4121 novici

2162 4155 2336 4212 cmuli
2384 4154 2789 4211 communione
2832 4153 3201 4223 dirimantur,
3266 4150 3534 4223 quoniam
3574 4151 3802 4209 anathe-

2163 4247 2316 4298 mate
2351 4240 2717 4298 maculantur
2744 4238 2808 4298 ⁸⁷.
2842 4260 2871 4293 ››
2901 4241 3054 4297 Fecit
3087 4245 3147 4295 et
3170 4238 3340 4295 aliam
3362 4240 3533 4295 beato
3554 4239 3731 4294 Petro
3745 4236 3796 4291 in

2162 4330 2382 4402 templo
2406 4328 2836 4400 Apollinis(fol.
2865 4328 2991 4400 19’),
3018 4344 3121 4384 nec
3164 4343 3274 4383 non
3298 4332 3355 4384 et
3415 4327 3585 4383 aliam
3624 4327 3792 4383 beato

2163 4419 2364 4488 Paulo,
2398 4433 2613 4489 corpus
2635 4418 2944 4488 utriusque
2976 4432 3090 4473 are
3108 4418 3344 4488 cyprico
3366 4415 3736 4474 circumdans
3766 4418 3794 4468 5

2166 4511 2342 4581 pedes
2371 4522 2576 4578 grosso
2617 4506 2848 4577 (Ibid.).
2910 4507 3070 4563 Fecit
3123 4504 3421 4563 basilicam
3464 4507 3521 4561 in
3581 4503 3791 4578 palatio

2166 4598 2475 4653 Sororiano
2507 4611 2634 4667 qua
2667 4595 3134 4666 cognominatur,
3185 4595 3283 4651 ubi
3317 4594 3387 4650 de
3418 4593 3573 4665 ligno
3605 4591 3792 4651 crucis

400 4667 656 4763 egressa,
691 4692 1031 4763 Bysontium
1051 4689 1228 4758 venit,
1255 4694 1314 4744 et
1338 4688 1392 4742 in
1409 4686 1695 4743 eclesiola
1716 4687 1903 4743 sancti
1928 4688 2051 4742 Ste-
2081 4667 2134 4727 Ῑ)
2164 4686 2387 4742 Domini
2410 4685 2629 4757 posuit.
2682 4684 2988 4739 Basilicam
3036 4684 3212 4739 etiam
3247 4689 3464 4740 sancta
3524 4680 3790 4753 martyris

408 4781 580 4852 phani
609 4782 664 4836 in
683 4786 875 4836 monte
900 4780 1011 4835 sita
1029 4778 1201 4849 juges
1224 4775 1469 4834 fundens
1499 4775 1775 4845 lacrimas
1798 4779 1858 4831 et
1880 4776 2049 4845 longa

403 4872 627 4927 ducens
655 4869 894 4939 jejunia,
931 4880 1036 4939 pro
1069 4866 1259 4923 salute
1312 4865 1411 4920 filii
1448 4864 1689 4937 [aures']
1730 4865 1952 4920 Domini
1993 4869 2049 4920 et

406 4959 565 5015 beati
598 4957 874 5029 Stephani
913 4970 1085 5028 prece
1117 4955 1389 5026 pulsabat
1421 4953 1761 5010 humillima.
1804 4955 1873 5008 Et
1919 4953 2051 5023 quia

400 5046 567 5105 locus
596 5046 694 5103 ille
726 5052 852 5102 erat
883 5045 1281 5117 permodicus,
1310 5047 1511 5099 votum
1536 5042 1696 5099 vovit
1719 5042 1791 5097 de
1824 5056 2052 5113 repara-

404 5137 563 5193 tione
596 5141 651 5192 et
679 5133 1056 5206 ampliatione
1089 5146 1253 5188 nova
1302 5130 1592 5201 ecclesia,
1631 5130 1784 5201 quod
1807 5136 1863 5186 et
1916 5131 2049 5186 fecit

404 5225 665 5294 dirigens
691 5222 1085 5282 cementarios
1117 5227 1176 5276 et
1207 5232 1500 5291 expensas
1521 5219 1593 5273 ad
1623 5218 2049 5276 edificationcm

407 5313 666 5370 basilica
680 5314 1019 5382 condignas.
1040 5309 1456 5366 Constantinus
1471 5307 1791 5379 imperator
1807 5309 2047 5366 victoria

2166 4778 2343 4846 Agna
2365 4790 2436 4831 ex
2462 4784 2669 4844 rogatu
2702 4772 2836 4829 ﬁlia
2849 4788 2972 4830 sua
2993 4773 3150 4842 fecit,
3182 4778 3244 4828 et
3261 4771 3671 4844 baptisterium
3688 4768 3788 4825 ibi-

2163 4862 2292 4920 dem
2326 4864 2425 4921 ubi
2458 4868 2517 4919 et
2551 4862 2845 4934 baptizata
2864 4867 2953 4918 est
2975 4876 3145 4919 soror
3169 4862 3296 4932 ejus
3310 4860 3647 4917 Constantia
3666 4871 3787 4914 cum

2164 4953 2277 5009 lilia
2315 4957 2593 5023 Augusta.
2628 4952 2785 5008 Fecit
2808 4957 2868 5007 et
2883 4951 3179 5008 basilicam
3196 4952 3366 5009 beato
3393 4949 3632 5021 martyri
3655 4949 3783 5002 Lau-

2164 5042 2354 5098 rentio
2378 5042 2471 5098 via
2489 5042 2804 5112 Tyburtina
2821 5041 2873 5095 in
2896 5055 3034 5110 agro
3055 5041 3298 5095 Verano.
3331 5038 3639 5095 Basilicam
3655 5049 3785 5109 quo-

2163 5146 2273 5201 que
2304 5131 2395 5186 via
2430 5130 2877 5187 Lavicanainter
2907 5129 3052 5186 duos
3084 5127 3282 5186 lauros
3307 5127 3494 5184 beatis
3524 5123 3780 5197 martyri-

2164 5224 2272 5277 bus
2305 5220 2637 5277 Marcellino
2668 5224 2726 5274 et
2756 5221 2950 5285 Petro,
2967 5227 3025 5274 et
3040 5216 3401 5274 mausoleum
3426 5216 3523 5273 ubi
3552 5220 3784 5271 matrem

2166 5325 2327 5367 suam
2361 5311 2553 5382 posuit
2604 5311 2658 5364 in
2720 5308 3080 5379 sarcophago
3129 5320 3442 5379 purpureo.
3496 5304 3784 5361 Basilicam

1755 5435 1989 5491 VARIE
2033 5436 2429 5494 LECTIONES.

468 5538 511 5570 6‘
542 5538 740 5594 Piecto
771 5551 816 5593 c.
850 5536 895 5568 ⁸⁵
934 5551 1048 5606 quo
1099 5565 1166 5574 -—
1226 5533 1566 5607 episcopus
1598 5534 1666 5588 in
1715 5536 2009 5607 margine,
2069 5536 2113 5568 ⁶⁶
2153 5537 2272 5593 Hoc
2317 5534 2493 5603 jussit
2532 5534 2598 5590 in.
2652 5532 2944 5603 margine.
3008 5529 3051 5562 “7
3103 5513 3271 5586 ῈΡῙ.
3338 5531 3493 5602 quod
3535 5528 3785 5587 Volusia-

400 5624 510 5667 nus
543 5604 1018 5679 archiepiscopus
1050 5604 1301 5661 rescribi
1328 5605 1507 5674 jussit
1539 5604 1865 5675 lticrepelil
1885 5620 1935 5663 ο.

1983 5705 2202 5760 ΝΟΤᾸΞ.

469 5782 580 5853 137)
612 5780 681 5835 Cf
699 5781 866 5833 Gesta
900 5779 1277 5831 Treverorum
1305 5791 1353 5830 (ι.
1394 5779 1474 5829 19.
