3922 6414
83 453 180 519 45
476 530 487 539 κ
1413 458 1632 520 anno

2005 496 2031 506 -
2057 460 2211 523 LIB.
2259 463 2305 525 I.
3478 468 3554 535 46

86 605 378 662 quoque
414 593 468 648 in
503 593 743 649 civitate
774 592 936 648 Ostia
962 592 1127 662 juxta
1162 598 1395 663 portum
1418 591 1582 648 urbis
1602 593 1794 647 Romae
1824 592 1881 651 A
1913 591 2133 664 bilium,
2168 599 2226 649 et
2257 596 2309 650 in
2339 598 2533 652 Iesum
2568 595 2860 655 Christum
2895 600 3076 657 ﬁlium
3127 602 3255 672 ejus
3295 606 3548 675 unicum,

90 680 454 738 beatorum
487 682 889 755 apostolorum
923 682 1083 738 Petri
1116 685 1173 737 et
1208 682 1370 738 Pauli
1402 686 1460 738 et
1494 682 1677 737 sancti
1701 683 1795 736 Io-

91 768 347 827 hannis
431 772 721 843 baptistaa.
782 772 925 826 Item
1006 770 1174 826 aliam
1264 772 1449 827 sancti
1518 771 1794 827 Iohannis

94 857 424 930 baptistae
452 860 507 915 in
540 860 779 916 civitate
816 860 1145 916 Albanensi.
1185 861 1325 916 Item
1359 860 1527 916 aliam
1561 860 1615 915 in
1650 861 1795 917 urbe

96 947 383 1018 Neapoli
429 948 648 1021 [BEDI].
696 949 852 1004 Idem
904 949 1323 1005 Constantinus
1378 951 1699 1020 Drepanum
1752 947 1797 982 ⁸⁸

96 1037 432 1106 Bythiniae
454 1037 752 1093 civitatem
778 1038 833 1092 in
858 1038 1136 1093 honorem
1162 1038 1436 1108 martyris
1459 1038 1691 1094 Luciani
1718 1038 1795 1093 ibi

91 1126 356 1181 conditi
388 1127 722 1184 instaurans
752 1142 825 1182 ex
856 1126 1138 1184 vocabulo
1176 1127 1381 1182 matris
1414 1142 1533 1183 suae
1558 1127 1797 1183 Heleno-

101 1213 308 1285 polim
385 1216 766 1287 nuncupavit.
804 1216 1118 1273 Constituit
1173 1216 1391 1287 templa
1442 1230 1794 1287 paganorum

98 1302 354 1359 claudi.
390 1304 490 1359 IIie
516 1308 784 1361 statuens
805 1306 1008 1361 urbem
1033 1304 1282 1360 nominis
1304 1304 1390 1360 sui
1430 1304 1485 1358 in
1535 1304 1791 1375 Trachia,

102 1392 710 1465 Constantinopolim
735 1393 1075 1465 appellavit,
1095 1392 1553 1465 quametlsedem
1570 1394 1794 1464 imperii

101 1486 168 1535 et
203 1482 416 1538 totius
439 1482 690 1539 Orientis
711 1487 887 1553 caput
912 1497 1044 1538 esse
1066 1481 1275 1537 voluit.
1304 1482 1458 1536 Fecit
1485 1481 1657 1537 etiam
1686 1481 1798 1553 pri-

102 1569 423 1640 vilegium
458 1576 676 1627 sancta:
708 1573 978 1627 Romamn
1008 1570 1273 1628 ecclesiae
1305 1572 1455 1641 quod
1488 1570 1792 1626 constituit

106 1660 306 1714 beato
337 1675 511 1731 papa:
536 1661 817 1717 Silvestre
841 1666 898 1716 et
924 1660 1195 1716 omnibus
1217 1660 1657 1716 successoribus
1672 1660 1797 1729 ejus

103 1747 525 1819 pontiﬁcibus
552 1765 739 1821 usque
774 1750 827 1805 in
877 1754 1249 1821 perpetuum,
1277 1753 1334 1804 et
1383 1748 1597 1820 optulit
1652 1748 1793 1803 illud

101 1853 306 1909 super
327 1853 555 1910 corpus
572 1840 726 1895 beati
748 1840 909 1895 Petri
934 1839 1207 1911 apostoli.
1228 1838 1391 1905 Quod
1417 1838 1509 1893 hic
1534 1838 1792 1893 inserere

1910 682 2211 740 Dominum
2242 689 2528 749 nostrum,
2559 692 2755 743 creata
2791 693 2923 745 sunt
2956 691 3167 757 omnia,
3195 697 3251 747 et
3290 693 3346 749 in
3381 696 3557 766 spiri-

1908 772 2030 825 tum
2081 777 2343 829 sanctum
2385 773 2678 831 dominum
2707 779 2766 831 ct
2798 777 3221 835 viviﬁcatorem
3256 781 3548 842 universa

1911 865 2218 918 creaturae.
2237 863 2666 919 NosPatremet
2685 864 2886 920 Filium
2901 874 2958 919 et
2984 867 3260 937 Spiritum
3286 876 3550 929 sanctum

1908 948 2273 1005 conﬁtemur.
2310 950 2389 1006 ita
2423 956 2483 1007 ut
2510 952 2860 1009 inTrinitate
2877 956 3134 1024 perfecta
3155 957 3554 1028 sitplenitudo

1911 1036 2238 1092 divinitatis
2272 1042 2332 1093 et
2364 1039 2558 1095 unitas
2593 1042 2920 1111 potestatis,
2954 1044 3128 1099 Pater
3171 1047 3341 1115 Deus,
3379 1047 3555 1104 Filius

1909 1127 2081 1196 Deus,
2107 1127 2360 1197 Spiritus
2384 1132 2626 1185 sanctus
2642 1131 2792 1185 Deus
2811 1135 2897 1196 ;et
2912 1138 3037 1188 tres
3053 1149 3225 1189 unum
3242 1142 3398 1191 sunt.
3415 1139 3555 1193 Tres

1912 1215 2109 1285 itaque
2135 1231 2421 1287 persona),
2440 1218 2539 1273 sed
2567 1234 2676 1274 una
2706 1224 2996 1291 potestas;
3017 1237 3142 1277 nam
3160 1238 3387 1294 semper
3407 1227 3558 1283 Deus
3640 1264 3643 1265 ν

1910 1318 1972 1358 se
1994 1304 2179 1360 edidit
2204 1320 2277 1360 ex
2299 1321 2359 1362 sc
2383 1308 2536 1377 quod
2564 1322 2794 1379 semper
2816 1315 2942 1365 erat
2966 1311 3255 1379 gignenda
3271 1313 3339 1367 ad
3357 1315 3551 1370 secula

1909 1395 2170 1449 verbum.
2189 1396 2256 1449 Et
2284 1396 2513 1465 quando
2532 1396 2735 1453 eodem
2761 1398 2888 1455 solo
2913 1415 3030 1456 sua)
3049 1401 3351 1472 sapientiae
3375 1404 3551 1459 verbo

1911 1482 2242 1538 universam
2277 1485 2545 1540 formavit
2568 1490 2921 1557 creaturam,
2947 1504 3077 1544 cum
3100 1504 3169 1544 eo
3190 1496 3315 1545 erat
3340 1496 3550 1547 cuncta

1910 1586 2017 1626 suo
2047 1572 2301 1629 archano
2322 1589 2679 1645 componens
2704 1576 3047 1633 ministerio.
3071 1579 3251 1647 Igitur
3274 1582 3552 1650 perfectis

1908 1658 2166 1715 celerum
2197 1660 2520 1717 virtutibus
2552 1666 2607 1717 et
2646 1664 2936 1719 universis
2963 1669 3133 1721 terra:
3160 1668 3437 1735 materiis,
3460 1669 3552 1738 pio

1908 1749 2209 1820 sapientiae
2238 1754 2382 1806 nutu
2416 1752 2486 1806 ad
2512 1751 2819 1817 imaginem
2843 1758 2898 1807 et
2926 1753 3368 1811 similitudinem
3390 1771 3548 1813 suam

1911 1838 2157 1908 primum
2183 1839 2253 1893 de
2279 1839 2413 1893 limo
2438 1844 2614 1896 terra;
2642 1840 2866 1909 ﬁngens
2890 1843 3196 1910 hominem,
3215 1844 3365 1900 hunc
3392 1859 3555 1916 para-

102 1941 229 1983 non
260 1928 642 1999 pigebit.Est
667 1935 861 1985 autem
884 1928 1214 1999 hujusmodi
1243 1927 1551 1997 (Deerat):
1572 1928 1672 1982 «In
1698 1941 1794 1983 no-
1821 1948 1878 2012 Β
1910 1926 2039 1981 diso
2074 1928 2268 1989 posuit
2302 1927 2639 1999 voluptatis.
2674 1928 2852 1994 Quem
2894 1930 3173 2000 antiquus
3220 1946 3465 2002 serpens
3495 1939 3551 1988 et

107 2017 278 2072 mine
317 2021 548 2073 sanctae
580 2023 639 2072 et
664 2018 978 2075 individua:
1001 2017 1319 2087 Trinitatis,
1346 2017 1539 2081 Patris
1563 2016 1789 2072 scilicet

107 2111 172 2161 et
211 2104 357 2161 Filii
396 2110 458 2160 et
491 2106 743 2177 Spiritus
775 2107 980 2164 sancti.
1010 2108 1332 2179 Imperator
1353 2120 1536 2164 caesar
1560 2106 1791 2161 Flavius

108 2195 584 2265 Constantinus,
613 2196 666 2251 in
703 2196 935 2252 Christe
964 2199 1099 2253 Iesu
1132 2212 1243 2254 una
1276 2212 1348 2252 ex
1380 2196 1581 2252 eadem
1614 2195 1794 2251 Trini-

108 2284 267 2339 tatis
304 2298 570 2355 persona
605 2284 900 2342 salvatore
932 2285 1165 2343 domine
1197 2286 1312 2340 Deo
1346 2292 1546 2341 nostro
1582 2284 1787 2353 ﬁdelis,

108 2378 513 2437 mansuetus,
536 2375 835 2445 maximus,
867 2374 1177 2443 beneﬁcus,
1207 2373 1631 2441 Alemannicus,
1653 2374 1794 2427 Brit-

109 2462 390 2531 tanicus,
423 2462 699 2529 Ilunicus,
730 2464 875 2533 pius,
904 2463 1061 2533 felix,
1082 2464 1273 2519 victor
1294 2468 1347 2518 et
1374 2463 1791 2533 triumphator,

113 2564 372 2622 semper
412 2555 715 2621 angustus,
750 2552 1114 2607 sanctissime
1146 2567 1212 2608 ac
1261 2552 1596 2607 beatissimo
1640 2549 1789 2620 patri

117 2638 432 2696 Silvestre
454 2639 615 2695 urbis
638 2640 831 2695 Roma:
852 2640 1128 2711 episcopo
1149 2644 1207 2695 et
1235 2655 1420 2711 papa,
1442 2644 1498 2694 et
1523 2639 1792 2694 omnibus

110 2728 250 2798 ejus
287 2729 756 2785 successoribus
789 2729 885 2800 qui
920 2729 976 2783 in
1009 2730 1148 2785 sede
1181 2730 1335 2785 beati
1360 2729 1516 2783 Petri
1541 2725 1790 2798 apostoli

113 2817 359 2874 sessuri
385 2820 526 2871 sunt
554 2832 735 2887 usque
752 2818 805 2872 in
825 2818 933 2873 ﬁne
948 2817 1130 2873 seculi
1148 2817 1540 2888 pontificibus,
1560 2831 1664 2872 nec
1679 2831 1788 2871 non

110 2906 307 2961 etiam
347 2905 629 2961 omnibus
661 2906 1157 2962 reverentissimis
1189 2910 1247 2961 et
1283 2906 1397 2961 Deo
1441 2905 1791 2960 amabilibus

111 2995 449 3052 catholicis
467 2994 761 3065 episcopis
783 2995 1089 3065 eidemque
1109 3001 1497 3052 sacrosancta:
1521 2996 1694 3049 Roma
1706 3009 1790 3050 naa

112 3084 406 3141 ecclesia}
441 3098 546 3155 per
577 3085 721 3141 hanc
754 3088 1009 3140 nostram
1041 3084 1398 3157 imperialem
1421 3084 1791 3140 constitutio-

117 3188 254 3230 nem
282 3172 582 3242 subjectis
607 3174 660 3229 in
687 3173 957 3229 universo
980 3174 1120 3229 orbe
1144 3178 1459 3241 terrarum,
1487 3187 1708 3229 necnon
1732 3177 1787 3227 et

120 3263 399 3333 posteris
423 3278 625 3319 eorum
651 3264 882 3318 cunctis
908 3263 1258 3333 postfuturis
1282 3263 1646 3333 temporibus
1666 3276 1794 3317 con-

119 3351 388 3421 stitutis,
405 3350 619 3421 gratia,
648 3366 778 3422 pax,
805 3351 1101 3421 gaudium,
1120 3350 1551 3421 longanimitas,
1570 3349 1794 3405 miseri-

121 3440 358 3511 cordia,
377 3454 408 3495 a
437 3441 553 3495 Deo
568 3444 734 3512 patre
754 3440 1153 3510 omnipotente
1169 3440 1650 3497 etIesusChristo
1674 3438 1793 3494 ﬁlio

119 3529 254 3600 ejus
304 3535 371 3585 et
428 3529 649 3600 Spiritu
682 3533 888 3585 sancto
922 3529 978 3584 in
1008 3531 1279 3586 omnibus
1310 3528 1479 3585 vobis
1511 3527 1634 3599 (fol.
1677 3529 1789 3599 20).

121 3618 292 3684 Quod
307 3617 542 3689 equalis
555 3617 813 3673 salvator
829 3624 884 3673 et
902 3617 1238 3690 redemptor
1255 3617 1793 3674 nostcrIesusChri-

121 3710 272 3777 stus,
302 3706 580 3762 altissimi
609 3706 795 3778 patris
821 3705 993 3777 ﬁlius,
1022 3722 1125 3777 per
1144 3722 1280 3763 suos
1302 3712 1537 3763 sanctos
1561 3711 1794 3777 aposto-

123 3795 213 3852 los
238 3798 491 3853 Petrum
510 3800 569 3851 et
592 3795 853 3865 Paulum,
872 3796 1299 3852 interveniente
1315 3804 1561 3868 patrono
1592 3800 1792 3850 nostro

121 3885 422 3942 Silvestre
448 3899 674 3942 summo
697 3885 972 3956 pontiﬁce
994 3891 1054 3941 et
1077 3885 1397 3941 universali
1428 3901 1595 3957 papa,
1624 3885 1794 3939 mira-

127 3974 335 4031 biliter
368 3974 607 4046 operari
640 3975 915 4043 dignatus
946 3978 1055 4043 est,
1087 3974 1303 4045 liquida
1326 3974 1663 4030 narratione
1690 3989 1793 4044 per

122 4062 303 4135 hujus
335 4067 562 4120 nostrae
593 4062 912 4134 imperialis
939 4064 1382 4119 constitutionis
1424 4063 1689 4134 paginam
1719 4063 1791 4118 ad

127 4152 499 4222 agnitionem
524 4150 777 4208 omnium
794 4150 1141 4223 populorum
1157 4153 1435 4208 universo
1450 4154 1593 4208 orbe
1607 4156 1792 4206 terra-

127 4257 255 4298 rum
289 4241 530 4299 studuit
566 4254 891 4312 propagare
919 4244 1117 4297 nostra
1146 4240 1615 4297 mansuetissima
1640 4254 1794 4295 sere-

129 4330 309 4403 nitas,
342 4331 599 4403 primum
632 4329 866 4400 quidem
898 4329 1069 4385 ﬁdem
1103 4332 1382 4399 nostram,
1412 4344 1582 4399 quam
1610 4342 1640 4384 a
1663 4342 1792 4399 pre-

132 4418 251 4477 lato
280 4422 631 4477 exertatore
660 4423 864 4475 nostro
897 4417 1179 4474 Silvestre
1207 4417 1522 4475 universali
1553 4433 1699 4489 papa
1732 4422 1792 4472 et

134 4509 416 4581 pontiﬁce
448 4509 645 4566 edocti
679 4523 900 4579 sumus,
936 4508 1136 4565 intima
1167 4508 1365 4565 cordis
1418 4508 1789 4563 confessione

134 4599 205 4655 ad
220 4598 607 4657 instruendas
619 4598 873 4655 omnium
888 4601 1116 4654 mentes
1128 4598 1582 4671 proferentes,et
1602 4596 1678 4652 ita
1695 4595 1792 4653 de-

1911 2015 2189 2085 antiquus
2214 2016 2404 2071 hostis
2427 2017 2660 2073 invidus
2686 2017 2972 2085 diabolus,
3001 2033 3102 2089 per
3124 2021 3552 2077 amarissimum

1909 2104 2047 2173 ligni
2065 2106 2230 2161 vetiti
2246 2110 2505 2176 gustum,
2523 2106 2752 2162 exulem
2768 2108 2840 2162 ab
2856 2108 3077 2163 eisdem
3091 2108 3283 2165 eﬁ‘ecit
3298 2111 3552 2178 gaudiis.

1907 2209 2093 2264 coque
2125 2194 2373 2265 expulso
2396 2210 2505 2251 non
2533 2195 2745 2251 desunt
2772 2212 2875 2251 sua
2904 2211 3189 2253 venenosa
3214 2197 3413 2253 multis
3441 2214 3554 2255 mo-

1907 2282 1997 2337 dis
2025 2282 2317 2353 protelare
2336 2282 2549 2354 jacula,
2571 2288 2677 2340 uta
2693 2284 2783 2339 via
2799 2285 3069 2341 veritatis
3092 2285 3400 2343 humanum
3423 2288 3555 2343 abs-

1909 2372 2148 2427 trahens
2160 2386 2362 2441 genus,
2380 2372 2665 2428 idolorum
2685 2371 2954 2441 culturae,
2971 2378 3259 2431 creatura:
3276 2374 3550 2431 videlicet

1906 2466 1965 2514 et
1989 2476 2099 2516 non
2114 2461 2391 2529 creatori,
2412 2462 2707 2517 deservire
2723 2462 2991 2517 suadent.
3012 2462 3299 2527 Quatinus
3316 2478 3420 2535 per
3442 2464 3549 2520 hee.

1905 2564 2006 2604 eos
2030 2564 2173 2620 quos
2190 2550 2313 2605 suis
2336 2550 2587 2604 valuerit
2607 2550 3109 2621 irretireinsidiis,
3127 2556 3547 2608 secumcteruo

1906 2637 2114 2693 aﬁiciat
2166 2638 2589 2693 concremando
2639 2638 2944 2709 supplicio.
2982 2639 3091 2693 Sed
3144 2640 3296 2695 Deus
3353 2645 3551 2697 noster

1907 2726 2176 2783 miserius
2209 2726 2513 2798 plasmatis
2542 2728 2651 2795 sui,
2686 2728 2947 2797 dirigens
2978 2734 3215 2784 sanctos
3258 2744 3397 2785 suos
3425 2745 3554 2801 pro-

1907 2815 2135 2886 phetas,
2166 2830 2268 2886 per
2301 2829 2446 2885 quos
2479 2816 2668 2871 lumen
2705 2816 2916 2874 futurae
2948 2817 3105 2886 vitaz,
3132 2818 3444 2874 adventum
3471 2819 3551 2874 vi-

1906 2904 2117 2961 delicet
2139 2903 2240 2959 ﬁlii
2261 2904 2350 2960 sui
2381 2904 2595 2959 domini
2622 2906 2807 2960 nostri
2831 2906 2929 2961 Dei
2949 2911 3006 2961 et
3032 2906 3347 2962 salvatoris
3366 2908 3549 2964 nostri

1904 2995 2040 3049 Iesu
2076 2994 2288 3050 Christi
2324 2994 2702 3063 adnuncians,
2726 2994 2882 3049 misit
2914 2996 3160 3051 eundem
3191 2996 3549 3065 unigenitum

1910 3082 2085 3138 lilium
2116 3097 2283 3139 suum
2317 3088 2373 3137 et
2408 3082 2712 3153 sapientite
2747 3083 2988 3139 verbum
3016 3084 3136 3155 (fol.
3165 3084 3294 3153 20').
3322 3084 3428 3150 Qui
3456 3085 3552 3140 de-

1908 3171 2198 3227 scendens
2229 3172 2299 3227 de
2335 3171 2479 3227 celis
2510 3177 2751 3242 propter
2782 3175 3043 3227 nostram
3074 3171 3345 3243 salutem,
3380 3177 3555 3229 natus

1907 3261 1978 3316 de
2012 3261 2234 3331 Spiritu
2274 3265 2477 3317 sancto
2502 3264 2561 3315 et
2586 3261 2757 3315 Maria
2781 3260 3027 3330 virgine,
3052 3262 3292 3317 verbum
3314 3276 3452 3317 caro
3475 3262 3553 3317 fa-

1858 3340 1874 3360 ¹
1905 3355 2063 3405 ctum
2096 3354 2188 3405 est
2219 3355 2277 3405 et
2312 3350 2594 3405 habitavit
2621 3349 2674 3404 in
2701 3350 2889 3419 nobis,
2915 3364 3019 3405 nec
3044 3350 3231 3406 amisit
3258 3349 3410 3420 quod
3432 3350 3553 3406 fue-

1907 3444 2017 3508 rat,
2051 3440 2151 3495 sed
2185 3440 2341 3511 cepit
2371 3454 2502 3495 esse
2535 3439 2689 3510 quod
2722 3453 2829 3494 non
2883 3443 3030 3509 erat,
3069 3438 3366 3509 perfectus
3402 3439 3554 3495 Deus

1905 3533 1963 3583 et
1996 3528 2197 3592 homo;
2234 3532 2295 3584 ut
2329 3530 2483 3584 Deus
2507 3528 2816 3599 perﬁciens
2842 3526 3147 3597 mirabilia,
3175 3531 3236 3583 ut
3262 3526 3431 3582 homo
3454 3527 3556 3583 hu-

1909 3632 2108 3673 manas
2141 3617 2443 3673 sustinens
2476 3617 2801 3689 passiones.
2829 3617 2912 3671 Ita
2946 3630 3144 3672 verum
3179 3614 3464 3671 hominem
3496 3620 3553 3671 et

1906 3722 2106 3763 verum
2164 3707 2340 3763 Deum
2406 3707 2748 3777 predicante
2799 3709 2965 3777 patre
3016 3710 3219 3761 nostro
3276 3703 3555 3761 Silvestre

1868 3810 2133 3859 “summo
2187 3795 2464 3867 pontiﬁce
2519 3794 2922 3863 intelligimus,
2956 3800 3017 3850 ut
3061 3808 3259 3850 verum
3290 3794 3468 3849 Deum
3496 3798 3555 3849 et

1908 3900 2107 3940 verum
2144 3884 2434 3940 hominem
2469 3885 2648 3940 fuisse
2680 3898 2791 3939 non
2817 3884 3191 3952 abnegemus.
3219 3881 3325 3948 Qui
3348 3881 3553 3937 electis

1908 3977 1976 4029 l2
2001 3972 2287 4044 apostolis
2304 3973 2603 4029 miraculis
2627 3987 2824 4029 coram
2843 3972 2929 4028 eis
2949 3976 3007 4027 et
3031 3972 3329 4027 innumera
3357 3971 3552 4043 populi

1907 4061 2283 4118 multitudine
2316 4061 2668 4117 coruscavit.
2700 4060 3057 4116 Conﬁtemur
3089 4060 3333 4116 eundem
3368 4059 3555 4115 Domi-

1909 4164 2041 4206 num
2061 4154 2328 4206 nostrum
2353 4149 2646 4206 dominum
2662 4148 2954 4205 Christum
2977 4153 3034 4202 et
3061 4148 3339 4219 implesse
3364 4146 3550 4216 legem

1904 4244 1961 4294 et
1996 4238 2334 4310 prophetas,
2371 4252 2627 4309 passum,
2662 4237 3026 4305 cruciﬁxum,
3053 4235 3374 4292 secundum
3400 4237 3554 4292 Scri—

1905 4331 2112 4399 pturas
2145 4326 2329 4382 tercia
2364 4326 2456 4381 die
2475 4342 2505 4382 a
2532 4326 2779 4381 mortuis
2804 4324 3159 4394 surrexisse,
3187 4328 3552 4395 assumptum

1906 4417 1961 4471 in
1997 4415 2386 4485 cmlos,atque
2411 4413 2709 4471 sedentem
2742 4412 2812 4469 ad
2847 4414 3148 4468 dexteram
3181 4412 3393 4482 Patris,
3422 4412 3554 4468 inde

1904 4510 2214 4562 venturum
2242 4503 2507 4572 judicare
2537 4502 2704 4557 vivos
2727 4508 2786 4557 et
2810 4506 3112 4566 mortuos;
3139 4499 3307 4569 cujus
3327 4499 3554 4571 imperii

1906 4608 2019 4649 non
2043 4593 2155 4649 erit
2184 4592 2333 4647 ﬁnis.
2365 4593 2493 4647 Haec
2512 4595 2602 4647 est
2627 4589 2772 4645 ﬁdes
2793 4593 2991 4645 nostra
3015 4587 3338 4644 orthodoxa
3368 4602 3398 4644 a
3424 4588 3557 4644 bea-

135 4701 290 4745 mum
333 4687 738 4745 misericordia
780 4687 878 4742 Dei
931 4701 1108 4757 super
1128 4660 1246 4743 ‘nos
1272 4660 1539 4743 (liﬁ‘usam
1573 4700 1792 4741 annun-
1820 4660 1874 4723 D
1905 4683 2132 4740 tissime
2152 4681 2436 4737 Silvestre
2457 4682 2680 4736 suntme
2705 4678 2978 4751 pontiﬁce
3002 4676 3170 4733 nobis
3202 4675 3446 4748 prolata.
3477 4677 3556 4732 lti-

134 4777 383 4835 eiantes.
408 4779 592 4833 Nosse
614 4776 766 4834 enim
790 4792 894 4833 vos
913 4775 1199 4846 volumus,
1226 4776 1379 4833 sicut
1403 4790 1506 4847 per
1538 4775 1793 4831 anterio-

137 4879 260 4923 rem
285 4869 554 4924 nostram
577 4880 801 4924 sacram
827 4866 1247 4939 pragmaticam
1266 4866 1584 4937 jussienem
1619 4864 1793 4934 signi-

139 4953 461 5029 ﬁcavimus,
479 4972 583 5014 nos
602 4972 634 5014 a
656 4956 908 5014 culturis
931 4954 1243 5027 idolorum,
1262 4954 1590 5013 simulacris
1616 4953 1792 5011 mutis

136 5046 196 5099 et
217 5046 590 5117 manufactis,
618 5046 925 5104 diabolicis
953 5045 1482 5118 compositionibus
1512 5049 1688 5114 atque
1719 5044 1792 5100 ab

138 5135 412 5194 omnibus
445 5137 673 5194 Satanae
707 5136 935 5208 pompis
965 5135 1299 5206 recessisse,
1326 5140 1385 5190 et
1408 5134 1479 5191 ad
1506 5134 1791 5203 integram

137 5221 596 5283 christianorum
629 5225 822 5296 ﬁdem,
848 5239 977 5296 qua:
1008 5229 1098 5280 est
1128 5225 1228 5281 lux
1260 5238 1395 5281 vera
1429 5228 1487 5279 et
1520 5224 1639 5280 vita
1667 5237 1793 5294 per-

146 5315 338 5384 petua,
358 5313 1046 5386 pervenisse,credentes
1056 5313 1224 5384 juxta
1250 5312 1305 5369 id
1331 5313 1484 5384 quod
1511 5327 1615 5369 nos
1640 5313 1789 5368 idem

144 5399 428 5461 almiﬁcus
460 5419 721 5462 summus
751 5407 920 5475 pater
942 5408 1001 5459 et
1035 5405 1243 5461 doctor
1275 5408 1478 5459 noster
1510 5403 1794 5459 Silvester

145 5487 448 5565 instruxit,
484 5494 728 5551 credere
761 5492 817 5549 in
850 5495 1029 5549 Deum
1055 5500 1282 5565 patrem
1308 5492 1791 5564 omnipotentem,

146 5578 421 5639 factorem
456 5585 565 5641 celi
598 5590 655 5641 et
682 5589 879 5655 terra},
899 5584 1220 5644 visibilium
1245 5583 1499 5641 omnium
1522 5589 1583 5640 et
1608 5582 1776 5639 invisi

1904 4774 2063 4830 circo
2093 4776 2432 4828 exortamur
2465 4783 2690 4825 omnem
2725 4766 3001 4839 populum
3032 4770 3091 4821 et
3122 4766 3388 4822 diversas
3417 4780 3555 4836 gen-

1905 4863 2050 4920 tium
2064 4860 2332 4918 nationes
2346 4860 2490 4915 hanc
2516 4858 2685 4913 ﬁdem
2701 4865 2924 4926 tenere,
2940 4855 3138 4912 celere
3151 4859 3209 4910 et
3225 4853 3550 4926 predicare,

1905 4956 1961 5009 et
1999 4951 2055 5006 in
2086 4954 2307 5006 sanctae
2354 4947 2656 5004 Trinitatis
2705 4947 2933 5002 nomine
2982 4944 3229 5015 gratiam
3280 4944 3552 5015 baptismi

1906 5040 2209 5112 consequi,
2241 5043 2299 5095 et
2331 5037 2625 5094 dominum
2657 5038 2854 5091 Iesum
2889 5034 3179 5091 Christum
3208 5031 3553 5090 salvatorem

1907 5136 2190 5200 nostrum,
2210 5129 2447 5200 quicum
2464 5129 2637 5182 Patre
2659 5129 2715 5181 et
2743 5124 2960 5196 Spiritu
2985 5129 3185 5181 sancto
3208 5137 3310 5194 per
3333 5120 3556 5177 inﬁnita

1909 5220 2049 5277 vivit
2083 5223 2142 5275 et
2176 5224 2379 5289 regnat
2416 5216 2634 5285 secula,
2669 5229 2837 5285 quem
2873 5212 3152 5268 Silvester
3188 5209 3562 5268 beatissimus

1911 5314 2076 5383 pater
2099 5314 2300 5365 noster
2317 5304 2665 5363 universalis
2687 5303 2950 5376 predicat
2973 5300 3252 5373 pontifex,
3270 5299 3447 5357 corde
3461 5299 3560 5356 de-

1912 5404 2049 5455 voto
2080 5397 2344 5466 adorare,
2382 5397 2511 5467 Ipse
2543 5394 2694 5450 enim
2726 5392 2996 5448 dominus
3025 5391 3177 5446 Deus
3208 5394 3409 5446 noster
3459 5390 3562 5445 mi-

1912 5496 2108 5545 sertus
2124 5487 2257 5542 mihi
2276 5484 2595 5557 peecatori,
2613 5482 2835 5539 nostris
2853 5495 2991 5537 suos
3006 5485 3245 5537 sanctos
3260 5477 3559 5551 apostolos

1911 5580 1983 5636 ad
2015 5575 2369 5635 visitanduui
2405 5588 2512 5629 nos
2541 5578 2600 5627 et
2636 5570 2825 5627 lumen
2853 5569 2943 5625 sui
2971 5567 3304 5641 Splenderis
3331 5565 3556 5622 infulsit

1521 5699 1757 5755 VARI}:
1799 5694 2197 5753 LECTIONES.

213 5766 259 5805 ⁸⁸
285 5772 574 5845 depravan
601 5787 649 5831 c.
