3922 6400
481 426 558 489 47
1446 424 1814 489 HUGONIS
1857 422 2207 486 ABBATIS
2249 419 2926 487 FLAVINIACENSIS
3832 434 3883 493 4‘6

486 564 656 620 nobis
680 567 740 620 et
761 563 1123 621 abstractum
1139 577 1167 617 a
1183 560 1443 618 tenebris
1456 560 1525 617 ad
1544 574 1736 617 veram
1754 574 1917 616 suam
1932 557 2119 615 lucem
2151 557 2208 618 A
2243 556 2312 612 ad
2329 556 2514 628 ipsum
2531 556 2823 629 presulem
2838 559 2988 630 veni,
3007 559 3204 631 ibique
3218 562 3660 620 abrenuncians
3674 564 3883 621 Satana

484 659 543 709 et
574 653 924 723 agnitionem
975 652 1063 708 sui
1107 652 1354 708 nominis
1383 665 1471 706 me
1507 650 1839 722 pervenisse
1867 647 2124 718 gratula-

484 742 640 798 mini.
669 744 805 798 Nam
828 758 958 798 cum
982 741 1198 798 dudum
1222 740 1409 796 valida
1438 739 1725 810 squaloris
1758 738 1916 809 lepra
1940 742 2122 793 totam

486 831 593 887 mei
625 831 890 902 corporis
923 829 1227 886 invasisset
1252 844 1507 897 carnem,
1530 832 1587 885 et
1614 826 1925 886 multorum
1950 825 2125 880 medi-

484 935 685 976 corum
718 919 1190 976 convenientium
1223 934 1362 974 cura
1390 918 1788 986 adhiberetur,
1827 914 1963 970 nihil
1996 930 2125 983 pro-

485 1008 591 1063 fuit
620 1008 690 1063 ad
725 1008 992 1064 salutem.
1024 1008 1106 1063 Ad
1132 1009 1253 1063 htDC
1278 1007 1638 1063 advenerunt
1661 1004 2000 1061 sacerdotes
2026 1005 2124 1058 Ca-

483 1096 671 1167 pitolii
696 1097 963 1153 dicentes
987 1096 1123 1151 mihi
1142 1097 1357 1153 debere
1374 1096 1586 1151 fontem
1603 1094 1727 1149 ﬁeri
1745 1094 1800 1149 in
1816 1091 2119 1163 Capitolio,

479 1191 539 1241 et
571 1185 848 1258 compleri
894 1186 1046 1242 hunc
1096 1185 1465 1240 innocentum
1516 1183 1811 1253 sanguine,
1847 1186 1907 1236 et
1950 1180 2007 1235 in
2056 1194 2125 1235 eo

480 1273 708 1329 calente
738 1279 928 1331 totum
963 1288 1051 1329 me
1086 1288 1256 1345 posse
1285 1271 1567 1329 mundari.
1596 1272 1663 1326 Et
1686 1269 2005 1326 secundum
2030 1283 2125 1324 eo-

482 1377 606 1418 rum
638 1362 793 1419 dicta
827 1363 1163 1433 aggregatis
1208 1362 1476 1433 pluribus
1526 1359 1951 1427 innocentibus,
1989 1357 2122 1413 dum

482 1450 985 1521 vellentsacrilegi
1012 1466 1366 1522 paganorum
1395 1450 1737 1505 sacerdotes
1760 1463 1861 1504 eos
1884 1446 2122 1503 mactari

479 1545 537 1595 et
570 1555 641 1596 ex
662 1556 865 1597 eorum
889 1541 1169 1610 sanguine
1195 1540 1410 1596 fontem
1439 1538 1675 1610 repleri,
1700 1552 1949 1594 cernens
1973 1550 2126 1592 sere-

484 1629 635 1686 nitas
665 1634 863 1686 nostra
898 1628 1170 1685 lacrimas
1200 1634 1448 1685 matrum
1482 1643 1704 1692 eorum,
1732 1626 1865 1682 ilico
1888 1624 2123 1681 exorrui

482 1717 726 1788 facinus,
764 1718 1153 1787 misertusquc
1187 1732 1407 1785 earum,
1444 1716 1712 1787 prOprios
1746 1714 1863 1770 illis
1894 1711 2124 1769 restitui

482 1804 651 1876 ﬁlios,
679 1806 952 1875 datisque
983 1805 1267 1861 vehiculis
1290 1809 1346 1860 et
1374 1805 1538 1859 donis
1559 1802 1862 1860 concessis
1891 1802 1961 1857 ad
1996 1815 2125 1872 pro-

482 1894 605 1964 pria
667 1894 799 1951 illas
844 1909 1045 1951 omnes
1084 1894 1410 1963 gaudentes
1470 1892 1875 1948 relaxavimus.
1911 1890 2121 1945 Eadem
2156 1918 2208 1978 Β

482 1982 660 2049 igitur
702 1988 998 2039 transacta
1034 1982 1127 2038 die
1164 1987 1450 2039 nocturno
1488 1981 1659 2037 nobis
1698 1980 1849 2036 facto
1889 1978 2121 2033 silentio

480 2071 614 2126 dum
642 2072 825 2127 somni
850 2076 1081 2143 tempus
1103 2072 1461 2140 advenisset,
1484 2071 1696 2125 adsunt
1721 2067 1972 2139 apostoli
1997 2082 2125 2121 san-

477 2159 556 2215 cti
575 2161 852 2216 Petruset
871 2160 1087 2216 Paulus
1102 2160 1368 2215 dicentes
1384 2158 1518 2215 mihi
1540 2178 1551 2211 :
1574 2156 1758 2223 «Quia
1775 2155 2011 2226 ﬂagitiis
2027 2170 2125 2227 po-

478 2248 650 2304 suisti
676 2250 1003 2317 terminum,
1023 2256 1084 2304 et
1097 2249 1441 2305 effusionem
1481 2246 1779 2316 sanguinis
1801 2244 2125 2301 innocentis

475 2337 737 2406 orruisti,
773 2338 934 2393 missi
969 2354 1168 2394 sumus
1188 2352 1218 2393 a
1248 2337 1479 2392 Christo
1502 2336 1733 2391 domino
1760 2340 1958 2390 nostro
1982 2334 2121 2388 dare

475 2426 582 2480 tibi
616 2426 887 2482 sanitatis
941 2425 1344 2497 rccupcrande
1396 2424 1725 2480 consilium.
1765 2422 1910 2478 Audi
1944 2422 2122 2490 igitur

476 2514 691 2570 monita
708 2520 931 2584 nostra,
948 2519 1008 2569 et
1034 2514 1118 2570 fac
1138 2528 1498 2583 quaecunque
1524 2512 1847 2567 indicamus
1870 2510 1999 2565 tibi.
2017 2509 2121 2564 Sil-

474 2608 672 2659 vester
702 2604 1016 2675 episcopus
1046 2603 1306 2659 civitatis
1336 2603 1406 2657 ad
1440 2606 1692 2656 montem
1727 2600 2013 2669 Seraptim
2041 2600 2120 2654 fu-

475 2692 640 2761 giens
669 2692 1164 2763 persequutiones
1221 2696 1370 2760 tuas,
1408 2691 1462 2745 in
1503 2688 1769 2745 cavernis
1817 2703 1946 2743 cum
1995 2687 2118 2742 suis

471 2779 707 2836 clericis
740 2780 1024 2836 latebram
1061 2782 1235 2835 fovet.
1260 2782 1423 2835 Hunc
1448 2793 1578 2835 cum
1603 2778 1673 2833 ad
1699 2781 1756 2831 te
1781 2777 2115 2847 adduxeris,

473 2869 599 2940 ipse
632 2869 736 2925 tibi
772 2870 1051 2941 piscinam
1088 2868 1296 2924 salutis
1326 2868 1622 2936 ostendet,
1660 2866 1715 2920 in
1746 2880 1857 2936 qua
1892 2865 2027 2921 dum
2060 2869 2117 2920 tc

474 2958 652 3013 tertio
676 2959 968 3027 merserit,
994 2957 1180 3013 omnis
1198 2970 1227 3011 a
1251 2964 1309 3011 te
1333 2956 1510 3026 lepra:
1535 2954 1809 3010 valetudo
1833 2953 2115 3023 diﬂ‘ugiet.

458 3045 636 3112 Quod
670 3061 800 3101 cum
834 3046 1050 3102 factum
1086 3046 1281 3115 fuerit,
1316 3045 1462 3099 hanc
1507 3043 1975 3099 vicissitudinem
2018 3048 2118 3098 tuo

474 3134 1111 3206 Salvatoricompensa,
1140 3138 1200 3189 ut
1231 3147 1430 3190 omnes
1462 3147 1565 3203 per
1586 3138 1773 3187 totum
1796 3132 1994 3187 orbem
2018 3138 2117 3186 tuo

465 3222 633 3292 jussu
658 3223 928 3280 ecclesiae
954 3227 1382 3279 restaurentur.
1403 3223 1476 3277 Te
1499 3225 1691 3277 autem
1718 3220 1905 3291 ipsum
1932 3220 1987 3275 in
2011 3222 2116 3275 hac

470 3318 637 3385 parte
655 3313 985 3385 puriﬁca,ut
1003 3312 1207 3368 relicta
1223 3311 1375 3367 omni
1391 3309 1811 3381 superstitione
1829 3308 2113 3365 idolorum

468 3403 771 3458 Dominum
791 3402 983 3458 vivum
1006 3406 1063 3457 et
1089 3416 1313 3470 verum,
1341 3398 1438 3470 qui
1465 3398 1626 3454 solus
1645 3403 1734 3454 est
1750 3399 1902 3453 Dcus
1917 3413 2111 3467 verus,

469 3492 677 3547 adores
704 3498 759 3546 et
792 3489 972 3561 colas,
1007 3494 1068 3546 ut
1104 3489 1173 3545 ad
1224 3488 1353 3557 ejus
1383 3487 1744 3543 voluntatem
1778 3487 2049 3555 attingas.
2087 3510 2111 3533 ι»

469 3581 772 3648 Exurgens
794 3583 988 3634 autem
1020 3594 1048 3633 a
1086 3592 1307 3633 sommo
1338 3576 1609 3649 protinus
1636 3574 1801 3644 juxta
1828 3574 1883 3629 id
1909 3574 2062 3644 quod
2087 3590 2116 3630 a

470 3668 691 3724 sanctis
720 3666 1003 3739 apostolis
1037 3666 1373 3721 admonitus
1407 3679 1534 3720 sum
1569 3664 1786 3734 peregi,
1809 3664 2120 3719 advocato-

470 3770 581 3827 que
613 3756 816 3812 eodem
842 3755 1124 3827 preeipuo
1146 3758 1205 3809 et
1230 3753 1537 3824 magniﬁco
1562 3756 1726 3823 patre
1751 3756 1810 3806 et
1836 3750 2121 3808 illumina-

466 3851 630 3902 ctore
661 3849 867 3900 nostro
901 3844 1184 3900 Silvestre
1211 3840 1525 3897 universali
1553 3856 1719 3912 papa,
1747 3840 1935 3895 omnia
1962 3856 1991 3896 a
2017 3856 2117 3896 san

467 3932 843 4004 tisapostolis
858 3936 1135 4003 percepta
1151 3931 1203 3985 in
1222 3931 1396 3986 verba
1412 3929 2122 4000 dixi,percunctatusque-

468 4038 596 4079 sum
620 4036 772 4092 eum,
799 4022 896 4092 qui
921 4024 1120 4077 essent
1138 4020 1215 4076 dii
1234 4020 1327 4076 isti
1342 4021 1553 4075 Petrus
1568 4017 1986 4089 etPaulus(fol.
2005 4022 2114 4089 21).

470 4111 569 4168 llle
604 4126 742 4168 vero
761 4126 871 4167 non
891 4126 992 4167 eos
1017 4125 1154 4166 vere
1178 4110 1321 4165 deos
1344 4109 1536 4165 dictos
1560 4108 1659 4177 ait,
1688 4108 1794 4164 sed
1817 4108 2119 4180 apostolos

469 4200 791 4258 Salvatoris
842 4200 1057 4256 domini
1113 4199 1300 4255 nostri
1340 4200 1477 4253 Jesu
1507 4198 1741 4253 Christi.
1779 4199 1844 4252 Et
1883 4213 2114 4255 rursum

468 4290 833 4360 interrogare
863 4290 1126 4360 cepimus
1164 4288 1413 4344 eundem
1457 4287 1852 4343 beatissimum
1886 4302 2111 4359 papam,

467 4386 662 4436 utrum
686 4394 884 4436 eorum
909 4378 1190 4447 imagines
1207 4377 1397 4448 pictas
1418 4377 1681 4447 haberet,
1701 4380 1848 4432 utex
1865 4377 2112 4447 picturis

467 4470 833 4527 disceremus
866 4470 973 4525 hos
1005 4483 1138 4524 esse
1173 4483 1320 4537 quos
1346 4482 1435 4521 me
1468 4465 1750 4521 revelatio
1805 4466 2108 4522 docuerat.

463 4562 617 4616 Tunc
651 4558 835 4615 isdem
866 4556 1221 4614 venerabilis
1254 4561 1419 4628 pater
1469 4554 1746 4625 imagines
1793 4556 2109 4611 eorundem

2150 3280 2197 3340 (1

2242 646 2465 717 pompis
2487 651 2543 702 et
2567 648 2845 718 operibus
2866 649 3012 719 ejus,
3030 653 3084 704 et
3105 650 3392 708 universis
3419 652 3599 709 idolis
3628 668 3812 710 manu
3835 658 3883 709 fa-

2238 735 2637 805 ctis,'crcdere
2654 737 2873 792 medixi
2899 738 2950 793 in
2976 740 3152 794 Deum
3177 745 3399 811 patrem
3424 743 3881 814 omnipotentem

2240 825 2519 880 factorem
2551 825 2685 881 caeli
2719 832 2778 881 et
2808 830 3004 898 teme,
3034 828 3349 886 visibilium
3382 837 3440 886 et
3476 831 3882 889 invisibilium.

2235 919 2293 970 et
2328 913 2381 969 in
2413 915 2606 970 Iesum
2642 914 2932 972 Christum
2982 917 3213 973 unicum
3267 918 3566 976 dominum
3625 926 3881 977 nostrum

2238 1002 2331 1072 qui
2368 1006 2539 1059 natus
2569 1008 2655 1058 est
2686 1004 2758 1059 de
2788 1004 3008 1075 Spiritu
3056 1010 3258 1062 sancto
3302 1022 3372 1063 ex
3428 1008 3605 1063 Maria
3648 1009 3882 1079 virgine.

2236 1095 2555 1161 spontanea
2581 1091 2881 1147 voluntate
2912 1108 3106 1149 coram
3142 1095 3292 1150 omni
3329 1097 3544 1167 populo
3575 1097 3882 1154 εοηΐεεδυε

2236 1193 2383 1234 sum.
2422 1178 2852 1250 Benedictoque
2906 1182 3062 1237 fonte
3113 1181 3232 1237 illic
3276 1198 3363 1238 me
3410 1184 3564 1240 trina
3595 1186 3883 1241 mei-sione

2239 1266 2389 1323 unda
2414 1266 2625 1324 salutis
2648 1269 2999 1339 puriﬁcavit.
3024 1270 3340 1341 Positoque
3364 1286 3452 1327 me
3474 1272 3531 1327 in
3556 1274 3754 1331 fontis
3775 1289 3884 1344 gre-

2238 1356 2371 1424 mio,
2425 1370 2653 1411 manum
2703 1371 2793 1412 me
2844 1357 2914 1413 de
2962 1358 3113 1413 cmlo
3156 1360 3593 1429 contingentem
3632 1364 3882 1434 propriis

2235 1442 2423 1499 oculis
2457 1444 2595 1515 vidi,
2625 1446 2695 1500 de
2729 1461 2840 1516 qua
2875 1448 3127 1503 mundus
3155 1464 3461 1519 exurgens,
3497 1452 3570 1506 ab
3602 1453 3777 1506 omni
3813 1469 3882 1507 [Dr

2236 1532 2416 1604 lepraa
2448 1532 2722 1603 squalore
2756 1535 3093 1592 mandatum
3124 1539 3458 1607 cognoscite
3483 1539 3605 1609 (fol.
3633 1539 3774 1611 21’).
3803 1542 3883 1597 Le-

2236 1627 2487 1692 vatoque
2521 1638 2608 1678 me
2640 1623 2711 1679 de
2744 1625 3060 1681 venerabili
3090 1627 3246 1682 fonte
3270 1627 3591 1698 indutoque
3619 1631 3879 1686 vestibus

2238 1710 2503 1766 candidis
2538 1713 2899 1783 scptil‘ormis
2925 1713 3177 1784 Spiritus
3202 1717 3383 1771 sancti
3410 1717 3464 1771 in
3488 1718 3881 1789 consignatie

2238 1815 2366 1855 nem
2401 1799 2688 1871 adhibuit,
2725 1802 2877 1857 beati
2907 1802 3200 1860 crismatis
3249 1804 3515 1861 unctione
3559 1812 3620 1863 ct
3668 1815 3878 1864 sancta-

2236 1889 2431 1945 erucis
2463 1888 2679 1945 vexillo
2712 1906 2894 1946 meam
2930 1892 3176 1948 frontem
3212 1892 3417 1963 linivit,
3451 1895 3662 1952 dicens
3698 1915 3711 1949 :
3755 1922 3781 1945 αι
3814 1899 3876 1950 Si-

2236 1983 2375 2047 gnat
2410 1982 2466 2033 te
2497 1978 2775 2035 Dominus
2801 1979 2993 2049 sigillo
3020 1981 3150 2036 ﬁdei
3176 1997 3296 2038 suae
3321 1983 3372 2037 in
3399 1984 3633 2040 nomine
3664 1986 3871 2043 Patris.

2237 2074 2296 2121 et
2326 2066 2473 2136 Filii,
2509 2072 2563 2122 et
2600 2067 2855 2138 Spiritus
2886 2070 3071 2126 sancti
3107 2070 3163 2125 in
3194 2072 3639 2142 consignatione
3666 2073 3871 2138 ﬁdei;-

2236 2160 2603 2227 cunctusque
2635 2156 2831 2213 clerus
2865 2159 3201 2229 respondit:
3228 2184 3252 2208 ιι
3278 2163 3472 2217 Amen.
3505 2180 3533 2213 »
3567 2162 3641 2217 Et
3669 2162 3870 2233 adjecit

2236 2244 2470 2315 presul:
2503 2268 2529 2293 α
2554 2246 2668 2301 Pax
2699 2246 2826 2301 tibi.
2854 2269 2879 2294 ι
2915 2247 3107 2303 Primo
3141 2248 3337 2319 itaque
3367 2255 3497 2320 post
3533 2257 3870 2323 perceptum

2235 2333 2388 2388 sacri
2409 2334 2779 2404 baptismatis
2797 2337 3132 2407 mysterium
3148 2341 3205 2392 et
3221 2342 3351 2409 post
3368 2339 3741 2395 curationem
3764 2357 3872 2397 cor-

2235 2422 2394 2492 poris
2428 2422 2535 2478 mei
2566 2438 2593 2479 a
2630 2423 2903 2493 squalore
2937 2424 3116 2495 leprze
3149 2426 3353 2496 agnovi
3396 2442 3505 2482 non
3539 2442 3674 2485 esse
3706 2429 3869 2485 alium

2233 2511 2412 2566 Deum
2447 2510 2555 2566 nisi
2585 2513 2814 2567 Patrem
2848 2517 2905 2569 et
2938 2513 3142 2569 Filium
3174 2521 3232 2569 et
3266 2515 3541 2587 Spiritum
3584 2523 3867 2585 sanctum,

2234 2615 2403 2669 quem
2440 2601 2818 2657 beatissimus
2842 2606 3008 2672 pater
3031 2603 3315 2660 Silvester
3337 2605 3624 2677 predicat,
3650 2607 3869 2662 trinita-

2231 2694 2348 2744 tem
2380 2687 2436 2743 in
2473 2689 2717 2759 unitate,
2754 2690 3036 2746 unitatem
3071 2692 3126 2747 in
3166 2693 3453 2751 trinitate.
3488 2696 3632 2750 Nam
3684 2710 3867 2751 omnes

2231 2778 2310 2833 dii
2344 2779 2604 2847 gentium
2655 2794 2802 2849 quos
2848 2780 3129 2837 hactenus
3177 2782 3353 2851 colui,
3386 2784 3655 2840 demonia
3703 2800 3864 2857 Opera

2232 2882 2403 2922 manu
2436 2866 2730 2923 hominum
2763 2868 2913 2923 facta
2946 2871 3417 2941 comprobantur.
3446 2872 3677 2928 Etenim
3702 2889 3865 2943 quan-

2230 2961 2347 3012 tam
2382 2960 2735 3026 potestatem
2780 2955 2932 3011 idem
2963 2957 3226 3014 Salvator
3255 2958 3529 3028 apostolo
3562 2975 3675 3017 suo
3704 2962 3864 3017 Petro

2230 3043 2545 3100 contulerit
2572 3045 2625 3098 in
2647 3044 3135 3116 coeloetinterra,
3152 3045 3510 3103 lucidissime
3534 3051 3709 3107 nobis
3728 3051 3861 3106 idem

2233 3132 2584 3189 venerabilis
2610 3138 2778 3204 pater
2802 3134 3003 3203 edixit,
3029 3132 3164 3190 dum
3188 3134 3415 3191 ﬁdelem
3434 3151 3567 3193 eum
3592 3138 3649 3194 in
3675 3154 3781 3195 sua
3802 3142 3865 3194 ω.

2236 3221 2630 3290 terrogatione
2655 3222 3140 3278 inveniensdixit:
3163 3225 3279 3280 «Tu
3303 3240 3366 3280 es
3387 3226 3600 3283 Petrus
3621 3232 3681 3283 et
3704 3244 3863 3300 super

2230 3310 2375 3367 hanc
2414 3316 2636 3381 petram
2668 3312 2952 3367 ediﬁcabo
3002 3311 3312 3370 ecclesiam
3363 3329 3566 3386 meam,
3601 3322 3663 3371 et
3696 3324 3863 3389 ports:

2232 3397 2403 3454 inferi
2436 3413 2545 3454 non
2579 3399 2981 3470 praevalebunt
3009 3402 3289 3458 adversus
3320 3418 3467 3474 eam,
3494 3409 3550 3458 et
3587 3405 3696 3461 tibi
3731 3406 3864 3461 dabo

2230 3487 2429 3543 claves
2454 3489 2616 3557 regni
2633 3488 2828 3545 celoru
2841 3505 2911 3561 m,
2930 3493 2986 3545 et
3006 3489 3394 3562 quodcunque
3410 3490 3687 3561 ligaveris
3701 3509 3867 3566 super

2233 3582 2449 3632 terram
2467 3577 2578 3632 erit
2594 3576 2836 3647 ligatum
2849 3584 2909 3634 et
2931 3579 2987 3634 in
3009 3579 3258 3649 coelis,et
3279 3580 3666 3652 quodcunque
3689 3583 3867 3639 solve-

2232 3667 2313 3722 ris
2352 3682 2529 3739 super
2552 3673 2769 3723 terram
2801 3668 2915 3723 erit
2947 3669 3201 3725 solutum
3233 3674 3289 3726 et
3325 3670 3377 3725 iu
3406 3670 3589 3731 caelis.
3618 3691 3648 3723 ιυ
3674 3672 3863 3728 Mirum

2232 3756 2339 3812 hoc
2358 3761 2446 3812 est
2465 3756 2632 3811 valde
2655 3759 2712 3811 et
2735 3755 3054 3825 gloriosum
3076 3758 3129 3813 in
3155 3766 3312 3814 terra
3340 3758 3518 3828 ligare
3535 3765 3595 3815 et
3618 3760 3859 3821 solvere.

2232 3849 2288 3900 et
2320 3845 2375 3900 in
2397 3844 2523 3901 celo
2547 3844 2789 3915 ligatum
2811 3850 2869 3902 et
2894 3845 3149 3903 solutum
3173 3862 3320 3903 esse.
3339 3848 3405 3903 Et
3430 3848 3561 3904 dum
3587 3848 3711 3906 haec
3738 3866 3862 3921 prae

2235 3933 2463 3989 dicante
2500 3934 2836 3990 beatissimo
2869 3934 3148 3992 Silvestre
3179 3951 3554 4005 agnoscerem
3575 3942 3636 3993 et
3661 3939 3858 3995 beneﬁ-

2231 4022 2339 4078 ciis
2357 4022 2540 4094 ipsius
2566 4023 2720 4079 beati
2735 4024 2892 4079 Petri
2909 4024 3136 4093 integre
3152 4040 3240 4080 me
3253 4026 3488 4081 sanitati
3503 4027 3772 4098 corporis
3786 4043 3859 4084 re-

2230 4110 3082 4182 stitutum,utilejudicavimus
3098 4130 3129 4170 u
3141 4129 3207 4170 na
3224 4129 3353 4171 cum
3368 4114 3635 4172 omnibus
3650 4119 3856 4173 nostris

2230 4200 2487 4271 satrapis
2516 4204 2576 4256 et
2608 4200 2880 4257 universo
2912 4206 3114 4258 senatu
3147 4210 3203 4257 et
3239 4208 3452 4259 cuncto
3502 4204 3718 4275 populo
3762 4207 3856 4261 Ro-

2230 4304 2411 4344 mana}
2434 4288 2635 4358 gloriae
2660 4296 2715 4344 et
2740 4290 2983 4361 imperio
2997 4292 3356 4363 subjacente,
3377 4298 3435 4348 ut
3454 4293 3604 4351 sicut
3622 4294 3855 4351 interris

2227 4378 2483 4434 vicarius
2517 4377 2616 4432 ﬁlii
2650 4378 2871 4434 Domini
2925 4379 3161 4436 videtur
3203 4396 3329 4437 esse
3378 4382 3753 4454 constitutus,
3786 4385 3849 4438 ita

2226 4467 2400 4523 etiam
2432 4471 2488 4522 et
2514 4467 2820 4538 pontiﬁces
2844 4467 2940 4538 qui
2965 4467 3148 4539 ipsius
3172 4470 3452 4542 principis
3471 4471 3848 4543 apostolorum

2226 4556 2383 4612 vices
2406 4561 2636 4625 gerunt,
2664 4555 3029 4627 principatus
3051 4563 3404 4629 potestatem
3427 4559 3674 4631 amplius
3693 4576 3847 4632 quam

466 4648 869 4720 apostolorum
905 4662 1009 4719 per
1040 4646 1343 4703 diaconcm
1378 4660 1545 4701 suum
1576 4644 1798 4700 exiberi
1825 4645 2106 4716 precepit.
2140 4643 2195 4705 D
2225 4649 2458 4701 terrena
2490 4648 2710 4700 nostra;
2752 4644 3071 4716 imperialis
3112 4647 3493 4704 mansuetudo
3526 4650 3847 4706 serenitatis

466 4736 646 4802 Quam
676 4736 810 4792 dum
844 4735 1164 4807 aspicerem
1197 4737 1257 4790 et
1286 4748 1487 4803 eorum
1520 4748 1667 4804 quos
1700 4732 1756 4787 in
1798 4748 2000 4789 somno
2031 4733 2111 4789 vi-

469 4824 668 4880 deram
702 4824 989 4894 ﬁguratos
1036 4823 1092 4877 in
1144 4822 1287 4894 ipsis
1338 4822 1686 4891 imaginibus
1745 4822 2106 4893 aspexissent

467 4912 684 4984 vultus,
721 4912 942 4982 ingenti
991 4911 1246 4968 clamore
1296 4926 1490 4967 coram
1539 4912 1810 4967 omnibus
1856 4912 2109 4983 satrapis

467 5002 610 5058 meis
642 5002 953 5060 confessus
983 5016 1108 5057 sum
1140 5016 1245 5056 eos
1275 5016 1405 5056 esse
1440 5015 1587 5071 quos
1626 5000 1684 5054 in
1717 5014 1921 5055 somno
1953 5000 2111 5054 vidc-

469 5106 611 5146 ram.
639 5091 724 5147 Ad
748 5090 870 5147 haec
896 5090 1105 5146 indixit
1130 5090 1502 5149 beatissimus
1527 5089 1831 5158 Silvester,
1850 5088 1998 5143 idem
2018 5104 2110 5159 pa-

470 5185 562 5234 ter
586 5186 809 5251 noster,
830 5180 989 5235 urbis
1012 5180 1204 5235 Romae
1218 5178 1555 5249 episcopus,
1574 5176 1739 5232 nobis
1754 5176 2110 5247 poenitentirc.

472 5273 701 5339 tempus
731 5269 882 5325 intra
918 5267 1195 5340 palatium
1229 5271 1493 5323 nostrum
1522 5267 1911 5321 Lateranensc
1944 5265 2000 5319 in
2027 5265 2110 5335 je-

462 5356 627 5424 junio
657 5362 714 5412 et
747 5357 962 5424 cilicio,
988 5362 1050 5412 ut
1073 5355 1260 5411 omnia
1283 5370 1411 5424 quae
1434 5369 1463 5409 a
1488 5354 1657 5409 nobis
1681 5353 1851 5423 impie
1876 5358 2109 5424 peracta

467 5450 643 5516 atque
669 5445 884 5516 injuste
908 5445 1195 5516 disposita
1224 5445 1472 5513 fuerant,
1498 5442 1733 5512 vigiliis,
1753 5441 2007 5513 jejuniis,
2034 5444 2114 5498 la-

466 5535 736 5593 crimiset
758 5519 1296 5606 orationibusapud
1311 5532 1606 5589 dominum
1629 5535 1895 5588 nostrum
1915 5535 2110 5591 Iesum

468 5627 760 5682 Christum
812 5625 1171 5681 Salvatorcm
1206 5623 1371 5679 nobis
1404 5622 1604 5679 donari
1638 5622 2105 5693 impetraremus.

468 5714 682 5772 Deinde
718 5731 821 5785 pcr
853 5728 1055 5769 manus
1086 5714 1508 5782 impositioncm
1541 5711 1889 5770 clericorum
1925 5731 2110 5787 usque

2222 4736 2437 4790 habere
2468 4735 2723 4806 videtur,
2748 4749 3085 4792 concessam
3127 4751 3157 4791 a
3200 4738 3369 4793 nobis
3410 4747 3723 4809 nostroque
3758 4741 3846 4795 im-

2221 4823 2386 4895 perio
2414 4823 2737 4893 obtineant,
2773 4822 3058 4893 eligentes
3092 4824 3258 4881 nobis
3304 4825 3490 4897 ipsum
3542 4829 3840 4899 principem

2221 4912 2621 4983 apostolorum
2638 4913 2731 4967 vel
2748 4912 2875 4983 ejus
2891 4914 3142 4970 vicarios
3157 4915 3351 4971 ﬁrmos
3372 4915 3523 4988 apud
3544 4917 3718 4973 Deum
3731 4934 3840 4974 esse

2220 5006 2521 5073 patronos.
2550 5002 2619 5056 Et
2641 5001 2794 5057 sicut
2826 5008 2917 5058 est
2940 5011 3135 5059 nostra
3158 5009 3394 5063 terrena
3424 5004 3738 5076 imperialis
3759 5023 3841 5078 p0-

2224 5097 2245 5145 t
2281 5089 2401 5145 ntia
2430 5090 2557 5159 ejus
2588 5096 3015 5147 sacrosanctam
3065 5092 3378 5149 Romanam
3417 5093 3721 5151 ecclesiam
3756 5097 3837 5151 de-

2221 5178 2515 5234 crevimus
2547 5178 2833 5235 honorare
2882 5185 2941 5236 et
2982 5180 3231 5252 amplius
3264 5198 3430 5253 quam
3463 5184 3723 5240 nostrum
3754 5185 3837 5239 im-

2222 5267 2444 5339 perium
2478 5273 2537 5323 et
2568 5274 2865 5324 terrenum
2901 5284 3138 5339 regnum
3171 5270 3369 5328 sedem
3406 5273 3834 5330 sacratissimam

2225 5356 2377 5412 beati
2412 5357 2569 5411 Petri
2600 5357 2859 5427 gloriose
2881 5359 3164 5430 exaltare,
3182 5361 3509 5417 tribuentes
3531 5362 3584 5416 ei
3610 5368 3836 5434 potesta-

2225 5454 2339 5502 tem
2372 5451 2429 5501 et
2459 5446 2661 5514 gloria}
2685 5448 3030 5517 dignitatem
3054 5454 3229 5519 atque
3259 5450 3517 5519 vigorem
3547 5454 3606 5507 et
3633 5450 3835 5510 honori-

2223 5536 2513 5593 ﬁcentiam
2544 5536 2902 5608 imperialem
2928 5543 3104 5608 atque
3129 5538 3511 5596 decernentes
3536 5543 3827 5611 sancimus,

2223 5630 2287 5683 ut
2302 5625 2689 5697 principatum
2704 5626 2963 5697 optineat
2979 5631 3097 5683 tam
3114 5644 3176 5684 su
3187 5642 3286 5700 per
3300 5630 3332 5682 4
3345 5629 3656 5701 precipuas
3670 5634 3828 5701 sedes,

2225 5714 3142 5787 Antiochenam,Alexandrinam,
3161 5718 3831 5791 ConstantinOpolitauam
