3922 6398
51 472 127 533 49
1302 463 1800 529 CHRONICON.
1837 501 1912 514 -
1942 466 2096 533 LIB.
2144 472 2188 536 Ι.
3373 479 3452 542 50

52 608 108 672 et
135 605 680 669 Jerosolimitanam.
732 622 1019 681 quamque
1059 607 1243 663 eciam
1287 618 1467 675 super
1494 617 1695 661 omnes
1720 606 1778 672 Α
1809 617 1920 674 que
1942 604 2014 662 de
2037 608 2298 678 presenti
2327 610 2727 668 contradimus
2748 610 3027 683 palatium
3070 615 3451 673 nostrumLa-

54 703 317 761 universo
346 703 487 758 orbe
519 706 808 757 terrarum
843 700 938 755 Dei
999 697 1387 755 ecclesiasEt
1426 694 1692 767 pontifex

54 792 146 863 qui
182 806 286 864 pro
317 795 579 861 tempore
595 788 781 862 ipsius
802 792 1194 845 sacrosanctae
1211 788 1482 842 Romanae
1501 781 1694 840 eccle-

57 882 151 939 si:e
181 880 464 949 extiterit,
498 878 713 936 celsior
742 882 801 933 et
827 878 1101 950 princeps
1132 871 1692 933 cunctissacerdoti-

57 971 161 1026 bus
173 968 355 1025 totius
372 968 568 1024 mundi
592 967 830 1025 existat.
854 971 911 1021 et
936 965 1063 1034 ejus
1102 963 1326 1034 judicio
1340 976 1602 1033 quaequae
1617 960 1687 1015 ad

53 1057 269 1115 cultum
302 1057 401 1113 Dei
432 1055 1112 1112 etﬁdeichristianorum
1155 1050 1541 1108 stabilitatem
1560 1063 1690 1121 pro-

53 1144 305 1203 curanda
322 1145 557 1214 fuerint,
575 1141 1094 1215 disponantur(fol.
1110 1141 1218 1211 22).
1233 1142 1461 1197 Iustum
1476 1138 1689 1209 quippe

54 1238 141 1291 est
176 1238 235 1291 ut
268 1233 375 1290 tibi
409 1233 501 1289 lex
518 1236 715 1290 sancta
733 1236 908 1304 caput
943 1233 1139 1287 teneat
1164 1228 1552 1302 principatus,
1590 1225 1688 1283 ubi

56 1325 384 1379 sanctarum
401 1321 591 1391 legum
616 1321 920 1377 institutor
944 1318 1212 1375 Salvator
1236 1321 1440 1373 noster
1456 1318 1689 1373 beatum

56 1414 282 1468 Petrum
320 1411 651 1483 apostolum
693 1408 1059 1481 apostolatus
1110 1407 1378 1479 eptinere
1426 1403 1690 1478 precepit

54 1500 385 1557 cathedram
401 1500 498 1557 ubi
513 1504 572 1555 et
621 1499 813 1555 erucis
845 1496 1168 1570 patibulum
1187 1495 1487 1553 sustinens
1504 1493 1691 1550 beata:

55 1588 255 1645 mortis
278 1588 526 1660 sumpsit
544 1588 836 1660 poculum,
866 1587 1076 1657 suique
1102 1583 1367 1655 magistri
1393 1588 1453 1638 et
1471 1580 1690 1637 domini

55 1678 307 1734 imitator
352 1678 620 1749 apparuit
648 1695 661 1744 ;
694 1681 754 1732 et
785 1675 892 1732 tibi
924 1680 1131 1747 gentes
1165 1689 1271 1746 pro
1318 1669 1688 1730 confessione

56 1765 262 1821 Christi
314 1766 563 1822 nominis
592 1764 739 1823 colla
803 1766 1062 1835 ﬂectant,
1110 1763 1207 1821 ubi
1249 1776 1449 1819 earum
1485 1759 1693 1815 doctor

54 1854 266 1911 Paulus
295 1853 704 1912 extensocollo
736 1869 842 1928 pro
874 1854 1102 1912 Christo
1128 1852 1406 1923 martyrio
1426 1853 1515 1906 est
1530 1861 1695 1906 coro-

1805 696 2133 767 teranensc,
2152 699 2301 769 quod
2320 700 2591 757 omnibus
2605 700 2661 756 in
2677 705 2803 757 toto
2823 702 2965 757 orbe
2988 705 3283 763 terrarum
3307 719 3438 776 prc-

1804 781 1991 840 fertur
2020 789 2196 857 atque
2227 788 2439 844 eminet
2457 789 2949 861 palatiis;deinde
2973 790 3259 863 diadema,
3283 793 3441 851 vide-

1802 869 1937 928 licet
1994 888 2269 932 coronam
2319 878 2532 948 capitis
2591 879 2797 948 nostri,
2852 879 3141 951 simulque
3204 882 3438 953 frigium

1800 973 1906 1016 nec
1938 976 2047 1017 non
2062 966 2120 1018 et
2137 964 2598 1037 superumerale,
2615 966 2890 1024 videlicet
2915 966 3101 1025 lorum
3119 984 3233 1040 quo
3257 970 3435 1044 impe-

1800 1048 1944 1106 riale
1967 1051 2181 1108 assolet
2214 1052 2546 1111 circundari
2568 1054 2802 1124 collum,
2820 1071 3022 1113 verum
3055 1057 3437 1118 etclamidem

1801 1153 2151 1209 purpuream
2175 1144 2352 1212 atque
2384 1143 2638 1199 tunicam
2672 1144 3004 1201 coccineam
3027 1148 3084 1201 et
3134 1147 3441 1205 omniaim-

1802 1227 2041 1298 perialia
2099 1229 2435 1287 indumenta
2486 1237 2543 1289 et
2575 1234 3449 1311 omnemprocessionemimpe—

1802 1315 1965 1373 rialis
1993 1317 2265 1376 culminis
2278 1334 2382 1376 seu
2405 1325 2462 1377 et
2488 1320 2834 1390 dignitatem
2854 1322 3243 1395 imperialium
3260 1327 3445 1398 presi-

1801 1404 2062 1462 dentium
2094 1407 2354 1478 equitum
2382 1427 2395 1476 ;
2431 1411 2805 1467 conferentes
2834 1412 3009 1469 etiam
3042 1415 3100 1468 et
3125 1414 3447 1486 imperialia

1802 1498 2058 1566 sceptra,
2089 1496 2258 1554 simul
2291 1503 2462 1554 conta
2488 1504 2664 1570 atque
2708 1500 2871 1570 signa
2897 1501 3104 1558 blanda
3135 1506 3193 1558 et
3242 1505 3435 1561 omnia

1803 1581 2029 1640 diversa
2043 1590 2381 1643 ornamenta
2415 1588 2734 1659 imperialia
2757 1592 2813 1644 et
2836 1589 3081 1659 gloriam
3105 1595 3325 1649 nostrae
3351 1609 3449 1666 po-

1804 1672 2061 1730 testatis.
2077 1675 2250 1731 Viros
2264 1675 2437 1735 etiam
2455 1678 2961 1736 reverentissimos
2972 1679 3220 1738 clericos
3232 1680 3446 1739 diversi

1806 1759 2028 1819 ordinis
2059 1763 2246 1820 eidem
2270 1769 2656 1822 sacrosancta:
2698 1767 2969 1824 Romanae
3026 1768 3298 1827 ecclesiae
3329 1784 3449 1827 ser-

1805 1851 2033 1908 vientes
2062 1851 2206 1909 illud
2222 1852 2473 1924 culmen,
2509 1854 2999 1926 singularitatem,
3038 1858 3359 1928 potentiam
3386 1862 3444 1915 et

53 1946 219 2000 natus
251 1961 265 2011 ;
300 1942 417 2001 illic
451 1959 633 2016 usque
666 1943 722 2000 in
748 1942 917 2000 ﬁnem
942 1947 1188 2015 querant
1230 1941 1553 2009 doctorem,
1589 1936 1689 1994 ubi
1724 1964 1778 2025 Β
1809 1938 2260 2010 ρι’ωοθιιθηιὶίιω
2277 1942 2492 1999 habere
2512 1944 2822 2013 sancimus,
2863 1944 3033 2015 cujus
3051 1943 3446 2017 amplissimus

53 2034 312 2088 sanctum
336 2032 589 2104 quiescit
618 2031 879 2090 doctoris
916 2046 1132 2104 corpus
1162 2035 1250 2097 ;et
1282 2030 1358 2086 ibi
1422 2029 1589 2101 proni
1633 2032 1689 2083 et

55 2119 337 2176 humiliati
365 2120 605 2178 celestis
622 2122 777 2192 regis
792 2117 1534 2178 dominisalvatorisnostri
1550 2118 1686 2174 Iesu

56 2208 262 2265 Christi
295 2209 653 2267 famulentur
690 2210 893 2281 ofﬁcio,
923 2210 1019 2265 ubi
1042 2207 1517 2281 superbiterreni
1538 2207 1695 2277 regis

57 2298 412 2355 serviebant.
436 2300 662 2356 Interea
696 2313 868 2356 nosse
892 2298 1160 2355 volumus
1174 2312 1398 2354 omnem
1418 2295 1694 2369 populum

60 2386 459 2444 universarum
483 2388 742 2458 gentium
775 2391 831 2443 et
848 2388 1148 2444 nationum
1174 2391 1477 2459 pertotum
1494 2386 1693 2442 orbem

62 2478 343 2533 terrarum
375 2476 772 2533 construxisse
803 2490 909 2533 nos
933 2477 1083 2532 intra
1130 2475 1407 2547 palatium
1432 2478 1693 2551 nostrum

59 2565 440 2622 Lateranense
467 2566 656 2622 eidem
689 2564 965 2623 salvatori
1025 2568 1230 2620 nostro
1286 2562 1519 2619 domino
1578 2564 1696 2619 Deo

54 2654 182 2709 Iesu
215 2653 450 2711 Christo
481 2654 787 2712 ecclesiam
818 2668 849 2709 a
893 2652 1306 2723 fundamentis,
1340 2657 1400 2707 et
1461 2656 1528 2708 12
1589 2666 1694 2707 nos

59 2740 255 2797 sciatis
287 2741 361 2798 de
387 2741 515 2812 ejus
550 2741 1272 2798 fundamentissecundum
1305 2753 1608 2795 numerum
1630 2743 1698 2795 12

57 2829 446 2899 apostolorum
461 2831 933 2902 cophinosterrie
947 2835 1201 2887 onustos
1224 2828 1483 2901 prepriis
1498 2841 1700 2899 aspor-

63 2920 209 2974 tasse
242 2919 500 2976 humeris
531 2933 733 2990 ;quam
750 2923 1184 2975 sacrosanctam
1198 2917 1507 2974 ecclesiam
1521 2920 1700 2988 caput

61 3009 114 3059 et
137 3008 686 3065 verticemomnium
709 3007 1094 3064 ecclesiarum
1136 3008 1190 3062 in
1242 3007 1515 3062 universo
1556 3007 1698 3061 orbe

65 3099 350 3152 terrarum
366 3096 501 3167 dici,
520 3095 631 3152 coli
646 3101 704 3153 et
721 3096 985 3152 venerari
1000 3101 1058 3151 et
1073 3095 1364 3167 predicari
1381 3094 1695 3164 sancimus,

64 3183 212 3240 sicut
234 3200 339 3257 per
359 3184 472 3242 alia
502 3184 1042 3258 nostraimperialia
1086 3186 1323 3241 decreta
1358 3184 1694 3241 statuimus.

61 3274 499 3332 Construximus
531 3276 705 3332 etiam
739 3275 1025 3332 ecclesias
1069 3275 1373 3331 beatorum
1416 3274 1576 3330 Petri
1636 3278 1694 3330 et

61 3361 565 3436 Pauliprincipum
588 3362 1173 3435 apostolorum,quas
1205 3377 1349 3419 auro
1366 3367 1423 3418 et
1450 3365 1697 3432 argento
1735 3331 1749 3383 ί

64 3446 568 3522 locupletavimus,
605 3451 704 3509 ubi
734 3457 790 3509 et
816 3452 1211 3509 sacratissima
1237 3465 1698 3523 eorumcorpora

68 3551 189 3594 cum
225 3555 433 3614 magno
455 3541 674 3598 honore
699 3542 1108 3611 recondentes,
1141 3540 1613 3611 thecasipsorum
1629 3554 1703 3595 ex

65 3626 302 3702 electro,
349 3631 443 3688 cui
467 3629 622 3688 nulla
657 3630 1375 3687 fortitudoelementorum
1410 3627 1697 3700 prevalet,

62 3720 470 3776 construentes
505 3737 520 3786 ;
553 3734 786 3775 crucem
803 3733 1033 3776 exauro
1050 3718 1362 3791 purissimo
1386 3722 1442 3773 et
1458 3716 1701 3787 gemmis

64 3806 338 3873 preciosis
367 3823 473 3882 per
503 3808 765 3879 singulas
798 3822 1000 3865 eorum
1044 3809 1246 3863 thecas
1286 3810 1603 3878 posuimus,
1640 3809 1699 3861 et

63 3891 240 3952 clavis
282 3897 479 3953 aureis
537 3896 902 3967 confiximus,
944 3896 1040 3967 qui
1093 3911 1196 3967 pro
1254 3895 1700 3952 coneinnatione

67 3977 431 4044 luminarium
457 3984 676 4058 prmdia
691 3984 1046 4041 contulimus
1059 3989 1119 4039 et
1142 3984 1318 4040 rebus
1338 3984 1587 4040 diversis
1600 3996 1701 4038 eas

66 4067 395 4145 ditavimus,
430 4079 489 4129 et
522 4086 626 4146 per
656 4076 915 4129 nostram
964 4071 1352 4146 imperialium
1378 4071 1700 4143 iussionem

67 4166 418 4219 sacramtam
449 4162 505 4219 in
528 4162 756 4217 oriente
770 4167 829 4217 et
851 4161 1153 4218 occidente
1178 4173 1349 4231 quam
1382 4161 1434 4215 in
1471 4163 1704 4231 septen-

68 4244 297 4305 trionali
327 4256 388 4308 et
423 4248 788 4307 meridionali
841 4249 1030 4321 plaga,
1065 4248 1337 4305 videlicet
1367 4249 1422 4304 in
1479 4247 1700 4317 Judma,

69 4331 282 4410 Gracia,
301 4340 459 4411 Asia,
482 4338 701 4409 Tracia,
738 4337 950 4405 Africa,
975 4337 1140 4394 Italia
1182 4336 1272 4394 vel
1338 4336 1588 4393 diversis
1622 4335 1703 4391 in-

67 4420 228 4496 sulis,
262 4432 527 4486 nostram
561 4427 890 4498 largitatem
905 4425 1424 4491 ciseoncessimus,
1461 4439 1526 4482 ea
1545 4439 1704 4497 pror-

70 4520 166 4565 sus
199 4515 425 4573 ratione
450 4520 515 4573 ut
546 4529 651 4588 per
681 4528 885 4571 manus
934 4514 1256 4570 beatissimi
1290 4514 1476 4585 patris
1517 4510 1700 4569 nostri

73 4595 330 4659 Silvestri
356 4602 653 4678 pontificis
684 4616 1207 4672 successorumque
1236 4601 1364 4671 ejus
1387 4600 1578 4658 omnia
1592 4598 1705 4656 dis-

1805 2033 2003 2084 noster
2035 2035 2270 2087 senatus
2293 2031 2526 2089 videtur
2557 2032 2740 2103 gloria
2764 2033 3056 2105 adornari,
3074 2033 3132 2090 id
3161 2038 3254 2093 est
3272 2037 3449 2108 patri-

1805 2116 1932 2173 cios
1959 2122 2134 2188 atque
2158 2119 2434 2177 consules
2465 2120 2632 2191 eﬂlci,
2659 2136 2765 2178 nec
2789 2136 2899 2179 non
2931 2125 2988 2179 et
3021 2124 3241 2182 ceteris
3264 2124 3445 2196 digni-

1807 2206 2558 2279 tatibnsimperialibuseos
2576 2210 3013 2282 promulgantes
3059 2212 3344 2270 decorari.
3377 2214 3446 2271 Et

1806 2294 1958 2351 sicut
1980 2301 2224 2353 ornatur
2237 2298 2560 2369 imperialis
2577 2299 2808 2370 milicia,
2826 2300 2906 2357 ita
2921 2300 3214 2359 etclerum
3229 2308 3447 2361 sanctas

1804 2384 2074 2442 Romanas
2112 2386 2380 2445 ecclesize
2427 2388 2623 2443 ornari
2657 2388 3051 2460 decernimus,
3076 2394 3133 2446 et
3169 2391 3441 2462 quemad-

1808 2473 2039 2530 modum
2064 2474 2387 2545 imperialia
2426 2475 2611 2532 officia
2664 2476 2894 2534 diversa
2944 2478 3440 2538 cubiculariorum

1808 2561 2181 2620 ostiariorum
2204 2568 2261 2619 et
2286 2564 2540 2621 omnium
2573 2567 2983 2622 excubitorum
3025 2572 3327 2639 ornantur,
3362 2568 3443 2626 ita

1807 2655 1864 2705 et
1886 2655 2143 2707 sanctam
2168 2654 2479 2708 Romanam
2502 2653 2811 2710 ecclesiam
2862 2654 3129 2711 deroravi
3174 2655 3447 2714 volumus

1807 2742 1867 2794 et
1899 2742 1962 2795 ut
1994 2740 2349 2812 amplissime
2382 2740 2701 2812 pontificali
2723 2742 2934 2798 decore
2949 2743 3314 2815 praefulgeat.
3341 2746 3445 2801 De-

1808 2827 2102 2885 eernimus
2129 2834 2186 2885 et
2221 2829 2331 2886 hoc
2363 2829 2596 2888 clericis
2617 2830 2877 2900 ejusdem
2924 2834 3146 2889 sanctas
3177 2832 3447 2891 Romanae

1808 2915 2097 2986 ecclesiae,
2131 2933 2203 2973 ex
2228 2916 2664 2976 linteaminibus
2683 2919 3100 2976 candidissimo
3124 2919 3336 2978 decore
3349 2936 3443 2979 eo-

1810 3018 1936 3061 rum
1961 3006 2224 3063 decorari
2257 3021 2443 3077 equos
2474 3012 2531 3063 et
2566 3008 2644 3062 ita
2659 3008 2947 3079 equitare,
2985 3013 3042 3064 et
3067 3009 3218 3066 sicut
3245 3013 3465 3068 noster

1810 3097 2050 3151 senatus
2082 3095 2483 3153 calciamentis
2516 3100 2703 3152 utitur
2732 3112 2861 3153 cum
2917 3097 3225 3168 udonibus,
3267 3099 3325 3155 id
3356 3101 3445 3157 est

1809 3181 2058 3240 candido
2089 3183 2423 3240 linteamine
2456 3183 2739 3240 illustrari
2775 3202 2789 3252 ;
2816 3190 2881 3241 ut
2912 3185 3065 3241 sicut
3095 3184 3336 3243 celestia
3369 3188 3450 3245 ita

1766 3331 1777 3343 ,
1811 3276 1867 3327 et
1900 3273 2134 3328 terrena
2183 3271 2561 3329 decorentur.
2596 3273 2722 3329 Prae
2763 3273 3034 3330 omnibus
3059 3273 3452 3333 autemlicen-

1812 3360 1951 3415 tiam
1968 3360 2324 3418 tribuentesi
2335 3361 2422 3432 psi
2448 3361 2817 3418 sanctissimo
2839 3362 2993 3433 patri
3008 3366 3213 3419 nostro
3237 3362 3449 3421 Silves-

1811 3452 1927 3518 tro,
1964 3448 2130 3505 urbis
2163 3449 2355 3505 Romae
2388 3449 2667 3521 episcopo
2687 3454 2746 3504 et
2775 3464 2954 3521 papa},
2985 3453 3043 3505 et
3064 3450 3335 3508 omnibus
3351 3452 3451 3523 qui

1814 3540 1944 3609 post
1966 3550 2098 3593 eum
2115 3536 2168 3591 in
2184 3551 2520 3594 successum
2566 3538 2870 3610 perpetuis
2885 3539 3249 3610 temporibus
3279 3539 3452 3597 adve-

1813 3624 2002 3681 nerint
2030 3625 2390 3682 beatissimis
2403 3626 2793 3697 pontificibus,
2810 3641 2918 3700 pro
2942 3628 3160 3683 honore
3173 3632 3234 3684 et
3262 3627 3451 3699 gloria

1813 3713 2253 3771 Christidomini
2278 3715 2465 3771 nostri
2486 3715 2540 3770 in
2564 3715 2766 3771 eadem
2786 3730 2987 3785 magna
3029 3715 3128 3771 Dei
3161 3715 3448 3773 catholica

1810 3809 1870 3859 et
1884 3818 1911 3857 a
1923 3800 2203 3874 postolica
2222 3802 2467 3860 ecclesia
2482 3819 2553 3859 ex
2568 3804 2789 3860 nostris
2812 3803 3052 3874 inclitis,
3070 3818 3240 3875 quem
3258 3803 3448 3877 placa-

1815 3891 2419 3963 tusprOprioconsilio
2437 3892 2722 3949 clericare
2746 3892 2994 3951 voluerit
3036 3897 3094 3949 et
3119 3894 3176 3948 in
3208 3907 3452 3950 numero
3502 3920 3503 3923 η

1818 3980 2229 4050 religiosorum
2260 3981 2610 4038 clericorum
2629 3981 3018 4051 dinumerare,
3054 3981 3304 4039 nulloex
3335 3996 3455 4038 om-

1813 4069 1985 4125 nibus
2000 4073 2371 4141 presumente
2386 4071 2643 4141 superbe
2658 4083 2851 4141 agere.
2868 4069 3454 4141 Decrevimusitaque

1812 4161 1872 4213 et
1903 4157 2009 4213 hoc
2042 4160 2103 4213 ut
2136 4156 2287 4213 idem
2322 4157 2676 4214 venerabilis
2732 4163 2900 4229 pater
2943 4164 3141 4214 noster
3173 4157 3455 4216 Silvester

1813 4260 2070 4303 summus
2088 4245 2345 4317 pontifex
2378 4246 2469 4302 vel
2509 4261 2709 4303 omnes
2751 4247 2877 4318 ejus
2924 4261 3305 4304 successores
3332 4247 3455 4303 dia-

1814 4335 1999 4404 dema,
2034 4332 2311 4391 videlicet
2336 4349 2611 4391 coronam
2632 4350 2706 4390 ex
2731 4335 2925 4406 capite
2938 4340 3161 4405 nostro,
3178 4335 3333 4406 quod
3358 4334 3443 4391 illi

1811 4422 2234 4494 concessimus,
2254 4437 2326 4478 ex
2345 4438 2488 4479 auro
2512 4423 2827 4494 purissimo
2840 4427 2897 4479 et
2912 4422 3157 4493 gemmis
3171 4423 3457 4495 preciosis

1815 4512 1898 4568 uti
1931 4512 2182 4569 debeant
2213 4516 2270 4568 et
2311 4512 2365 4567 in
2392 4527 2501 4567 suo
2528 4512 2723 4583 capite
2745 4512 2817 4567 ad
2843 4511 3069 4567 laudem
3102 4511 3197 4567 Dei
3224 4526 3328 4582 pro
3358 4511 3459 4567 ho-

1814 4615 1954 4656 nore
1987 4600 2142 4656 beati
2173 4600 2330 4656 Petri
2353 4604 2590 4670 gestare
2623 4600 2744 4670 (fol.
2779 4600 2887 4671 23).
2924 4601 3051 4671 Ipse
3084 4614 3223 4655 vero
3248 4600 3456 4656 beatus

73 4692 375 4753 ponantur.
402 4692 661 4749 Gaudeat
708 4692 906 4763 itaque
931 4706 1038 4748 una
1061 4691 1364 4747 nobiscum
1387 4690 1575 4747 omnis
1609 4705 1705 4761 po—
1732 4689 1785 4749 D
1816 4703 1960 4761 papa
1991 4704 2164 4760 supra
2178 4704 2451 4745 coronam
2481 4680 2821 4759 clericatus,
2854 4703 3023 4759 quam
3057 4687 3208 4757 gerit
3242 4688 3311 4744 ad
3329 4687 3451 4758 glo-

74 4772 240 4840 Plﬂus
261 4785 321 4836 et
340 4780 605 4853 gentium
636 4780 905 4837 nationes
938 4780 993 4835 in
1014 4782 1287 4836 universo
1346 4780 1488 4836 orbe
1521 4783 1704 4834 terra-

74 4873 217 4935 rum,
251 4881 398 4938 quos
427 4874 766 4927 exortamus
792 4883 994 4925 omnes
1021 4874 1084 4925 ut
1145 4870 1261 4924 Ι)ρο
1310 4875 1370 4923 et
1422 4866 1703 4924 salvatori

76 4955 269 5037 nostro
296 4957 433 5015 Jesu
467 4957 696 5016 Christo
716 4957 1028 5014 immensas
1050 4971 1157 5013 una
1176 4957 1471 5013 nobiscum
1485 4956 1706 5037 gratias

75 5036 359 5117 referatis,
395 5045 665 5117 quoniam
693 5046 817 5118 ipse
846 5047 999 5102 Deus
1020 5046 1076 5102 in
1100 5044 1242 5103 celis
1289 5047 1540 5117 desuper
1558 5036 1616 5101 et
1651 5046 1705 5101 in

80 5126 232 5184 terra
255 5130 526 5192 deorsum
559 5152 574 5201 ;
602 5134 700 5206 qui
733 5150 838 5191 nos
854 5149 954 5207 per
975 5149 1112 5192 suos
1134 5138 1375 5191 sanctos
1407 5133 1707 5207 apostolos

75 5210 320 5277 visitans
345 5228 611 5281 sanctum
648 5224 983 5296 baptismtis
1000 5228 1429 5280 sacramentum
1447 5224 1709 5296 percipe-

74 5298 349 5380 Pejussit,
365 5313 704 5385 etcorporis
718 5313 971 5368 sanitate
992 5312 1200 5382 dignos
1213 5310 1535 5379 eﬁ‘ecit(fol.
1573 5312 1704 5384 22’).

76 5385 181 5445 Pro
217 5408 326 5465 qua
361 5400 1428 5473 concedimusipsissanctisapostolis
1460 5402 1711 5459 dominis

77 5476 238 5550 meis,
274 5487 331 5539 et
363 5503 465 5561 per
491 5503 590 5546 eos
622 5489 798 5545 etiam
823 5489 998 5546 beato
1027 5488 1307 5546 Silvestre
1326 5490 1477 5562 patri
1508 5495 1711 5547 nostro

80 5574 300 5628 summo
333 5576 993 5647 pontificietuniversali
1018 5578 1182 5634 urbis
1214 5578 1411 5634 Roma
1446 5594 1627 5651 papae,
1653 5583 1709 5634 et

84 5655 346 5739 emnibus
368 5664 496 5735 ejus
525 5665 971 5723 successoribus
1000 5664 1381 5737 pontificibus
1413 5666 1712 5739 quiusquc

77 5734 130 5793 in
167 5740 276 5802 fine
302 5734 500 5812 mundi
528 5753 584 5810 in
618 5753 758 5810 sede
781 5754 936 5811 beati
967 5734 1126 5811 Petri
1159 5758 1331 5811 erunt
1364 5734 1715 5827 sessuri,-at-

1815 4777 1957 4834 riam
1975 4777 2127 4833 beati
2145 4778 2323 4848 Petri,
2345 4778 2578 4834 omnino
2599 4778 2718 4849 ipsa
2733 4791 2807 4834 ex
2820 4792 2962 4833 auro
2983 4791 3097 4832 non
3128 4781 3219 4833 est
3234 4790 3447 4849 passus

1818 4867 1899 4923 uti
1915 4881 2150 4922 corona.
2178 4866 2431 4935 Frigium
2445 4881 2584 4922 vero
2599 4866 2847 4923 candido
2865 4865 3057 4922 nitore
3081 4864 3451 4937 splendidum

1766 4995 1782 5009 .
1818 4956 2309 5012 resurrectionem
2357 4954 2703 5011 dominicam
2755 4955 3083 5025 designans,
3115 4954 3243 5024 ejus
3260 4969 3455 5012 sacra-

1815 5044 2039 5102 tissimo
2072 5044 2278 5101 vertici
2313 5044 2580 5100 manibus
2605 5044 2830 5100 nostris
2889 5042 3303 5114 imposuimus:
3339 5046 3457 5100 sta-

1816 5136 2053 5191 tuentes
2073 5133 2277 5189 eodem
2310 5133 2478 5203 frigio
2510 5148 2711 5189 omnes
2748 5132 2877 5202 ejus
2933 5146 3316 5189 successores
3338 5131 3455 5189 sin-

1816 5221 2101 5293 gulariter
2159 5222 2242 5278 uti
2290 5222 2344 5278 in
2397 5221 2875 5293 processionibus
2935 5221 3003 5277 ad
3075 5219 3459 5277 imitationem

1819 5311 2043 5384 imperii
2085 5312 2295 5368 nostri.
2330 5311 2488 5367 Unde
2534 5315 2594 5366 ut
2639 5326 2751 5366 non
2802 5309 3044 5365 vilescat
3096 5307 3450 5379 pontiﬁcalis

1820 5416 1987 5474 apex,
2039 5400 2139 5458 sed
2182 5402 2365 5471 magis
2414 5400 2663 5472 amplius
2752 5413 2921 5470 quam
2963 5398 3183 5454 terreni
3233 5398 3464 5471 imperii

1820 5490 2077 5562 dignitas
2103 5494 2164 5546 et
2184 5488 2389 5560 gloriae
2442 5488 2705 5560 potentia
2764 5487 3103 5557 decoretur,
3152 5501 3292 5543 ecce
3339 5491 3455 5544 tam

1825 5579 2101 5652 palatium
2125 5583 2387 5635 nostrum
2403 5580 2463 5634 ut
2499 5575 2806 5649 praelatum
2822 5578 2934 5646 est,
2953 5589 3243 5647 quamque
3262 5576 3457 5632 Romae

1823 5668 1988 5726 urbis
2015 5672 2073 5724 et
2106 5681 2309 5724 omnes
2338 5665 2519 5723 Italia;
2540 5679 2645 5722 seu
2669 5663 3123 5721 occidentalium
3162 5663 3466 5733 regionum

1829 5755 2164 5830 provincias
2181 5754 2303 5811 loca
2321 5758 2381 5810 et
2396 5754 2671 5810 civitates
2686 5752 2952 5826 seperate
2979 5750 3317 5809 beatissimo
3329 5763 3471 5821 pon-
