3922 6400
420 448 494 513 51
1370 452 1739 518 HUGONIS
1783 450 2134 517 ABBATIS
2179 451 2866 519 FLAVINIACENSIS
3750 457 3833 518 52

425 586 899 650 tiﬁciuniversali
933 603 1098 663 papae
1115 586 1265 664 patri
1298 589 1803 649 nostroSilv‘estro
1857 594 2061 649 contra
2094 588 2146 649 A
2180 587 2333 661 apud
2367 588 2749 648 Arelatenses
2779 593 2884 649 600
2909 594 3162 664 patrum,
3222 589 3441 650 Marino
3481 591 3608 665 ejus
3657 588 3832 651 urbis

425 679 632 737 dentes
648 684 824 751 atque
844 678 1243 751 relinquentes
1255 682 1382 752 ejus
1404 680 1496 737 vel
1514 695 1921 738 successorum
1937 681 2064 751 ejus

424 769 760 840 pontiﬁcum
785 770 1141 840 potestatiet
1171 770 1399 838 ditioni,
1430 769 1591 826 ﬁrma
1621 769 1909 841 imperiali
1932 783 2064 826 cen-

425 872 555 915 sura
592 872 698 929 per
730 859 872 914 banc
897 864 1152 915 nostram
1203 859 1514 915 divinalem
1540 874 1766 916 sacram
1818 863 1874 915 et
1936 876 2066 931 pra-

421 947 734 1017 gmaticum
767 947 1153 1003 constitutum
1187 947 1556 1004 decernimus
1615 948 2059 1020 disponendum,

422 1039 597 1105 atque
632 1036 741 1091 sub
761 1036 891 1105 jure
917 1040 1134 1092 sanctzc
1160 1038 1428 1092 Romanae
1474 1036 1738 1093 ecclesiae
1798 1038 2063 1094 concedi-

423 1138 550 1181 mus
573 1124 1049 1195 permanendum.
1082 1126 1244 1181 Unde
1303 1140 1624 1195 eongruum
1658 1127 2060 1197 perspeximus

424 1217 688 1270 nostrum
705 1212 1009 1285 imperium
1024 1217 1082 1268 et
1108 1213 1267 1282 regni
1299 1218 1650 1285 potestatem
1675 1214 2061 1270 orientalibus

420 1301 726 1357 transferri
760 1306 820 1357 ct
849 1302 1227 1358 transmutari
1261 1303 1598 1372 regionibus
1621 1303 1751 1358 etin
1785 1303 2060 1359 Bizantize

424 1390 736 1460 provinicae
771 1390 824 1446 in
856 1391 1075 1461 optimo
1107 1389 1235 1447 loco
1259 1391 1473 1447 nomini
1532 1397 1731 1448 nostro
1761 1392 2060 1447 civitatem

420 1478 679 1535 cdiﬁcari
704 1484 761 1535 et
789 1485 1054 1536 nostrum
1082 1479 1201 1535 illic
1224 1481 1503 1536 constitui
1537 1481 1863 1551 imperium,
1883 1496 2056 1551 quum

422 1567 516 1622 ubi
551 1568 913 1640 principatus
945 1568 1319 1625 sacerdotum
1355 1573 1412 1625 ct
1450 1570 1810 1625 cbristianire
1831 1569 2060 1639 religio-

420 1656 510 1712 nis
537 1660 711 1726 caput
745 1658 815 1713 ab
841 1656 1193 1728 imperatore
1244 1657 1449 1713 celesti
1503 1658 1891 1716 constitutum
1945 1662 2055 1728 est,

413 1743 634 1812 justum
659 1758 773 1800 non
805 1749 895 1801 est
929 1751 993 1801 ut
1017 1745 1137 1801 illic
1172 1746 1494 1816 imperator
1542 1749 1816 1802 terrenus
1845 1748 2057 1803 habeat

421 1836 799 1902 potestatem.
833 1834 966 1889 Haec
1001 1848 1138 1889 vero
1168 1834 1375 1889 omnia
1424 1848 1552 1904 quae
1609 1849 1712 1906 per
1765 1835 1911 1891 hanc
1961 1850 2059 1891 no-

417 1922 598 1975 stram
631 1919 987 1990 imperialem
1016 1936 1236 1977 sacram
1270 1926 1326 1976 et
1355 1937 1454 1992 per
1487 1922 1599 1978 alia
1663 1922 1937 1979 divinalia
1963 1923 2058 1978 de-
2086 1946 2142 2008 Β

420 2012 586 2064 creto
617 2007 931 2065 statuimus
945 2014 1120 2081 atque
1142 2011 1778 2081 conﬁrmamus,usquc
1805 2011 1859 2067 in
1886 2011 2055 2068 ﬁnem

424 2096 619 2153 mundi
645 2096 868 2154 illibata
891 2104 947 2153 et
980 2099 1325 2156 inconcussa
1372 2100 1764 2170 permanenda
1798 2100 2059 2156 decerni-

421 2200 566 2243 mus.
604 2185 765 2242 Unde
798 2201 993 2243 coram
1018 2190 1133 2245 Deo
1160 2188 1288 2243 vivo
1320 2203 1417 2259 qui
1442 2203 1545 2244 nos
1568 2202 1811 2257 regnare
1846 2204 2060 2260 praece-

420 2275 506 2346 pit
537 2280 597 2330 et
621 2291 815 2331 coram
847 2291 973 2347 ejus
999 2276 1248 2333 terribili
1269 2276 1491 2347 judicio
1545 2278 1912 2335 obtestamur
1956 2293 2059 2350 per

419 2362 528 2421 hoc
560 2368 822 2420 nostrum
846 2364 1147 2436 imperiale
1171 2366 1561 2423 constitutum
1602 2382 1802 2422 omnes
1832 2382 2059 2424 succes-

419 2467 586 2509 sores
617 2458 848 2511 nostro;
872 2453 1259 2525 imperatores
1283 2458 1604 2511 etcunctos
1624 2455 1940 2526 Optimatcs
1970 2472 2058 2512 sa-

420 2545 623 2612 trapas
655 2546 711 2597 et
737 2542 1155 2613 amplissimum
1182 2549 1442 2600 senatum
1469 2548 1529 2598 et
1580 2543 1911 2599 universum
1962 2561 2057 2616 po-

420 2627 617 2699 pulum
652 2628 706 2685 in
736 2632 865 2685 toto
890 2631 1031 2686 orbe
1052 2634 1343 2687 terrarum
1378 2646 1527 2687 nunc
1587 2631 1720 2687 etin
1757 2636 2053 2703 posterum

418 2717 652 2774 cunctis
675 2722 835 2774 retro
865 2719 1231 2790 temporibus
1261 2720 1504 2790 imperio
1538 2724 1741 2777 nostro
1764 2721 2057 2790 subjacen-

423 2812 558 2877 tem,
594 2807 739 2864 nulli
762 2823 961 2864 eorum
995 2824 1229 2879 quoque
1261 2810 1431 2866 modo
1453 2809 1631 2865 licere
1690 2810 1813 2866 haec
1846 2826 1973 2880 qua:
2024 2826 2055 2866 a

418 2896 587 2953 nobis
626 2896 1225 2969 imperialisanctione
1257 2905 1648 2956 sacrosancta“:
1680 2901 2058 2957 Romanzeec-

418 2983 613 3042 clesiaa
644 2985 1024 3043 velomnibus
1046 2986 1171 3055 ejus
1202 2988 1578 3057 pontificibus
1606 3004 1890 3045 concessa
1922 2995 2056 3047 sunt

419 3073 701 3141 refragari
731 3078 830 3129 aut
854 3075 1225 3145 confringere
1255 3075 1348 3131 vel
1378 3076 1434 3131 in
1457 3091 1744 3146 quoquam
1778 3078 2059 3133 convelle-

419 3175 498 3217 re.
533 3160 590 3216 Si
619 3161 750 3231 quis
772 3166 986 3231 autem,
1024 3164 1180 3234 quod
1207 3180 1318 3221 non
1351 3165 1665 3231 credimus,
1703 3166 1757 3220 in
1815 3167 1925 3222 hoc
1974 3172 2057 3223 te-

416 3252 670 3305 merator
693 3254 789 3307 aut
820 3256 1194 3325 contemptor
1221 3253 1508 3323 extiterit,
1530 3254 1750 3310 cternis
1773 3255 1839 3311 da
1851 3271 1982 3327 mpn
1998 3271 2055 3311 a-

416 3337 1347 3410 tionibussubjaceatinnodatus,
1382 3346 1438 3398 et
1465 3344 1814 3399 sanctosDei
1846 3345 2058 3415 princi-

419 3440 518 3496 pes
550 3426 949 3497 apostolorum
984 3430 1139 3485 Petri
1159 3429 1595 3487 etPaulisibiin
1640 3432 1975 3502 presentiet
2001 3433 2053 3488 in

417 3514 533 3595 vita
549 3516 746 3573 futura
764 3519 1348 3590 scntiatcontrarios,
1374 3524 1430 3575 et
1461 3520 1514 3575 in
1534 3520 1759 3576 inferno
1792 3521 2055 3579 infcriori

414 3608 846 3675 concrematus,
872 3622 1002 3663 cum
1035 3606 1270 3664 diabolo
1302 3614 1360 3663 et
1395 3609 1667 3665 omnibus
1692 3609 1887 3682 impiis
1920 3611 2059 3666 deﬁ-

416 3690 530 3747 ciat
553 3691 657 3761 (fol
688 3693 817 3763 23’).
848 3694 1026 3763 Hujus
1056 3711 1199 3751 vero
1243 3696 1564 3767 impcrialis
1598 3698 1782 3754 nostri
1835 3698 2057 3755 decreti

419 3779 684 3850 paginam
721 3783 976 3854 propriis
1009 3785 1274 3841 manibus
1309 3787 1675 3857 roborantes,
1694 3801 1871 3859 super
1894 3803 2059 3845 vene-

420 3867 606 3924 rabile
636 3883 851 3940 corpus
903 3871 1059 3928 beati
1111 3873 1271 3929 Petri
1318 3875 1719 3945 apostolorum
1778 3878 2062 3949 principis

419 3954 739 4026 posuimus,
777 3957 974 4030 ibique
1002 3960 1190 4016 eidem
1214 3962 1314 4017 Dei
1342 3964 1610 4033 apostolo
1642 3966 2060 4037 spopondimus

418 4058 522 4100 nos
541 4050 752 4102 cuncta
777 4046 1195 4105 inviolabiliter
1220 4052 1523 4109 custodire
1555 4071 1569 4119 ;
1594 4058 1650 4109 et
1686 4057 1906 4111 nostris
1932 4072 2063 4112 suc-

416 4134 758 4193 cessoribus
781 4136 1617 4208 imperatoribusinmandatis
1652 4143 2056 4216 relinquimus,

416 4226 476 4277 et
510 4222 850 4282 beatissimo
874 4227 1025 4299 patri
1062 4234 1266 4286 nostro
1309 4231 1596 4288 Silvestre
1654 4235 1897 4305 ejusque
1959 4252 2061 4306 per

420 4324 551 4366 eum
581 4312 809 4369 cunctis
841 4317 1311 4387 successoribus,
1350 4320 1580 4377 domino
1621 4323 1737 4377 Deo
1766 4328 1827 4377 et
1878 4324 2062 4379 salva-

415 4400 543 4455 tore
563 4405 766 4457 nostro
786 4404 921 4460 Jesu
947 4404 1183 4462 Christo
1202 4412 1517 4479 annuente,
1542 4410 1829 4467 tradimus
1856 4426 2060 4483 peren-

418 4485 762 4560 niteratque
780 4490 1028 4549 feliciter
1044 4494 1417 4564 possidenda.
1438 4499 1638 4553 Amen.
1659 4498 1945 4556 Divinitas
1960 4515 2062 4557 vos

416 4582 721 4633 conservet
758 4593 860 4650 per
894 4580 1108 4638 multos
1136 4598 1337 4653 annos,
1372 4586 1726 4643 sanctissimi
1751 4593 1808 4643 et
1839 4588 2059 4645 beatis-

2177 680 2471 750 cpiscopo,
2501 680 2743 737 Claudio
2776 681 3108 738 Viennensi.

2248 769 2407 824 Nono
2441 768 2621 837 igitur
2645 782 2795 825 anno
2829 774 3137 841 postquam
3201 770 3621 828 Constantinus
3645 769 3826 827 ﬁdem

2177 856 2392 911 Christi
2419 855 2705 927 suscepit,
2728 858 3006 928 pestilens
3031 859 3269 916 morbus
3286 859 3436 915 Arrii
3462 858 3516 914 in
3532 860 3658 916 toto
3674 857 3829 914 orbe

2175 944 2424 1000 diffusus
2444 948 2555 1014 est,
2595 959 2625 1000 a
2656 960 2771 1015 quo
2805 945 3049 1002 Arriana
3110 947 3338 1004 heresis
3391 946 3673 1019 [finenem].
3732 945 3822 1002 Ad

2173 1035 2340 1103 cujus
2372 1032 3108 1103 perﬁdiamdestruendam
3142 1036 3294 1107 apud
3341 1037 3544 1092 urbem
3573 1035 3832 1093 Nicasam

2172 1123 2244 1178 ab
2276 1120 2666 1177 Alexandro].
2704 1126 2817 1176 35°.
2855 1136 3004 1178 anno
3038 1124 3109 1178 ab
3134 1124 3242 1179 inc.
3283 1125 3439 1181 Dom.
3485 1128 3589 1181 319
3614 1122 3679 1194 ⁷³,
3720 1126 3835 1179 318

2170 1209 2431 1280 episc0pi
2457 1209 2969 1278 congregatisunt,
3004 1211 3384 1281 preeeptione
3413 1226 3575 1284 papae
3608 1210 3836 1269 Silves-

2172 1298 2272 1367 tri,
2301 1297 2397 1355 ubi
2429 1302 2490 1353 et
2520 1297 2644 1369 ipse
2674 1313 2773 1354 rex
2806 1298 3149 1355 interfuitet
3172 1299 3570 1358 hereticorum
3607 1300 3836 1358 machi-

2172 1402 2274 1445 nas
2305 1385 2550 1443 omousii
2583 1387 2957 1457 oppositione
2992 1386 3337 1445 deleverunt
3399 1387 3604 1460 (Gesta
3631 1389 3829 1462 p.12).

2173 1475 2559 1545 Congregavit
2593 1474 2637 1509 ⁷³
2667 1475 2840 1531 etiam
2866 1475 3149 1531 Silvester
3174 1491 3322 1548 papa
3371 1478 3427 1533 in
3449 1478 3605 1548 Zurbe
3638 1478 3831 1535 Roma

2170 1564 2481 1621 concilium
2515 1580 2644 1621 cum
2677 1561 2923 1622 consilio
2945 1566 3178 1635 augusti
3213 1570 3300 1623 13.
3339 1564 3459 1623 Kal.
3513 1566 3651 1624 Julii
3714 1570 3833 1625 267

2170 1654 2500 1726 episcopos,
2535 1659 2592 1709 et
2625 1652 3827 1725 dampnavititerumCallixtum,Arrium,

2173 1742 2435 1799 Fotinum
2467 1746 2523 1798 et
2549 1742 2862 1799 Sabellium
2893 1747 2951 1798 ct
2985 1742 3293 1799 constituit
3317 1746 3380 1799 ut
3406 1744 3830 1815 presbyterum

2173 1831 2480 1889 Arrianum
2506 1831 2946 1902 resipiscentem
2969 1846 3080 1886 non
3113 1832 3484 1903 susciperent
3529 1831 3639 1888 nisi
3695 1832 3829 1904 epi-

2173 1934 2389 1991 scopus
2416 1919 2527 1976 loci
2555 1919 2970 1988 designaretet
3000 1919 3211 1980 crisma
3248 1920 3318 1974 ab
3368 1920 3830 1992 episcopo'con-

2174 2008 2285 2079 fici,
2312 2013 2371 2065 et
2404 2013 2466 2065 ut
2490 2009 2751 2080 episcopi
2785 2008 3143 2080 baptizatum
3171 2008 3515 2077 consignent
3569 2011 3829 2081 propter

2171 2098 2486 2168 hereticos,
2520 2102 2577 2155 et
2603 2102 2665 2154 ut
2690 2097 3049 2168 baptizatum
3078 2111 3321 2168 puerum
3356 2098 3666 2168 presbyter
3698 2098 3822 2155 cri-

2170 2191 2355 2242 smate
2389 2186 2552 2242 liniat
2580 2190 2822 2258 prepter
2845 2185 3210 2242 occasionem
3254 2185 3479 2256 mortis,
3509 2188 3566 2242 et
3590 2191 3651 2242 ut
3685 2187 3825 2243 nul-

2171 2276 2262 2333 lus
2295 2276 2481 2333 laicus
2512 2276 2730 2331 crimen
2755 2275 2969 2331 clerico
2993 2276 3201 2331 audeat
3226 2274 3460 2331 inferre.
3489 2276 3591 2332 Hic
3615 2274 3820 2347 sepul-

2172 2370 2267 2421 tus
2298 2368 2389 2420 est
2422 2365 2478 2420 in
2511 2364 2798 2421 eimiterio
2830 2364 3113 2420 Priscillae
3144 2363 3333 2435 pridie
3367 2363 3485 2419 Kal.
3541 2364 3811 2421 Januarii

2169 2469 2305 2511 vere
2319 2454 2644 2510 catholicus
2658 2458 2712 2509 et
2730 2454 3033 2510 confessor
3055 2472 3069 2520 ;
3090 2456 3146 2509 et
3162 2452 3417 2510 cessavit
3430 2453 3816 2525 episcopatus

2171 2545 2471 2599 diebusla
2523 2543 2833 2615 [HIERON.].
2894 2542 3137 2599 Moritur
3190 2541 3610 2600 Constantinus
3656 2556 3816 2599 anno

2170 2632 2366 2687 aetatis
2398 2647 2518 2688 suae
2540 2634 2627 2702 65,
2663 2630 2891 2702 imperii
2918 2636 3002 2687 30.

2241 2723 2403 2777 Anno
2435 2735 2575 2776 vero
2609 2720 2681 2776 ab
2722 2720 2834 2776 inc.
2890 2720 3050 2775 Dom.
3107 2723 3203 2776 341
3252 2718 3630 2777 Constantius
3676 2735 3813 2776 cum

2169 2809 2546 2865 Constantino
2577 2813 2634 2864 et
2666 2810 2982 2865 Constante
3023 2808 3307 2865 fratribus
3342 2813 3732 2878 regnaverunt
3758 2823 3812 2864 a.

2170 2902 2257 2968 23,
2292 2914 2363 2954 ιη.
2398 2897 2641 2967 5,d.13.

2246 2989 2409 3043 Anno
2449 2987 2539 3043 ab.
2568 2986 2678 3043 inc.
2712 2988 2870 3042 Dom.
2907 2990 3027 3044 338.
3059 2986 3291 3058 praefuit
3324 2987 3594 3044 Romana)
3618 2988 3812 3045 eccle-

2175 3078 2276 3134 siae
2308 3076 2553 3143 Marcus,
2588 3075 2822 3131 natione
2855 3076 3166 3145 Romanus,
3195 3080 3361 3147 patre
3402 3075 3605 3133 Prisco
3641 3078 3813 3133 annis

2167 3171 2217 3233 2,
2247 3180 2319 3221 m.
2354 3169 2406 3234 7,
2443 3164 2497 3220 d.
2524 3164 2610 3221 20.
2637 3163 2793 3219 Obiit
2828 3169 2877 3220 6.
2907 3165 3046 3220 Non.
3093 3165 3330 3221 Octobr.
3368 3182 3383 3232 ;
3435 3180 3485 3221 c.
3531 3178 3583 3220 e.
3638 3164 3694 3221 d.
3751 3172 3811 3221 21

2167 3252 2452 3325 (Gestap.
2480 3253 2575 3324 Β).
2616 3253 2717 3309 Cui
2757 3253 3256 3310 successitJulius
3294 3255 3605 3324 Romanus,
3648 3259 3819 3326 patre

2166 3342 2428 3411 Rustico,
2463 3355 2510 3395 a.
2547 3346 2633 3411 15,
2672 3357 2744 3396 m.
2769 3342 2824 3411 2,
2862 3342 2915 3397 d.
2946 3348 2996 3397 7.
3027 3341 3183 3398 Obiit
3217 3346 3266 3399 2.
3295 3342 3431 3398 Idus
3459 3342 3676 3414 Aprilis
3713 3361 3730 3410 ;
3765 3359 3814 3400 c.

2167 3447 2217 3487 e.
2252 3430 2420 3487 (1.26.
2449 3432 2611 3486 Anno
2644 3431 2804 3500 regni
2840 3431 3165 3488 Constantii
3202 3434 3284 3489 13.
3315 3429 3599 3503 [firmos].
3639 3432 3815 3490 Cons-

2170 3524 2299 3575 tans
2333 3518 2709 3589 interficitur,
2741 3524 2868 3591 post
2893 3535 3061 3590 quem
3116 3521 3493 3577 Constantius
3543 3518 3709 3578 solus
3749 3536 3824 3593 op

2168 3608 2342 3664 tinuit
2376 3608 2703 3679 imperium.
2741 3608 2951 3664 Eodem
3001 3624 3151 3664 anno
3212 3609 3483 3666 Romanae
3547 3608 3823 3667 ecclesiae

2173 3696 2572 3768 pontificatum
2598 3697 2853 3768 suscepit
2890 3697 3177 3767 Liberius,
3197 3698 3351 3755 sedit
3383 3713 3433 3755 a.
3469 3703 3521 3768 6,
3564 3712 3637 3754 m.
3673 3703 3728 3771 3,
3765 3700 3821 3756 d.

2174 3789 2205 3842 ι
2234 3783 2439 3856 (Gesta
2457 3801 2520 3857 ρ.
2556 3785 2675 3857 8.).
2712 3786 2927 3843 Dehinc
2961 3787 3233 3858 impietas
3259 3788 3503 3844 Arriana
3544 3788 3824 3845 Constan-

2172 3873 2241 3930 tii
2260 3872 2403 3931 fulta
2421 3874 2676 3945 presidio
2696 3873 2909 3945 exiliis,
2926 3876 3269 3932 carceribus
3285 3880 3345 3931 et
3360 3876 3538 3932 variis
3553 3875 3823 3933 afflictio-

2174 3978 2306 4019 num
2332 3962 2516 4019 modis
2548 3963 2734 4034 primo
2757 3964 3166 4034 Athanasium,
3202 3965 3412 4021 deinde
3443 3979 3641 4021 omnes
3700 3981 3813 4021 non

2174 4067 2295 4109 sua)
2323 4052 2857 4123 partis‘cpiscOpos
2909 4057 3265 4124 pcrscquuta
3322 4058 3432 4110 est.
3494 4053 3809 4125 [HIERON.].

2173 4140 2527 4197 Athanasius
2554 4144 2684 4197 toto
2716 4142 2858 4197 orbe
2883 4142 3111 4211 fugiens
3144 4142 3494 4199 aMaximino
3516 4143 3820 4199 Treviren-

2173 4245 2233 4287 se
2264 4230 2610 4302 suscipitur.
2639 4229 2841 4298 (Gesta
2859 4247 2917 4303 ί).
2946 4231 3065 4300 R.).
3108 4231 3370 4290 Liberius
3402 4246 3547 4305 papa
3569 4232 3758 4305 primo
3787 4246 3814 4287 a

2174 4318 2202 4374 (
2218 4319 2510 4375 onstantio
2525 4334 2630 4390 pro
2646 4318 2780 4375 ﬁdei
2796 4320 3163 4378 confessione
3176 4320 3354 4378 exilio
3371 4321 3683 4392 relegatus.
3696 4323 3813 4378 lIoe

2176 4407 2282 4465 fuit
2305 4422 2454 4465 anno
2477 4412 2528 4477 3,
2563 4412 2623 4464 et
2654 4408 3037 4466 substituitur
3068 4424 3197 4466 cum
3249 4409 3374 4480 ejus
3395 4410 3642 4467 consilio
3656 4409 3814 4467 Felix

2172 4496 2263 4553 vir
2298 4497 2626 4554 catholicus
2650 4501 2710 4552 et
2726 4497 2984 4556 Arrianae
3001 4498 3275 4556 hereseos
3290 4499 3682 4557 adversarius.
3709 4500 3812 4555 IIie

2176 4585 2635 4643 fecitconcilium
2651 4588 2717 4644 48
2739 4586 3172 4658 episcoporum,
3189 4591 3247 4643 et
3271 4586 3484 4657 dejecit
3506 4588 3809 4645 Ursacium

419 4661 547 4719 simi
572 4670 791 4736 patres.
827 4667 1034 4726 Datum
1068 4672 1243 4728 Roma
1278 4674 1386 4728 sub
1426 4674 1517 4729 die
1557 4674 1610 4731 3.
1673 4675 2057 4734 Kalendarum
2094 4681 2142 4739 D
2173 4678 2233 4730 et
2264 4674 2565 4731 Valentem
2583 4675 2957 4747 presbyteros
2996 4675 3494 4733 communicantes
3533 4677 3807 4734 Constan-

419 4751 722 4823 Aprilium,
762 4755 998 4813 domino
1051 4763 1257 4815 nostro
1300 4760 1494 4818 Flavio
1547 4764 1813 4832 Augusto
1852 4768 2060 4835 quater

415 4841 472 4894 et
506 4839 805 4898 Gallicano
837 4843 979 4900 viris
1030 4844 1381 4904 clarissimis
1427 4850 1770 4907 consulibis.
1820 4855 2061 4910 Ambro-

414 4924 604 4983 sius”
629 4928 683 4984 in
734 4928 885 4986 libro
919 4932 992 4988 de
1018 4934 1180 4989 obitu
1206 4936 2057 5007 Theodosii,Constantinohoc

414 5011 470 5068 in
502 5013 726 5072 ultimis
754 5018 1079 5075 consiituto
1116 5022 1493 5093 baptismatis
1510 5028 1698 5095 gratia
1719 5029 1907 5084 omnia
1931 5046 2059 5101 prc-

413 5106 543 5158 cata
569 5103 882 5175 dimiserit,
921 5111 1111 5164 tamen
1151 5112 1305 5181 quod
1359 5114 1580 5184 primus
1638 5117 2055 5187 imperatorum

415 5190 690 5261 credidit,
713 5197 772 5249 et
797 5198 929 5265 post
947 5210 1008 5251 se.
1034 5196 1407 5256 beriditatem
1427 5201 1560 5257 ﬁdei
1587 5203 1946 5275 principibus
1962 5207 2058 5264 de-

415 5275 678 5348 reliquit.
712 5283 901 5351 magni
938 5284 1127 5339 meriti
1152 5285 1334 5343 locum
1362 5291 1643 5361 repperit.

488 5363 654 5438 [Anc]
692 5370 853 5425 Anno
883 5369 929 5404 7°
959 5376 1086 5443 post
1122 5372 1232 5430 inc.
1280 5376 1439 5433 Dom.
1503 5383 1624 5436 623.
1680 5380 1732 5435 6.
1790 5382 2058 5452 Symdus

2174 4763 2473 4831 tio.Quem
2494 4769 2697 4836 postea
2714 4763 2996 4821 Valenset
3017 4766 3306 4836 Ursatius,
3341 4766 3569 4823 favente
3599 4765 3686 4823 eis
3719 4781 3815 4823 eo-

2173 4851 2301 4908 dem
2328 4852 2669 4910 Constantio
2693 4857 2942 4923 augusto
2979 4854 3246 4925 Arriano,
3279 4854 3617 4925 dejecerunt
3658 4855 3814 4912 facto

2122 4980 2133 4995 .,
2172 4937 2421 5001 concilio
2439 4960 2569 5001 cum
2583 4946 2879 5008 beretieis,
2897 4947 3252 5003 etLiberium
3273 4946 3500 5018 abipsis
3529 4946 3816 5017 deprava-

2169 5035 2291 5088 tum
2306 5033 2448 5089 etad
2462 5047 2722 5089 errorem
2738 5050 2905 5090 suum
2920 5035 3547 5104 eonversum,Limenio
3562 5040 3618 5091 et
3640 5036 3805 5092 Catu-

2172 5120 2288 5177 lino
2312 5120 2669 5191 consulibus,
2695 5124 2765 5178 de
2798 5123 2977 5179 exilio
2996 5125 3233 5180 Romam
3259 5129 3703 5194 revocaverunt,
3739 5129 3800 5180 et

2168 5208 2212 5241 τ³
2246 5210 2395 5266 facta
2427 5216 2519 5266 est
2552 5212 2933 5282 persequutio
2965 5213 3018 5268 in
3044 5212 3224 5281 clero,
3262 5213 3341 5269 ita
3374 5218 3439 5269 ut
3468 5212 3635 5269 multi
3663 5228 3808 5270 mar-

2171 5298 2319 5367 tyrio
2333 5300 2939 5355 coronarenturJ‘elix
2962 5304 3099 5356 vero
3113 5301 3423 5373 episcopus
3444 5301 3726 5357 habitavit
3752 5302 3805 5358 in

2170 5387 2386 5457 prmdio
2409 5402 2532 5458 suo,
2569 5389 2665 5444 ubi
2697 5392 2755 5445 et
2780 5389 2833 5444 in
2871 5405 3011 5460 pace
3031 5390 3253 5460 quievit
3277 5392 3328 5445 4.
3360 5390 3479 5447 Kal.
3526 5392 3669 5461 Aug.
3736 5391 3817 5446 Li-

1774 5531 2009 5588 VARH‘Z
2052 5534 2451 5592 LECTIONES.

481 5655 528 5750 ξ
558 5658 901 5750 Ambrosius
940 5692 1009 5705 -—
1034 5666 1290 5736 repperit
1326 5668 1390 5725 in
1417 5681 1609 5742 marg.
1654 5671 1700 5704 ⁷⁰
1759 5674 1922 5730 Anno
1954 5707 2023 5716 —
2074 5676 2401 5735 Viennense
2440 5682 2506 5736 in
2532 5693 2723 5750 marg.
2749 5679 2794 5713 τί
2825 5682 3154 5737 CCCXXIIII
3198 5696 3347 5738 corr.
3407 5683 3737 5740 CCCXVIIII
3774 5699 3820 5741 c-

412 5744 458 5779 ⁷³
478 5745 864 5818 Congregavit
885 5779 957 5791 -—
977 5750 1185 5810 diebus
1224 5758 1301 5811 15.
1364 5757 1431 5815 in
1448 5771 1641 5831 marg.
1667 5760 1712 5794 ⁷³
1743 5766 1801 5818 ct
1824 5794 1893 5803 —-
1922 5764 2079 5821 Felix
2098 5768 2164 5824 in
2192 5780 2383 5839 marg.
