3922 6426
199 416 276 497 58
1451 410 1843 476 CHRONICC

2024 448 2061 458 ~
2098 412 2250 475 LIB.
2307 415 2355 476 Ι.
3534 419 3611 480 54

202 550 400 609 berius
430 549 628 622 itaque
679 550 1056 610 consentiens
1095 549 1439 608 Constantio
1473 551 1725 619 augusto
1751 551 1853 606 Ar-
1882 546 1939 606 Α
1968 545 2189 605 cultum
2222 562 2541 608 conversus
2590 549 2948 608 christianos
2989 548 3381 622 persequitur.
3418 548 3612 609 Primo

201 639 387 711 riano,
414 655 525 698 non
550 643 778 699 tantum
798 642 1201 714 rebaptizatus
1225 647 1336 714 est,
1358 642 1461 700 sed
1486 657 1782 700 assensum
1799 644 1849 701 ei

198 729 472 801 przebuit,
507 733 564 785 et
592 734 795 801 postea
824 731 1054 802 praefuit
1088 732 1141 787 in
1173 737 1337 803 parte
1367 733 1534 789 annis
1556 740 1607 790 7.
1638 734 1851 792 Omnes

200 818 334 874 anni
369 817 621 875 feliciter
644 819 698 874 in
720 820 924 876 ordine
949 821 1162 876 Liberii
1190 825 1584 879 numerantur.
1602 824 1743 881 Post
1766 825 1852 881 Li-

201 906 426 964 berium
473 908 730 964 cessavit
776 908 1156 981 episcopatus
1203 909 1413 968 diebus
1460 915 1510 967 6.
1550 912 1847 969 Successit

201 995 382 1067 Felix,
425 997 658 1053 natione
687 999 1001 1061 Romanus.
1039 1002 1203 1069 patre
1233 1001 1571 1067 Anastasio;
1608 1002 1762 1059 sedit
1796 1019 1845 1059 a.

202 1085 255 1153 1,
291 1098 363 1139 In.
400 1090 450 1155 3,
486 1086 540 1141 d.
564 1091 615 1142 2.
646 1088 747 1143 Hic
768 1088 1091 1144 declaravit
1112 1089 1513 1145 Constantium
1537 1095 1850 1161 augustum

199 1171 524 1231 hereticum
548 1179 605 1232 et
631 1177 1055 1248 rebaptizatum
1069 1178 1141 1234 ab
1156 1178 1405 1234 Eusebio
1417 1178 1854 1237 Nicbomedien-
1898 1237 1905 1246 ,

199 1276 263 1320 se
293 1262 350 1319 in
379 1264 515 1319 villa
545 1265 1012 1336 Aquilonejuxta
1038 1267 1489 1338 Nichomediam,
1517 1273 1572 1325 et
1601 1286 1706 1343 pro
1740 1271 1849 1329 hoc

200 1353 394 1423 capite
427 1358 739 1411 truncatur
771 1359 819 1411 3.
850 1354 983 1411 ldus
1008 1357 1335 1426 Novembr.,
1362 1362 1421 1412 et
1454 1360 1708 1415 cessavit
1731 1361 1848 1432 epi-

199 1445 479 1513 scopatus
539 1443 745 1500 diebus
808 1447 891 1500 38.
956 1444 1232 1515 Sepultus
1281 1450 1370 1501 est
1430 1451 1511 1502 17.
1567 1447 1686 1503 Kal.
1753 1449 1851 1504 De-

198 1530 421 1585 ccmbr.

273 1619 647 1675 Constantius
696 1619 915 1676 Gallum
959 1636 1234 1678 czesarem
1275 1630 1543 1696 nepotem
1568 1640 1735 1682 suum
1767 1626 1846 1683 in-

200 1707 438 1763 terfecit
471 1707 801 1781 [firmem].
827 1710 1042 1767 Dehinc
1072 1710 1361 1769 lulianum
1385 1729 1659 1771 czesarem
1686 1716 1840 1787 fecit,

196 1800 260 1850 et
293 1795 347 1851 in
382 1795 596 1852 Gallias
631 1797 864 1854 direxit.
892 1800 1181 1858 Eusebius
1202 1801 1613 1874 Vercellensis,
1641 1805 1845 1877 Diony-

1966 637 2095 708 ejus
2145 654 2294 696 anno
2344 641 2549 698 beatus
2598 640 2878 698 Martinus
2923 640 3193 697 miliciam
3247 641 3547 711 deserens,
3579 658 3608 699 a

1968 728 2139 785 beato
2181 729 2395 785 Hilario
2444 731 2797 801 baptizatus,
2831 731 3019 786 factus
3064 734 3152 787 est
3191 731 3406 787 Christi
3440 732 3609 788 miles

1963 818 2252 888 egregius.
2288 819 2499 875 Juliani
2536 818 2745 876 blanda
2782 820 2890 876 fuit
2922 820 3320 891 persequutio,
3356 818 3606 877 illicicns

1963 908 2147 977 magis
2181 923 2349 980 quam
2382 909 2703 981 impellens,
2731 914 2785 965 et
2831 909 2996 965 multi
3030 908 3333 965 voluntate
3366 910 3603 981 propria

1962 1003 2334 1053 corruerunt.
2358 998 2621 1054 Julianus
2642 1012 2782 1067 ergo
2812 998 2867 1053 in
2897 999 3105 1054 Persas
3135 998 3438 1068 profectus
3468 1003 3602 1071 post

1962 1085 2265 1142 victoriam
2288 1102 2317 1142 a
2338 1087 2648 1143 contrariis
2665 1088 2936 1142 hostibus
2957 1091 3284 1157 separatus,
3305 1103 3335 1143 a
3351 1087 3601 1158 quodam

1962 1174 2033 1231 de
2066 1176 2185 1232 suis
2214 1183 2388 1233 conto
2419 1176 2515 1232 ilia
2546 1177 2845 1248 perfossus
2875 1175 3116 1232 interiit.
3144 1177 3281 1233 Post
3314 1191 3483 1248 quem
3516 1192 3606 1235 se-

1964 1265 2163 1334 quenti
2233 1265 2323 1321 die
2382 1265 2719 1322 Iovinianus
2776 1266 3230 1322 christianorum
3287 1265 3604 1337 imperator

1961 1354 2230 1425 efficitur,
2266 1370 2435 1426 quem
2490 1355 2755 1412 Julianus
2814 1358 3080 1425 apostata
3138 1353 3351 1410 milicia
3414 1354 3599 1426 priva-

1960 1450 2144 1515 verat,
2181 1445 2312 1517 quia
2366 1444 2537 1501 idolis
2566 1445 2896 1502 sacrificare
2931 1444 3213 1501 noluisset
3246 1444 3463 1517 [Bene].
3501 1446 3605 1502 Hic

1962 1534 2340 1591 Athanasium
2385 1536 2699 1590 revocavit.
2738 1536 2891 1591 Laeta
2924 1533 3051 1603 ejus
3089 1538 3148 1588 et
3180 1532 3420 1590 honesta
3451 1534 3606 1606 prin-

1958 1622 2107 1694 cipia
2168 1639 2322 1680 mors
2356 1623 2661 1680 immatura
2694 1622 2980 1695 corrupit,
3014 1622 3261 1680 moritur
3291 1627 3341 1681 8.
3375 1623 3601 1695 imperii

1959 1725 2175 1767 mense.

2028 1802 2192 1856 Anno
2226 1801 2297 1856 ab
2330 1800 2732 1856 incarnatione
2762 1798 2985 1856 Domini
3017 1805 3137 1858 367.
3162 1799 3602 1858 Valentinianus

199 1884 323 1942 sius
353 1885 819 1957 Mediolanensis,
844 1892 900 1943 et
924 1888 1150 1945 Lucifer
1183 1890 1551 1949 Caralitanus
1584 1892 1844 1964 insignes
1873 1911 1926 1970 Β
1958 1890 2239 1945 successit
2271 1888 2573 1944 Ioviniano
2602 1904 2730 1944 cum
2767 1888 2946 1945 fratre
2988 1889 3251 1946 Valente.
3287 1888 3498 1947 Valens
3531 1891 3603 1947 ab

198 1976 510 2032 habentur.
540 1975 844 2048 [Pnosrcn]
877 1977 1155 2034 Paulinus
1182 1980 1537 2038 Trevirensis
1568 1982 1621 2037 in
1653 1983 1840 2054 Frigia

200 2064 449 2120 exulans
501 2066 769 2135 moritur,
804 2066 1146 2123 Constantio
1194 2069 1395 2125 novies
1437 2074 1493 2125 et
1525 2070 1753 2129 Juliano
1788 2079 1839 2129 2.

198 2151 560 2209 consulibus.
589 2154 815 2211 Lucifer
843 2154 887 2188 ⁷⁸
922 2156 1285 2214 Caralitanus
1318 2158 1452 2214 dum
1487 2160 1844 2232 rigoremju-

202 2241 385 2298 stitia}
432 2257 570 2313 erga
602 2243 798 2315 lapsos
827 2259 936 2301 non
968 2244 1214 2316 relaxat,
1258 2262 1287 2303 a
1322 2262 1557 2305 suorum
1592 2265 1844 2308 commu-

200 2330 373 2387 nione
404 2329 650 2388 descivit
681 2331 743 2388 ⁸⁸.

272 2419 677 2478 Priscillianus
724 2421 1092 2481 Galliciensis
1133 2426 1448 2496 episcopus
1479 2428 1728 2484 heresim
1754 2430 1842 2485 sui

202 2509 450 2566 nominis
483 2510 745 2567 condidit
779 2512 1055 2569 Gratiano
1088 2518 1137 2569 6.
1165 2518 1225 2569 et
1247 2514 1569 2571 Theodosio
1593 2517 1845 2574 consuli-

201 2599 329 2655 bus.
365 2598 769 2657 Priscillianus
817 2600 872 2655 in
925 2601 1148 2673 synodo
1198 2602 1596 2674 Burdigalensi
1648 2605 1843 2678 damp-

200 2686 453 2743 nandum
487 2701 547 2743 se
580 2686 915 2757 intelligens
961 2688 1031 2745 ad
1077 2690 1378 2746 Maximum
1432 2692 1840 2763 imperatorem

198 2774 453 2845 fugit,ab
467 2774 687 2831 Evodio
704 2777 965 2848 profecto
980 2778 1221 2848 pretorii
1236 2779 1431 2848 gladio
1447 2780 1716 2838 addictus
1730 2789 1837 2838 est.

199 2864 417 2921 ltacius
439 2868 495 2919 et
520 2865 790 2922 Ursatius
809 2866 1069 2938 episcopi
1094 2867 1443 2925 Priscilliani
1469 2875 1844 2930 accusatores

195 2954 275 3010 ob
309 2968 507 3010 necem
542 2954 670 3024 ejus
701 2955 1104 3013 communione
1129 2957 1452 3028 privantur,
1477 2959 1765 3017 Archadio
1788 2967 1837 3019 2.

192 3046 257 3097 et
286 3042 493 3100 Rufino
525 3042 867 3100 consulibus
901 3043 1086 3116 [Anc].
1115 3043 1384 3101 Florebat
1412 3052 1548 3103 tunc
1576 3053 1841 3120 tempore

193 3130 503 3187 Nectarius
533 3131 878 3188 Viennensis
909 3133 1240 3204 episcopus.

264 3217 856 3292 [Hienou.]l1ylarius
906 3220 1269 3277 Pictavcnsis
1322 3238 1451 3279 cum
1505 3226 1653 3296 apud
1701 3225 1844 3281 Con-

191 3307 637 3380 stantinopolim
663 3307 875 3365 librum
902 3324 1007 3380 pro
1022 3324 1081 3365 se
1098 3311 1435 3368 Constantio
1455 3315 1835 3384 perrexisset,

186 3395 262 3452 de
292 3394 469 3452 exilio
503 3395 717 3453 Gallias
744 3396 939 3466 rediit,
967 3411 1281 3467 omnesque
1309 3413 1452 3470 pene
1474 3401 1660 3457 totius
1682 3402 1841 3459 orbis

189 3482 456 3542 ecclesiae
479 3485 589 3542 sub
613 3484 841 3541 nomine
865 3485 1027 3557 pacis
1050 3485 1205 3555 regis
1229 3490 1284 3541 et
1312 3487 1685 3545 Arrianorum
1704 3503 1839 3545 con-

192 3574 382 3631 sortio
415 3573 774 3647 polluuntur.

265 3661 387 3734 (fol.
423 3664 514 3733 24)
548 3663 923 3721 Constantius
950 3677 979 3720 a
1012 3669 1097 3721 20.
1136 3665 1298 3734 regni
1334 3666 1419 3722 sui
1472 3667 1706 3723 Romam
1759 3668 1840 3724 in-

186 3753 478 3824 greditur,
515 3756 571 3809 et
620 3757 706 3810 22.
759 3768 908 3809 anno
965 3752 1222 3823 synodus
1280 3756 1431 3827 apud
1493 3756 1835 3828 Ariminum,

191 3841 405 3899 deinde
437 3842 587 3913 apud
623 3841 1004 3898 Mediolanum
1040 3843 1189 3898 facta
1224 3849 1332 3909 est,
1370 3844 1424 3899 in
1457 3859 1567 3914 qua
1602 3846 1837 3916 antiqua

192 3933 297 3987 318
329 3930 736 4003 episcoporum
780 3929 922 3986 fides
947 3931 1187 3987 recitata
1212 3937 1319 3988 est.
1349 3932 1560 3989 Dehinc
1584 3934 1837 3991 omnium

190 4018 606 4092 episcoporum
626 4018 979 4075 auctoritate
1003 4018 1230 4075 heresis
1258 4021 1497 4077 Arriana
1523 4022 1837 4094 dampnata

191 4111 302 4166 est.
331 4108 574 4164 Moritur
608 4107 986 4163 Constantius
1010 4122 1159 4163 anno
1182 4109 1374 4165 aetatis
1396 4125 1517 4165 suae
1537 4114 1603 4166 46
1627 4110 1834 4183 [nec].

194 4198 331 4253 Post
362 4208 531 4267 quem
559 4193 825 4250 Julianus
854 4198 978 4249 35‘“
1004 4195 1074 4250 ab
1108 4196 1371 4263 Augusto
1404 4198 1665 4267 regnavit
1698 4212 1746 4254 a.
1784 4204 1835 4269 2,

193 4298 269 4338 In.
302 4284 353 4339 8.
391 4282 491 4338 His
518 4280 563 4314 ⁷⁸
593 4280 741 4338 adde
773 4285 805 4337 6
837 4282 933 4352 qui
968 4288 1394 4349 remanserunt,
1419 4286 1478 4339 fit
1515 4301 1716 4342 ann....
1754 4302 1840 4343 re-

192 4376 424 4428 manent
458 4376 492 4427 2
522 4385 618 4441 m.,
653 4370 706 4426 d.
744 4376 812 4429 28
845 4370 1150 4443 [HIERON.].
1188 4373 1513 4441 Magnentio
1544 4374 1694 4445 apud
1729 4379 1841 4432 Au-

190 4458 592 4529 gustudunum
644 4459 962 4531 arripiente
1010 4459 1332 4531 imperium.
1372 4464 1658 4518 Constans
1700 4463 1835 4519 haut

197 4548 367 4619 longe
402 4549 473 4605 ab
506 4549 777 4620 Hispania
813 4548 867 4604 in
899 4552 1098 4605 castro
1130 4549 1340 4604 llclena
1374 4549 1744 4623 interficitur,
1765 4553 1838 4608 ob

1922 2002 1937 2011 κ
1956 1979 2214 2035 Eudoxio
2228 1978 2617 2035 Nichomediaa
2633 1977 2909 2050 episcopo
2937 1978 3179 2034 Arriano
3204 1979 3604 2051 rebaptizatus

1956 2068 2313 2125 christianos
2343 2067 2761 2139 persequitur;
2806 2067 3069 2137 regnavit
3122 2068 3287 2124 annis
3332 2070 3601 2126 undecim

1957 2156 2144 2229 [Ano].
2182 2155 2452 2227 Hylarius
2480 2156 2525 2189 ⁷⁷
2558 2156 2919 2213 Pictavensis
2968 2159 3021 2212 et
3069 2157 3391 2213 Nectareus
3439 2158 3603 2214 Vien-

1955 2246 2155 2301 nensis
2202 2246 2530 2302 moriuntur
2582 2244 2799 2316 [Beas].
2846 2245 3179 2315 Gratianus,
3214 2245 3602 2304 Valentiniani

1956 2333 2130 2403 filius,
2166 2335 2349 2391 tercio
2383 2333 2767 2390 Valentiniani
2803 2338 2862 2389 et
2892 2332 3154 2390 Valentis
3195 2348 3344 2391 anno
3376 2334 3604 2392 Ambia-

1956 2422 2045 2479 nis
2073 2423 2394 2495 imperator
2424 2423 2675 2479 ef’flcitur
2710 2421 3020 2494 [Hrenom].
3058 2422 3467 2494 Athanaricus,
3500 2439 3604 2480 rex

1954 2514 2296 2583 Gothorum,
2320 2512 2676 2567 christianos
2700 2511 3081 2583 persequitur
3102 2515 3162 2566 et
3186 2510 3402 2568 multos
3427 2512 3604 2570 inter-

1956 2602 2097 2671 ficit,
2130 2600 2389 2671 rcliquos
2419 2600 2660 2657 sedibus
2682 2599 2939 2670 propriis
2961 2598 3161 2671 pulsos
3184 2598 3254 2655 ad
3280 2599 3466 2658 solum
3495 2602 3602 2658 Ro-

1955 2705 2180 2747 manum
2216 2688 2483 2761 expellit.
2520 2691 2684 2744 Anno
2734 2686 3120 2744 Valentiniani
3154 2693 3212 2744 et
3246 2687 3507 2747 Valentis
3538 2694 3595 2746 3.

1954 2781 2236 2834 Damasus
2264 2783 2397 2849 post
2431 2776 2700 2845 Felicem,
2730 2782 2893 2848 patre
2920 2776 3188 2846 Antonio,
3211 2776 3479 2835 Romanae
3510 2792 3601 2835 ec-

1953 2867 2147 2924 clesize
2182 2862 2582 2938 pontifica‘tum
2620 2864 2882 2936 suscepit
2916 2878 3064 2921 anno
3089 2864 3291 2922 abinc.
3313 2866 3473 2922 Dom.
3498 2870 3601 2924 379

1953 2954 2229 3027 (Geslap.
2260 2957 2381 3023 18.).
2409 2957 2473 3011 Et
2503 2970 2631 3011 cum
2659 2953 2860 3010 eodem
2887 2953 3194 3011 ordinatus
3218 2957 3311 3010 est
3335 2954 3596 3026 Ursinus,

1952 3050 2011 3101 et
2045 3046 2198 3101 facto
2229 3043 2482 3100 concilio
2512 3043 2869 3099 constitutus
2899 3046 2985 3099 est
3020 3044 3298 3099 Damasus
3355 3042 3411 3098 in
3461 3044 3599 3101 sede

1952 3133 2298 3204 apostolica,
2333 3138 2393 3190 et
2424 3133 2669 3189 Ursinus
2703 3132 2891 3188 factus
2924 3136 3012 3188 est
3044 3130 3345 3204 Neapolim
3379 3132 3600 3204 episco-

1955 3238 2080 3295 pus.
2120 3222 2278 3278 Sedit
2311 3237 2339 3277 a
2377 3227 2461 3292 18,
2500 3238 2571 3277 m.
2609 3226 2661 3292 2,
2707 3222 2761 3278 d.
2814 3226 2864 3277 6.
2920 3222 3081 3278 Hunc
3132 3219 3491 3278 Concordius
3539 3226 3596 3278 et

1952 3312 2245 3368 Addiscus
2278 3311 2366 3367 vel
2401 3310 2653 3367 Calistus
2679 3309 2955 3366 diacones
2976 3309 3257 3366 invidiose
3281 3308 3351 3366 de
3376 3310 3599 3367 adulte-

1953 3401 2019 3456 rii
2052 3400 2294 3456 crimine
2327 3404 2772 3469 accusaverunt,
2809 3413 2923 3470 quo
2953 3404 3146 3454 tamen
3200 3412 3262 3454 se
3311 3405 3597 3471 purgante

1952 3491 2004 3546 in
2032 3490 2253 3560 synodo
2276 3492 2381 3546 244
2403 3488 2838 3560 episcoporum,
2875 3487 2987 3561 ipsi
3013 3487 3309 3559 dampnati
3332 3491 3390 3543 et
3414 3486 3484 3544 de
3507 3502 3597 3545 ec-

1950 3579 2130 3635 clesia
2161 3578 2407 3649 projecti
2436 3576 2703 3647 laqueum
2729 3591 2897 3647 quem
2933 3575 3307 3633 intenderant
3339 3576 3597 3634 incurre-

1952 3670 2105 3723 runt.
2143 3665 2325 3737 Hujus
2356 3671 2563 3733 rogatu
2594 3664 2979 3734 Hieronymus
3025 3663 3339 3735 plurimum
3393 3664 3448 3720 in
3496 3665 3594 3721 Dei

1951 3754 2273 3811 desudante
2306 3754 2555 3810 servicio
2586 3752 2896 3809 constituit
2932 3757 2990 3808 ut
3028 3751 3229 3824 psalmi
3272 3752 3364 3809 die
3396 3759 3597 3811 noctu-

1951 3858 2061 3914 que
2095 3844 2148 3898 in
2182 3842 2434 3898 ecclesia
2485 3847 2857 3898 canerentur.
2892 3841 2960 3897 Et
3012 3842 3145 3911 quia
3196 3841 3595 3899 indifferenter

1950 3933 2311 3990 canebantur
2340 3945 2411 3986 ex
2442 3935 2737 4003 praecepto
2768 3929 2952 4002 ipsius
2974 3929 3222 3999 Damasi,
3251 3929 3360 3986 hoc
3387 3931 3595 3988 beatus

1951 4022 2335 4091 Hieronymus
2367 4019 2453 4076 sic
2487 4018 2707 4087 divisit,
2735 4023 2800 4075 ut
2832 4018 2887 4074 in
2911 4017 3022 4075 fine
3049 4017 3250 4090 psalmi
3276 4018 3469 4075 Gloria
3502 4021 3599 4077 Pa-

1954 4109 2047 4177 tri,
2084 4108 2224 4163 Filio
2255 4113 2315 4162 et
2345 4107 2563 4178 Spiritu
2600 4112 2806 4163 sancto
2838 4109 2910 4162 ab
2959 4108 3228 4163 omnibus
3274 4107 3591 4178 diceretur,

1951 4196 2292 4267 addiditque
2312 4201 2507 4267 postea
2534 4196 2689 4251 sicut
2712 4201 2836 4252 erat
2866 4195 2921 4251 in
2949 4195 3237 4267 principio
3260 4202 3320 4253 et
3344 4195 3596 4268 reliqua-

1950 4285 2021 4341 ad
2055 4282 2407 4340 confutanda
2442 4283 2642 4352 utique
2677 4282 2936 4339 Arrianae
2968 4282 3245 4341 hereseos
3296 4289 3593 4341 crementa

1951 4371 2386 4429 nefandissima.
2426 4372 2602 4426 Sexto
2625 4368 2671 4403 ⁷⁸
2694 4370 2920 4427 decimo
2955 4385 3103 4428 anno
3127 4372 3462 4442 presulatus
3492 4374 3596 4429 Da-

1951 4460 2114 4531 masi,
2151 4474 2299 4516 anno
2324 4466 2354 4515 :5
2388 4458 2645 4515 Gratiani
2679 4464 2735 4514 et
2769 4457 3180 4527 Valentiniani,
3219 4460 3475 4517 secunda
3506 4477 3595 4532 sy-

1950 4548 2138 4604 nodus
2199 4546 2865 4619 Constantinopolitana.
2922 4546 3078 4601 Obiit
3122 4548 3403 4604 Damasus
3447 4562 3592 4621 papa

197 4651 365 4709 quam
401 4652 520 4695 rem
562 4638 911 4694 conturbata
960 4637 1257 4708 republica
1308 4639 1617 4695 Veteranio
1659 4640 1833 4710 Misze,
1867 4626 1921 4687 D
1950 4638 2137 4710 pridie
2170 4637 2307 4692 ldus
2340 4637 2666 4708 Deceinbr.,
2691 4642 2749 4691 et
2778 4636 3038 4691 cessavit
3066 4637 3446 4709 episcopatus
3471 4638 3597 4695 dies

194 4725 553 4799 Nepotianus
582 4724 775 4783 Romae
814 4725 1133 4797 imperator
1185 4728 1373 4783 factus
1401 4734 1513 4797 est,
1550 4727 1750 4797 Sergio
1779 4734 1835 4786 et

192 4813 469 4887 Nigriano
491 4813 832 4871 consulibus
856 4813 1161 4887 [firmem].
1190 4816 1497 4886 Nepotiani
1521 4821 1698 4887 caput
1722 4816 1840 4889 pilo

195 4903 345 4960 Pisae
377 4902 1032 4973 urbemcircumlatum,
1055 4904 1391 4960 Vetranioni
1417 4904 1567 4977 apud
1593 4906 1838 4975 Naysum

193 4990 418 5062 regium
455 4990 682 5062 insigne
713 4991 1060 5048 detractum.
1097 4992 1460 5063 Magnentius
1492 4993 1643 5050 Misze
1675 5010 1841 5065 supe-

194 5085 361 5137 ratus
411 5082 502 5136 est
552 5083 683 5152 post
715 5079 1083 5137 consulatum
1115 5081 1295 5152 Sergii
1330 5086 1388 5137 et
1418 5082 1693 5151 Nigriani.
1733 5083 1840 5137 Ma-

188 5167 469 5240 gnentius
486 5168 747 5239 Lugduni
772 5170 826 5223 in
854 5168 1071 5240 palatio
1098 5184 1159 5224 se
1184 5169 1500 5226 interfecit.
1530 5172 1840 5228 Deccntius

191 5259 377 5313 frater
407 5255 555 5327 ejus,
582 5272 749 5328 quem
783 5257 853 5313 ad
890 5258 1136 5314 tuendas
1158 5258 1371 5314 Gallias
1393 5274 1670 5315 ciC-sarem
1698 5261 1839 5315 fece-

189 5350 306 5418 rat,
344 5346 599 5404 Senonas
628 5345 837 5418 laqueo
866 5346 1044 5403 vitam
1077 5347 1281 5404 finivit.
1306 5349 1410 5406 Hic
1442 5349 1512 5404 ad
1547 5349 1834 5407 idolorum

1950 4731 2007 4785 3|
2059 4727 2207 4799 (ἰὰ).

2020 4815 2399 4887 Temporibus
2424 4812 2603 4883 igitur
2633 4813 2857 4885 Tyberii
2892 4814 3133 4870 caesaris
3162 4828 3304 4884 gens
3329 4816 3592 4887 quaedam

1950 4919 2186 4975 egressa
2223 4904 2294 4959 ab
2330 4901 2520 4958 insula
2559 4902 2938 4958 Scandinavia
2987 4918 3160 4975 super
3203 4905 3423 4961 Renum
3460 4918 3597 4961 con-

1950 4994 2103 5049 sedit
2124 4993 2293 5053 (Vita
2313 4992 2365 5046 S.
2395 4991 2790 5061 Sigismundi).
2819 4992 2889 5047 Et
2915 4997 3175 5064 tempore
3199 4990 3591 5050 Valentiniani

1950 5082 2020 5139 ad
2036 5082 2255 5137 Renum
2277 5094 2462 5150 usque
2481 5080 2928 5151 descendentes,
2945 5087 3136 5136 castra
3156 5096 3282 5153 quae
3301 5081 3376 5136 ibi
3393 5097 3597 5154 posue-

1951 5175 2088 5227 runt
2102 5172 2317 5239 burgas
2330 5168 2375 5201 7°
2394 5173 2837 5240 vocaverunt,et
2855 5170 2929 5225 ob
2948 5168 3000 5225 id
3019 5173 3370 5242 acceperunt
3386 5185 3591 5226 nomen

1950 5258 2391 5329 Burgundiones
2425 5258 2743 5331 [Fusci-20.],
2775 5259 2870 5330 qui
2896 5264 3063 5314 antea
3091 5273 3195 5313 nec
3222 5259 3596 5315 nominaban-

1951 5353 2064 5417 tur,
2102 5347 2297 5417 ibique
2330 5346 2469 5403 nihil
2502 5346 2657 5403 aliud
2696 5347 3108 5418 presumebant
3159 5347 3266 5403 nisi
3315 5353 3593 5418 quantum

1543 5509 1778 5565 VARIxE
1820 5508 2219 5597 LECTIONES.

259 5646 306 5678 ⁷⁸
334 5643 565 5718 Lucifer
592 5675 661 5685 —
692 5644 1036 5718 Viennensis
1067 5645 1381 5718 episcopus
1412 5648 1478 5704 in
1504 5661 1694 5718 marg.

188 5715 239 5757 ⁷⁷
268 5715 544 5790 Hylarius
579 5745 638 5756 -
674 5714 728 5773 d.
763 5718 796 5771 6
822 5718 892 5775 in
918 5714 1119 5790 margf
1197 5716 1242 5750 ⁷⁸

1780 5647 1826 5679 ⁷⁸
1857 5647 2108 5705 descivit
2138 5648 2589 5721 compdeseruit
2620 5662 2666 5704 ο.
2734 5646 2800 5721 Α⁹⁶
2832 5648 2931 5704 nis
2960 5680 3029 5691 —-
3058 5648 3241 5705 finivit
3286 5650 3351 5706 in
3398 5664 3567 5721 marg

1349 5721 1447 5774 xto
1475 5750 1543 5758 —
1574 5718 1699 5774 dies
1731 5723 1817 5775 3t.
1851 5721 1917 5776 in
1942 5733 2134 5791 marg.
2222 5718 2267 5751 7°
2296 5719 2517 5790 burgus
2545 5732 2698 5776 corr.
2734 5718 2949 5790 burgas
2979 5734 3027 5777 ο.
