3922 6412
342 394 419 459 55
1300 420 1666 489 HUGONIS
1715 428 2075 491 ABBATIS
2121 431 2806 501 FLAVINIACENSIS
3683 443 3765 507 53

346 538 548 610 precio
582 532 849 604 ementes
881 559 910 604 a
945 546 1245 612 Germanis
1276 556 1569 631 stipendia
1604 562 1990 637 accipiebant.
2026 563 2080 624 A
2115 570 2278 643 [Anc]
2315 570 2437 638 Quo
2467 569 2510 605 “
2544 577 2805 647 tempore
2837 574 3219 634 Viennensem
3259 577 3564 638 ecclesiam
3598 593 3767 652 rege.

346 629 454 652 ..με
486 646 604 652 ---ψ
1014 640 1024 651 .
1238 645 1274 652 ..

346 629 454 686 Ubi
480 646 609 689 cum
637 630 868 694 duobus
893 640 1058 697 annis
1082 629 1467 720 resedissent,
1490 666 1594 723 per
1614 629 1839 723 legatos
1862 655 1997 712 iuvi-

349 719 454 776 tati
486 736 519 816 a
553 723 828 816 Romanis
861 732 921 784 et
954 730 1132 789 Gallis
1165 735 1260 804 qui
1288 736 1343 792 in
1371 719 1842 809 Lugdunensium
1867 761 1997 816 pro-

344 809 533 907 vincia
560 812 853 886 Cisalpina
878 817 1056 907 Gallia
1091 828 1316 880 comata
1353 828 1692 887 residebant
1716 832 1834 904 (fol.
1860 809 1991 907 ἐᾶτ’),

348 898 644 957 uttributa
675 903 756 959 rei
780 905 1030 976 publica;
1051 926 1297 970 renuere
1322 922 1584 989 possent,
1602 919 1678 976 ibi
1704 898 1834 978 cum
1858 898 1997 981 ιικᾷ

348 986 511 1084 ribus
531 993 589 1046 et
614 989 975 1084 liberisjussi
1002 1004 1137 1055 sunt
1164 986 1424 1061 residere
1446 986 1613 1077 (Vite
1636 1010 1910 1084 Sigism.),
1937 1017 1993 1069 et

348 1075 426 1131 ibi
463 1089 872 1139 remanserunt
921 1083 1115 1145 levato
1162 1106 1340 1164 super
1372 1109 1434 1151 se
1463 1075 1601 1168 rege
1635 1075 1990 1175 Gundiocho,

348 1164 444 1259 qui
478 1166 585 1224 fuit
618 1182 832 1259 genere
865 1174 1201 1235 Athanarici
1234 1164 1682 1256 persequutoris
1709 1190 1864 1259 regis
1889 1164 1996 1247 G0:-

346 1254 580 1313 thorum
613 1258 791 1331 (om,
842 1262 978 1323 Vita
1028 1266 1080 1321 s.
1118 1254 1516 1346 Chrothildis).
1554 1254 1993 1338 Valentinianus

351 1348 434 1399 11.
464 1359 614 1402 anno
643 1349 804 1419 regni
830 1351 921 1409 sui
946 1352 1000 1410 in
1027 1355 1323 1416 Britannia
1345 1376 1667 1434 Oppressus
1695 1364 1741 1399 ⁶⁰
1770 1372 1879 1439 est,
1900 1385 1995 1426 vo-

348 1432 493 1490 mitu
548 1438 845 1507 sanguinis
894 1444 1193 1504 extinctus
1236 1455 1326 1506 est
1358 1432 1665 1527 [limitem].
1702 1432 1994 1514 Successit

349 1521 559 1613 Valens
588 1540 718 1583 cum
749 1528 1022 1590 Gratiano
1053 1539 1110 1591 et
1140 1521 1565 1613 Valentiniano,
1602 1521 1739 1602 filiis
1795 1546 1994 1604 fratris

349 1611 464 1683 sui,
490 1617 752 1684 regnavit
785 1616 829 1652 “
861 1622 1025 1680 annis
1054 1626 1105 1695 4,
1133 1627 1228 1697 qui
1261 1634 1320 1684 et
1352 1611 1672 1699 legemdat
1705 1638 1767 1692 ut
1799 1650 1993 1693 mona-

344 1699 437 1755 chi
470 1702 812 1778 militarent,
847 1710 1112 1769 nolentes
1149 1715 1329 1786 jussit
1382 1718 1650 1778 interfici.
1684 1723 1908 1782 Iustina
1947 1724 1992 1759 ⁸²

347 1794 563 1863 autem,
580 1796 903 1867 superioris
925 1799 1312 1861 Valentiniani
1337 1822 1503 1877 uxor,
1523 1809 1989 1871 Valentinianum

2114 662 2208 716 bat
2234 662 2560 732 Niceta,vir
2586 664 3091 737 praclarissimus,
3112 670 3169 723 et
3193 669 3396 725 Justus
3422 669 3765 741 Lugdunen-

2111 765 2252 807 sem.
2289 751 2387 807 IIic
2422 753 2530 808 sub
2556 753 2868 812 Paschasio
2890 756 3153 813 nutritus
3167 760 3224 812 et
3248 757 3470 815 Claudii
3491 759 3760 831 epiSCOpi

2109 839 2390 898 diaconus
2448 842 2519 897 ad
2580 842 3023 913 Lugdunensem
3078 844 3385 904 ecclesiam
3445 847 3761 918 regendam

2105 927 2433 987 translatus
2460 935 2568 988 est.
2605 931 2872 1001 Synodus
2907 938 3009 990 I50
3028 939 3258 1006 patrum
3282 940 3684 1006 congregatur
3708 936 3761 991 in

2107 1021 2251 1075 urbe
2296 1020 2453 1089 regia
2499 1022 2606 1076 sub
2638 1022 2882 1078 Damaso
2915 1037 3061 1094 papa
3093 1029 3154 1079 et
3186 1025 3459 1081 Gratiano
3492 1023 3762 1097 principe

2103 1112 2307 1164 contra
2336 1108 2729 1165 Macedonium
2761 1114 2817 1165 et
2850 1110 3190 1167 Eudoxium.
3226 1111 3425 1183 [ωλι-,1
3459 1114 3618 1169 Inter
3649 1113 3763 1167 Ro-

2105 1210 2303 1253 manos
2332 1200 2392 1251 et
2423 1197 2642 1254 Gothos
2675 1196 2842 1269 plura
2875 1199 3195 1255 certamina
3228 1206 3646 1259 conseruntur.

2177 1285 2481 1357 [Pnosrsn]
2517 1289 2681 1342 Anno
2709 1288 2761 1342 3.
2797 1285 2959 1356 regni
3009 1286 3312 1344 Theodosii
3364 1287 3763 1346 Athanaricus

2104 1389 2206 1430 rex
2258 1374 2601 1431 Gotthorum
2639 1388 2703 1430 se
2733 1374 3060 1432 Theodosio
3092 1377 3296 1448 tradit,
3330 1382 3391 1433 et
3422 1378 3765 1434 Constanti-

2106 1461 2363 1535 nopolim
2387 1462 2651 1533 veniens,
2680 1477 2887 1533 magno
2906 1477 2933 1519 a
2957 1462 3220 1535 principe
3240 1464 3459 1521 honore
3476 1465 3760 1536 donatus,

2104 1557 2188 1609 13.
2216 1552 2309 1607 die
2332 1550 2577 1623 interiit,
2606 1556 2664 1607 et
2699 1551 2966 1609 Alaricus
2988 1552 3298 1623 successit,
3324 1552 3679 1611 Merabaudo
3701 1560 3764 1610 ct

2103 1640 2416 1698 Saturnino
2447 1640 2804 1698 consulibus.
2835 1641 3033 1714 [lnam]
3065 1641 3379 1699 Undecimo
3408 1656 3559 1699 anno
3587 1644 3759 1714 regni

2104 1729 2193 1787 sui
2226 1730 2462 1786 Romam
2494 1730 2801 1799 ingressus
2834 1745 2964 1787 cum
2998 1730 3116 1787 filio
3147 1731 3423 1802 Honorio,
3450 1731 3613 1802 leges
3645 1733 3762 1787 Ro-

2108 1833 2409 1875 manorum
2443 1817 2669 1889 integra
2701 1820 3105 1876 emendatione
3124 1819 3403 1876 correxit.
3424 1819 3618 1893 [Βευι]
3646 1820 3760 1877 Ma-

350 1892 589 1949 puerum
612 1884 681 1939 ad
698 1884 949 1945 heresim
965 1890 1343 1950 Arrianorum
1360 1895 1654 1955 declinare
1670 1904 1984 1976 persuasit,
2017 1922 2073 1985 Β
2106 1907 2312 1977 ximus,
2346 1907 2438 1963 vir
2470 1911 2745 1964 strenuus
2774 1916 2831 1965 et
2865 1913 3118 1978 augusto
3151 1908 3385 1979 dignus,
3411 1909 3523 1965 nisi
3547 1914 3755 1966 contra

348 1973 477 2025 erat
507 1971 657 2029 enim
690 1979 747 2030 et
782 1975 903 2047 ipsa
938 1980 1533 2058 Arriana-Preceptis
1565 1971 1704 2060 ergo
1745 1971 1989 2065 impera;

347 2058 537 2130 toriis,
561 2061 820 2122 Arrianis
837 2066 1149 2127 traduntur
1167 2073 1516 2146 ecelesiae,et
1534 2078 1587 2133 in
1604 2058 1992 2140 mediolanen-

347 2146 395 2202 si
431 2147 678 2207 ecclesia
704 2150 749 2185 ⁸³
772 2155 1095 2216 Auxentius
1120 2170 1496 2231 promovetur
1512 2166 1828 2227 hereticus.
1847 2172 1987 2229 Post

345 2235 514 2307 cujus
536 2253 727 2297 seram
743 2247 986 2301 mortem
1003 2248 1308 2307 Ambrosio
1330 2253 1607 2327 episcopo
1628 2256 1824 2316 divino
1846 2266 1988 2318 nutu

349 2327 698 2401 constituto,
723 2346 853 2388 cum
886 2333 942 2389 in
974 2349 1103 2392 eum
1137 2339 1294 2408 regia
1328 2341 1661 2402 desevirent
1695 2348 1986 2421 mandata,

346 2417 402 2469 et
439 2431 548 2473 una
583 2432 696 2489 quo
728 2420 956 2478 Arriani
988 2428 1366 2485 convenirent
1400 2436 1703 2503 peteretur
1747 2417 1987 2497 basilica

349 2521 453 2561 nec
488 2506 923 2582 impetraretur,
957 2515 1326 2589 populusque
1355 2520 1612 2581 civitatis
1643 2527 1985 2585 observaret

352 2596 741 2671 Ambrosium,
767 2614 838 2657 ne
869 2602 924 2658 vi
958 2608 1162 2676 raptus
1194 2608 1268 2679 ab
1295 2609 1542 2669 ecclesia
1576 2614 1748 2672 exilio
1782 2618 1989 2688 religa-

348 2685 527 2740 retur.
562 2699 886 2745 sermonem
919 2691 1142 2765 habuit,
1180 2711 1347 2767 quem
1381 2699 1451 2755 de
1481 2703 1787 2761 tradendis
1838 2685 1988 2763 havsi-

340 2771 473 2829 licis
503 2778 705 2833 contra
737 2778 1087 2837 Auxentium
1122 2786 1719 2862 praetitulavit,quem
1743 2796 1875 2865 quia
1897 2795 1987 2853 his

343 2863 563 2919 nostris
578 2867 945 2938 temporibus
959 2884 1283 2941 congruere
1298 2877 1532 2949 scimus,
1550 2880 1681 2937 huic
1705 2863 1987 2953 opusculo

341 2949 656 3010 adnectere
689 2956 1027 3014 curabimus
1058 2960 1190 3031 (38).
1226 2964 1401 3020 Tanta
1435 2967 1585 3023 enim
1621 2949 1827 3028 beatus
1861 2974 1988 3029 Am-

343 3038 591 3112 brosius,
626 3056 757 3099 cum
794 3044 1047 3117 undique
1077 3050 1318 3107 Iustinae
1371 3055 1629 3112 Arrianze
1680 3059 1896 3129 regina;
1928 3064 1984 3116 et

343 3128 500 3196 regis
533 3135 913 3202 appeteretur
944 3134 1193 3209 insidiis,
1230 3139 1283 3194 in
1317 3142 1567 3199 ecclesia
1610 3146 1709 3202 Dei
1761 3128 1987 3205 labora-

341 3215 422 3272 vit
456 3219 512 3272 et
544 3217 848 3277 desudavit
882 3221 1188 3297 industria,
1223 3231 1285 3284 ut
1317 3246 1420 3301 per
1449 3246 1578 3288 eum
1611 3235 1680 3291 ad
1715 3235 1984 3294 ultimum

344 3310 518 3363 recte
544 3306 677 3363 fidei
700 3312 825 3365 tota
849 3281 1402 3389 subdei'eturltalia,
1421 3321 1573 3378 Gens
1597 3321 1775 3392 igitur
1800 3326 1987 3383 Huno-
2019 3281 2067 3342 Ο

342 3409 465 3450 rum
499 3394 596 3452 diu
621 3396 940 3457 inaccessis
962 3403 1189 3461 reclusa
1216 3408 1508 3465 montibus
1534 3409 1754 3484 [Osos],
1782 3428 1987 3485 repen-

336 3482 456 3539 tina
481 3483 644 3541 rabie
667 3487 888 3556 percita
914 3492 1135 3548 exarsit
1159 3492 1213 3550 in
1237 3496 1477 3569 Gothos,
1494 3482 1985 3572 eosque—sparsim

335 3573 718 3632 conturbatos
748 3577 821 3633 ab
852 3579 1110 3650 antiquis
1144 3584 1383 3642 sedibus
1405 3586 1591 3657 pellit.
1622 3589 1792 3645 Gothi
1821 3596 1982 3662 vero,

341 3662 588 3718 transito
605 3664 866 3722 Danubio
893 3667 1203 3741 fugientes,
1222 3687 1250 3727 a
1276 3674 1517 3732 Valente
1542 3677 1667 3733 sine
1694 3692 1983 3737 armorum

337 3747 701 3821 depositione
725 3758 859 3810 sunt
882 3757 1141 3828 suscepti
1168 3758 1386 3834 [Bnnx].
1416 3764 1657 3836 Moxque
1675 3782 1779 3838 per
1802 3769 1986 3825 avari-

334 3836 483 3893 ciam
513 3839 738 3897 Maximi
765 3840 932 3898 ducis
958 3844 1104 3901 fame
1122 3847 1194 3903 ad
1220 3848 1620 3910 rebellandum
1634 3836 1843 3926 coacti,
1864 3858 1985 3914 fun-

336 3924 558 3982 duntur
591 3928 647 3983 in
677 3929 898 4000 Tracia,
933 3931 1209 4005 victoque
1240 3936 1501 3997 Valentis
1524 3943 1787 4001 exercitu
1812 3924 1983 4004 simul

337 4014 526 4071 omnia
553 4016 834 4090 caedibus,
857 4018 1141 4079 incendiis
1166 4026 1499 4100 rapinisque
1529 4031 1805 4090 fuderunt
1835 4034 1984 4106 [llis-

340 4102 517 4176 ηοω.
547 4106 678 4178 Ipse
712 4106 1195 4182 imperator,suis
1221 4130 1407 4188 usque
1431 4118 1500 4175 ad
1525 4102 1981 4181 internecionem

336 4192 514 4265 cesis,
551 4210 680 4252 cum
713 4196 926 4268 sagitta
960 4201 1195 4259 saucius
1229 4204 1475 4277 fugeret,
1497 4210 1555 4265 et
1581 4209 1783 4268 dolore
1808 4212 1982 4271 nimio

338 4296 477 4356 sepe
501 4298 651 4356 equo
676 4285 995 4358 laberetur,
1014 4290 1085 4346 ad
1108 4293 1387 4364 proximae
1401 4296 1617 4355 villulae
1641 4300 1979 4359 casellulam

333 4371 687 4445 deportatus
717 4380 811 4433 est
836 4377 1052 4452 [Bx-3m].
1077 4380 1200 4449 Quo
1224 4382 1668 4457 insequentibus
1693 4391 1976 4462 barbaris,

336 4459 569 4518 incensa
607 4464 798 4535 domo,
823 4467 1129 4539 sepultura
1153 4472 1364 4541 caruit,
1389 4475 1634 4533 eundem
1659 4477 1879 4537 habens
1900 4459 1980 4537 lo-

329 4564 459 4606 cum
492 4554 549 4606 et
584 4552 791 4609 mortis
822 4557 879 4610 et
915 4557 1198 4630 sepulcri,
1234 4574 1285 4615 a'
1321 4561 1481 4618 Dom.
1517 4566 1637 4621 377.
1665 4597 1705 4605 -
1765 4568 1981 4624 Gratia-

2105 1996 2456 2053 sacramenti
2492 1995 2660 2052 fidem
2683 2011 2786 2067 per
2808 1996 3175 2067 tyrannidem
3199 1997 3546 2054 emersisset
3565 1997 3630 2068 ³⁸,
3661 2013 3758 2055 eo-

2105 2086 2233 2141 dem
2266 2098 2414 2140 anno
2448 2084 2504 2140 in
2538 2084 2821 2140 Brittania
2856 2085 3074 2141 invitus
3105 2086 3177 2141 ab
3207 2084 3475 2143 exercitu
3507 2086 3756 2158 impera-

2104 2179 2199 2229 tor
2229 2178 2484 2245 creatus,
2523 2175 2575 2230 in
2611 2173 2854 2229 Galliam
2886 2174 3142 2245 transiit,
3178 2173 3374 2246 ibique
3412 2174 3750 2232 Gratianum

2103 2268 2417 2333 augustum
2452 2263 2605 2320 dolis
2634 2263 3095 2320 circumventum
3129 2263 3391 2334 Lugduni
3432 2263 3748 2322 interfecit.

2102 2351 2262 2407 Unde
2293 2350 2337 2384 ⁸⁸
2364 2352 2737 2409 Jheronimus
2772 2371 2783 2406 :
2824 2375 2847 2401 α
2883 2353 3151 2410 Cruenta
3174 2352 3257 2409 ait
3279 2366 3481 2410 manus
3501 2353 3750 2423 ve:tigia

2105 2440 2358 2512 parietes
2404 2441 2490 2497 tui
2542 2442 2818 2511 Lugdune
2849 2440 2893 2473 ⁸⁷
2926 2446 3218 2498 testantur
3269 2448 3376 2514 (ep.
3413 2442 3521 2513 60).
3552 2464 3578 2492 ι)
3618 2443 3751 2498 Fra-

2103 2534 2368 2599 tremque
2422 2529 2548 2600 ejus
2606 2527 3074 2584 Valentinianum
3142 2528 3307 2585 Italia
3384 2527 3631 2602 expulit,
3689 2538 3744 2585 et

2099 2618 2395 2673 Victorem
2448 2617 2626 2673 filium
2672 2632 2837 2673 suum
2890 2617 3166 2687 instituit,
3203 2618 3301 2689 qui
3347 2618 3548 2674 eodem
3597 2632 3746 2674 anno

2102 2722 2214 2776 quo
2273 2706 2551 2763 Maximus
2602 2708 2835 2763 occisus
2883 2712 2974 2763 est
3021 2708 3093 2762 ab
3145 2709 3490 2778 Arbogastc.
3531 2705 3744 2778 [Βευλς

2099 2798 2404 2868 Pnosran].
2743 2885 2753 2895 .
2973 2886 2984 2897 ι
3067 2886 3080 2897 _
3210 2886 3220 2895 Ι
3670 2886 3680 2897 .

2171 2887 2331 2942 Hunc
2362 2884 2408 2918 ⁸⁸
2435 2899 2575 2955 ergo
2609 2885 2914 2942 Maximum
2959 2886 3297 2943 Ambrosius
3328 2900 3356 2941 a
3390 2886 3745 2943 communio-

2100 2974 2188 3031 nis
2208 2974 2504 3031 consortio
2527 2973 2879 3044 segregavit,
2897 2987 3231 3031 ammonens
3245 2979 3307 3031 ut
3331 2973 3497 3031 effusi
3515 2975 3742 3046 sangui-

2101 3063 2188 3119 nis
2221 3062 2435 3119 domini
2468 3064 2556 3119 sui
2587 3066 2643 3118 et
2677 3062 2828 3134 quod
2861 3068 2947 3120 est
2970 3062 3209 3132 gravius
3234 3062 3564 3121 innocentis
3586 3065 3742 3136 peni-

2099 3153 2340 3208 tentiam
2375 3158 2594 3221 ageret.
2634 3151 2743 3207 Sed
2773 3167 2903 3207 cum
2937 3151 3033 3207 ille
3077 3151 3456 3222 penitentiam
3489 3151 3737 3209 declinat

2099 3242 2392 3312 superbus
2427 3240 2658 3311 spiritu,
2677 3254 2789 3296 non
2815 3238 3002 3296 solum
3029 3236 3280 3295 futuram
3305 3241 3408 3296 sed
3431 3244 3489 3295 et
3513 3255 3740 3312 presen-

2101 3334 2215 3385 tem
2249 3329 2499 3385 salutem
2531 3328 2744 3384 amisit.
2783 3329 2993 3384 Contra
3025 3342 3197 3399 quem
3239 3328 3594 3387 Theodosius
3642 3344 3741 3401 pu-

2096 3416 2316 3489 gnavit,
2354 3421 2413 3473 et
2444 3432 2513 3473 eo
2546 3414 2882 3485 interfecto,
2910 3415 3377 3473 Valentinianum
3409 3430 3587 3487 regno
3621 3433 3733 3474 res-

2101 3506 2262 3563 tituit
2314 3505 2559 3577 [Onus],
2598 3504 2854 3576 peractis
2902 3520 2932 3560 a
2978 3505 3311 3561 conditione
3359 3505 3553 3561 mundi
3605 3510 3740 3563 5690

2098 3595 2284 3663 annis,
2322 3594 2416 3665 qui
2472 3594 2624 3666 apud
2669 3594 2946 3649 Viennam
3004 3609 3153 3651 anno
3200 3593 3469 3665 sequenti
3520 3593 3737 3651 scelere

2099 3683 2442 3753 Arbogastis
2474 3682 2707 3739 comitis
2739 3682 3086 3739 interfectus
3108 3686 3199 3739 est
3225 3684 3380 3754 (Inxr
3400 3683 3510 3754 Ep.
3537 3684 3646 3755 60).
3674 3684 3734 3739 Et

2097 3773 2166 3828 de
2199 3774 2307 3830 hoc
2335 3771 2706 3829 Jhcronimus
2744 3791 2754 3825 :
2794 3796 2819 3820 σι
2846 3771 3224 3841 Adolescens,
3253 3771 3460 3843 inquit,
3489 3771 3735 3828 Valenti-

2096 3861 2304 3918 uianus
2326 3875 2473 3933 pene
2498 3875 2643 3932 puer
2666 3865 2797 3932 post
2825 3861 3038 3931 fugam,
3058 3864 3187 3932 post
3211 3858 3404 3931 exilia,
3426 3864 3557 3932 post
3578 3875 3737 3916 recu-

2098 3954 2361 4021 peratum
2393 3948 2576 4006 multo
2608 3948 2889 4018 sanguine
2924 3948 3249 4020 imperium,
3276 3949 3415 4004 haut
3442 3947 3646 4021 procul
3668 3949 3734 4003 ab

2096 4040 2239 4096 urbe
2272 4038 2544 4095 fraternas
2571 4035 2617 4071 ”
2646 4038 2854 4094 mortis
2882 4037 3113 4094 conscia
3146 4042 3389 4094 necatus
3418 4041 3527 4108 est,
3558 4041 3616 4093 et
3650 4052 3735 4094 ca-

2095 4126 2906 4185 daverexanimeinfamatum
2932 4127 3243 4199 suspendio
3266 4126 3483 4199 [Bson].
3504 4150 3529 4176 ι
3559 4125 3733 4183 Annis

2095 4221 2154 4274 11
2183 4216 2565 4284 Theodosius,
2592 4215 2926 4273 viventibus
2945 4215 3221 4273 Gratiano
3238 4220 3297 4271 et
3313 4215 3729 4277 Valentiniano.

2094 4306 2390 4362 Orientem
2425 4305 2599 4375 rexit,
2626 4310 2755 4377 post
2790 4309 3031 4361 mortem
3067 4320 3268 4361 eorum
3290 4308 3323 4361 6
3344 4304 3511 4361 annis
3538 4319 3734 4375 regna-

2093 4396 2194 4451 vit.
2231 4396 2427 4467 Ipsum
2457 4394 2502 4428 °°
2535 4408 2765 4465 quoque
2809 4393 3071 4466 prefatus
3120 4392 3483 4449 admirabilis
3530 4392 3732 4450 doctor

2094 4482 2439 4540 Ambrosius
2470 4484 2542 4540 ab
2581 4482 2850 4552 ingressu
2881 4480 3145 4539 ecclesia
3179 4486 3238 4539 ct
3269 4496 3298 4538 a
3329 4481 3729 4539 communione

2091 4578 2592 4629 sacramentorum
2625 4585 2730 4643 pro
2763 4571 3113 4642 quibusdam
3153 4570 3494 4628 excessibus
3544 4568 3731 4643 prohi-

330 4653 439 4696 nus
468 4646 659 4698 autem
693 4657 823 4701 cum
858 4645 1039 4703 fratre
1071 4647 1480 4709 Valentiniano
1513 4656 1776 4725 regnavit
1811 4658 1976 4717 annis
2007 4642 2061 4704 D
2094 4661 2217 4718 buit
2244 4678 2259 4727 ;
2295 4660 2448 4734 quod
2480 4660 2559 4716 ita
2588 4642 3084 4718 clementissimus
3112 4660 3431 4731 imperator
3479 4656 3726 4730 gratanti

330 4733 381 4797 6,
409 4742 438 4783 a
474 4743 587 4800 quo
616 4729 976 4791 TheodoSius
1006 4735 1232 4794 electus
1265 4739 1322 4795 in
1346 4739 1671 4814 imperium,
1696 4747 1977 4804 maximas

331 4815 463 4874 illas
496 4818 785 4879 Scithicas
839 4827 1069 4894 gentes,
1107 4825 1163 4899 id
1207 4832 1297 4885 est
1349 4828 1719 4904 Alemannos,
1756 4836 1975 4909 Ilunos,

332 4904 568 4978 Gothos,
605 4911 830 4980 magnis
862 4912 1177 4986 multisque
1202 4916 1420 4988 praeliis
1455 4919 1621 4977 fudit.
1659 4922 1835 4994 Cujus
1867 4904 1980 4981 vir-

330 4998 515 5052 tutem
550 5000 611 5053 et
641 4999 1016 5057 concordiam
1048 5017 1162 5059 non
1198 5005 1455 5065 ferentes
1478 5010 1730 5082 Arriani,
1757 5018 1887 5085 post
1911 5017 1979 5073 40

330 5096 512 5140 annos
569 5084 874 5158 ecclesias,
926 5104 1071 5161 quas
1119 5092 1171 5147 vi
1223 5098 1557 5170 tenuerant,
1590 5084 1973 5172 reliquerunt.

2092 4750 2283 4808 animo
2312 4751 2576 4824 suscepit
2607 4754 2668 4807 ut
2701 4748 2993 4824 publicam
3027 4749 3405 4822 penitentiam
3438 4762 3548 4804 non
3570 4749 3730 4804 abor-

2094 4843 2270 4895 reret.
2298 4839 2614 4897 Interfecto
2641 4844 2835 4896 autem
2873 4838 3282 4896 Valentiniano
3315 4840 3578 4909 augusta
3623 4850 3726 4891 me-

2092 4928 2292 4984 moriae
2317 4928 2370 4982 in
2398 4927 2955 4998 annisjuvenilibus,
2973 4928 3265 4998 Eugenius
3279 4926 3537 4998 suscepit
3558 4925 3725 4996 impe-

2094 5016 2263 5085 rium,
2292 5016 2386 5086 qui
2423 5015 2552 5086 quia
2588 5017 2658 5073 de
2693 5017 3011 5088 repetenda
3035 5031 3132 5072 ara
3163 5014 3435 5072 Victoriae
3467 5029 3528 5070 se
3561 5011 3727 5070 sacri-

2093 5102 2245 5173 legio
2280 5103 2533 5174 miscuit,
2560 5105 2896 5163 Ambrosius
2929 5120 3165 5162 munera
3198 5104 3324 5175 ejus
3345 5102 3566 5175 sprevit
3588 5100 3723 5158 etab

1687 5225 1922 5281 VARle
1963 5228 2360 5283 LECTIONES.

398 5329 525 5437 ςοό.
565 5347 615 5388 e.
649 5335 716 5391 in
741 5351 935 5437 ngam.
969 5338 1089 5421 ".r.
1126 5354 1176 5437 a‘.
1212 5344 1589 5437 subantem,
1622 5345 1667 5437 ξ’
1694 5349 1917 5437 Iustina
1950 5383 2020 5433 .—
2065 5351 2230 5408 Italia
2278 5354 2342 5437 cli.
2378 5366 2580 5437 'maazg.
2616 5352 2661 5386 ⁸⁸
2708 5354 2973 5437 ecclesiae
3001 5367 3047 5411 ο.
3079 5351 3124 5386 ⁸⁸
3155 5352 3378 5437 Quo—.7
3407 5350 3722 5437 translatus

330 5404 417 5460 est
448 5404 516 5461 in
547 5418 746 5511 marg.
774 5407 820 5442 ⁸⁸
844 5404 1168 5468 eversisset
1195 5427 1241 5470 ο.
1269 5413 1315 5447 ⁸⁸
1345 5416 1506 5472 Unde
1527 5404 1597 5457 Ζ
1635 5423 1928 5476 testantur
1956 5423 2021 5478 in
2058 5404 2251 5493 iam.
2280 5404 2337 5456 δῖ
2378 5404 2654 5494 Lugdune
2687 5438 2733 5495 c,
2780 5424 2826 5457 ⁸⁸
2870 5426 3032 5481 Hunc
3072 5455 3139 5463 —
3163 5404 3377 5479 ~amisit
3426 5423 3492 5480 in
3535 5432 3719 5490 marg.

330 5471 373 5506 ”
404 5475 568 5532 Frnae
599 5489 646 5533 θ.
751 5479 945 5533 losum
975 5512 1044 5521 —
1076 5482 1424 5533 interfectus
1454 5488 1522 5533 in.
1549 5503 1720 5533 mam:

328 5471 373 5506 ”
404 5475 568 5532 Frnae
599 5489 646 5533 θ.
678 5471 724 5511 ⁸ο
751 5479 945 5551 Ipsum
975 5512 1044 5521 —
1076 5482 1424 5543 interfectus
1454 5471 1522 5544 in
1549 5471 1740 5562 mai};

1917 5614 2139 5671 ΝΟΤᾸΞ.

401 5724 511 5798 (38)
545 5726 835 5782 Ambrosii
870 5727 1112 5798 epistola
1146 5735 1205 5788 21
1244 5732 1315 5788 ad
1348 5731 1835 5796 Valentinianum.
1866 5742 2065 5800 Sermo
2099 5746 2302 5802 contra
2334 5743 2684 5802 Auxentium
2717 5745 2786 5815 Il,
2818 5748 2941 5800 863.
