3922 6408
170 472 251 537 ⁵⁷
1432 472 1822 543 01111οΝ10(

2003 510 2039 522 -
2068 474 2221 538 LIB.
2271 477 2317 538 Ι.
3502 467 3580 532 58

173 608 428 670 ecclesia
447 626 577 671 eum
602 614 659 670 et
675 614 1132 687 complieesejus
1148 615 1383 690 abjecit,
1410 631 1599 688 neque
1614 618 1815 690 postea
1848 608 1905 669 A
1938 618 1997 673 21
2044 612 2246 687 (Gesta
2270 626 2328 687 φ.
2356 611 2474 686 12.).
2520 610 2816 671 Successit
2866 607 3242 667 Innocentius
3296 606 3575 679 Albanus,

178 700 387 760 faciem
411 702 540 774 ejus
570 703 737 760 vidit.
769 706 989 779 [lnam].
1036 706 1143 774 Qui
1174 724 1304 765 cum
1339 707 1465 764 suis
1506 707 1819 764 omnibusa

176 790 497 849 Theodosio
513 797 606 848 est
628 793 993 851 interfectus.
1022 798 1342 854 Defunctus
1358 800 1449 853 est
1463 795 1820 853 Theodosius

174 878 480 936 Mediolani
514 885 599 937 17.
636 896 786 937 anno
818 884 979 953 regni
1014 885 1124 942 sui.

252 969 413 1024 Anno
436 969 508 1025 ab
538 968 652 1025 inc.
692 970 849 1025 Dom.
902 974 1024 1027 397.
1078 971 1321 1028 Siricius
1370 985 1515 1043 papa
1557 987 1586 1027 a
1646 973 1821 1027 Petro

177 1059 265 1123 40,
290 1060 457 1128 patre
505 1058 801 1128 Tyburtio.
841 1059 993 1115 sedit
1025 1060 1280 1116 annist5
1324 1060 1529 1127 (Gesta
1576 1075 1643 1132 Ρ.
1698 1060 1815 1129 12.).

178 1145 281 1201 Hie
317 1146 574 1218 precepit
604 1148 1003 1219 penitentibus
1034 1149 1089 1204 iu
1127 1149 1331 1205 ultimo
1377 1149 1650 1206 viaticum
1710 1164 1820 1205 non

179 1234 401 1304 negari.
437 1235 595 1292 Obiit
624 1242 676 1293 8.
715 1236 836 1292 Kal.
876 1237 1003 1308 Mai,
1039 1243 1097 1293 et
1148 1239 1398 1295 cessavit
1447 1239 1824 1309 episcOpatus

179 1323 390 1379 diebus
417 1328 487 1382 20
509 1325 627 1395 (fol.
664 1326 774 1397 25).
804 1327 905 1383 Cui
940 1332 1075 1397 post
1100 1328 1305 1385 diesQO
1328 1328 1610 1385 successit
1646 1330 1823 1383 Anas-

180 1410 366 1467 tasius
396 1411 703 1481 Romanus,
741 1416 906 1486 patre
938 1415 1201 1471 Maximo.
1236 1415 1339 1471 Hic
1387 1416 1696 1472 constituit
1758 1418 1820 1472 ut

180 1500 645 1573 quotiescunque
663 1503 1027 1569 evangelium
1047 1504 1821 1573 recitatur,sacerdotesnon

178 1588 439 1658 sedeant,
474 1590 577 1645 sed
601 1595 760 1647 stent
783 1593 966 1649 curvi.
994 1595 1072 1649 De
1095 1592 1584 1650 hoeJheronimus
1604 1593 1659 1650 in
1677 1594 1824 1664 epis-

176 1676 327 1733 stola
358 1677 428 1733 ad
465 1678 747 1751 principia
782 1680 861 1736 ita
926 1681 1188 1753 loquitur
1220 1682 1460 1754 [menon
1500 1697 1584 1754 ep.
1632 1681 1776 1753 127.]
1808 1700 1819 1738 :

180 1789 203 1810 α
240 1766 361 1821 Non
396 1765 637 1824 multum
666 1773 895 1840 tempus
927 1769 979 1825 in
1015 1771 1202 1826 medio
1226 1771 1508 1827 successit
1546 1771 1600 1826 in
1635 1770 1823 1841 ponti-

180 1851 355 1909 ficatu
377 1854 466 1909 vir
484 1855 732 1925 insignis
751 1859 1289 1928 Anastasius,quem
1305 1858 1401 1916 diu
1417 1861 1591 1916 Roma
1608 1860 1821 1915 habere

1939 710 2105 778 patre
2140 703 2476 760 Innocentio
2512 723 2527 769 ;
2559 703 2889 771 sedita.15,
2915 716 2986 757 m.
3013 706 3064 770 2,
3112 698 3166 756 d.
3199 702 3288 757 2|.
3332 697 3491 755 Obiit
3522 702 3575 755 5.

1936 793 2056 851 Kal.
2082 794 2350 863 Augustii
2379 812 2392 859 ;
2426 793 2678 849 cessavit
2711 793 3093 863 episcopatus
3117 788 3171 845 d.
3225 789 3311 846 22.
3340 787 3426 844 Ab
3464 787 3574 845 hoc

1933 884 2238 940 ordinatus
2272 884 2527 939 mittitur
2552 883 2620 939 ad
2651 883 2883 937 Scottos
2907 881 2963 936 in
3006 879 3299 935 Christum
3336 875 3577 934 creden-

1933 971 2335 1030 tesPalladius
2355 972 2574 1043 primus
2606 972 2936 1042 episcopus,
2979 983 3127 1025 anno
3162 966 3359 1024 abiuc.
3410 967 3570 1021 Dom.

1935 1064 2058 1130 431,
2089 1077 2238 1118 anno
2260 1061 2487 1133 imperii
2519 1058 3085 1129 Theodosiijunioris
3120 1061 3171 1116 8.

2006 1150 2260 1206 Eudoxio
2284 1148 2591 1206 Theodosii
2623 1145 2906 1219 principis
2933 1162 3076 1203 uxor
3122 1141 3577 1214 Hierosolymam

1938 1241 2197 1310 profecta
2232 1238 2430 1313 [RBDA]
2465 1242 2754 1307 catenam,
2789 1252 2898 1308 qua
2925 1238 3133 1293 Petrus
3184 1231 3488 1307 apostolus
3547 1247 3577 1287 a

1934 1330 2160 1383 Nerone
2182 1328 2412 1385 vinetus
2448 1326 2550 1383 fuit
2581 1327 2632 1382 in
2668 1341 2930 1394 carcere,
2993 1340 3023 1382 a
3082 1324 3334 1397 quodam
3374 1320 3577 1379 Iudaeo

1936 1418 2203 1487 suscepit
2235 1421 2290 1473 et
2326 1418 2564 1472 Romam
2586 1430 2715 1471 cum
2736 1416 2936 1471 multis
2961 1413 3092 1471 aliis
3128 1411 3395 1483 relijuiis
3426 1415 3579 1466 attu-

1935 1505 2029 1560 lit.
2051 1505 2412 1562 Theodosius
2430 1520 2578 1561 anno
2602 1505 2826 1577 imperii
2845 1504 3042 1560 sui27.
3072 1502 3240 1573 obiit,
3265 1500 3356 1558 cui
3373 1499 3576 1556 eodem

1935 1609 2081 1649 anno
2106 1596 2429 1651 Marcianus
2463 1594 2742 1651 successit
2772 1590 3228 1664 “,ctsumptain
3244 1588 3577 1659 conjugium

1934 1698 2133 1739 sorore
2165 1684 2471 1740 Theodosii
2498 1689 2697 1752 regnat
2736 1683 2788 1738 in
2819 1680 3085 1753 partibus
3109 1678 3369 1735 Orientis
3404 1675 3577 1733 annis

1934 1770 2211 1844 7[11).1τ.].
2247 1772 2693 1829 Valentinianus
2716 1778 2774 1827 et
2806 1770 3063 1827 Placidia
3122 1768 3317 1824 Romae
3361 1779 3580 1822 moran-

1935 1867 2053 1931 tur,
2073 1863 2285 1932 vixque
2301 1876 2436 1919 suos
2453 1863 2593 1917 fines
2609 1864 2680 1919 ab
2698 1861 2821 1916 inci:
2836 1860 3030 1915 rsione
3048 1859 3432 1914 barbarorum
3452 1869 3581 1924 gen-

176 1956 292 1997 non
316 1943 639 2014 meruit,ne
656 1946 818 2001 orbis
848 1951 1020 2020 caput
1051 1949 1158 2005 sub
1189 1947 1290 2004 tali
1334 1948 1610 2019 episcopo
1659 1953 1821 2005 trun-
1854 1967 1907 2026 Β
1941 1950 2081 2006 tium
2104 1951 2419 2007 defendere
2439 1956 2493 2006 et
2540 1950 2689 2007 tueri
2717 1948 3058 2021 praevalent.
3102 1943 3489 2015 Temporibus
3534 1940 3580 1975 ”

176 2034 417 2088 caretur
439 2050 453 2099 ;
478 2032 649 2090 immo
682 2034 900 2091 idcirco
922 2040 1128 2107 raptus
1162 2042 1337 2107 atque
1370 2038 1819 2106 translatus'est,

177 2133 247 2174 ne
281 2119 614 2177 simulatam
631 2124 981 2180 sententiam
1005 2126 1282 2195 precibus
1306 2126 1429 2183 suis
1484 2126 1719 2182 ﬂectere
1734 2142 1825 2183 eo-

178 2214 444 2279 naretur,
480 2229 507 2261 »
542 2217 745 2282 aperte
770 2213 1071 2270 insinuans
1093 2218 1322 2286 raptum
1337 2230 1465 2271 eum
1488 2216 1827 2286 anteirrup-

175 2296 395 2354 tionem
414 2299 587 2357 Urbis
617 2301 825 2357 factam
865 2303 975 2359 sub
1008 2301 1240 2359 Alarico
1280 2303 1607 2376 [Pnosren].
1648 2306 1828 2375 lmpe-

183 2386 352 2442 rabat
383 2391 523 2444 tunc
559 2389 886 2447 Archadius
916 2407 1044 2447 eum
1074 2394 1255 2447 fratre
1297 2394 1549 2449 Honorio
1584 2412 1595 2450 :
1658 2394 1824 2464 cujus

177 2488 329 2531 anno
358 2481 412 2532 7.
449 2477 598 2533 facta
623 2484 709 2534 est
746 2479 1026 2536 revelatio
1057 2482 1823 2553 prothomartiristftephani

180 2569 230 2619 5.
268 2563 937 2638 Kalendar.Decemhr.,
987 2573 1044 2625 et
1079 2570 1313 2639 11.ejus
1362 2585 1512 2626 anno
1573 2571 1716 2625 obiit
1769 2572 1820 2626 S.

177 2653 464 2709 Martinus
497 2657 546 2710 3.
576 2654 712 2712 [dus
743 2657 883 2712 Nov.
914 2658 1054 2713 feria
1086 2661 1134 2728 1,
1164 2657 1296 2714 luna
1332 2664 1418 2726 15,
1458 2673 1606 2714 anno
1631 2659 1824 2715 aetatis

176 2756 303 2798 suae
335 2743 829 2815 71,episcopatus
860 2749 928 2800 23
980 2744 1100 2817 (ib).
1153 2747 1437 2815 Regnavit
1499 2747 1823 2804 Archadins

178 2830 351 2886 annis
382 2829 448 2887 13
485 2848 499 2899 ;
532 2832 624 2887 cui
661 2834 949 2890 Honorius
982 2836 1265 2891 successit
1323 2852 1450 2893 eum
1499 2836 1825 2893 Theodosio

176 2919 434 2984 minore;
467 2922 637 2992 cujus
668 2926 947 2993 tempore,
993 2938 1142 2979 anno
1197 2924 1268 2979 ab
1321 2925 1431 2981 inc.
1490 2926 1647 2980 Dom.
1697 2930 1820 2997 433,

172 3006 253 3062 διο
297 3006 572 3065 Celestini
622 3024 784 3081 papm
817 3025 987 3078 anno;
1020 3013 1196 3068 tertia
1258 3014 1512 3083 synodus
1536 3014 1820 3085 Ephesina

176 3100 283 3152 200
309 3100 539 3168 patrum
559 3102 764 3155 contra
786 3100 1117 3156 Nestorium
1170 3102 1346 3170 regiae
1397 3102 1557 3157 urbis
1600 3103 1823 3174 episco-

178 3199 311 3255 pum
341 3203 355 3251 ;
388 3189 447 3241 et
481 3186 1180 3257 peractistricennalibus
1198 3190 1320 3245 suis
1347 3190 1489 3247 obiit
1518 3192 1736 3264 [lnam],
1762 3196 1821 3248 et

176 3273 540 3331 Theodosius
567 3290 697 3331 cum
738 3276 1148 3334 Valentiniano
1206 3279 1514 3335 successit.
1565 3282 1711 3336 Ante
1766 3284 1814 3335 4.

176 3360 521 3420 consulatus
550 3362 852 3421 Theodosii
887 3380 1097 3422 annum
1132 3367 1307 3423 Roma
1341 3369 1413 3423 ab
1455 3367 1688 3424 Alarico
1729 3385 1816 3424 ca'

180 3450 339 3521 pitur
381 3451 710 3526 [hospes],
747 3456 911 3511 Anno
941 3460 993 3511 7.
1048 3456 1209 3524 regni
1261 3455 1563 3513 Theodosii
1616 3458 1819 3514 Aetius

180 3539 295 3595 dux
320 3539 627 3610 utriusque
652 3541 884 3599 miliciae
909 3544 1193 3614 patricius
1252 3544 1603 3616 appellatur,
1640 3546 1736 3617 qui
1762 3550 1817 3601 et

177 3628 646 3701 Burgundiones,
692 3631 788 3701 qui
843 3630 1210 3688 rebellabant
1261 3633 1556 3704 Romanis,
1617 3635 1822 3704 perdo-

180 3716 322 3772 muit
349 3717 572 3789 [ΙοΑτ.[,
608 3719 777 3776 caesis
796 3719 1112 3777 20milibus
1134 3720 1206 3776 de
1228 3736 1422 3777 eorum
1452 3723 1736 3792 exercitu,
1764 3726 1819 3778 et

177 3805 495 3863 Gothorum
531 3807 628 3878 qui
659 3807 746 3864 eis
794 3808 1073 3867 auxilium
1124 3809 1445 3881 prebebant
1498 3816 1529 3867 7
1588 3811 1824 3868 milibus

177 3892 393 3967 [Jonn].
415 3895 829 3954 Wandalorum
864 3911 1008 3967 gens
1029 3898 1099 3953 de
1134 3898 1335 3968 vagina
1370 3914 1488 3955 sua:
1512 3899 1822 3956 habitatio-

174 3981 261 4038 nis
294 3998 537 4054 egressa
571 3984 787 4043 Gallias
818 3986 1053 4042 invasit.

245 4072 390 4130 Post
424 4073 823 4131 Innocentium
848 4075 1117 4132 Romanae
1150 4075 1417 4132 ecclesiae
1460 4076 1609 4133 sedit
1671 4077 1823 4135 Zosi-

175 4174 300 4218 mus
331 4162 574 4232 Grecus,
611 4166 776 4233 patre
826 4164 1115 4233 Ebranno,
1175 4179 1225 4219 a.
1286 4169 1335 4233 3,
1392 4180 1463 4219 m.
1511 4169 1561 4233 3,
1614 4166 1670 4222 d.
1731 4170 1817 4229 26,

171 4249 377 4312 (Gesta
394 4249 538 4323 post
563 4249 682 4319 13.).
708 4250 864 4307 Obiit
887 4254 942 4307 8.
978 4252 1099 4307 Kal.
1121 4254 1245 4309 Jan.
1277 4271 1291 4319 ;
1325 4269 1375 4308 c.
1421 4267 1474 4308 e.
1538 4254 1591 4309 d.
1630 4260 1686 4310 11
1717 4272 1730 4321 ;
1762 4259 1818 4310 et

175 4341 303 4406 post
320 4354 452 4395 eum
473 4338 817 4396 Bonefacius
830 4340 1141 4411 Romanus,
1162 4345 1326 4412 patre
1360 4340 1648 4398 Joeundio
1665 4358 1822 4413 pres-

174 4424 385 4499 bitero,
405 4442 454 4483 a.
478 4432 528 4499 3,
549 4443 619 4483 m.
636 4427 761 4498 8,d.
779 4434 830 4484 7.
848 4428 1003 4484 Obiit
1020 4433 1067 4486 8.
1100 4429 1219 4485 Kal.
1242 4430 1366 4486 Oct.
1394 4444 1478 4495 ;c.
1496 4444 1546 4486 e.
1575 4429 1628 4485 (1.
1650 4435 1700 4486 9.
1722 4432 1820 4487 Hic

174 4515 278 4571 sub
309 4516 687 4575 contentione
710 4516 1161 4575 ordinaturcum
1204 4517 1429 4575 Eulalio
1458 4523 1513 4574 et
1553 4518 1657 4575 fuit
1707 4519 1820 4577 dis-

175 4612 363 4669 sensio
386 4613 442 4669 in
461 4613 638 4670 clero.
664 4614 1049 4680 Quamobrem
1083 4614 1375 4671 Honorius
1417 4614 1738 4686 imperator
1757 4619 1813 4672 et

1940 2037 2325 2095 Valentiniani
2358 2045 2416 2095 et
2448 2039 2722 2095 Placidia:
2748 2037 2951 2094 matris
2975 2036 3103 2107 ejus
3119 2033 3305 2103 viguit
3350 2032 3405 2089 S.
3444 2030 3580 2086 Ger—

1912 2142 2143 2184 -manus
2162 2128 2694 2184 Autissiodorensis
2712 2124 3075 2197 temporibus
3100 2119 3580 2179 ZosimietBone-

1944 2217 2095 2285 facii,
2125 2216 2401 2273 Celestini
2429 2232 2589 2289 papa:
2629 2223 2688 2273 et
2725 2216 2891 2286 Xi-ti,
2936 2210 3140 2269 Hilarii
3191 2208 3574 2275 Arelatensis,

1945 2306 2280 2375 presidente
2302 2307 2664 2375 Lugdunensi
2682 2304 2931 2361 ecclesia
2950 2308 3085 2375 post
3117 2301 3456 2358 Senatorem
3472 2298 3579 2353 Eu-

1938 2393 2138 2449 cherio
2184 2397 2479 2466 pontifice,
2521 2396 2752 2452 Ysichio
2796 2391 3131 2459 Viennensi,
3176 2392 3401 2461 etpost
3445 2400 3577 2441 eum

1941 2481 2279 2541 Claudiano.
2303 2482 2965 2554 [Pnosren].Theodosio
2991 2484 3074 2536 13.
3127 2485 3187 2535 01
3226 2474 3579 2533 Valentinia-

1940 2584 2013 2624 no
2036 2575 2086 2625 2.
2118 2570 2459 2626 ronsnlibus
2496 2565 3186 2627 Germanusllritanniam
3208 2563 3331 2620 ivit.
3369 2562 3579 2633 Gayse-

1942 2659 2260 2714 ricusenim
2291 2674 2388 2716 rex
2410 2659 2817 2715 Wandalorum
2838 2655 3088 2712 Siciliam
3103 2651 3373 2720 vastavit,
3390 2655 3578 2705 etter-

1942 2764 2034 2803 ras
2049 2764 2247 2803 omnes
2263 2750 2332 2805 ad
2349 2748 2446 2818 jus
2463 2748 2688 2820 imperii
2717 2747 3111 2819 pertinentes;
3145 2758 3249 2798 nec
3264 2740 3458 2813 potuit
3474 2738 3578 2794 Va-

1939 2836 2297 2892 lentinianus
2331 2838 2403 2894 ab
2466 2836 2854 2892 insectatione
2929 2833 3312 2888 barbarorum
3359 2830 3574 2883 terram

1938 2923 2427 2996 suamjdefenderc
2443 2921 2647 2993 (Gesta
2664 2938 2720 2993 ρ.
2741 2920 2860 2989 1%.).
2880 2920 3020 2975 Post
3045 2917 3403 2973 Celestinum
3421 2913 3578 2970 sedit

1936 3013 2131 3069 Roma)
2146 3014 2360 3083 Xystus
2385 3026 2528 3084 papa
2545 3013 2861 3077 Romanus,
2878 3013 3043 3080 patre
3056 3008 3258 3077 Xysto,
3276 3018 3325 3060 a.
3344 3007 3397 3073 8,
3414 3003 3572 3059 (1.14.

1939 3102 2035 3155 Hic
2065 3107 2190 3172 post
2212 3116 2421 3156 annum
2437 3104 2493 3157 et
2517 3101 2792 3155 mensesB
2840 3096 3293 3152 ineriminatura
3318 3092 3573 3163 quodam

1938 3190 2134 3245 Bn:=so.
2162 3190 2323 3255 Quod
2354 3186 3373 3253 audiensValentinianusaugustus,
3395 3178 3575 3251 jussit

1933 3278 2242 3333 concilium
2264 3277 2875 3348 congregari,etfacto
2898 3278 3190 3330 conventu
3232 3273 3515 3342 purgatur
3546 3284 3574 3323 a

1935 3367 2333 3439 suapisCOpis,
2357 3372 2414 3423 et
2438 3367 2908 3437 condempnatur
2932 3365 3155 3419 Bassus
3179 3375 3208 3417 a
3227 3360 3471 3430 synodo,
3495 3358 3574 3412 ita

1936 3464 2125 3513 tamen
2172 3463 2235 3513 ut
2282 3456 2489 3513 ultimo
2539 3456 2630 3512 die
2662 3455 2713 3512 ci
2771 3453 3047 3509 viaticum
3097 3464 3209 3507 non
3261 3450 3576 3519 negaretur

1936 3547 2148 3602 intuitu
2190 3546 2628 3602 bummanitatis
2658 3549 2715 3599 et
2767 3539 3185 3599 misericordiae
3246 3536 3571 3612 [Pnosrsn].

1933 3634 2457 3691 Etio"etValerio
2481 3634 2824 3691 consulibus
2844 3632 3047 3688 Xistus
3081 3643 3225 3701 papa
3270 3627 3576 3684 ordinatur

1936 3725 2117 3781 totius
2132 3725 2290 3780 orbis
2307 3741 2445 3796 pace
2461 3728 2827 3779 etconsensu
2846 3719 3129 3776 mirabile.
3150 3718 3273 3784 Quo
3295 3716 3574 3773 defuncto

1935 3817 2001 3870 40
2019 3814 2228 3871 diebus
2256 3817 2312 3870 et
2348 3811 2596 3884 amplius
2628 3811 2881 3867 Romana
2914 3807 3165 3866 ecclesia
3188 3804 3310 3862 sine
3344 3807 3574 3878 pastore

1936 3904 2064 3974 fuit,
2101 3901 2509 3973 mirabilipace
2541 3904 2598 3955 et
2635 3898 2914 3972 patientia
2944 3895 3297 3969 presentiam
3348 3892 3573 3949 diaconi

1935 3992 2143 4049 Leonis
2174 3995 2515 4062 expectans,
2555 4003 2725 4059 quem
2778 3992 2915 4043 tunc
2974 3984 3172 4041 Galliae
3233 3982 3573 4039 detinebant

1934 4084 2377 4151 componentem
2427 4074 3002 4148 paci-minterEtium
3033 4068 3575 4144 etiAlbinuugquasi

1935 4170 2064 4227 ideo
2080 4169 2371 4224 abductus
2388 4170 2570 4234 esset,
2591 4170 2652 4221 ut
2670 4163 2843 4220 electi
2868 4163 3137 4219 meritum
3160 4166 3217 4218 et
3233 4158 3574 4230 eligentium

1927 4256 2211 4329 judicium
2244 4256 2599 4326 probaretur
2650 4252 2923 4323 (Gestap.
2979 4251 3077 4320 R.)
3134 4248 3576 4305 Valentinianus

1933 4350 2127 4403 autem
2160 4348 2447 4413 angustus
2474 4356 2604 4397 cum
2620 4340 2877 4397 Placidia
2906 4346 3090 4396 matre
3114 4342 3357 4408 augusta
3378 4337 3574 4393 furore

1931 4434 2205 4494 commoti
2236 4433 2476 4488 Bassum
2502 4429 2930 4502 proscriptione
2970 4427 3571 4497 condempnaverunt,

1929 4522 2201 4581 etomnia
2238 4519 2451 4593 praedia
2490 4518 2913 4587 facultatesque
2936 4516 3062 4586 ejus
3079 4514 3348 4572 ecclesia:
3397 4514 3575 4569 tradi-

1930 4615 2163 4670 derunt.
2199 4611 2353 4665 Nutu
2372 4622 2507 4664 vero
2541 4606 2869 4663 divinitatis
2892 4605 3041 4660 intra
3076 4608 3107 4660 3
3135 4617 3365 4660 menses
3404 4601 3576 4658 mori-

175 4706 417 4769 augusta
459 4702 713 4760 Placidia
729 4718 858 4759 cum
882 4702 1002 4759 filio
1027 4702 1431 4760 Valentiniano
1448 4680 1813 4762 Bonefaeium
1844 4680 1898 4741 D
1932 4708 2027 4759 tur
2050 4701 2287 4767 Bassus,
2312 4697 2480 4766 cujus
2504 4711 2722 4769 corpus
2736 4696 2950 4767 Xystus
2969 4707 3113 4765 papa
3127 4708 3255 4748 cum
3287 4689 3575 4748 linteami-

176 4795 700 4849 assenseruntesse
731 4791 1071 4864 episcopum
1098 4793 1291 4863 Urbis,
1343 4791 1629 4849 Eulalium
1654 4793 1816 4850 mise.

177 4885 310 4935 runt
337 4880 494 4937 foras
525 4880 580 4937 in
606 4881 1147 4953 Campaniam.Post
1174 4896 1343 4951 quem
1401 4883 1635 4938 a.Dom.
1690 4884 1811 4939 428.

176 4966 499 5027 Celestinus
522 4970 831 5039 Romanus,
855 4974 1023 5042 patre
1061 4970 1284 5041 Prisco,
1318 4985 1368 5027 a.
1401 4972 1454 5039 8,
1478 4986 1550 5026 m.
1611 4975 1695 5035 10,
1757 4971 1811 5027 d.

179 5058 242 5111 17
279 5057 499 5131 [leua].
539 5057 694 5115 Obiit
718 5061 772 5113 8.
808 5057 945 5115 ldus
975 5058 1190 5131 Aprilis
1224 5076 1237 5124 ;
1272 5073 1322 5115 0.
1357 5073 1406 5114 0.
1431 5058 1485 5114 (1.
1521 5062 1608 5116 20.
1632 5060 1818 5116 Hono-

179 5142 298 5201 rius
347 5146 391 5180 “
453 5146 856 5204 Constantium
910 5147 1219 5218 patricium
1274 5147 1426 5218 apud
1485 5148 1815 5204 Ravennam

177 5239 501 5291 consortem
538 5235 939 5308 fecitimperii,
977 5235 1073 5307 qui
1106 5241 1163 5291 et
1188 5234 1519 5303 ,Placidiam
1575 5250 1813 5293 uxorem

177 5317 338 5376 duxit
396 5339 653 5381 sororem
687 5324 832 5395 ejus,
867 5338 938 5380 ex
958 5339 1069 5394 qua
1093 5323 1294 5393 genuit
1324 5324 1810 5382 Valentinianum.

180 5408 515 5469 Anastasius
545 5428 691 5485 papa
724 5412 869 5468 obiit
892 5418 942 5468 5.
972 5412 1208 5467 Kalend.
1244 5412 1367 5467 Mai.
1395 5417 1452 5467 et
1482 5427 1630 5469 cess.
1667 5428 1716 5467 e.
1755 5413 1810 5467 d.

1930 4790 2182 4847 minibus
2203 4785 2635 4843 etaromatibus
2651 4788 2917 4839 tractans
2937 4786 2995 4837 et
3019 4780 3365 4849 recondens,
3408 4793 3575 4850 sepe-

1931 4880 2055 4935 livit
2070 4877 2139 4934 ad
2156 4878 2209 4933 S.
2226 4875 2534 4944 Pctrumin
2548 4871 2823 4930 cubiculo
2839 4874 3142 4942 parentum
3163 4869 3287 4940 ejus
3300 4867 3422 4937 (fol.
3439 4867 3567 4937 25').

1929 4966 2110 5035 Hujus
2127 4961 2663 5035 supplicationibus
2682 4957 3419 5027 Valentiianusaugustus
3442 4971 3572 5012 cum

1928 5062 2114 5112 matre
2146 5052 2401 5109 Placidia
2436 5050 2615 5106 multa
2649 5052 2988 5105 ornamenta
3021 5044 3237 5119 optulit
3257 5045 3326 5101 ad
3342 5044 3573 5102 confes-

1928 5145 2151 5201 sionem
2176 5141 2330 5198 beati
2365 5139 2548 5210 Petri,
2582 5144 2641 5196 et
2670 5152 2901 5210 semper
2924 5138 3235 5193 Romanam
3265 5134 3569 5191 ecclesiam

1929 5232 2200 5306 provexit
2222 5237 2279 5287 et
2304 5229 2535 5287 extulit.

2000 5325 2165 5378 Anno
2188 5322 2279 5376 ab.
2316 5319 2429 5375 inc.
2465 5318 2625 5373 Dom.
2661 5317 2780 5371 445.
2817 5313 3103 5371 successit
3166 5313 3273 5369 Leo
3327 5313 3571 5381 Tuscus,

1930 5416 2096 5481 patre
2155 5408 2486 5475 Quintiano.
2535 5405 2694 5461 Sedit
2740 5420 2790 5460 a.
2843 5404 2930 5471 2'1,
2994 5419 3067 5459 in.
3115 5406 3165 5471 1,
3220 5402 3275 5457 d.
3329 5404 3416 5455 28.
3470 5401 3572 5456 llic

1537 5563 1771 5618 VARI/li
1812 5559 2211 5619 LECTIONES.

242 5699 299 5776 “_
319 5704 607 5763 Honorius
648 5735 723 5747 —
751 5705 806 5762 d.
848 5708 935 5761 22.
958 5704 1022 5762 in
1049 5716 1244 5776 marg.
1274 5702 1320 5736 υ
1369 5718 1420 5759 a.
1456 5704 1519 5757 D.
1556 5706 1658 5760 449
1693 5704 1760 5761 in
1788 5716 1981 5775 mm-g.
2039 5700 2084 5735 ’³
2141 5699 2520 5772 Temporibus
2574 5729 2640 5737 ~—
2702 5695 2805 5751 ivit
2869 5695 2931 5753 in
2960 5707 3152 5767 marg.
3204 5691 3249 5725 “
3301 5690 3448 5747 Elio
3506 5721 3571 5731 --

178 5772 525 5843 probaretur
551 5776 617 5834 in
639 5790 831 5848 marg.
902 5806 903 5809 η
