3922 6402
306 400 383 468 59
1256 413 1624 479 HUGONIS
1669 416 2020 483 ABBATIS
2061 419 2745 492 FLAVINIACENSIS
3620 419 3704 486 60

306 544 690 636 deprehendit
716 547 861 608 duas
884 549 1146 623 hereses,
1162 555 1220 608 et
1244 553 1318 609 ob
1341 551 1397 609 id
1441 551 1593 610 misit
1619 551 1689 609 ad
1713 551 1941 612 fidelem
1972 551 2030 616 A
2062 558 2354 635 principes
2376 561 2601 621 scilicet
2642 568 2702 621 et
2728 562 3039 636 pontifices
3090 562 3336 623 Arriano
3365 577 3525 623 cano
3573 574 3704 620 sor-

309 634 627 708 principem
653 638 1022 711 Marcianum,
1058 645 1114 698 et
1148 642 1299 697 facta
1340 640 1805 698 collacionecum
1856 657 1946 699 eo-

308 725 435 782 dem
462 727 742 800 principe,
764 730 1064 786 convocati
1088 730 1493 803 suntepiscopi
1509 731 1765 787 secundo
1782 732 1940 801 regni

307 813 434 885 ejus
458 830 627 886 anno,
656 817 753 888 qui
785 824 912 874 erat
942 820 1140 876 abinc.
1177 821 1334 877 Dom.
1374 821 1496 890 452,
1547 825 1607 877 et
1624 822 1833 877 factum
1855 824 1942 878 est

308 904 618 961 concilium
644 905 697 961 in
716 908 858 963 urbe
875 908 1221 977 Calcedona,
1247 914 1307 966 et
1338 911 1674 980 congregati
1692 914 1825 966 sunt
1841 911 1945 967 256

309 993 651 1049 sacerdotes
679 999 738 1051 et
768 994 1014 1052 aliorum
1058 1013 1301 1068 quorum
1355 999 1617 1055 cucurrit
1675 1013 1947 1072 cyrogra-

310 1080 480 1151 phus,
513 1085 637 1151 354,
665 1083 1143 1156 quisimuljuncti
1175 1086 1316 1142 fiunt
1338 1090 1444 1144 600
1465 1088 1945 1145 sacerdotescum

315 1183 478 1240 papae
510 1169 718 1228 Leonis
743 1174 1105 1244 cyrographo
1143 1179 1203 1231 et
1252 1175 1532 1232 Martiano
1565 1182 1836 1248 augusto,
1888 1180 1948 1231 et

308 1260 891 1328 exposueruntfidem
924 1263 1365 1334 catholicam,et
1396 1264 1776 1336 apostolicam
1804 1264 1950 1321 duas

309 1347 642 1415 naturas,in
667 1348 1005 1420 Chriso,Dei
1029 1351 1271 1408 simulet
1307 1353 1653 1409 hominis.ln
1687 1351 1947 1423 quoloco

310 1432 616 1504 piissimus
650 1437 1190 1511 princepsunacnm
1216 1456 1396 1498 uxore
1438 1442 1744 1499 Pulcheria
1777 1441 1949 1511 depo-

312 1520 421 1577 sita
447 1523 602 1593 regia
638 1525 940 1596 majestate
972 1528 1142 1585 fidem
1175 1546 1333 1587 suam
1372 1533 1773 1603 exposuerunt
1814 1534 1948 1585 ante

313 1617 1094 1685 conspectumsacerdotum,
1117 1622 1174 1674 et
1193 1633 1317 1675 eam
1335 1620 1827 1692 propriocyrogra
1838 1617 1948 1690 pho

312 1706 692 1773 exponentes,
728 1705 1178 1775 postulaverunt
1198 1712 1465 1766 sanctum
1523 1705 1835 1764 concilium
1888 1709 1953 1761 ut

315 1786 679 1857 dirigeretur
727 1793 798 1849 ad
854 1794 1253 1852 beatissimum
1307 1811 1510 1868 papam
1552 1797 1811 1853 Leonem.
1870 1793 1951 1849 lbi

2059 651 2267 708 dentes
2286 652 2870 723 perquosecclesiam
2902 669 3063 710 suam
3106 654 3217 711 sub
3255 653 3495 726 praefato
3528 654 3704 709 Cons—

2057 741 2265 811 tantio,
2290 741 2519 797 Juliano
2534 748 2592 798 et
2606 742 2845 799 Valente
2862 742 3416 815 persequutionibus
3430 754 3702 798 crescere

2056 830 2386 899 etdilatari,
2415 831 2687 889 meliusei
2731 846 2863 888 esse
2912 846 3083 902 quam
3119 833 3175 887 in
3209 846 3352 902 pace
3412 827 3702 887 luxuriari

2056 918 2312 976 edocuit.
2343 920 2486 976 Hinc
2513 925 2756 991 paterno
2771 921 2982 977 affectu
3000 921 3136 978 filiis
3155 921 3263 977 sub
3278 920 3521 977 verbere
3540 919 3699 988 inge-

2058 1008 2459 1077 miscentihus,
2494 1008 2943 1066 etauxiliumde
2982 1009 3367 1066 tribulatione
3414 1006 3705 1080 poscenti-

2060 1097 2192 1164 bus,
2219 1097 2309 1167 pie
2338 1096 2630 1167 misertus,
2653 1099 2760 1154 sub
2800 1097 3123 1153 Theodosio
3175 1097 3436 1168 principe
3471 1094 3702 1167 flagella

2057 1185 2430 1255 temperavit,
2457 1186 2686 1255 quando
2719 1185 2846 1253 ejus
2866 1185 3144 1257 principis
3168 1184 3445 1242 virtutem
3478 1198 3589 1241 non
3626 1183 3707 1238 fe-

2061 1277 2258 1330 rentes
2275 1275 2522 1337 Arriani,
2548 1274 2828 1331 ecclesias
2873 1289 3017 1345 quas
3041 1289 3144 1346 per
3176 1274 3563 1345 quadraginta
3603 1287 3708 1329 an-

2061 1376 2166 1418 nos
2198 1363 2251 1418 vi
2276 1367 2607 1433 tenuerant,
2635 1363 3017 1434 reliquerunt.
3055 1361 3466 1434 Quorespectu
3492 1361 3716 1418 divinae

2063 1451 3339 1523 pietatisexhilaratuspopuluschristianus,
3382 1451 3518 1507 dum
3575 1465 3714 1507 rur-

2064 1556 2164 1596 sus
2193 1541 2323 1613 plus
2351 1558 2517 1612 aequo
2540 1542 2761 1599 nocivm
2786 1541 3333 1612 indulgeretquieti,
3352 1545 3410 1595 et
3436 1556 3507 1595 ex
3525 1540 3713 1596 abun-

2064 1630 2221 1686 danti
2245 1635 2304 1687 et
2326 1631 2760 1702 supercmuenti
2792 1646 2983 1687 rerum
3015 1630 3183 1701 copia
3236 1628 3585 1707 propensius
3606 1643 3714 1685 cu-

2066 1723 2151 1775 rat
2170 1720 2771 1791 corpora,securitate
2794 1720 3077 1791 deceptus
3106 1723 3215 1789 est,
3257 1722 3311 1773 rt
3362 1732 3614 1775 excusso
3674 1733 3709 1773 a

2066 1809 2397 1867 cervicibus
2411 1812 2534 1866 suis
2544 1811 2683 1881 jugo
2698 1810 2924 1865 timoris
2938 1809 3233 1878 dominici,
3274 1821 3539 1880 praeceps
3561 1807 3712 1863 fere-

322 1874 620 1970 dampnati
653 1885 789 1937 sunt
835 1883 1136 1953 Euthices,
1195 1885 1499 1942 Nestorius
1530 1891 1589 1940 et
1636 1885 1871 1942 Dioscor

2165 1916 2240 1955 ,ur
2260 1899 2330 1955 ad
2355 1900 2599 1968 scelera,
2617 1899 2781 1954 devia
2799 1913 3042 1969 quaeque
3059 1899 3397 1954 sectabatur
3424 1900 3484 1953 et
3532 1895 3714 1952 lubri-

322 1963 589 2021 heretici.
617 1968 717 2023 llic
738 1969 946 2028 beatus
977 1972 1086 2028 Leo
1111 1972 1266 2029 misit
1298 1974 1512 2030 multas
1561 1973 1841 2047 epistolas
1883 1974 1953 2030 de

318 2049 430 2107 fide
454 2052 523 2108 ad
548 2055 910 2127 Martianum,
947 2060 1018 2115 ad
1042 2060 1285 2117 Leonem
1328 2066 1660 2133 augustum,
1716 2063 1784 2118 ad
1830 2062 1951 2117 Fla-

315 2138 545 2197 vianum
615 2145 975 2218 episcopum,
1039 2164 1166 2220 quae
1231 2152 1521 2208 habentur
1596 2152 1652 2207 in
1702 2152 1954 2210 archivis

317 2227 588 2287 Romanae
647 2234 915 2292 ecclesiae
957 2237 1146 2311 [Ano].
1188 2242 1463 2312 Tempore
1494 2240 1540 2274 ⁸⁸
1590 2240 1859 2297 Marciani
1897 2246 1957 2296 et

318 2313 704 2376 Valentiniani
724 2323 993 2382 Ysichius
1014 2327 1356 2384 Viennensis
1392 2328 1710 2400 episcopus
1743 2327 1957 2384 claruit

318 2409 456 2473 post
488 2407 858 2483 Mamercum,
884 2414 981 2485 qui
1018 2417 1348 2485 rogationes
1366 2417 1648 2488 instituit,
1671 2422 1731 2473 et
1750 2417 1957 2475 diebus

328 2490 538 2550 Ysichii
566 2499 816 2557 Severus
838 2508 1141 2575 presbyter
1172 2505 1241 2561 de
1275 2506 1430 2562 India
1480 2506 1754 2563 Viennam
1778 2507 1954 2563 venit.

334 2581 402 2637 Et
433 2584 755 2645 Eucherius
777 2592 1383 2661 Lugdunensisclarus
1406 2595 1671 2652 habetur.

400 2675 585 2745 Igitur
608 2676 679 2733 de
714 2680 833 2735 vita
866 2684 922 2737 et
984 2682 1306 2740 virtutibus
1356 2684 1509 2739 beati
1554 2686 1736 2756 patris
1775 2685 1959 2742 nostri

326 2763 660 2824 Pulchronii
686 2782 865 2839 pauca
900 2768 1222 2842 loquuturi,
1276 2774 1580 2845 superiora
1641 2779 1963 2845 pertracte-

326 2867 471 2923 mus,
498 2857 556 2909 et
580 2870 750 2926 quam
766 2858 964 2926 gravia
979 2873 1266 2931 quamque
1284 2862 1610 2933 periculosa
1639 2864 1963 2920 sacerdotis

322 2941 449 3011 ('jus
476 2947 735 3015 tempora
755 2946 995 3017 fuerint,
1017 2948 1070 3005 in
1096 2949 1222 3020 ejus
1239 2949 1410 3006 laude
1428 2950 1497 3007 ad
1515 2952 1961 3009 aedificationem

323 3031 685 3090 audientium
719 3036 980 3092 breviter
1012 3036 1371 3108 indagemus.
1407 3040 1599 3110 thue
1644 3039 1871 3113 plenius
1895 3040 1961 3096 il-

323 3119 583 3178 lucescat
606 3124 688 3179 rei
721 3125 963 3196 veritas,
996 3125 1261 3184 dicamus
1284 3142 1353 3184 ex
1389 3128 1635 3185 historia
1682 3130 1961 3188 Italorum

322 3211 592 3268 Getarum
617 3216 677 3268 et
708 3214 1092 3271 Romanorum
1119 3231 1220 3272 seu
1256 3218 1430 3274 etiam
1462 3218 1873 3276 Wandalorum
1905 3225 1965 3276 et

323 3300 665 3374 Suevorum,
699 3303 838 3373 quid
863 3303 933 3360 de
957 3304 1049 3362 his
1080 3306 1444 3379 temporibus
1476 3313 1777 3366 recenseat
1820 3309 1965 3367 anti-

322 3390 688 3463 quitas,quid
706 3393 1077 3452 Jheronimus
1108 3395 1163 3451 in
1187 3396 1312 3453 suis
1333 3397 1627 3469 epistolis,
1663 3398 1799 3469 quid
1837 3414 1966 3470 pos-

325 3482 508 3537 tremo
529 3485 737 3551 gentes
761 3487 821 3538 et
844 3497 1019 3553 regna
1078 3485 1574 3543 suisattestentur
1616 3487 1966 3559 periculiset

320 3566 717 3626 calamitatum
749 3571 1022 3629 miseriis.

395 3657 511 3714 Sub
537 3657 917 3715 Constantino
939 3661 1089 3717 enim
1122 3662 1383 3735 principe
1416 3663 1512 3735 qui
1569 3664 1962 3721 monarchiam

325 3745 551 3818 imperii
580 3747 744 3803 solus
763 3749 1013 3820 optinuit
1037 3754 1094 3805 et
1117 3751 1266 3806 citra
1298 3751 1479 3809 ullum
1525 3754 1817 3811 hominum
1851 3759 1967 3811 sta-

324 3834 667 3908 tuittempla
680 3851 1001 3909 pagnorum
1017 3837 1231 3909 claudi,
1247 3840 1495 3897 ecclesia
1512 3842 1607 3898 Dei
1627 3842 1965 3911 jamdudum

325 3926 526 3994 optata
567 3922 844 3981 libertate
864 3926 1046 3997 potita
1081 3927 1313 3984 dilatari
1355 3930 1512 4000 cepit
1551 3936 1611 3986 et
1665 3946 1962 3999 crescere;

327 4012 427 4068 sed
442 4011 577 4069 dum
601 4013 773 4070 nimis
789 4014 1271 4085 srbiaggaudetin
1302 4017 1582 4076 felicitate
1618 4034 1852 4090 germen
1886 4022 1967 4077 vi-

327 4098 551 4156 ciorum
591 4100 1007 4158 luxuriantium
1024 4104 1194 4161 nimis
1208 4105 1260 4160 in
1279 4120 1341 4162 se
1357 4106 1613 4177 neglexit
1645 4109 1960 4180 extirpare.

332 4189 483 4245 Arrii
515 4189 560 4223 °‘
584 4204 830 4263 namque
848 4192 1086 4263 perfidia
1122 4198 1338 4251 statum
1356 4197 1519 4267 pacis
1547 4197 1966 4256 ecclesiasticae

335 4279 699 4349 perturbavit
736 4284 797 4336 et
826 4280 948 4354 ipsa
985 4285 1427 4353 perturbatione
1449 4285 1525 4342 ita
1540 4287 1788 4357 gratiam
1814 4302 1969 4344 eom-

332 4366 623 4424 munionis
642 4369 950 4427 catholica
974 4372 1396 4444 pessumdedit,
1426 4377 1485 4430 ut
1502 4377 1612 4432 sub
1627 4376 1969 4433 Constantio

334 4456 854 4531 Constantinifilio,
882 4460 1015 4516 dum
1044 4476 1148 4533 per
1196 4461 1425 4533 singula
1458 4469 1742 4538 serperet,
1778 4464 1969 4522 Arria-

330 4559 464 4603 num
488 4560 550 4602 se
588 4546 706 4603 fere
739 4552 899 4606 totus
951 4550 1265 4608 miraretur
1306 4553 1488 4609 orbis.
1540 4555 1794 4626 Sequuta
1836 4557 1970 4611 sunt

334 4638 555 4709 pestem
577 4635 753 4706 illam,
772 4643 834 4695 ut
858 4644 1122 4711 matrem,
1140 4640 1390 4698 omnium
1407 4657 1619 4711 genera
1633 4621 1969 4715 criminum,
2000 4621 2055 4683 D

334 4738 461 4793 quae
495 4724 572 4781 ita
602 4726 909 4784 universos
926 4730 1786 4803 propemoduminfecerunt,ut
1827 4735 1974 4805 peri-

336 4811 910 4887 culosioratempora
928 4832 1094 4873 nemo
1116 4817 1331 4875 viderit
1363 4819 1716 4878 mortalium.
1761 4823 1973 4879 Verum

333 4901 466 4973 quia
489 4904 606 4960 Deo
624 4918 904 4975 nusquam
922 4906 1665 4978 abesteruditioniscausa,
1688 4925 1973 4980 nusquam

335 4990 762 5048 emendationis
779 4996 999 5049 nostrae
1013 4994 1328 5053 solicitude
1345 4995 1614 5068 discedit,
1632 4997 1862 5054 diversa
1893 4998 1976 5054 di-

336 5078 524 5136 versis
540 5080 1183 5152 temporibusetcausis
1198 5084 1448 5140 remedia
1464 5084 1975 5156 providet,quibus

337 5165 692 5225 alteraretur
750 5168 994 5227 malicim
1043 5172 1418 5229 seminarium
1458 5176 1516 5228 et
1574 5172 1977 5228 eliminaretur

339 5255 438 5324 (fol
471 5255 580 5324 30).
618 5256 701 5313 Ad
720 5258 828 5314 hoc
858 5259 1391 5317 enimevellendum
1420 5275 1493 5316 ex
1531 5261 1730 5317 eadem
1786 5276 1977 5318 massa

339 5343 688 5415 iniquitatis,
714 5347 974 5404 Arrianae
1030 5348 1253 5406 sevitiae
1303 5348 1974 5423 praeparavittribulam,

1996 3265 2045 3328 Ο

2067 2003 2155 2057 ca,
2179 1992 2526 2059 rectoreque
2550 1992 2887 2058 contempto
2921 1986 2975 2041 in
3012 1986 3288 2042 sordibus
3328 1985 3713 2042 volutabatur

2068 2077 2333 2148 luxuriae,
2356 2076 3002 2145 nectimuit,distentus
3036 2075 3421 2131 saturitateet
3462 2076 3710 2145 torpens

2066 2167 2216 2235 ocio,
2234 2166 2475 2235 inmergi
2492 2164 2799 2221 cenulenta
2815 2165 3091 2232 voragine
3108 2163 3411 2219 horribilis
3433 2166 3491 2218 et
3515 2161 3712 2218 detes-

2063 2258 2122 2310 ta
2134 2257 2258 2312 ndze
2274 2254 2635 2311 sodomiticaa
2675 2254 2727 2307 in
2739 2252 3061 2309 mundiciaa.
3079 2252 3233 2308 Vidit
3248 2253 3474 2309 Deuset
3498 2249 3707 2320 doluit,

2067 2350 2125 2399 et
2149 2343 2945 2399 adiracundiamconcitatus
2978 2348 3091 2410 est,
3127 2341 3426 2397 exarsitut
3460 2338 3711 2410 ignisira

2068 2432 2213 2503 ejus,
2242 2432 2371 2502 quia
2390 2435 3007 2503 provocaverunteum
3053 2430 3341 2500 quondam
3363 2428 3465 2484 filii
3507 2428 3592 2486 sui
3651 2433 3716 2484 et

2072 2520 2222 2585 filize,
2253 2535 2401 2575 nunc
2419 2524 2609 2574 autem
2633 2518 2837 2574 domus
2858 2518 3197 2573 irritatrieis
3219 2521 3276 2573 et
3321 2515 3717 2588 exasperatri-

2070 2609 2154 2664 cis
2187 2608 2478 2664 Samaria}.
2508 2606 2768 2677 Regebat
2799 2620 2901 2677 per
2923 2606 3279 2677 idtemporis
3300 2607 3610 2661 Romanam
3625 2619 3717 2660 ec-

2072 2697 2314 2753 elesiam
2336 2675 2817 2765 Innocentiusfet
2845 2710 2947 2766 per
2979 2675 3154 2751 urbes
3188 2692 3459 2751 Galliteet
3481 2693 3717 2748 Germa-

2075 2787 2182 2843 niae
2208 2785 2516 2857 pontifices
2568 2798 2763 2840 amore
2785 2783 3000 2840 Christi
3018 2783 3326 2853 ferventes,
3354 2780 3717 2851 fide,doctri-

2074 2891 2142 2931 na
2165 2872 2540 2929 etmiraculis
2575 2872 2873 2942 prmcipni,
2925 2876 3216 2943 plveerant
3250 2870 3552 2928 :ecclesiis.
3579 2871 3716 2926 Per-

2075 2978 2274 3036 paucae
2287 2966 2485 3019 tamen
2505 2975 2601 3017 era
2617 2965 2677 3017 nt
2697 2961 2909 3030 quibus
2924 2960 3184 3031 episcopi
3211 2962 3554 3031 praeessent,
3572 2957 3717 3014 mul-

2075 3058 2150 3109 ta:
2166 3051 2316 3108 enim
2334 3050 2673 3121 pastoribus
2689 3065 2828 3105 vaca
2839 3051 3001 3121 bant(
3022 3050 3151 3105 Vita
3170 3049 3383 3119 Antid).
3402 3050 3648 3104 Remoru
3661 3063 3713 3102 m

2076 3138 2443 3211 metropolim
2478 3143 2719 3195 sanctus
2753 3139 2992 3209 regebat
3021 3136 3287 3194 Nicasius
3318 3136 3715 3206 ;Linguonum

2077 3229 2207 3286 urbi
2244 3232 2485 3285 sanctus
2515 3234 2767 3299 praeerat
2790 3226 3127 3283 Desiderius
3163 3243 3176 3292 ;
3235 3225 3718 3296 Crisopolitanam

2078 3310 2276 3366 sedem
2312 3307 2423 3364 fide
2441 3313 2499 3364 et
2515 3306 2993 3376 magnanimitate
3010 3322 3140 3362 cum
3169 3306 3449 3362 bonorum
3476 3318 3719 3375 operum

2075 3398 2365 3455 exercitio
2415 3399 2659 3453 sanctus
2727 3394 3049 3451 adornabat
3093 3394 3387 3459 Antidius,
3426 3398 3487 3449 et
3518 3390 3722 3465 plures

2076 3492 2245 3544 erant
2276 3487 2393 3557 alii,
2412 3501 2482 3542 ex
2503 3490 2711 3542 tuncet
2731 3484 3155 3541 nunelueernae
3183 3481 3522 3539 lucentesin
3551 3482 3726 3538 domo

2076 3575 2319 3633 Domini.
2352 3574 2639 3643 lliiigitur
2660 3574 2801 3630 licet
2824 3572 3077 3630 assiduis
3110 3570 3528 3629 monitionibus
3580 3584 3724 3627 oves

2078 3665 2188 3722 sibi
2211 3662 2845 3720 creditassuaderenta
2890 3661 2983 3718 via
3014 3661 3113 3716 Dei
3145 3674 3258 3716 non
3283 3659 3576 3728 recedere,
3618 3673 3721 3729 po-

2076 3753 2256 3826 pulus
2274 3756 2465 3808 tamen
2483 3751 2798 3807 retroactis
2812 3749 3174 3821 temporibus
3198 3748 3445 3805 faciente
3479 3746 3720 3805 Arriana

2078 3842 2319 3913 perfidia
2354 3841 2475 3897 sine
2498 3840 2668 3908 duce,
2691 3838 2814 3897 sine
2830 3843 3081 3907 rectore,
3109 3838 3330 3907 absque
3348 3835 3722 3893 moderatore

2074 3930 2119 3965 ⁹⁷
2151 3946 2255 4001 per
2287 3943 2346 3986 se
2370 3929 2658 3984 inmatura
2687 3928 2908 3999 potitus
2929 3926 3227 3994 libertate,
3270 3926 3382 3980 etsi
3414 3925 3590 3982 verba
3617 3924 3722 3979 Dei

2076 4020 2370 4087 audiebat,
2406 4017 2629 4074 divitiis
2657 4021 2713 4073 et
2748 4015 3153 4087 voluptatibus
3188 4013 3389 4071 saeculi
3434 4017 3496 4069 ut
3540 4012 3724 4085 spinis

2076 4109 2416 4177 suffocatus,
2452 4107 2681 4163 fructus
2724 4107 3007 4161 bonorum
3046 4118 3286 4175 operum
3324 4101 3502 4159 affers
3563 4101 3727 4157 fasti-

2078 4199 2297 4254 diebat.
2332 4194 2493 4252 Unde
2540 4200 2599 4250 et
2660 4194 2848 4251 iratus
2896 4192 3174 4249 Dominus
3214 4206 3415 4249 omnes
3480 4189 3723 4247 Galliam

2079 4291 2137 4343 et
2156 4301 2303 4357 pene
2330 4287 2517 4340 totum
2538 4282 2914 4339 Occidentem
2931 4279 3366 4343 Wandalorum.
3384 4278 3721 4349 Alanorum,

2082 4378 2420 4444 Suevorum,
2453 4375 2846 4429 Sarmatorum
2880 4373 2940 4426 et
2972 4370 3271 4426 Hunorum
3293 4367 3538 4425 tradidit
3607 4366 3728 4437 gla-

2082 4465 2177 4521 dio
2201 4462 2518 4519 feriendam
2546 4459 2608 4515 ⁸⁸.
2648 4459 2758 4515 Sed
2813 4458 2859 4492 ⁹⁰
2907 4459 3104 4530 qnerit
3158 4457 3252 4514 hic
3312 4457 3563 4513 fortasse
3618 4455 3722 4512 ali-

2085 4553 2234 4623 quis,
2260 4551 2414 4608 unde
2444 4551 2567 4607 haec
2600 4553 2731 4607 orta
2766 4547 2961 4618 fuerit,
2987 4545 3076 4603 vel
3110 4545 3262 4602 unde
3293 4558 3502 4602 nomen
3532 4550 3726 4601 traxe-

2086 4642 2265 4698 runt?
2297 4641 2528 4714 [lsrnon
2563 4639 2651 4694 Et.
2689 4637 2778 4708 Ix,
2804 4636 2878 4707 2].
2900 4634 3275 4691 Wandelicus
3290 4648 3519 4705 quoque
3536 4634 3725 4691 amnis

2084 4736 2175 4789 est
2196 4731 2267 4785 ab
2281 4726 2786 4785 extremisfinibus
2801 4722 3000 4781 Gallias
3020 4736 3353 4795 erumpens,
3373 4721 3539 4794 juxta
3557 4734 3726 4793 quam

2084 4834 2186 4875 eos
2201 4816 2496 4873 habitasse
2527 4818 2583 4870 et
2603 4812 2966 4869 exWandalo
2989 4811 3165 4867 fluvio
3185 4811 3270 4867 sic
3298 4810 3518 4867 dictum
3545 4809 3727 4866 fuisse

2084 4905 2477 4965 certissimum
2506 4908 2615 4960 est.
2654 4902 2865 4959 Lanius
2892 4913 3033 4956 vero
3051 4899 3360 4956 fluviusest
3378 4897 3528 4957 ultra
3543 4900 3732 4955 Danu-

2087 4995 2242 5053 bium
2275 4994 2346 5050 ab
2370 4992 2550 5049 Alano
2574 4990 3031 5060 dictus,sicutet
3062 4987 3386 5044 Lemannus
3425 4985 3614 5043 dictus
3654 4988 3729 5043 ab

2086 5083 2419 5138 Alemanno.
2456 5081 2626 5137 Suevi
2658 5094 2799 5136 vero
2831 5078 2971 5134 dicti
2990 5082 3121 5134 sunt
3153 5090 3182 5131 a
3209 5080 3403 5132 monte
3431 5075 3730 5145 Suevoqui

2088 5172 2160 5228 ab
2192 5174 2325 5228 ortu
2358 5168 2585 5226 initium
2619 5165 3111 5235 Germaniaet‘acit,
3135 5163 3452 5236 cujusloca
3481 5162 3736 5220 incolue-

2089 5264 2260 5325 runt;
2297 5272 2540 5329 quorum
2573 5258 2751 5315 fuisse
2767 5260 2997 5311 centum
3016 5257 3512 5326 pagosetcentum
3557 5266 3735 5323 pepu-

2092 5349 2180 5405 los
2212 5346 2379 5404 multi
2414 5344 2815 5419 prodiderunt.
2852 5343 2954 5399 Est
2978 5347 3172 5399 autem
3206 5341 3399 5399 Genua
3433 5354 3570 5413 pars
3598 5339 3740 5395 Ger-

1692 5500 1928 5557 VARUS
1970 5498 2371 5557 LECTIO‘NES.

407 5621 453 5656 ”
478 5625 757 5695 Tempore
786 5655 853 5664 —
904 5624 1152 5679 habetur
1181 5625 1249 5682 in
1270 5638 1459 5696 marg.
1492 5623 1537 5657 ⁸⁸
1573 5624 1723 5681 Arrii
1784 5657 1853 5665 --
1908 5622 2273 5680 evellendam
2302 5623 2368 5678 in
2381 5632 2571 5690 marg.
2607 5617 2652 5652 ⁸⁷
2697 5622 2991 5674 moratore
3013 5628 3066 5672 ε’
3093 5614 3138 5648 ⁸⁸
3160 5614 3260 5671 hic
3274 5614 3748 5685 plurimam-asa

336 5720 381 5754 ”
403 5722 525 5783 hac
569 5754 638 5763 —
671 5720 1061 5781 confuderunt
1102 5722 1169 5780 in
1194 5722 1469 5797 margine
1482 5722 1605 5796 fol.
1659 5727 1725 5780 30
1746 5726 1803 5780 et
1838 5721 1924 5778 30’
