3922 6420
279 462 354 527 61
1547 469 1828 537 CHRON

2138 509 2157 519 -
2189 472 2342 537 LIB.
2376 471 2426 537 Ι.
3610 464 3687 527 62

280 602 507 664 mania.
540 600 846 662 Germania
875 616 1015 663 vero
1039 609 1247 676 gentes
1279 603 1559 679 plurimas
1602 604 1807 665 habuit
1849 604 1921 664 fe-
1947 603 2005 668 A
2032 609 2235 665 tusest
2259 605 2564 677 Occidens,
2580 609 2659 677 et,
2676 608 2740 663 ut
2772 603 3033 662 referunt
3060 598 3159 674 qui
3180 603 3511 674 temporum
3537 597 3690 674 ipso-

281 692 439 751 rocis
486 693 660 750 animi
689 699 749 752 et
782 708 1013 767 semper
1044 695 1329 767 indomiti,
1366 697 1556 754 varias
1586 696 1802 753 amictu
1830 694 1915 765 ίοο,

280 781 607 840 discolores
639 782 836 853 armis,
861 783 1076 854 linguis
1109 785 1390 855 dissonas,
1415 786 1639 855 origine
1668 787 1922 842 vocabu-

279 868 467 928 lorum
512 870 787 942 incertas,
821 876 884 929 ut
915 872 1237 944 Tolosates,
1271 874 1559 944 Ansivari,
1594 873 1918 944 Quadimgi,

278 960 684 1030 Marcomanni,
710 962 963 1032 Bruteri,
999 963 1241 1032 Camasi,
1268 962 1584 1034 Blangiani,
1609 964 1917 1033 Tubantes,

279 1063 524 1119 quorum
540 1050 871 1107 immanitas
885 1051 1155 1107 barbarie
1171 1052 1224 1107 in
1248 1052 1391 1123 ipsis
1413 1051 1595 1108 eciam
1620 1051 1921 1109 vocabulis

278 1137 579 1195 horrorem
630 1140 917 1209 quendam
971 1139 1262 1209 signiﬁcat
1317 1140 1538 1212 [Onos.]
1578 1142 1749 1197 Juxta
1783 1141 1922 1196 Oro-

278 1225 423 1282 sium
473 1230 735 1285 autorem
788 1227 841 1282 in
895 1229 1221 1299 Germania,
1268 1230 1364 1286 ubi
1416 1229 1587 1286 Suevi
1632 1228 1917 1300 habitant,

277 1319 409 1373 sunt
441 1320 648 1385 gentes
678 1320 763 1372 54.
798 1317 1025 1388 Europa
1062 1317 1235 1373 habet
1268 1319 1340 1374 ab
1380 1318 1609 1374 oriente
1661 1317 1917 1375 Alaniam

279 1403 429 1459 unde
463 1403 674 1472 Alani;
705 1403 760 1459 in
793 1405 984 1461 medio
1015 1406 1268 1477 Daciam,
1306 1407 1456 1462 unde
1506 1406 1646 1462 Dani
1674 1424 1688 1472 ;
1723 1407 1819 1463 ubi
1862 1412 1921 1463 et

278 1492 505 1563 Gothia,
524 1493 658 1549 inde
671 1493 863 1561 Gothi;
880 1494 1088 1551 deinde
1105 1495 1465 1551 Germaniam
1488 1494 1915 1568 [P.wi..!Diac.].

279 1582 363 1637 Ab
394 1581 501 1637 hac
533 1597 674 1651 ergo
708 1582 990 1653 populosa
1024 1583 1346 1653 Germania,
1366 1588 1426 1639 ut
1456 1585 1508 1639 in
1538 1584 1787 1642 Historia
1811 1586 1920 1640 Ita-

277 1668 462 1726 lorum
478 1675 763 1742 scriptum
781 1672 1114 1743 repperitur
1129 1672 1279 1728 libro
1298 1674 1337 1741 Ι,
1354 1688 1481 1744 cap.
1500 1677 1549 1742 1,
1568 1672 1764 1731 multae
1781 1688 1918 1745 sepe

274 1762 481 1828 gentes
499 1774 754 1829 egressae
777 1764 930 1829 sunt,
949 1775 1017 1815 eo
1033 1761 1184 1831 quod
1209 1766 1404 1818 tantos
1425 1762 1626 1831 gignat
1647 1761 1915 1833 populos,

274 1852 523 1917 quantos
544 1848 701 1904 alere
733 1849 826 1905 vix
859 1849 1093 1919 sufficit,
1130 1865 1257 1920 quae
1298 1855 1355 1907 et
1408 1854 1608 1922 partes
1659 1851 1810 1909 Asize
1859 1857 1915 1907 et

2034 712 2158 754 rum
2174 695 2432 768 pericula
2449 695 3079 765 eonscripserunt,non
3097 691 3204 749 fuit
3221 691 3436 749 civitas
3449 694 3549 749 aut
3564 704 3686 749 cas-

2029 790 2185 842 trum
2202 786 2256 842 in
2277 785 2481 857 Gallia,
2502 785 2655 857 quod
2680 782 2949 853 eﬂ‘ugerit
2969 781 3428 851 indignationem
3452 796 3677 838 eorum.

2031 875 2254 932 Turmis
2276 876 2426 932 enim
2451 875 2522 932 de
2542 890 2601 931 se
2626 874 2815 942 factis,
2834 871 3042 928 ﬂuvios
3063 870 3299 940 Padum,
3316 869 3676 937 Rhodanum,

2032 963 2313 1031 Rhenum,
2348 962 2616 1033 Ligerim,
2651 963 2920 1029 Sennam,
2958 960 3281 1016 Garonnam
3334 964 3394 1014 et
3444 962 3681 1016 ceteros

2032 1051 2346 1120 intravere,
2372 1057 2430 1107 et
2463 1051 2648 1107 navali
2687 1050 2888 1122 praelia
2916 1048 3308 1119 terrestrique
3334 1049 3511 1104 urbes
3536 1047 3589 1102 in
3619 1047 3679 1103 ﬂ-

2033 1140 2200 1197 nibus
2235 1141 2457 1212 positas
2490 1141 2901 1210 irrumpentes,
2936 1136 3292 1193 intolerabili
3344 1136 3586 1193 audacia
3620 1140 3678 1192 et

2030 1230 2382 1286 crudelitate
2426 1229 2615 1285 omnia
2671 1242 2902 1298 pessum
2951 1226 3186 1282 dedere.
3224 1226 3329 1293 Qui
3376 1225 3530 1282 enim
3577 1239 3683 1296 per

2032 1318 2289 1375 Rhenum
2323 1317 2729 1386 ascenderunt,
2762 1316 2936 1373 urbes
2961 1329 3142 1386 super
3164 1314 3426 1371 Rhenum
3460 1314 3681 1385 positas

2031 1411 2131 1462 103
2156 1406 2598 1473 destruxerunt,
2625 1404 2757 1460 inde
2780 1405 2850 1459 ad
2874 1418 2975 1459 eas
2999 1418 3180 1474 super
3202 1402 3409 1459 ﬂuvios
3440 1402 3497 1458 in
3531 1402 3680 1458 Rhe-

2032 1510 2165 1552 num
2199 1495 2618 1551 descendentes
2650 1493 2874 1564 positas
2907 1507 2971 1549 se
3018 1492 3390 1548 conferentes
3431 1495 3502 1548 75
3549 1490 3673 1562 pari

2030 1589 2191 1640 sorte
2222 1588 2685 1655 prostraverunt,
2709 1582 2816 1648 Qui
2844 1597 2980 1638 vero
3019 1596 3120 1652 per
3151 1580 3509 1651 Rhodanum,
3539 1583 3671 1646 Are,

2032 1672 2232 1743 latum,
2293 1675 2663 1742 Nemausum,
2722 1672 3031 1739 Vivariam,
3094 1670 3440 1740 Valentiam,
3490 1670 3669 1739 Diam,

2031 1759 3472 1833 Gratianopolim,Viennam,LugdunumItaliaeque
3485 1758 3675 1816 omnia

2030 1851 2219 1906 vicina
2239 1850 2675 1915 contriverunt;
2702 1854 2761 1905 et
2785 1849 2878 1919 qui
2907 1863 3007 1919 per
3027 1849 3244 1904 Padum
3262 1852 3322 1903 et
3347 1848 3592 1917 Ligerim
3617 1852 3679 1903 et

275 1936 521 1992 maxime
572 1938 861 2009 Europam
912 1938 1020 1993 sibi
1064 1939 1396 2009 contiguam
1439 1940 1785 1995 afﬂixerunt.
1820 1943 1919 1997 Te-
1947 1939 2353 2021 BGaronnam
2401 1942 2460 1994 et
2517 1938 2760 1994 Sennam
2812 1936 3189 2006 reliquosque
3236 1935 3464 2006 ﬂuvios,
3501 1933 3676 1991 simul

274 2027 509 2083 stantur
539 2026 649 2081 hoc
682 2027 859 2083 urbes
886 2032 1072 2083 erutze
1102 2042 1205 2098 per
1238 2027 1514 2085 lllirieum
1544 2033 1603 2084 et
1632 2028 1869 2084 Galliam
1900 2045 1914 2095 ;

275 2113 441 2171 Gothi
474 2113 625 2169 enim
658 2118 715 2170 et
748 2113 1010 2170 Wandali
1034 2119 1094 2170 et
1112 2115 1255 2184 Rugi
1282 2120 1340 2172 et
1364 2115 1559 2172 Heruli
1584 2122 1759 2186 atque
1781 2118 1918 2174 Tur-

270 2200 491 2274 cilingi,
526 2218 630 2259 nec
666 2218 775 2259 non
809 2208 869 2258 et
900 2203 1028 2261 alia:
1062 2204 1287 2261 feroces
1320 2206 1759 2262 nationcsahea
1784 2222 1917 2277 pro-

273 2289 526 2362 dierunt,
565 2291 687 2363 pari
718 2291 893 2347 etiam
925 2291 1095 2348 modo
1127 2296 1184 2348 et
1232 2292 1571 2350 Winilorum
1614 2292 1702 2364 ίοι,
1735 2294 1790 2349 id
1822 2298 1916 2351 est

275 2379 801 2450 Langobardorum,
819 2393 961 2450 gens
985 2395 1015 2436 a
1041 2381 1340 2437 Germanis
1360 2382 1643 2450 originem
1667 2382 1910 2453 ducens,

271 2469 345 2525 ab
363 2468 552 2525 insula
568 2483 695 2538 qum
716 2468 1096 2525 Scandinavia
1121 2468 1340 2525 dicitur
1364 2470 1720 2526 adventavit.
1738 2471 1914 2538 Queri

270 2557 454 2614 eciam
485 2560 686 2629 potest
719 2556 857 2628 quid
892 2571 1086 2613 rerum
1118 2557 1292 2614 fuerit
1323 2558 1479 2628 quod
1510 2563 1601 2615 tot
1637 2564 1697 2615 et
1734 2564 1914 2617 tantae

273 2645 595 2703 ferocitatis
623 2649 831 2715 gentes
861 2645 917 2701 in
948 2661 1123 2702 unum
1144 2646 1490 2717 coaluerint,
1517 2663 1645 2719 qua}
1679 2663 1739 2705 se
1771 2650 1916 2705 invi-

268 2750 395 2791 cem
429 2733 729 2791 multoties
760 2734 1010 2791 diversis
1041 2734 1303 2792 caedibus
1336 2737 1786 2807 populabantur.
1824 2740 1918 2794 Hi-

267 2823 447 2880 storia
505 2821 627 2880 haec
678 2822 977 2881 notissima
1028 2826 1115 2879 est
1171 2823 1368 2894 [Onos.
1404 2826 1526 2896 vn.]
1558 2826 1917 2883 Theodosius

270 2912 467 2968 senior
487 2914 695 2981 gentes
718 2909 1041 2968 haseﬁ‘eras
1055 2918 1115 2968 et
1129 2912 1438 2970 indomitas
1458 2913 1682 2983 magnis
1699 2916 1918 2986 praeliis

272 3000 511 3071 fuderit,
537 3003 731 3058 tamen
756 2990 886 3072 post
935 3001 1063 3071 ejus
1096 3002 1321 3059 obitum
1353 3003 1550 3059 addita
1580 3003 1666 3059 eis
1698 3002 1766 3037 ¹⁰²
1793 3019 1919 3061 sce-

274 3088 395 3146 lera
429 3094 487 3146 et
522 3076 1025 3160 praelia,insolens
1046 3089 1363 3147 animam...
1392 3090 1552 3148 vitia.
1588 3092 1691 3147 Hic
1719 3107 1916 3149 curam

276 3177 557 3235 infantum
591 3176 863 3235 Archadii
893 3176 959 3211 ¹⁰³
988 3177 1264 3234 videlicet
1288 3184 1346 3235 et
1380 3180 1620 3236 Honorii
1653 3179 1719 3214 ¹⁰⁶
1746 3185 1804 3236 et
1838 3181 1921 3237 di-

2029 2028 2209 2083 urbes
2236 2031 2293 2083 et
2327 2027 2514 2083 omnia
2548 2027 2665 2082 situ
2701 2026 2894 2082 vicina
2922 2028 3415 2095 consumpserunt
3454 2043 3465 2078 :
3502 2029 3559 2079 et
3596 2025 3673 2079 ita

2027 2117 2186 2171 terra
2220 2115 2479 2185 marique
2502 2129 2612 2171 uno
2636 2115 2876 2185 impetu,
2897 2128 3010 2170 uno
3042 2117 3323 2185 tempore,
3348 2114 3455 2170 sub
3479 2113 3680 2170 multis

2029 2208 2219 2259 tamen
2252 2205 2489 2273 regibus
2519 2208 2575 2259 et
2608 2203 2859 2260 ducibus
2895 2202 3160 2258 universa
3197 2200 3370 2258 simul
3403 2203 3677 2260 confude-

2028 2296 2160 2348 runt
2197 2292 2520 2364 [Pnosren].
2560 2291 2849 2348 Arcbadio
2881 2289 2948 2323 ¹⁰⁵
2969 2295 3001 2346 6
3023 2294 3081 2347 et
3114 2292 3305 2351 Probo
3337 2290 3679 2348 consulibus

2027 2380 2287 2437 Wandali
2320 2386 2379 2437 et
2413 2381 2577 2437 Alani
2624 2385 2934 2436 transeunt
2967 2381 3208 2449 Renum,
3244 2384 3304 2434 et
3334 2384 3369 2435 2
3397 2379 3517 2435 Kal.
3548 2382 3671 2436 Jan.

2028 2468 2267 2525 Galliam
2300 2469 2544 2539 ingressi
2572 2474 2726 2537 sunt,
2745 2469 2998 2524 Honorio
3020 2473 3052 2525 8
3074 2471 3131 2523 et
3162 2467 3480 2524 Theodosio
3501 2474 3677 2527 200n-

2027 2557 2253 2615 sulibus
2294 2558 2543 2629 [0305.].
2581 2560 2744 2614 Anno
2789 2558 2860 2612 ab
2894 2558 3005 2612 inc.
3042 2559 3200 2613 Dom.
3234 2561 3355 2626 407,
3393 2557 3678 2629 imperan-

2031 2645 2189 2702 tibus
2224 2647 2474 2703 Honorio
2499 2650 2557 2703 et
2580 2645 2906 2702 Theodosio
2931 2645 3172 2715 minore,
3192 2645 3469 2701 Stilicone
3492 2651 3552 2702 et
3573 2648 3676 2703 Au-

2032 2734 2253 2790 reliano
2283 2735 2647 2803 consulibus,
2670 2749 2819 2791 anno
2850 2734 3013 2804 regni
3049 2734 3283 2789 Honorii
3318 2739 3387 2791 14
3415 2740 3469 2790 et
3501 2736 3678 2792 Theo-

2032 2824 2175 2879 desii
2217 2831 2261 2893 1,
2298 2824 2617 2881 indictione
2649 2823 2871 2895 quinta,
2910 2824 2980 2880 de
3021 2823 3164 2879 mari
3212 2838 3431 2880 oceano
3478 2839 3678 2881 ascen-

2032 2912 2258 2983 dentes,
2285 2929 2398 2984 quo
2428 2914 2748 2986 pyraticam
2772 2915 3118 2969 exercentes
3142 2914 3525 2983 vagabantur,
3551 2914 3651 2968 Gal

2035 3001 2141 3057 Iias
2172 3002 2451 3059 invadunt
2471 3006 2526 3059 et
2554 3004 2874 3074 Pyreneum
2898 3016 3083 3072 usque
3108 3002 3472 3072 perveniunt.
3502 3004 3678 3073 Cujus

2033 3091 2199 3147 obice
2229 3092 2298 3147 ad
2333 3095 2567 3162 tempus
2598 3089 2852 3163 repulsae
2876 3107 2980 3162 per
3006 3090 3334 3161 provincias
3358 3090 3681 3147 diffundun-

2038 3186 2149 3243 tur.
2184 3186 2241 3235 et
2275 3180 2501 3237 efferati
2547 3180 2759 3237 mentis
2794 3178 3091 3250 superbia,
3127 3179 3264 3235 dum
3310 3179 3421 3235 sibi
3463 3179 3676 3236 nullam

275 3266 579 3339 sciplina'm
602 3266 802 3338 palatii
826 3266 1202 3324 commiserat
1225 3266 1366 3324 viris
1390 3268 1778 3339 peritissimis.
1808 3271 1920 3326 Ru-
1953 3317 2001 3377 Ο
2032 3275 2262 3337 gentem
2280 3268 3059 3339 putantresistere,grandia
3078 3266 3676 3337 quaequemoliuntur,

276 3356 383 3377 Ω..-
426 3354 721 3377 Δ..2....Α.ι12.
779 3355 1039 3377 σιέιζ--..3
1089 3356 1464 3377 -Α-ε.1-..ι-1--
1517 3357 1742 3377 :,__,A-_39
1828 3360 1914 3377 ,.j
2040 3359 2363 3377 Α.ι,.,ιγμ..4Δ
2396 3360 2605 3377 [ν-.--Α-
2637 3362 2825 3377 4-____A..
2858 3355 3676 3377 _M_-_---_.--._2I-_4.J:A:-_.:

276 3356 389 3412 ﬂno
420 3354 741 3427 orientalis,
777 3355 1040 3413 Stiliconi
1084 3356 1467 3414 occidentalis
1517 3357 1784 3430 imperii;
1818 3360 1919 3416 sed

276 3445 425 3504 alius
450 3445 582 3515 sibi,
609 3444 761 3502 alius
790 3444 909 3500 ﬁlio
943 3460 1051 3502 suo
1073 3445 1353 3503 affectans
1382 3445 1576 3516 regale
1604 3443 1918 3520 fastigium,

276 3550 397 3590 rem
440 3533 797 3605 republicam
848 3535 1130 3590 turbavit.
1188 3537 1269 3591 Ita
1321 3540 1452 3607 post
1481 3536 1677 3607 [hujus
1725 3552 1921 3594 necem

276 3623 687 3681 Wandalorum
736 3637 954 3694 comes,
1008 3626 1071 3680 ut
1122 3624 1469 3681 Eucherium
1523 3624 1700 3681 ﬁlium
1754 3641 1922 3683 suum

277 3726 307 3768 a
368 3727 549 3784 puero
593 3712 1046 3769 Christianorum
1096 3727 1295 3769 necem
1333 3713 1631 3770 sitientem
1665 3730 1922 3787 purpura

280 3801 568 3871 indueret,
603 3801 790 3858 totius
848 3801 1081 3858 humani
1141 3801 1376 3872 generis
1435 3803 1775 3873 sanguinem
1829 3804 1927 3859 de-

279 3890 447 3960 didit,
479 3905 609 3947 cum
644 3890 936 3946 Alaricum
995 3894 1053 3947 et
1103 3896 1372 3948 cunctam
1425 3892 1742 3949 Gothorum
1791 3908 1928 3963 gen-

282 3985 393 4036 tem
425 3982 745 4049 gentesque
777 3977 922 4034 alias
956 3980 1215 4050 prcfatas
1245 3979 1433 4050 cepiis
1463 3984 1519 4035 et
1571 3980 1795 4038 viribus
1844 3982 1927 4038 in-

279 4065 625 4123 tolerabiles
673 4065 1044 4137 Halanorum,
1077 4068 1395 4123 Suevorum
1427 4070 1483 4122 et
1516 4068 1927 4125 Wandalorum

280 4156 526 4228 ipsoque
558 4158 718 4210 motu
754 4153 1133 4224 impulsorum
1176 4155 1675 4227 Burgundionum,
1708 4157 1779 4213 ad
1812 4161 1929 4213 ter—

281 4242 519 4300 rendam
552 4257 672 4299 rem
704 4241 996 4313 publicam
1052 4243 1211 4299 ultro
1271 4243 1327 4298 in
1380 4257 1537 4299 arma
1599 4244 1928 4302 sollicitans

280 4332 613 4403 suscitavit,
643 4346 888 4403 sperans
920 4332 1075 4403 quod
1100 4331 1365 4388 barbarae
1387 4336 1594 4402 gentes
1621 4337 1734 4388 tam
1761 4332 1928 4390 facile

277 4422 537 4478 valerent
598 4419 902 4491 comprimi
959 4435 1130 4490 quam
1170 4421 1546 4477 commoveri.
1624 4421 1762 4488 Quae
1829 4420 1928 4477 ubi

282 4509 536 4568 Honorio
584 4508 857 4566 nunciata
890 4513 1047 4579 sunt,
1084 4511 1373 4565 commoto
1399 4509 1662 4565 exercitu
1694 4509 1928 4565 occisus

278 4604 373 4656 est
404 4598 668 4669 Stilicho,
694 4597 929 4655 occisus
961 4602 1017 4654 et
1049 4597 1374 4655 Eucherius
1407 4601 1461 4653 et
1496 4598 1663 4669 pauci
1688 4612 1815 4654 cum
1840 4599 1927 4655 eis

2032 3359 2212 3413 ctsub
2232 3372 2368 3427 rege
2394 3360 2611 3413 Cresco
2637 3362 2829 3413 terras
2851 3371 3051 3412 omnes
3064 3371 3183 3412 suae
3198 3355 3678 3426 cogitantditioni

2034 3446 2322 3514 subjicere
2354 3446 2455 3517 (Cf.
2506 3447 2640 3503 Vita
2674 3445 2936 3517 Antidii).
2971 3447 3093 3500 Rex
3123 3442 3191 3476 ¹⁰⁶
3237 3447 3433 3500 autem
3481 3458 3678 3499 eorum

2038 3533 2483 3605 potentissimus
2513 3538 2570 3590 et
2607 3534 2879 3606 princeps
2930 3534 3179 3589 Croscus
3233 3531 3361 3601 fuit,
3407 3532 3682 3603 superbia

2033 3623 2311 3689 tumidus,
2335 3638 2512 3694 opere
2530 3622 2804 3680 crudelis.
2826 3622 3048 3678 Clamat
3076 3621 3183 3677 hoc
3209 3620 3514 3677 universus
3538 3636 3683 3692 pene

2036 3711 2341 3781 Occidens,
2372 3711 2540 3768 ruina
2561 3712 2686 3783 ipsa
2707 3711 2935 3768 urbium
2958 3710 3352 3781 antiquarum,
3369 3709 3688 3765 munitissi-

2038 3815 2258 3857 marum
2279 3805 2338 3856 et
2360 3804 2812 3874 praepotentum,
2833 3814 2960 3871 qua)
2985 3803 3205 3869 quanto
3229 3798 3549 3855 vicinorum
3575 3797 3684 3853 sibi

2041 3890 2353 3947 ﬂuviorum
2420 3889 2679 3962 propiori
2732 3889 3166 3961 applaudebant
3219 3887 3683 3959 opportunitate,

2041 3981 2203 4035 tanto
2224 3979 2527 4048 graviores
2545 3982 2600 4034 et
2621 3977 2987 4035 crudeliores
3010 3976 3145 4033 illos
3167 3980 3483 4032 senserunt
3500 3975 3556 4031 in
3582 3990 3686 4033 sua

2039 4066 2412 4137 contritione,
2441 4068 2637 4136 utjam
2670 4081 2742 4122 ex
2766 4071 2933 4138 parte
2962 4065 3190 4136 impleri
3211 4064 3518 4121 videretur
3543 4064 3686 4121 illud

2040 4154 2466 4227 propheticum:
2484 4157 2700 4226 Pugna
2709 4154 2798 4212 bit
2795 4168 2910 4226 pro
2923 4169 2985 4210 eo
2999 4153 3160 4213 orbis
3174 4153 3475 4210 terrarum
3485 4154 3690 4210 contra

2039 4244 2371 4303 insensatos
2395 4244 2560 4314 (ὄναρ.
2597 4259 2649 4313 v,
2685 4243 2796 4313 2|).
2821 4242 2959 4308 Quze
2989 4242 3140 4299 enim
3177 4242 3406 4299 fuerant
3431 4241 3690 4312 aliquan-

2040 4332 2113 4388 do
2146 4331 2520 4388 incitamenta
2554 4331 2823 4401 luxuria},
2852 4331 3002 4387 facta
3029 4334 3165 4387 sunt
3186 4330 3272 4386 eis
3297 4330 3547 4387 fomenta
3573 4330 3691 4387 rui-

2042 4435 2148 4490 nae,
2186 4426 2251 4476 ut
2285 4420 2337 4475 in
2370 4434 2484 4491 quo
2513 4418 2752 4489 gravius
2780 4423 3188 4490 peccaverant,
3225 4418 3279 4473 in
3312 4432 3377 4474 ea
3425 4418 3688 4474 severius

2043 4508 2410 4580 punirentur.
2448 4508 2532 4563 Ad
2565 4507 2885 4577 augendam
2947 4506 3310 4563 ferocitatem
3360 4506 3534 4561 animi
3564 4506 3690 4576 ejus

2036 4586 2293 4653 accessit
2328 4601 2388 4652 et
2418 4601 2603 4652 mater
2636 4596 2828 4667 impia,
2852 4595 2988 4651 felle
3012 4594 3421 4651 amaritudinis
3446 4597 3501 4649 et
3528 4596 3688 4651 rabie

283 4685 593 4756 satellites,
617 4687 913 4742 tantarum
940 4683 1305 4741 molitionum
1328 4688 1623 4741 auctores.
1648 4685 1931 4741 Verunta-
1960 4678 2017 4737 Β.
2046 4684 2261 4741 furoris
2282 4685 2503 4755 viperei
2527 4684 2844 4741 amaricata
2862 4682 3176 4754 [Faenza],
3197 4683 3505 4753 dirumque
3526 4683 3688 4739 virus

283 4787 412 4830 men
443 4774 637 4831 occiso
664 4772 766 4829 illo
796 4772 894 4843 qui
927 4773 1033 4829 fuit
1070 4772 1250 4846 prima
1296 4785 1470 4829 causa
1503 4772 1809 4842 malorum,
1846 4787 1932 4828 re-

2044 4772 2242 4829 efﬂans
2271 4779 2331 4828 et
2364 4773 2683 4844 impietatis
2706 4771 2916 4829 sibilos
2937 4771 3213 4828 cmittens
3236 4771 3317 4829 ait
3337 4770 3455 4826 ﬂiio
3484 4773 3594 4829 ε.Ῡὶ
3615 4772 3687 4839 te,

286 4862 483 4918 ﬂoruit
515 4861 846 4933 iniquitatis
878 4861 1269 4918 seminarium.
1307 4862 1445 4917 Nam
1470 4865 1604 4917 ante
1638 4860 1932 4918 biennium
2031 4863 2157 4935 ﬁli,
2179 4862 2577 4933 magniﬁcare
2598 4861 2655 4918 et
2669 4876 2877 4919 nomen
2900 4861 3066 4917 tuum
3085 4860 3349 4918 dilatare
3365 4873 3694 4930 novamque

289 4952 555 5009 Romana:
570 4950 916 5022 irruptionis
932 4965 1061 5022 quae
1076 4951 1227 5007 facta
1243 4954 1334 5007 est
1350 4965 1453 5022 per
1470 4948 1757 5008 Alaricum
1781 4951 1935 5008 exci-

290 5047 472 5097 tatum
507 5056 610 5114 per
630 5041 879 5098 eundem
905 5041 1263 5110 Stiliconem,
1279 5046 1487 5111 gentes
1504 5040 1745 5112 prefatze
1766 5043 1935 5098 Wan-

289 5129 574 5199 dalorum,
601 5128 936 5200 Alanorum,
962 5131 1280 5199 Hunorum,
1309 5132 1650 5199 Suevorum,
1675 5131 1935 5200 Burgun-

290 5218 525 5275 dionum
554 5221 614 5274 et
638 5216 952 5275 multarum
969 5219 1229 5289 gentium
1254 5222 1320 5275 ut
1341 5218 1652 5275 dicimus...
1677 5217 1798 5287 (fol.
1826 5218 1933 5290 38’)

289 5306 577 5364 Galliteab
598 5306 684 5364 eis
708 5308 1028 5379 subversae,
1047 5306 1353 5377 :ecclesiai,
1369 5308 1549 5364 urbes
1572 5310 1820 5377 exustae,
1844 5322 1936 5379 po-

289 5394 410 5466 puli
439 5395 720 5475 trucidati
751 5400 806 5453 et
834 5411 1019 5467 usque
1043 5397 1113 5453 ad
1136 5396 1591 5453 internecionem
1620 5394 1820 5465 deleti,
1849 5396 1927 5452 l'a-

291 5484 584 5547 cientibus
599 5485 858 5557 peecatis
882 5486 1328 5542 inhabitantium
1361 5500 1508 5557 pene
1541 5489 1702 5542 totus
1732 5484 1934 5542 redac-

2040 4965 2168 5008 rem
2185 4951 2446 5009 colueris
2450 4951 2682 5023 facere,
2704 4950 2864 5022 quod
2885 4950 3002 5008 alii
3017 4950 3113 5006 edi
3106 4949 3465 5020 ﬁeaoerzmt,
3484 4950 3549 5005 ta
3568 4950 3693 5006 des-

2046 5041 2201 5111 true;
2198 5039 2451 5111 populos
2463 5052 2610 5110 quos
2621 5039 3014 5107 superaveris,
3029 5038 3190 5094 inter
3182 5038 3363 5109 βοαὶ
3372 5038 3695 5095 achristia—

2042 5142 2147 5187 nos
2162 5127 2440 5200 gladium
2453 5126 2619 5182 tatam
2630 5140 2822 5196 emere,
2850 5125 2920 5182 at
2942 5128 3050 5196 qui
3058 5126 3291 5199 faciem
3304 5126 3698 5182 aonciderint

2043 5231 2251 5275 nomen
2273 5216 2440 5274 tuum
2461 5216 2725 5274 timeant.
2745 5215 2967 5282 Quibus
2995 5214 3390 5272 incitamentis
3413 5218 3696 5285 tyrannus

2046 5307 2223 5363 nimio
2256 5306 2450 5362 furore
2484 5319 2830 5373 succensus,
2857 5304 3115 5360 Rhenum
3150 5302 3304 5375 apud
3336 5303 3693 5370 Mogunciam

2047 5394 2356 5463 transiens,
2382 5394 2625 5451 eandem
2660 5394 2862 5450 urbem
2894 5406 3027 5448 cum
3060 5391 3275 5463 populo
3309 5392 3580 5450 vastavit.
3610 5391 3703 5460 (Cf

2046 5484 2229 5547 Gesta
2264 5484 2428 5541 Tm.
2451 5482 2540 5555 35)
2572 5481 2710 5538 Inde
2740 5480 3107 5538 Trevirorum
3130 5481 3331 5538 urbem
3354 5493 3693 5550 aggressus,

1648 5609 1887 5664 VARIiE
1929 5606 2329 5665 LECTIONES.

361 5702 431 5737 ¹⁰⁰
459 5702 664 5759 amicis
715 5719 761 5762 e.
845 5706 911 5741 ιοί
955 5707 1297 5764 Winilorum
1341 5719 1491 5762 corr.
1542 5705 1882 5762 Windorum
1915 5719 1962 5764 e.
2042 5704 2110 5738 ί⁰²
2138 5705 2225 5760 eis
2255 5717 2406 5761 corr.
2440 5718 2540 5759 eas
2577 5717 2623 5761 e.
2692 5700 2759 5734 ¹⁰³
2790 5703 3116 5760 Archadius
3146 5716 3295 5759 corr.
3341 5698 3611 5756 Arehadii
3642 5711 3689 5755 ο.

294 5773 360 5809 ¹ο⁴
388 5787 464 5831 σω
492 5775 833 5846 conjectura
858 5778 1087 5836 addidi.
1124 5776 1192 5811 ¹⁰⁸
1226 5775 1919 5834 Archadio—Tbeodosio
1938 5782 1972 5835 2
1994 5775 2338 5834 consulibus
2370 5776 2436 5832 in
2468 5788 2656 5846 marg.
2695 5772 2761 5805 1°“
2787 5773 3332 5845 Rex—punirentur
3360 5772 3426 5828 in
3448 5781 3640 5839 marg.
