3922 6404
193 442 272 511 68
1153 453 1520 519 HUGONIS
1561 450 1914 517 ABBATIS
1959 450 2645 517 FLAVINIACENSIS
3514 456 3592 519 6t

198 583 607 645 exterminium
625 585 884 645 civitatis
902 590 961 646 et
978 585 1429 647 cbristianorum
1452 588 1695 647 siciebat
1709 603 1839 647 san-
1867 585 1922 647 A
1953 586 2104 646 blica
2132 587 2156 644 ?
2180 587 2382 647 hostes
2408 590 2686 648 Pannonii
2718 594 3119 650 vastaverunt.
3155 590 3378 649 Etenim
3414 592 3594 650 Assur

195 674 447 744 guinem.
482 677 503 747 (
521 677 653 735 Vita
684 677 921 748 Antidii)
952 678 1240 737 Treverici
1291 694 1431 736 vero
1480 680 1536 736 in
1570 678 1837 735 arenario

200 763 460 822 civitatis
492 781 663 836 quem
692 766 1021 823 munierant
1052 767 1284 824 liberati
1319 772 1476 824 sunt.
1509 767 1717 825 Plures
1744 767 1842 823 de-

200 851 333 909 hinc
367 854 802 911 Austrasiorum
834 855 1105 912 civitates
1133 855 1357 913 vallans
1402 855 1841 913 innumerabilis

201 956 397 999 eorum
422 944 719 1002 exercitus
743 951 875 1016 post
898 945 1233 1003 destructas
1259 948 1430 1003 urbes
1448 949 1505 1002 et
1526 961 1730 1003 eversa
1751 961 1838 1003 ca-

201 1035 320 1087 stra
352 1032 570 1089 Mettim
595 1034 901 1091 obsidione
922 1035 1269 1106 circumdat,
1293 1050 1585 1093 murorum
1606 1035 1844 1091 firmita-

199 1122 317 1176 tem
349 1123 560 1178 erebro
590 1122 785 1194 pulsat
816 1124 1021 1195 ariete,
1044 1124 1144 1181 sed
1167 1125 1276 1181 nisi
1303 1125 1695 1197 praepedirent
1719 1139 1844 1181 scc-

199 1208 320 1265 lera
351 1214 408 1265 et
443 1210 688 1267 crimina
719 1211 1111 1269 habitatorum
1161 1218 1354 1283 terrae,
1387 1228 1499 1269 non
1544 1213 1842 1269 timuisset

207 1298 428 1355 ruinam
461 1299 669 1356 civitas
704 1301 857 1356 beati
894 1302 1385 1373 prothomartyris
1413 1302 1688 1374 Stephani
1714 1302 1846 1358 illu-

203 1391 387 1444 strata
420 1390 723 1458 sanguine.
752 1393 808 1444 et
843 1392 1111 1447 Auctoris
1142 1392 1398 1463 episcopi
1424 1391 1645 1447 munita
1669 1392 1847 1447 inter-

205 1476 492 1533 cessione.
529 1478 627 1535 Eis
661 1478 858 1549 itaque
890 1495 1093 1551 parum
1136 1480 1580 1552 proficientibus
1618 1480 1841 1535 diutina

203 1565 503 1623 obsidione
518 1568 836 1639 urbemque
851 1568 1336 1639 relinquentibus,
1354 1584 1482 1625 cum
1500 1568 1844 1625 duodecimo

208 1655 282 1709 ab
314 1656 457 1711 urbe
489 1656 739 1712 miliario
761 1661 950 1713 castra
973 1659 1329 1729 posuissent,
1356 1674 1555 1714 murus
1578 1661 1737 1714 mutu
1761 1656 1846 1712 di-

206 1742 341 1799 vino
372 1758 654 1801 corruens
701 1745 998 1802 Wandalis
1040 1747 1315 1815 patefecit
1363 1746 1704 1816 ingressum.
1739 1747 1845 1802 De-

205 1830 463 1902 praedata
489 1832 667 1903 igitur
688 1836 832 1890 urbe
846 1834 1275 1903 etconllagrata
1291 1835 1576 1905 incendio,
1596 1838 1843 1905 excepto

1953 679 2117 734 venit
2148 694 2276 736 eum
2310 678 2442 737 illis.
2468 681 2869 752 Magonciacus
2902 681 3121 738 nobilis
3150 680 3434 753 quondam
3457 681 3596 738 civi-

1956 772 2047 825 tas
2065 772 2235 840 capta
2260 771 2435 840 atque
2458 770 2763 840 subversa,
2789 774 2847 825 et
2873 769 2927 824 in
2948 769 3210 826 aeeclesia
3234 770 3412 826 multa
3438 769 3592 825 milia

1954 858 2248 914 hominum
2280 858 2599 928 trucidata,
2622 859 2946 929 Vangiones
2966 858 3135 929 longa
3166 858 3469 915 obsidione
3499 859 3598 915 dc-

1955 946 2078 1017 leti,
2107 948 2413 1003 Remorum
2440 948 2580 1002 urbs
2602 950 2960 1018 prapotens,
2978 946 3260 1017 Ambiani,
3278 948 3591 1017 Atrebatas,

1955 1034 2318 1106 extremique
2373 1034 2665 1091 hominum
2718 1035 2939 1095 Morini.
2971 1037 3281 1105 Tornacus,
3319 1039 3599 1106 Argento-

1956 1138 2128 1179 racus
2163 1122 2460 1181 translata
2493 1124 2545 1178 in
2580 1124 2962 1191 Germaniam,
2991 1124 3335 1195 Aquitanim,
3361 1126 3599 1181 Novem-

1959 1211 2245 1284 pobulana
2277 1211 2365 1283 1°“,
2401 1211 2801 1281 Lugdunensis
2834 1226 3067 1283 quoque
3103 1217 3163 1269 et
3203 1212 3597 1270 Narbonensis

1957 1301 2311 1372 provincia);
2348 1306 2564 1373 praeter
2598 1316 2813 1372 paucas
2852 1302 3030 1356 urbes
3069 1306 3276 1358 cuncta
3318 1301 3599 1372 populata

1958 1394 2115 1459 sunt,
2152 1404 2294 1460 quas
2324 1394 2379 1443 et
2418 1389 2577 1459 ipsas
2613 1388 2752 1443 foris
2791 1387 3042 1458 gladius,
3078 1388 3235 1445 intus
3284 1392 3473 1445 vastat
3528 1387 3601 1443 ti-

1957 1494 2099 1535 mor.
2138 1481 2254 1535 Non
2290 1493 2522 1551 possum
2568 1480 2789 1549 absque
2840 1477 3094 1533 lacrimis
3143 1478 3362 1534 Tolosm
3405 1479 3600 1533 facere

1957 1569 2333 1638 mentionem,
2364 1583 2491 1638 quae
2542 1571 2605 1624 ut
2649 1568 2948 1637 hucusque
3001 1582 3113 1622 non
3164 1570 3382 1636 rueret,
3413 1567 3596 1633 sancti

1957 1657 2232 1729 Exuperii
2249 1658 2452 1712 merita
2473 1656 2879 1728 prestitcrunt.
2900 1657 3046 1726 lpsm
3062 1655 3347 1727 Hispaniae
3365 1656 3600 1727 jamque

1956 1746 2236 1817 peritura;
2284 1745 2763 1812 contremiscunt,
2818 1743 3198 1799 recordantes
3254 1743 3602 1814 irruptionis

1960 1834 2296 1904 Cymbricte,
2323 1836 2553 1904 etquod
2591 1833 2686 1889 alii
2720 1832 2898 1888 semel
2932 1832 3086 1904 passi
3110 1836 3267 1902 sunt,
3293 1832 3435 1904 ipsae
3458 1845 3604 1888 sem-

205 1921 389 1976 sancti
422 1921 696 1992 Stephani
730 1923 1008 1993 oratorio,
1043 1924 1267 1992 egressi
1300 1928 1434 1979 sunt
1459 1923 1712 1993 barbari,
1736 1926 1843 1978 Au-
1870 1940 1929 2005 Β
1959 1938 2061 1995 per
2091 1924 2299 1979 timore
2333 1926 2651 1994 patiuntur.
2687 1945 2713 1969 ιι

207 2014 428 2065 ctorem
460 2011 800 2082 episcopum
830 2018 890 2067 et
920 2012 1186 2084 captivos
1217 2012 1499 2084 plurimos
1529 2012 1842 2081 ducentes;

211 2112 380 2167 quem
405 2113 557 2169 mox,
578 2100 859 2157 miraculo
879 2101 1074 2158 divino
1093 2101 1414 2172 perterriti,
1431 2117 1559 2158 cum
1576 2101 1846 2158 omnibus

208 2201 330 2242 sum
361 2187 622 2245 civitatis
648 2189 895 2260 captivis
927 2194 987 2245 et
1019 2189 1211 2261 praeda
1244 2189 1649 2246 innumerabili
1684 2190 1846 2246 abire

207 2275 426 2344 sinunt,
463 2277 609 2333 satis
639 2282 908 2334 verentes
940 2293 1009 2334 ne
1041 2293 1147 2350 pro
1177 2279 1320 2333 tanti
1354 2278 1463 2335 viri
1496 2278 1847 2334 contumelia

205 2362 428 2419 celestc
458 2379 559 2420 eos
589 2364 975 2433 conflagraret
1004 2366 1350 2423 incendium.
1373 2366 1463 2422 Sic
1493 2365 1581 2421 vir
1610 2372 1849 2422 sanctus

211 2452 347 2509 dum
392 2467 500 2523 pro
548 2453 757 2509 ovibus
798 2454 943 2510 mori
995 2454 1310 2525 desiderat,
1359 2455 1699 2526 captivitate
1749 2470 1849 2511 sua

210 2540 577 2611 captivorum
610 2542 786 2597 solvit
818 2543 1070 2599 vincula.
1107 2545 1333 2599 interea
1365 2548 1561 2599 castra
1595 2542 1846 2613 illorum,

204 2628 426 2698 junctis
454 2630 562 2687 sibi
599 2631 779 2687 llunis
811 2633 907 2702 qui
942 2648 1045 2704 per
1079 2634 1334 2688 Rhenum
1369 2634 1581 2689 Mosam
1612 2632 1848 2689 fluvium

210 2717 656 2787 descenderant,
692 2719 1010 2777 Virdunum
1061 2722 1397 2791 adveniunt,
1450 2723 1652 2777 urbem
1703 2721 1854 2777 obsi-

211 2806 385 2863 dieue
417 2807 800 2875 circumdant,
819 2809 874 2864 in
902 2810 1163 2880 proximo
1180 2809 1331 2866 colle
1349 2825 1420 2866 ex
1444 2809 1690 2866 adverso
1713 2810 1854 2866 civi-

214 2895 354 2951 tatis
377 2900 636 2952 castrum
659 2897 973 2967 collocant,
1001 2898 1152 2954 unde
1177 2899 1579 2969 frequentibus
1595 2899 1854 2969 eruptio-

209 2984 385 3040 nibus
406 2985 729 3056 Oppidanos
751 2987 1088 3057 pertubant.
1115 2987 1295 3043 Villas
1317 3002 1516 3043 omnes
1532 2988 1583 3042 in
1600 2988 1851 3044 circuitu

210 3073 431 3144 positas
479 3073 630 3130 edax
682 3074 905 3130 flamma
952 3076 1332 3147 consumpsit,
1377 3075 1603 3133 ediflcia
1662 3076 1853 3133 omnia

214 3161 378 3217 ruina
411 3162 712 3234 contrivit,
748 3163 891 3220 nulli
923 3169 1011 3221 est
1046 3164 1333 3222 indultum
1366 3166 1525 3221 mtati
1554 3182 1568 3231 ;
1593 3179 1764 3223 senes
1795 3172 1850 3222 et

207 3250 476 3319 juvenes,
504 3267 714 3323 parvos
744 3258 801 3309 et
825 3268 1085 3324 magnos,
1115 3258 1332 3310 matres
1362 3270 1491 3310 eum
1515 3254 1741 3319 liberis,
1763 3255 1857 3311 do-

217 3339 403 3396 minos
448 3355 580 3397 cum
631 3340 865 3400 familia.
901 3342 1092 3398 omnia
1140 3343 1278 3399 tulit
1327 3342 1575 3413 gladius.
1613 3344 1853 3401 Barbari

215 3444 354 3485 vero
374 3429 597 3487 diutius
618 3435 986 3502 attemptata,
1004 3431 1372 3489 considerata
1396 3437 1455 3487 et
1479 3432 1735 3503 inspecta
1763 3449 1857 3490 ur-

216 3517 304 3572 bis
338 3518 633 3590 firmitate,
667 3523 728 3575 et
780 3520 990 3577 vicium
1038 3534 1098 3575 se
1149 3535 1371 3590 suaque
1421 3520 1855 3577 defendentium

220 3609 716 3677 magnanimitate,
736 3624 862 3665 cum
891 3608 1220 3665 difﬁderent
1248 3624 1350 3665 sua
1382 3623 1507 3666 eam
1543 3624 1719 3680 posse
1747 3610 1861 3666 vir-

212 3700 342 3753 tute
376 3697 526 3768 capi,
558 3712 688 3768 quae
718 3697 1067 3767 cingebatur
1090 3712 1256 3754 muro
1280 3697 1862 3768 indissolubili,com-

215 3785 406 3856 pactis
422 3789 479 3841 et
497 3786 793 3843 consertis
807 3786 1103 3857 lapidibus
1118 3785 1358 3857 plumbo
1376 3785 1858 3858 ferroque,etjam

217 3874 273 3929 in
305 3875 411 3930 hoc
441 3878 642 3932 essent
681 3880 742 3929 ut
782 3874 854 3929 ad
890 3873 1000 3929 alia
1038 3888 1101 3929 se
1138 3874 1498 3943 conferrent,
1527 3875 1727 3931 urbem
1770 3890 1862 3932 ca-

216 3964 383 4034 piunt
406 3962 750 4039 et‘diruunt.
771 3964 1022 4019 Croseus
1046 3977 1185 4019 vero
1211 3963 1519 4020 universas
1545 3964 1858 4021 Galliarum

220 4054 399 4109 urbes
446 4051 780 4123 pervolans.
819 4052 964 4107 alias
996 4050 1231 4120 delevit,
1266 4051 1411 4108 alias
1441 4053 1856 4123 concremavit,

217 4149 274 4200 et
306 4142 643 4200 christianm
676 4142 823 4212 legis
849 4143 1106 4199 fautores
1129 4143 1328 4213 pravis
1348 4146 1407 4199 et
1430 4143 1709 4200 inauditis
1732 4158 1862 4216 per-

216 4231 673 4303 sequutionibus
702 4231 992 4302 quatiens,
1027 4232 1306 4301 quosdam
1339 4231 1518 4288 variis
1567 4233 1860 4304 protraxit

226 4320 409 4392 penis,
447 4320 725 4390 quosdam
756 4320 937 4376 citato
970 4320 1157 4378 secuit
1191 4320 1307 4377 ictu
1344 4320 1630 4392 bipennis.
1658 4320 1864 4377 Nullus

224 4410 376 4465 enim
405 4413 533 4465 erat
575 4408 630 4464 in
673 4409 940 4465 barbaris
987 4408 1193 4465 modus
1240 4409 1509 4479 vesaniae,
1543 4408 1739 4466 nullus
1787 4409 1865 4465 in~

222 4497 539 4567 dulgentia
586 4497 768 4567 locus,
804 4498 903 4554 sed
956 4502 1086 4553 erat
1132 4512 1363 4570 semper
1409 4498 1477 4553 ad
1522 4499 1895 4571 caedendum.

223 4587 498 4643 continua
530 4601 752 4643 manus.

2035 2013 2199 2080 (Vita
2224 2011 2489 2079 Antidii.)
2516 2013 2763 2067 Croscus
2787 2010 2982 2081 itaque
3008 2009 3245 2066 Galliam
3270 2009 3605 2080 Lugdunen-

1960 2101 2107 2156 sium
2141 2115 2463 2171 pervagans
2494 2114 2623 2155 cum
2660 2099 2954 2155 Arelatum
3003 2098 3301 2155 obsideret
3333 2104 3539 2170 captus
3569 2112 3600 2153 a

1961 2188 2135 2244 Mario
2158 2188 2408 2259 praeside
2431 2192 2487 2243 et
2513 2187 2739 2242 catenis
2763 2187 2996 2243 vinctus
3020 2202 3122 2257 per
3145 2188 3320 2242 urbes
3345 2202 3488 2256 quas
3510 2201 3605 2242 va-

1961 2282 2220 2333 staverat
2256 2276 2325 2331 ad
2361 2276 2774 2346 improperium
2803 2276 3106 2343 reductus,
3131 2279 3263 2347 post
3288 2274 3466 2332 multa
3494 2279 3608 2332 tor-

1963 2370 2154 2421 menta
2188 2366 2417 2437 impiam
2449 2365 2626 2420 vitam
2658 2365 2867 2420 misero
2903 2364 3086 2420 finivit
3116 2364 3299 2421 obitu.
3323 2364 3607 2434 Regnavit

1962 2458 2155 2510 autem
2221 2459 2350 2524 post
2409 2469 2538 2508 cum
2598 2468 2776 2523 super
2831 2453 3142 2509 Wandalos
3208 2452 3607 2509 Fredebaldus

1965 2543 2183 2614 [Inst].
2211 2544 2371 2598 Hunc
2400 2542 2773 2598 Constantius
2794 2542 3099 2613 patricius,
3127 2557 3293 2614 quem
3318 2542 3610 2600 Honorius

1964 2632 2116 2701 apud
2142 2634 2469 2688 Ravennam
2497 2634 2831 2687 consortem
2859 2632 3077 2687 fecerat
3104 2630 3328 2702 imperii
3351 2630 3610 2687 etPlaci-

1964 2722 2115 2777 diam
2148 2736 2404 2777 sororem
2439 2735 2601 2776 suam
2634 2720 2685 2775 ei
2722 2720 2985 2788 dederat,
3022 2735 3094 2775 ex
3126 2735 3234 2791 qua
3268 2719 3467 2787 genuit
3501 2721 3611 2775 Va-

1966 2810 2366 2879 lentinianum,
2389 2809 2686 2878 ingeniose
2711 2809 2865 2880 cepit
2890 2813 2949 2864 et
2976 2809 3230 2865 llonorio
3255 2808 3607 2874 direxit;cui

1965 2898 2255 2955 successit
2287 2898 2653 2954 Gundericus
2686 2898 2866 2967 [Onos
2900 2912 2993 2966 vn,
3020 2898 3127 2969 40].
3153 2897 3448 2954 Wandalis
3468 2912 3611 2967 ergo

1968 3002 2070 3059 per
2102 2986 2316 3043 Gallias
2352 2986 2870 3050 debacchantihus,
2906 2986 3057 3057 apud
3096 2986 3447 3044 Brittannias
3474 2988 3614 3041 Gra-

1966 3076 2161 3131 tianus
2196 3080 2474 3145 tyrannus
2500 3078 2737 3131 creatur
2764 3080 2823 3129 ct
2856 3075 3170 3144 occiditur,
3195 3078 3251 3129 et
3286 3074 3613 3130 Constanti-

1966 3176 2077 3218 nus
2108 3175 2179 3217 ex
2211 3160 2405 3216 infima
2441 3160 2645 3215 militia
2679 3164 2922 3233 preptcr
2953 3158 3133 3216 solam
3168 3173 3328 3230 spem
3362 3158 3612 3216 nominis

1967 3251 2092 3307 sine
2126 3248 2335 3305 merito
2379 3248 2621 3305 virtutis
2669 3248 2926 3318 eligitur.
2962 3246 3070 3314 Qui
3121 3262 3251 3304 mox
3293 3247 3348 3303 in
3392 3241 3615 3304 Callias

1969 3340 2282 3409 transiens,
2300 3342 2357 3395 et
2392 3353 2419 3393 a
2456 3337 2724 3394 barbaris
2758 3337 3000 3393 incertis
3024 3336 3320 3393 federibus
3340 3351 3493 3407 saepe
3517 3335 3617 3392 de-

1972 3428 2155 3497 lusus,
2182 3443 2311 3485 cum
2342 3427 2520 3483 vellet
2552 3427 2606 3481 in
2641 3425 2987 3498 HySpaniam
3015 3425 3244 3497 judices
3273 3424 3528 3494 mittere,
3553 3429 3618 3480 et

1969 3516 2213 3587 Pyrenei
2245 3516 2523 3573 claustris
2552 3514 2800 3571 militum
2822 3513 3088 3570 custodia
3116 3512 3355 3570 munitis
3373 3511 3617 3585 repelle-

1973 3610 2155 3675 retur,
2190 3608 2562 3661 Constantem
2597 3602 2776 3658 filium
2808 3618 2975 3660 suum
3008 3617 3081 3658 ex
3111 3601 3390 3659 monacho
3434 3614 3619 3658 caesa-

1973 3709 2092 3749 rem
2128 3694 2341 3749 factum
2376 3707 2505 3748 cum
2540 3690 2886 3762 quibusdam
2920 3688 3189 3746 barbaris
3221 3688 3276 3744 in
3311 3688 3498 3745 foedus
3529 3701 3618 3744 re-

1971 3782 2161 3853 ceptis
2183 3786 2238 3837 et
2265 3781 2335 3837 ad
2360 3779 2623 3835 militiam
2645 3778 2876 3835 allectis
2898 3778 2994 3849 qui
3017 3776 3322 3834 Honoriaci
3347 3776 3619 3833 diceban-

1973 3875 2069 3927 tur
2101 3870 2201 3925 illo
2231 3869 2407 3925 misit.
2435 3870 2503 3924 Et
2536 3868 2869 3924 interfectis
2903 3866 3022 3922 illis
3046 3866 3143 3937 qui
3177 3864 3421 3936 Pyrenei
3452 3863 3618 3936 alpes

1974 3958 2202 4030 privato
2228 3958 2505 4031 praesidio
2530 3957 2895 4027 tutabantur,
2921 3954 3012 4011 his
3037 3953 3303 4011 barbaris
3323 3953 3488 4025 quasi
3511 3968 3617 4025 pro

1974 4047 2210 4122 praemio
2242 4046 2503 4104 victoriae
2537 4045 2592 4101 in
2624 4044 2955 4102 Palaestinis
2986 4043 3206 4115 campis
3234 4039 3618 4116 prazdaudili-

1971 4136 2164 4193 eentia
2189 4135 2345 4205 data,
2373 4135 2583 4191 dehinc
2607 4132 2933 4205 supradicti
2957 4133 3170 4188 montis
3194 4135 3414 4187 remota
3439 4129 3618 4186 rusti-

1971 4239 2248 4282 canorum
2280 4222 2437 4279 fideli
2469 4228 2529 4278 et
2560 4221 2688 4279 utili
2722 4221 2983 4278 custodia
3015 4234 3153 4277 cura
3187 4224 3276 4276 est
3313 4218 3614 4292 permissa.

1974 4313 2080 4380 Qui
2120 4312 2314 4384 praeda
2335 4310 2539 4368 imbuti
2568 4316 2627 4366 et
2648 4309 3044 4366 habundantia
3070 4307 3275 4375 illecti,
3302 4322 3414 4379 quo
3436 4307 3620 4377 magis

1975 4400 2533 4472 scelusimpunitum
2563 4397 3088 4467 foretetmagiseis
3114 4395 3361 4469 prtedari
3393 4394 3616 4465 liceret,

1975 4489 2206 4563 prodita
2247 4487 2493 4560 Pyrenei
2516 4487 2803 4556 custodia,
2821 4485 3217 4556 claustrisque
3238 4484 3477 4556 apertis,
3492 4498 3622 4554 gen-

1975 4581 2067 4635 tes
2099 4591 2210 4649 que
2244 4591 2347 4649 per
2379 4576 2595 4632 Gallias
2626 4575 2990 4645 vagabantur
3020 4571 3400 4629 introducunt
3429 4577 3490 4628 et
3521 4574 3622 4643 Hy-

297 4675 595 4746 Temporis
611 4675 1143 4745 hujusmentionem
1168 4675 1385 4731 faciens
1405 4675 1773 4732 Jheronimus
1797 4674 1863 4709 ¹⁰⁷
1890 4652 1947 4718 D
1976 4666 2309 4738 Spanial‘um
2342 4664 2663 4736 DPOViﬂCiiS
2694 4662 2762 4696 ¹⁰⁹
2784 4662 3125 4730 immittunt,
3152 4660 3354 4731 eisque
3382 4660 3492 4732 ίρεί
3524 4660 3622 4717 3d-

223 4762 278 4819 in
312 4763 567 4835 epistola
600 4779 701 4820 sua
744 4780 913 4835 quam
965 4764 1206 4835 scripsit
1256 4763 1327 4819 ad
1380 4762 1758 4832 Agerocbiam
1792 4763 1863 4819 de

224 4852 606 4922 monogamia,
634 4852 715 4908 sic
738 4852 852 4907 ait:
873 4872 900 4903 α
921 4851 1286 4907 Presentium
1303 4850 1666 4907 miseriarum
1684 4866 1862 4923 pauca

228 4954 565 5010 percurram
606 4958 618 4992 :
663 4940 812 5009 quod
853 4939 971 4993 rari
1010 4938 1122 4994 huc
1161 4953 1343 5008 usque
1375 4938 1719 5007 resfdemus,
1752 4953 1863 4994 non

227 5027 412 5084 nostri
453 5028 645 5084 meriti
678 5027 781 5083 sed
813 5026 1033 5083 Domini
1086 5031 1181 5083 est
1229 5027 1666 5085 misericordiae.
1702 5029 1869 5083 innu-

232 5114 543 5173 merabiles
567 5120 626 5171 et
648 5114 1029 5171 ferocissimae
1046 5114 1311 5171 nationes
1326 5115 1630 5171 universas
1652 5114 1867 5170 Gallias

230 5208 614 5277 occuparunt.
644 5202 935 5273 Quidquid
960 5202 1113 5259 inter
1132 5204 1308 5275 Alpes
1328 5208 1387 5259 et
1408 5206 1594 5274 Pyrcn
1618 5218 1729 5259 ‘um
1752 5206 1866 5272 est,

230 5294 383 5365 quod
415 5306 633 5350 oceano
678 5292 992 5364 Rhenoque
1039 5291 1380 5361 includitur,
1416 5291 1652 5358 Quadus
1706 5292 1872 5346 Wan-

229 5382 415 5451 dalus,
453 5382 734 5451 Sarmata,
773 5380 955 5450 Alani,
990 5380 1302 5452 Geppides,
1338 5379 1557 5449 lleruli,
1593 5380 1866 5449 Saxones,

227 5468 696 5540 Burgundiones,
741 5467 1064 5538 Alemanni,
1115 5473 1195 5537 et,
1242 5483 1276 5525 o
1322 5467 1571 5538 lugenda
1617 5482 1713 5524 res
1768 5482 1871 5539 pu-

1969 4755 2298 4826 junguntur
2329 4757 2505 4824 atque
2539 4756 2671 4824 post
2703 4766 2913 4821 graves
2968 4764 3165 4807 rerum
3212 4749 3622 4821 hominumque

1977 4844 2345 4901 vastationes
2368 4842 2687 4898 distributa
2712 4841 2926 4897 ibidem
2953 4839 3322 4912 possrssione
3344 4838 3623 4895 constite-

1978 4937 2136 5000 runt,
2175 4931 2274 4987 ubi
2308 4929 2525 4986 multos
2558 4929 3011 4985 cbristianorum
3050 4926 3415 4984 Gundericus
3443 4927 3622 4982 inter-

1980 5020 2137 5076 fecit.
2163 5018 2532 5074 Jheronimus
2552 5016 2622 5072 de
2654 5020 2811 5072 statu
2834 5015 3119 5087 temporis
3138 5014 3403 5071 scribens
3425 5013 3496 5069 ad
3516 5014 3625 5068 He-

1980 5108 2283 5180 lyodorum
2317 5109 2424 5179 (ep.
2443 5106 2532 5176 60)
2563 5125 2575 5159 :
2614 5129 2638 5154 ι
2674 5105 3024 5176 Horret,ait,
3050 5104 3278 5160 animus
3299 5108 3619 5176 temporum

1981 5201 2314 5254 nostrorum
2354 5196 2556 5251 ruinas
2605 5193 2900 5267 prosequi.
2934 5193 3149 5263 Viginti
3184 5198 3244 5248 et
3274 5206 3342 5247 eo
3373 5189 3624 5262 amplius

1981 5287 2114 5344 anni
2138 5290 2294 5354 sunt,
2312 5284 2467 5356 quod
2491 5283 2643 5339 inter
2666 5280 3229 5352 Constantinopolim
3253 5284 3310 5335 et
3337 5279 3511 5351 Alpes
3530 5281 3628 5335 Ju-

1982 5375 2093 5433 lias
2120 5374 2336 5432 cotidie
2377 5376 2670 5430 Romanus
2718 5370 2954 5441 sanguis
3004 5370 3284 5426 funditur.
3322 5367 3622 5438 Scithiam,

1980 5464 2300 5535 Trachiam,
2355 5461 2766 5529 Macedoniam,
2827 5458 3203 5529 Thessaliam,
3255 5456 3621 5526 Dardaniam,

1581 5591 1817 5646 νΑΒιίΕ
1861 5588 2263 5646 LECTIONES.

293 5689 361 5724 ⁸⁸⁷
394 5690 756 5748 Iheronimus
778 5690 1213 5760 —monogamia
1245 5691 1313 5748 in
1336 5702 1529 5761 mam.
1563 5687 1630 5722 ¹⁰⁶
1660 5687 2166 5761 Novempopulana
2195 5699 2346 5744 corr.
2382 5681 2889 5756 Novempobulana
2920 5694 2967 5739 ο.
3001 5680 3069 5714 ¹⁶⁹
3095 5678 3428 5752 provincias
3470 5690 3623 5735 corr.

226 5761 545 5837 provinciis
576 5776 624 5820 ο.
